1948 3322
174 211 260 252 AD
294 205 661 252 ORATIONEM
694 203 778 246 DE
813 202 999 245 FALSA
1036 204 1453 247 LEGATIONEM.
1520 202 1598 244 113

140 327 188 348 νειν
205 317 252 348 vel
268 316 368 348 simile
380 314 455 354 quid
476 314 596 344 deesse.
612 322 700 351 quam
716 311 806 341 fidam
823 315 853 341 et

142 370 281 390 veracem
297 359 395 390 videri
413 357 499 388 vobis
515 361 657 396 oportere
670 373 723 385 -—.

183 421 227 426 —
240 406 291 434 15.
310 402 322 431 ὅ
342 402 440 431 ταῦτα.
454 398 596 439 malane]
620 398 760 428 consulto
786 397 853 426 haec

141 445 290 476 vocabula
305 449 406 474 orator
420 443 489 483 ipse
504 442 636 478 addidit,
651 445 801 476 metuens,
814 450 851 469 ue

140 489 280 519 omittens
301 496 348 522 ea,
367 486 540 516 auditorum
561 485 752 515 lectorumve
768 483 852 522 quis-

138 531 230 571 piam,
252 540 313 560 nou
327 530 366 559 de
382 529 534 564 Hesiodo,
556 528 610 569 qni
629 537 784 566 nunquam
807 526 851 555 sic

137 572 310 604 destricte‘
298 584 310 602 ο
327 583 448 606 σοιητης
462 573 559 606 audit,
577 571 633 600 sed
654 570 692 600 de
713 570 852 600 Homero

138 615 304 655 acciperet,
319 615 369 645 cui
384 615 543 656 proprium
555 614 616 643 hoc
628 617 677 642 est
690 612 836 650 elogium.

177 675 221 682 —
231 660 284 688 16.
298 657 399 699 δήπου]
416 661 520 697 potest
534 655 610 692 fieri,
630 660 664 684 ut
680 654 742 685 vim
756 654 852 694 parti-

134 701 212 732 eulae
220 701 320 731 minus
330 701 510 741 percipiam.
520 702 727 729 verumtamen
738 698 824 727 abest
833 707 853 726 a

135 744 241 775 multis
251 745 340 774 bonae
348 749 429 774 notae
440 743 540 774 libris.
553 752 648 781 quare
661 745 714 771 aut
723 750 852 790 prorsus

136 787 302 823 sublatum,
319 792 372 817 aut
384 787 417 817 in
431 787 526 826 hujus
540 795 648 817 versus
666 783 790 814 initium
804 794 852 814 re-

134 834 255 869 gestum
274 829 392 867 malim,
414 834 506 869 atque
526 833 596 858 ante
617 826 732 868 διωρίσω
755 827 851 857 collo-

134 878 247 903 catum.
289 872 489 913 Adscriptum
511 872 562 902 hic
586 877 652 901 erat
666 871 699 900 in
712 870 852 910 margine

134 918 213 947 Bav.
231 916 329 957 γνώμη
344 914 487 957 Εὖςιπίδου
508 913 541 946 ἒιι
557 913 710 948 Φοινίσσης.
755 914 852 944 Vole—

132 960 187 989 bat
213 964 267 990 aut
294 961 429 990 debebat
456 963 541 989 certe
572 958 645 988 dare
670 955 796 991 Φοίνικος.
819 968 850 988 v.

134 1003 287 1034 Valcken.
304 1004 342 1033 V.
365 1003 402 1033 C.
417 1001 551 1033 Diatrib.
566 1000 598 1031 in
615 1001 723 1040 Eurip.
739 1002 852 1040 Fragg.

133 1058 165 1087 p.
182 1048 256 1076 270.
285 1046 340 1076 ubi
365 1046 508 1085 exempla
528 1044 669 1084 ejusdem
695 1044 811 1074 erroris
834 1054 851 1073 e

134 1089 332 1120 Theodoreto
342 1095 375 1119 et
387 1090 510 1120 Stobaeo
523 1088 625 1118 affert.

175 1150 220 1156 —
235 1134 288 1163 20.
301 1132 425 1167 τοιοῦτός
442 1131 520 1162 ἔστιν
533 1129 630 1171 oio-mg
643 1129 741 1161 ἥδεται
753 1128 850 1169 ξυνὼν]

135 1185 224 1214 quam
238 1174 407 1205 dictionem
421 1174 530 1205 merito
546 1174 684 1209 damueS,
699 1183 736 1202 ea
749 1177 851 1203 tamen

134 1218 219 1248 nullo
239 1222 329 1257 pacto
352 1222 401 1248 est
422 1217 625 1248 sollicitanda.
641 1222 688 1246 est
710 1217 851 1256 profecto

135 1271 241 1297 saxea,
256 1271 354 1301 neque
369 1261 401 1291 in
414 1265 541 1292 auctore
555 1260 698 1300 prosaico
715 1260 850 1290 ferenda.

133 1305 248 1334 Verum
271 1304 396 1344 tragicae
419 1314 520 1335 scenae
546 1303 644 1334 multa
664 1303 761 1333 cruda
783 1307 853 1333 sunt

133 1348 346 1384 condonanda,
357 1358 427 1388 quae
439 1348 558 1378 dudum
572 1349 623 1386 jus
635 1347 714 1377 ultro
730 1357 853 1386 arroga-

133 1396 196 1421 tum
213 1401 290 1421 saxa
311 1391 478 1431 spargendi
500 1391 674 1430 usurpavit.
697 1389 771 1429 quid
793 1389 853 1420 mi-

133 1445 190 1464 nus
206 1434 284 1464 dura
299 1439 347 1464 est
362 1436 459 1465 altera
480 1435 536 1464 illa
557 1433 672 1473 hujus'
661 1433 762 1472 lpsius
779 1444 853 1473 gno—

133 1487 191 1507 mae
206 1477 314 1514 dictio,
329 1477 359 1508 οὐ
374 1477 488 1508 πώποτ’
495 1478 640 1531 ἧρώτησα,
651 1477 793 1516 γινώσκων
809 1475 853 1507 ἔτι

132 1538 176 1544 —-
197 1520 228 1551 id
250 1525 312 1557 est,
335 1521 366 1551 οὗ
388 1520 504 1553 πώποτ’
529 1521 672 1562 ipsine-a,
694 1519 785 1554 ὁποῖός
807 1531 855 1555 τις

133 1562 199 1595 ἐστὶ
207 1563 253 1594 τὸν
261 1563 372 1605 τρόπον,
383 1563 476 1594 διό-η’
463 1574 605 1603 εγνωι-.
618 1565 669 1594 Ita
679 1563 766 1594 istaec
777 1575 852 1603 qno-

132 1617 205 1647 que,
217 1608 257 1637 de
273 1617 332 1647 qua
347 1618 427 1642 nunc
443 1608 559 1647 agitur,
572 1608 618 1637 sic
634 1610 683 1638 est
699 1607 854 1647 explican-

133 1651 186 1686 da,
204 1650 328 1685 τοιοῦτός
342 1649 432 1688 ἐστιν,
445 1649 492 1682 οἷοι
515 1648 589 1681 οὗτοί
606 1650 684 1687 εἶα-ιν,
699 1648 735 1685 οἷς
755 1649 855 1682 ἥδεται

132 1693 226 1723 συνών.
241 1694 427 1724 vocabulum
447 1693 572 1730 ἕκαστος
594 1695 632 1724 ad
652 1704 774 1724 versum
797 1705 854 1724 ex-

132 1737 281 1776 plendum
302 1738 419 1774 addidi,
435 1748 618 1778 quamquam
642 1737 719 1768 alias
746 1747 853 1777 parum

135 1790 354 1810 necessarlum.

177 1841 220 1846 —
232 1825 287 1854 26.
301 1825 331 1855 οὗ
345 1822 461 1855 πώποτ’
470 1823 603 1864 inensam-nea.
611 1823 670 1865 -]
688 1823 774 1854 citat
789 1825 819 1854 h.
831 1825 854 1855 1.

132 1866 367 1906 Hermogenes'
359 1878 391 1897 ιιι
400 1867 575 1907 exemplum
589 1867 726 1908 parodiae
739 1879 768 1921 p.
761 1870 852 1898 .434.

133 1909 165 1938 in
180 1909 209 1939 οὗ
231 1909 345 1940 πώποτ’
366 1911 497 1951 ἧρώτησα
519 1911 662 1947 subaudi,
689 1911 713 1940 εἶ
733 1910 854 1952 ἀργύριον

135 1951 256 1991 εἴληφεν.
271 1963 329 1992 pro
344 1954 393 1983 καὶ
405 1954 504 1984 ταῦτὰ
519 1953 607 1983 initio
625 1954 717 1992 hujus
732 1964 853 1990 versus,

134 1995 243 2035 quod
235 2005 265 2025 ιιι
280 1996 415 2036 vulgatis
434 2003 494 2032 est,
508 1996 581 2026 dedi
593 1996 642 2026 καὶ
657 2008 769 2033 ταυτα,
781 2002 811 2026 et
822 1998 855 2026 id

135 2038 262 2078 quidem.

177 2083 254 2112 415.
270 2084 299 2111 1.
315 2080 440 2131 τούτοις]
457 2081 525 2112 scil.
539 2083 599 2115 τοῖς
611 2083 794 2122 σκώμμασι,
804 2081 855 2110 vel

134 2121 254 2155 ὄνείδεσι.
276 2124 348 2154 his
339 2125 418 2164 ipsis
434 2125 568 2164 probris,
585 2124 653 2154 scil.
669 2124 714 2163 τᾷῑ
729 2124 795 2154 εἶναι
811 2130 858 2153 λο-

132 2167 273 2207 γογςάφος
286 2167 337 2197 καὶ
362 2167 515 2207 σοφιστής.
541 2166 664 2206 colligit
679 2167 747 2198 sic:
777 2167 857 2197 solet

134 2210 298 2241 AEschines
323 2210 401 2240 alios
423 2211 622 2247 subsannare,
649 2209 676 2240 si
705 2210 759 2250 qui
792 2220 858 2240 ora-

133 2257 231 2289 tores,
244 2253 278 2284 id
291 2254 375 2294 quod
391 2263 451 2293 ego
477 2254 569 2289 facio,
591 2253 678 2283 locos
697 2258 856 2284 auctorum

133 2296 292 2333 lectiores,
313 2297 454 2336 salesque
469 2307 506 2328 ex
520 2297 701 2337 antiquitate
724 2297 858 2332 erudita,

134 2339 276 2379 inprimis
296 2340 431 2380 poetica,
442 2341 507 2370 suis
523 2340 713 2371 orationibus
729 2341 858 2380 adsper-

136 2387 209 2422 gant
216 2395 226 2422 ;
241 2383 470 2423 ludimagistros
492 2394 546 2414 eos
563 2383 761 2424 appellitans,
776 2385 858 2423 jeju·

134 2436 253 2466 nosque
271 2430 363 2466 atque
388 2426 559 2463 famelicos,
573 2428 751 2457 mercedula
766 2427 858 2457 victi-

135 2473 246 2506 tantes,
262 2480 304 2500 ex
319 2469 508 2501 orationibus
528 2470 672 2507 collecta,
694 2481 769 2510 quas
784 2470 859 2500 alie-

136 2512 184 2542 nis
201 2512 234 2543 in
257 2513 361 2543 causis
374 2523 393 2543 a
408 2523 443 2543 se
462 2514 654 2553 conscriptas
674 2514 855 2553 rogantibus

137 2556 289 2594 vendunt3
312 2556 474 2587 immemor
491 2567 612 2597 nempe,
636 2557 736 2596 onlpae
752 2557 857 2597 hujus,

135 2598 162 2628 si
182 2610 243 2639 qua
263 2604 323 2636 est,
343 2600 510 2640 ipsummet
526 2611 559 2630 se
575 2605 746 2631 consortem
774 2611 854 2631 esse.

137 2642 435 2683 Lndimagistrorum
462 2643 542 2674 enim
565 2643 590 2673 si
615 2648 674 2679 est,
697 2647 854 2674 auctorum

135 2685 350 2723 classicorum,
375 2697 453 2727 quos
477 2686 582 2726 pueris
607 2687 856 2727 interpretantur,

135 2728 222 2759 locos
235 2730 299 2759 suis
317 2730 625 2761 commentationibus
641 2730 796 2766 intexere,
807 2731 858 2760 lu-

136 2771 317 2812 dimagister
333 2779 382 2803 est
398 2773 467 2813 ipse
477 2784 600 2813 quoque
613 2773 790 2809 AEschines,
804 2774 856 2814 qui

136 2823 177 2844 ex
207 2815 367 2856 Euripidis
391 2817 539 2846 Phoenice
569 2817 672 2847 locum
699 2816 858 2855 jndicibus

138 2858 288 2895 recitarit,
302 2859 404 2889 fabula
414 2859 457 2889 ita
469 2870 577 2899 parum
588 2860 742 2900 populari,
757 2865 791 2890 ut
804 2861 857 2891 vix

137 2900 318 2933 doctissimo
340 2903 452 2942 cuique
473 2903 684 2934 nominetenus
710 2909 782 2934 nota
807 2904 859 2934 sit.

137 2953 228 2982 quem
241 2945 341 2992 locum
366 2956 435 2976 cum
450 2956 467 2976 e
483 2947 606 2977 scenica
622 2947 752 2987 quadam
775 2948 861 2977 audi-

137 2986 220 3016 tione
244 2997 320 3017 non
329 2989 477 3025 hauserit,
502 3000 631 3020 necesse
655 2995 713 3026 est,
739 2996 769 3020 ut
787 2991 862 3020 ele·

139 3029 242 3059 ctione
257 3030 368 3063 fabulae
379 3032 476 3070 illius,
489 3039 642 3065 vetustate
657 3034 818 3071 obsoletae,
831 3039 861 3064 et

184 3082 261 3104 vor..
271 3083 302 3103 v.

886 321 926 340 ex
943 310 1096 342 hominum
1107 313 1252 342 memoria
1262 314 1537 351 sublatae,venatus
1548 313 1599 343 sit.

885 364 918 384 v.
934 364 966 392 p.
980 357 1054 385 420.
1069 358 1100 385 2.

927 413 971 422 -·-
986 400 1037 428 10.
1057 396 1235 438 παρέλιπεν]
1251 398 1436 428 scholiumne
1453 399 1494 429 sit
1509 399 1599 438 hujus

884 439 1026 470 lectionis
1045 441 1142 471 altera
1163 440 1256 471 lectio
1278 440 1409 480 ὑπεςὲβη,
1426 452 1462 471 an
1485 443 1600 472 solum-

884 483 978 512 modo
990 484 1112 514 varians
1128 484 1232 519 lectio,
1243 484 1323 513 haud
1334 483 1483 523 dixerim3
1500 495 1599 524 neque

883 526 960 556 tanti
973 531 1031 556 est.

926 587 969 591 —
983 571 1035 599 13.
1046 569 1079 598 τὸ
1089 571 1153 603 τοὺς
1167 570 1308 610 τυςίιννους
1318 587 1361 593 —-
1376 570 1502 610 εἰσιέναι]
1517 571 1601 601 ride-

883 615 933 640 tur
955 611 1053 641 dictio
1076 613 1196 642 scenica
1212 613 1318 648 fuisse,
1343 612 1455 643 εἰσιέναι
1470 614 1601 652 τύραννον,

883 652 1016 695 ἔμπορον,
1047 654 1217 695 μαστεοπόν
1245 661 1305 686 etc.
1339 666 1395 695 pro
1421 656 1452 686 in
1480 666 1602 687 scenam

884 697 1022 736 prodire,
1035 707 1195 736 personam
1218 709 1326 738 gerens
1342 700 1475 738 tyranni,
1488 710 1604 730 merca-

884 739 972 775 toris,
988 740 1115 771 lenonis.
1141 741 1216 772 alias
1231 742 1274 772 ita
1288 743 1366 772 dura
1381 743 1423 772 sit
1436 743 1553 778 futura,
1571 748 1603 772 ut
1650 745 1654 750 '

884 783 957 813 fen-i
973 789 1115 823 nequeat,
1131 785 1187 814 sed
1202 790 1237 815 ut
1252 796 1380 816 necesse
1403 786 1445 815 sit
1463 787 1502 816 ad
1526 785 1605 836 ’έχον-

884 838 941 860 ‘mc
976 828 1049 858 addi
1086 827 1319 869 ὑποκρινομενους.
1350 833 1385 858 ut
1413 830 1604 859 constructio

884 870 948 900 haec
961 870 1020 900 sit.
1035 869 1069 900 τὸ
1081 870 1192 901 εἰσιέναι
1205 871 1426 912 ὑποκςινομένους
1436 884 1502 907 τους
1511 873 1607 904 'ruodr-

883 925 941 948 γους
962 924 1010 943 και
1033 915 1098 948 τοὺς
1116 915 1158 944 τὲ
1181 915 1320 955 σκῆπτρα
1346 914 1477 957 ἔχοντας.
1499 927 1605 947 verum

884 961 969 987 recte
992 958 1106 988 habere
1125 957 1293 998 vulgatam,
1313 969 1441 998 eamque
1457 959 1517 988 sibi
1533 971 1605 999 pro-

884 999 961 1036 bari,
977 1005 1108 1031 testatus
1129 1005 1177 1031 est
1199 1001 1346 1032 Libanius
1373 1013 1422 1038 eo,
1445 1002 1530 1041 quod
1551 1003 1605 1033 ali-

885 1043 1006 1082 quoties
1027 1044 1165 1074 imitatus
1191 1049 1249 1081 est,
1277 1049 1311 1075 ut
1334 1045 1364 1074 in
1388 1047 1526 1076 oratione
1548 1057 1606 1087 pro

883 1087 1008 1126 templis
1022 1097 1053 1126 p.
1069 1090 1123 1118 18.
1135 1089 1168 1116 7.
1185 1087 1234 1117 ed.
1247 1089 1388 1119 Gothosr.
1402 1094 1434 1119 et
1445 1089 1474 1118 in
1491 1099 1534 1119 or.
1550 1100 1605 1130 pro

885 1130 1083 1160 saltatoribus
1112 1131 1262 1160 adversus
1290 1131 1472 1167 Aristidem,
1502 1134 1539 1162 T.
1561 1134 1604 1163 11.

883 1183 916 1212 p.
932 1175 1008 1204 497.
1023 1176 1075 1205 30.
1093 1174 1143 1205 ed.
1158 1174 1281 1204 Moreu.

926 1233 971 1240 ——·
991 1219 1044 1247 14.
1074 1218 1187 1259 ταῦτα]
1219 1223 1290 1247 sunt
1318 1217 1411 1247 iambi
1440 1217 1607 1257 Sophoclei

883 1270 958 1290 mox
972 1260 1137 1290 recitandi.
1183 1261 1270 1291 Idem
1288 1266 1335 1291 est
1356 1272 1390 1291 ac
1412 1261 1438 1291 si
1452 1262 1605 1291 dixisset:

885 1302 1046 1341 σκέψασθε
1066 1303 1151 1334 τοίνυν
1177 1301 1219 1334 οἶα.
1245 1303 1311 1335 ἐστὶ
1331 1306 1441 1334 ταῦτα.
1471 1304 1606 1343 cogitate

885 1358 954 1386 quae
965 1347 1009 1377 sit
1020 1348 1086 1377 haec
1099 1347 1260 1384 sententia,
1276 1358 1344 1387 quae
1360 1358 1378 1377 a
1390 1353 1482 1387 poeta
1493 1348 1609 1377 Creon·

885 1396 947 1420 tem
959 1391 1192 1430 repraesentanti
1209 1391 1350 1422 AEschini
1363 1391 1394 1420 in
1408 1401 1442 1421 os
1459 1391 1586 1421 inditur.

929 1436 1006 1465 419.
1023 1435 1053 1465 5.
1075 1433 1184 1476 χθονδς]
1213 1435 1344 1465 subaudi
1365 1434 1455 1468 τῆςδε.
1480 1438 1510 1464 at
1525 1434 1608 1464 Atti-

887 1476 916 1506 ci
941 1478 1043 1507 solum
1067 1478 1217 1514 Atticum,
1239 1478 1381 1518 patriani,
1402 1478 1447 1508 sic
1463 1478 1544 1507 nude
1560 1479 1609 1508 τήν

886 1520 980 1561 χώραν
992 1521 1161 1561 appellant.

929 1580 973 1588 --
990 1567 1042 1595 13.
1057 1565 1138 1605 σοφῷ
1156 1565 1314 1606 Σοφοκλεῖ]
1341 1565 1556 1603 Hermogenes
1579 1574 1612 1603 p.

887 1610 962 1638 418.
977 1618 1048 1648 pen.
1061 1608 1091 1637 h.
1108 1609 1130 1638 l.
1144 1609 1219 1638 citat
1232 1609 1269 1638 ad
1281 1608 1454 1648 exemplum
1468 1610 1524 1637 τῶν
1539 1619 1612 1647 tnag-

887 1648 963 1681 ίσων.
1009 1653 1085 1682 Sunt
1119 1651 1198 1681 enim
1231 1651 1342 1691 πάρισα
1372 1652 1444 1687 ista,
1470 1651 1551 1690 σοφῷ
1580 1655 1612 1680 et

887 1696 1032 1733 Σοφοκλεῖ.
1049 1694 1164 1725 addens
1179 1706 1186 1724 :
1204 1692 1332 1736 ’Όμηρος
1345 1693 1373 1724 δὲ
1389 1693 1438 1724 καὶ
1452 1693 1608 1733 Δημοσθέ-

886 1749 930 1772 νης
944 1738 993 1768 καὶ
1005 1740 1046 1768 τὸ.
1057 1739 1180 1768 τοιαῦτα
1193 1736 1325 1769 ἐποίησαν
1335 1738 1524 1776 aymam-ma.

930 1799 972 1804 -——
989 1784 1042 1812 14.
1054 1781 1140 1822 ὁμοῦ]
1156 1781 1224 1812 scil.
1237 1781 1341 1820 ἑαυτῷ.
1358 1787 1391 1811 ut
1407 1780 1582 1815 AEschines,
1596 1790 1612 1808 e

887 1824 1074 1854 Macedonia
1087 1825 1120 1855 in
1135 1826 1250 1856 Urbem
1271 1824 1396 1855 rediens
1410 1824 1612 1864 procedebat,

887 1867 931 1898 ita
958 1868 1127 1908 Philippus
1151 1879 1222 1898 cum
1249 1868 1348 1907 copiis
1375 1869 1415 1898 ad
1439 1867 1610 1897 Phocidem

888 1912 1087 1947 succedebat,
1103 1912 1250 1942 AEsehine
1267 1912 1364 1950 probe
1381 1911 1516 1940 conscio.

929 1971 972 1976 -
988 1956 1040 1985 15.
1047 1954 1279 1995 προεξήγγειλεν]
1289 1952 1526 1993 προεξαγγὲλλειν
1535 1952 1614 1981 dici-

887 2001 937 2027 tur
954 1997 992 2032 is,
1006 1998 1058 2035 qui
1074 1998 1143 2027 sive
1167 1998 1261 2026 missu
1289 1997 1400 2031 alieno,
1417 1997 1483 2025 sive
1500 2001 1612 2034 sponte

890 2048 955 2074 sua,
977 2049 994 2068 e
1017 2039 1129 2069 castris
1153 2040 1291 2068 nuntium
1308 2039 1338 2068 in
1356 2040 1461 2069 urbem
1484 2040 1611 2078 perfert,

890 2083 928 2112 de
945 2081 1081 2112 adventu
1103 2082 1202 2111 bostis
1215 2092 1242 2111 e.
1259 2094 1287 2111 c.
1312 2082 1491 2121 priusquam
1515 2083 1615 2112 hostis

889 2125 1005 2161 veniat,
1021 2130 1055 2154 nt
1070 2124 1181 2155 civitas
1197 2124 1255 2154 sibi
1272 2135 1382 2155 cavere
1399 2126 1508 2164 possit.

932 2185 976 2192 *-
993 2171 1046 2199 20.
1062 2167 1229 2208 τοσούτους]
1243 2179 1303 2207 quo
1324 2170 1422 2207 major
1433 2173 1481 2198 est
1496 2170 1611 2200 libero-

890 2222 957 2241 rum
978 2221 1134 2248 numerns,
1150 2213 1208 2241 hoc
1223 2211 1378 2241 difficilius
1394 2217 1484 2251 atque
1499 2213 1612 2252 aegrins

891 2264 909 2284 a
924 2255 1102 2294 parentibus
1118 2255 1310 2294 pauperibus
1326 2255 1459 2285 aluntur.
1483 2262 1614 2295 quatuor

890 2308 1002 2334 mares,
1018 2309 1087 2329 cum
1103 2299 1224 2328 filiabus
1247 2298 1373 2338 aliquot,
1396 2309 1525 2328 necesse
1546 2307 1612 2329 erat

892 2347 924 2370 nt
937 2347 1100 2381 gravarent
1110 2346 1252 2382 parentes
1268 2346 1404 2381 quaestus
1421 2352 1534 2379 genere
1550 2348 1613 2373 tam

891 2385 959 2420 vili,
982 2390 1045 2415 tam
1070 2395 1178 2424 parum
1203 2386 1342 2419 lucroso,
1366 2385 1554 2421 victitantes,
1570 2391 1615 2415 at-

891 2438 950 2468 que
966 2431 1143 2459 Atrometus
1159 2439 1230 2459 cum
1248 2438 1356 2462 uxore,
1383 2430 1554 2467 praesertim
1575 2430 1612 2459 nd

892 2476 1013 2502 aetatem
1037 2472 1171 2502 adultam
1195 2471 1360 2506 nutriendi,
1377 2477 1408 2501 et
1423 2472 1567 2508 docendi,
1584 2478 1615 2503 et

890 2514 1039 2545 elocandi.

933 2558 1163 2599 —22.‘'Hpae0;]
1179 2559 1284 2589 Heros
1299 2557 1440 2588 medicus
1457 2560 1615 2589 est'roxa-

891 2602 944 2632 ris.
963 2602 994 2631 id
1009 2604 1089 2641 quod
1106 2614 1123 2632 e
1148 2603 1217 2632 loco
1234 2601 1364 2632 Luciani
1384 2607 1516 2639 constat,
1541 2603 1615 2632 alle-

892 2649 963 2684 gato
980 2655 997 2674 a
1012 2645 1153 2676 Corsinio
1171 2645 1201 2675 in
1220 2647 1303 2676 Fast.
1317 2645 1413 2675 Attio.
1430 2647 1475 2675 11.
1494 2657 1523 2685 p.
1541 2648 1613 2676 37⁴2.

892 2690 922 2718 in
936 2699 966 2718 v.
983 2686 1157 2730 Τοξαρίδειω.
1173 2689 1226 2728 qui
1240 2690 1337 2718 festus
1351 2695 1417 2719 erat
1432 2690 1500 2719 dies
1518 2690 1614 2719 Athe-

891 2732 940 2761 nis
954 2732 1105 2762 celebrari
1119 2732 1230 2763 solitus
1244 2733 1407 2771 quotannis
1422 2733 1453 2762 in
1470 2733 1614 2762 honorem

894 2775 1010 2805 Herois
1026 2775 1141 2806 medici
1156 2776 1325 2816 peregrini.

935 2836 978 2841 —-
995 2820 1046 2850 23.
1063 2817 1088 2848 ἐν
1104 2820 1197 2850 ταύτη
1220 2819 1269 2860 γε]
1291 2819 1359 2850 scil.
1379 2819 1418 2860 τῇ
1443 2817 1542 2852 πόλει,
1565 2818 1615 2847 vol

894 2873 931 2892 τη
949 2861 1078 2902 πατρίδι.

938 2923 980 2928 -—-
996 2909 1048 2937 27.
1060 2904 1092 2935 ἐκ
1107 2905 1218 2939 ταύτης
1233 2906 1336 2946 αὗτνς]
1355 2905 1421 2933 scil.
1438 2906 1488 2936 τῆς
1503 2902 1532 2932 Θό
1523 2910 1593 2933 λοι.

939 2951 1014 2979 420.
1030 2952 1059 2980 3.
1079 2950 1248 2998 λογογςίιψοι,
1241 2950 1266 2990 ]
1284 2950 1356 2988 qui
1351 2948 1386 2977 ad
1405 2947 1553 2977 calamum
1571 2948 1618 2976 di-

895 2996 978 3022 ctata
1000 2993 1117 3022 calamo
1140 2992 1270 3030 excipit,
1299 3002 1356 3021 non
1384 2990 1487 3025 video,
1510 3000 1565 3019 cur
1589 2991 1616 3019 ei

896 3036 1065 3075 appellatio
1086 3035 1260 3075 λογογράφου
1285 3035 1464 3072 denegetur.
1489 3034 1570 3072 quod
1595 3034 1618 3062 si

898 3089 918 3111 Q
