1948 3322
384 202 467 243 AD
499 198 865 242 ORATIONEM
898 197 1021 240 PRO
1054 198 1322 242 CORONA.

127 307 288 339 articulum
309 306 421 338 amovi.
443 316 504 336 non
525 305 604 336 enim
621 304 782 336 videbatur
795 306 836 336 τὲ

128 351 180 381 hic
202 360 337 391 magnam
362 350 423 380 vim
444 350 566 379 habere.
588 348 643 379 illa
657 349 752 378 multa
768 348 836 378 vul-

128 403 212 430 nera,
227 404 293 433 qnae
307 403 395 423 nemo
409 403 467 422 non
485 392 579 422 novit.

170 454 213 460 -—-
227 438 278 467 26.
299 436 322 466 οἱ
335 435 431 475 ἄλλοι]
454 439 567 474 praeter
582 433 773 470 AEscltinem,
788 444 831 464 re-

127 479 203 519 liqui
223 489 327 509 omnes
343 479 430 509 cives
444 478 658 509 Athenienses.
680 478 834 516 iidemque

127 525 208 558 suut,
229 521 282 562 qui
305 532 396 552 versu
418 521 559 561 proximo
581 520 715 555 ἅπαντες
728 521 835 560 appel—

126 565 235 596 lantur.

168 609 240 638 315.
272 609 302 637 7.
335 605 478 642 ἐδίδασκες
506 606 693 647 γράμματα]
731 606 832 636 locum

123 650 204 680 huuc
218 650 256 680 ad
270 649 445 691 ἐπαναφοξὰν
455 651 547 680 refert
559 649 735 679 Alexander
749 649 834 679 Rhe-

123 699 180 724 tor.
196 704 227 732 p.
244 695 295 724 62.
311 698 340 723 et
355 703 385 732 p.
403 695 455 722 84.
471 694 507 723 ad
524 691 672 722 ἀντίθεσιν.

166 753 210 759 -
225 738 277 767 23.
299 735 366 766 ’tan’
387 736 532 777 ἀγγελεῖν]
562 735 701 765 contraxi
724 739 833 774 sponte

123 789 192 810 mea
213 779 242 808 in
269 790 361 810 unum
382 779 576 815 vocabulum,
596 778 794 816 κακαγγελεῖν,
816 788 833 807 a

122 821 318 860 κακαγγελέω.
337 823 418 862 quod
441 823 587 852 formatur
606 833 624 851 a
641 821 832 851 substantivo

121 865 309 903 κακάγγελος.
336 867 420 905 quod
449 870 497 895 est
523 866 606 895 idem
632 869 722 904 atque
748 862 834 898 κακὸς

121 908 252 946 ἄγγελος.
274 909 312 939 ad
327 909 454 938 formam
469 908 631 947 εὐάγγελος.

164 954 275 982 -24,
298 951 447 992 xcxiv—fl
471 951 633 981 ridiculum
655 951 686 980 in
708 950 832 980 modum

122 995 364 1025 comminiscitur
398 1005 454 1033 par
489 995 686 1024 senariorum.
727 1003 833 1033 parum

122 1038 202 1067 enim
219 1048 235 1067 e
249 1042 347 1068 metro
362 1037 543 1068 discedunt:

185 1095 269 1126 κακὸν
282 1098 374 1131 κακῶς
387 1107 420 1126 σε
434 1096 576 1137 μάλιστα
590 1094 646 1135 μὲν
660 1095 681 1124 οἳ
697 1094 768 1130 θεοῖ,

185 1138 296 1169 ἔπειτα
311 1139 335 1168 δ’
348 1137 421 1169 οὗτοι
436 1140 548 1173 «πάντες
563 1137 744 1168 ἀπολέσειαν.

120 1218 246 1247 quorum
264 1219 406 1239 versuum
423 1209 507 1248 prior
526 1209 682 1248 perfectus
705 1212 736 1237 et
755 1207 831 1237 vitio

119 1261 226 1281 carens
247 1259 295 1282 est
317 1252 466 1288 senarius,
486 1251 651 1290 posteriori
674 1257 776 1280 autem
794 1252 833 1281 ad

119 1295 339 1334 plenitudinem
360 1294 436 1325 nibil
456 1295 556 1330 deest,
578 1300 782 1335 praeterquam
802 1294 832 1324 in

117 1338 204 1368 ealce
217 1338 304 1368 unica
317 1339 446 1377 syllaba.

162 1383 237 1412 316.
252 1383 284 1413 5.
305 1380 393 1422 οὐδὲν]
416 1381 481 1412 scil.
495 1380 606 1421 εἴποιμι
619 1391 635 1410 c
650 1391 740 1411 versu
757 1383 788 1412 2.

162 1441 205 1447 --
220 1427 252 1455 8.
274 1425 381 1465 αὐτῶν]
399 1425 513 1454 addidi.
530 1424 614 1463 quod
628 1424 710 1454 redit
726 1429 778 1454 aut
792 1424 832 1454 ad

121 1467 361 1498 subaudiendum
384 1470 439 1498 τῶν
458 1465 655 1507 γεγενημένων,
672 1467 832 1498 oblivisci-

121 1515 171 1540 tur
190 1510 233 1547 id,
249 1512 329 1551 quod
349 1511 467 1547 evenit,
488 1511 570 1550 quod
590 1515 691 1540 actum
707 1515 766 1546 est,
781 1515 833 1541 aut

120 1555 176 1584 τῦν
179 1554 359 1608 εὐεργεσιῶν,
383 1555 465 1594 quod
483 1553 584 1593 possit
606 1554 636 1583 iu
654 1551 683 1583 εὖ
698 1553 832 1584 παθόντα

120 1600 152 1626 et
165 1594 196 1626 ευ
209 1597 368 1628 ποιήσαντα
383 1597 480 1628 videri
504 1597 608 1627 latere.
652 1598 710 1626 Sed
737 1597 832 1627 satius

118 1639 218 1670 fuerat
230 1651 287 1680 pro
308 1641 400 1671 αὐτῶν
419 1640 567 1670 exhibere
588 1639 681 1670 αὐτόν.
695 1640 762 1679 ipse
780 1642 832 1670 be-

92 1718 95 1721 ,
119 1683 255 1714 nesactor
269 1684 363 1715 debet
378 1684 533 1720 oblivisci,
550 1693 608 1713 non
623 1684 697 1713 item
718 1684 832 1715 benefi-

118 1725 168 1756 cio
182 1732 318 1757 ornatus.

160 1786 205 1793 —
220 1773 271 1800 14.
292 1770 372 1812 ἀρκεῖ
389 1769 456 1811 μοι]
481 1769 549 1799 scil.
565 1770 580 1800 ἦ
604 1768 659 1809 ἒμῆ
680 1768 831 1807 ὑπόληψις.

118 1816 232 1843 statuat
246 1814 376 1853 quisque
391 1814 448 1843 hoc
464 1814 504 1843 de
525 1823 594 1843 meo
616 1823 720 1849 sensu,
740 1818 833 1852 prout

119 1855 197 1886 vult.
215 1857 327 1896 probet
347 1867 415 1887 eum
437 1857 597 1886 damnetve
613 1866 669 1895 per
684 1867 733 1886 me
748 1857 832 1887 licet.

118 1898 207 1929 Sinat
220 1901 312 1930 modo
326 1910 374 1930 me
396 1910 488 1930 sensu
512 1910 581 1929 meo
601 1899 672 1929 frui.
715 1899 833 1929 Sufficit

119 1941 194 1972 mihi
206 1953 255 1973 me
269 1942 314 1972 sic
322 1943 448 1979 sentire,
461 1944 549 1981 cujus
559 1953 608 1972 me
621 1953 678 1973 non
692 1942 833 1981 poenitet,

120 1994 220 2024 neque
242 1985 416 2024 poenitebit.
461 1985 544 2015 Satis
564 1996 601 2015 ex
621 1996 658 2015 eo
680 1986 833 2016 fructuum

120 2028 159 2057 ad
174 2028 423 2067 tranquillitatem
443 2034 475 2059 et
489 2029 725 2059 oblectationem
742 2029 833 2059 animi

118 2070 181 2100 mei
196 2072 331 2111 percepi.

162 2131 206 2137 —
222 2117 274 2145 21.
297 2113 432 2155 πάντων]
457 2114 525 2144 scil.
541 2114 648 2145 τούτων
662 2116 716 2144 τῶν
731 2117 832 2145 κακῶν.

161 2173 205 2180 ·—-
226 2168 296 2198 pen.
323 2159 409 2197 παρὰ
437 2157 569 2188 τουτουσὶ
599 2157 833 2198 πολιτευόμενον]

117 2201 241 2231 correxi
256 2202 334 2241 παρὰ
355 2200 482 2231 τουτοισὶ
503 2199 759 2240 πεπολιτευμένον.
781 2202 832 2240 qui

119 2247 213 2274 totam
237 2254 334 2274 meam
355 2249 476 2274 aetatem
497 2244 528 2274 in
551 2244 732 2274 tractatione
755 2245 833 2285 reip.

119 2291 284 2327 peractam,
301 2288 384 2327 apud
399 2287 467 2324 hos,
481 2287 561 2317 inter
573 2287 642 2323 hos,
658 2298 759 2318 coram
773 2288 832 2324 his,

117 2340 264 2370 nusquam
289 2330 361 2361 alibi
388 2330 570 2371 peregerim.
598 2331 750 2371 designat,
775 2342 832 2371 pro

119 2382 216 2409 more,
227 2374 349 2413 judices
364 2375 511 2414 civesque
526 2374 639 2404 Athen.

161 2417 236 2447 31⁷.
254 2418 304 2447 16.
328 2415 406 2457 ὅςγῆ]
431 2417 497 2447 scil.
515 2416 579 2447 ἐστὶ
595 2416 772 2458 τεταγμένη.

163 2476 205 2483 --
221 2463 273 2492 22.
297 2460 326 2489 οὐ
342 2459 435 2501 μόνον]
459 2466 528 2500 post
552 2461 580 2490 οὐ
606 2459 686 2501 μόνον
709 2461 832 2491 videtur

117 2501 130 2531 ὅ
147 2501 227 2541 λόγος
241 2503 363 2539 deesse,
374 2505 462 2539 ratio,
474 2514 510 2533 ne
523 2504 613 2540 desit,
629 2504 710 2543 quod
728 2504 766 2547 τῇ
778 2503 833 2544 φύ-

117 2555 162 2576 σει
178 2551 360 2586 opponatur.

160 2605 204 2611 -—
227 2592 278 2621 23
310 2587 454 2631 νομίμοις]
488 2589 611 2629 praetuli
639 2588 741 2630 νόμοις.
772 2601 832 2620 non

118 2632 198 2662 enim
213 2633 332 2673 ἄγραφα
346 2632 457 2672 νόμιμα
475 2637 649 2672 usurpatur.
689 2634 749 2664 Sed
764 2635 786 2664 οἱ
800 2634 832 2663 ἄ-

117 2682 219 2716 γραφοι
235 2676 322 2716 νόμοι,
337 2676 388 2716 qui
410 2681 483 2706 sunt
498 2678 537 2705 τὰ
554 2675 678 2716 νόμιμα,
695 2677 833 2707 instituta

117 2718 222 2749 civilia
237 2720 302 2749 sine
318 2720 417 2759 legum
438 2725 591 2760 praecepto
608 2721 724 2749 sancita
739 2721 832 2750 tacito

117 2761 251 2792 omnium
272 2772 434 2792 consensu.
457 2763 570 2793 deinde
589 2772 647 2802 pro
664 2762 759 2800 ἤθεσι,
773 2764 832 2794 hoc

120 2813 215 2835 versu
228 2805 331 2836 malim
350 2803 441 2836 ἔθεσι

158 2864 203 2871 —-
217 2850 271 2880 24.
293 2848 424 2890 διώρικεν]
445 2849 516 2879 dedi
534 2849 572 2879 de
589 2859 657 2879 meo
671 2847 832 2890 διωςικέναι.

119 2888 208 2921 l'acile
228 2892 328 2931 potuit
341 2903 381 2928 αι,
398 2899 554 2931 postrema
575 2892 676 2928 litera,
703 2893 734 2922 in
798 2904 832 2923 11-

120 2942 210 2962 curau
225 2945 292 2964 cum
307 2934 439 2976 Αἰσχίνης
452 2935 537 2965 elidi.
553 2940 642 2976 aptus
660 2941 708 2965 est
724 2903 832 2966 11811-

121 2975 255 3007 finitivus
272 2988 290 3007 a
307 2978 477 3017 ‹paine-ewa.
522 2978 557 3009 Si
575 2984 741 3018 quaeretur,
760 2990 832 3010 con-

122 3019 225 3056 stabit,
247 3030 303 3051 non
325 3022 471 3053 rationem
495 3022 607 3059 solum,
625 3022 678 3053 scd
696 3027 833 3053 naturam

1524 201 1579 244 85

868 315 987 344 quoque
998 322 1042 328 ·-—
1053 305 1098 335 sic
1113 306 1294 337 distinxisse
1305 318 1355 338 res
1368 311 1457 347 atque
1471 307 1580 339 dister-

868 348 1009 378 minasse.

911 393 987 422 318.
1006 394 1037 422 4.
1060 389 1145 424 οὓτως
1168 390 1289 432 ἔχοντα]
1322 392 1472 423 dedecora
1497 399 1580 435 puta,

868 443 936 473 quae
952 434 1020 473 ipso
1040 434 1072 464 111
1089 439 1254 464 accusante
1272 435 1387 471 insunt,
1403 446 1470 466 esse
1486 448 1581 476 penes

869 484 1057 514 accusatum,
1069 478 1119 507 cui
1131 477 1184 507 ille
1199 487 1236 507 ea
1247 477 1397 513 attribuit,
1408 479 1456 508 vel
1468 481 1582 521 affingit

868 521 983 560 potius.

910 581 954 586 ——
969 566 1021 594 14.
1042 563 1170 604 πάντες]
1201 573 1271 593 num
1296 562 1422 596 πάντως.
1447 566 1581 603 omnino,

867 606 967 646 plane.

910 668 953 672 —-
969 651 1021 680 16.
1044 649 1072 679 οὐ
1094 648 1188 690 μόνον]
1214 648 1280 679 scil.
1302 648 1428 688 εὑρήσετε
1452 649 1582 692 ἐξεταζο,

867 692 959 732 μένην.
981 693 1230 732 praepositionem
1257 691 1284 721 ἐν
1308 693 1347 721 de
1370 702 1437 722 meo
1466 693 1581 724 addidi.

868 746 956 775 quam
968 736 1065 766 fateor
1077 746 1134 765 non
1148 746 1272 773 prorsus
1287 745 1356 764 esse
1368 736 1582 772 necessariam,

868 779 921 808 sed
939 779 1098 809 subaudiri
1115 779 1264 818 potuisse.
1288 788 1394 807 verum
1412 784 1510 809 tamen
1527 780 1581 810 ad-

867 822 933 852 dita
947 823 1114 861 planiorem
1128 822 1279 852 reddebat
1294 821 1472 852 orationem.

909 882 952 887 -—
968 868 1020 896 17.
1035 865 1060 895 εἴ
1071 876 1116 899 τις
1128 863 1300 915 {fimoqa
1286 864 1442 894 Sententia
1455 867 1580 896 est·1n

867 909 969 938 causis
991 908 1133 948 privatis,
1156 908 1182 938 si
1204 896 1300 937 laesus
1320 917 1338 936 a
1352 909 1495 947 quopiam
1511 910 1581 945 fuit,

867 956 917 981 aut
930 951 1043 981 mulcta
1051 952 1142 987 ictus,
1153 950 1338 981 iracundiam
1351 960 1436 980 suam
1449 956 1479 981 et
1491 953 1584 982 male·

867 994 1055 1024 volentiam
1047 1005 1077 1024 m
1093 995 1162 1031 hos,
1178 995 1276 1031 cives,
1292 1004 1434 1024 coronam
1451 995 1582 1026 circum-

867 1043 1008 1072 stantem,
1023 1037 1165 1068 effundit.

908 1082 1018 1110 -18.
1033 1080 1133 1131 narr]
1157 1080 1225 1110 scil.
1250 1091 1286 1110 ’τη
1312 1077 1457 1116 δεινότητι,
1479 1082 1526 1111 vel
1543 1093 1579 1112 τη

867 1124 916 1153 τοῦ
932 1122 1021 1162 λέγειν
1031 1121 1174 1163 ἐμπειρίᾳ.

909 1169 1021 1196 -22.
1049 1166 1118 1206 ὑπὲρ
1143 1165 1264 1206 τούτων]
1296 1166 1385 1204 hujus
1409 1167 1454 1197 rei
1476 1178 1580 1204 causa,

867 1220 926 1249 quo
951 1209 1019 1248 ipse
1041 1209 1075 1239 id
1096 1214 1310 1248 consequatur,
1331 1209 1361 1238 h.
1378 1220 1405 1240 e.
1430 1216 1463 1240 ut
1484 1211 1581 1250 ipsius

867 1252 1038 1289 ambitioni,
1068 1252 1241 1292 cupiditati,
1273 1252 1432 1290 simultati,
1462 1254 1582 1284 libidini

869 1296 1005 1326 satisfiat.
1027 1300 1061 1325 ut
1071 1296 1194 1335 judices
1207 1295 1338 1334 privatis
1353 1296 1418 1326 suis
1435 1307 1509 1337 erga
1525 1298 1582 1327 ini-

865 1339 962 1369 micos
978 1338 1058 1368 odiis
1072 1339 1278 1378 exsequendis
1294 1338 1475 1370 inserviant.

909 1400 953 1405 -—
968 1383 1021 1413 23.
1042 1381 1156 1423 ταῦτα]
1183 1383 1239 1412 hos
1253 1381 1346 1411 animi
1360 1383 1495 1413 morbos.

909 1443 952 1448 -—-
968 1428 1019 1456 24.
1041 1425 1223 1467 διακείμενον]
1255 1425 1379 1455 correxi
1409 1425 1582 1464 διακείμενα,

866 1469 896 1499 id
913 1473 972 1504 est,
986 1467 1101 1510 ἔχοντα.
1147 1469 1199 1499 Sin
1215 1473 1315 1498 autem
1332 1473 1431 1499 tamen
1453 1480 1581 1509 prorsus

865 1522 992 1542 necesse
1010 1513 1060 1548 sit,
1082 1517 1116 1542 ut
1129 1516 1162 1542 tu
1181 1512 1240 1541 ista
1262 1511 1336 1541 vitia
1356 1512 1387 1541 in
1409 1517 1462 1542 tua
1479 1513 1580 1544 indole

865 1556 990 1592 habeas,
1006 1555 1030 1584 si
1046 1555 1134 1586 fatale
1151 1554 1208 1585 tibi
1224 1555 1265 1584 sit
1279 1555 1494 1595 istis-gravari,
1511 1568 1581 1586 crza-

867 1599 952 1629 venit
976 1604 1089 1634 tamen,
1118 1602 1152 1628 ut
1177 1599 1288 1628 habeas
1318 1597 1412 1635 lenta,
1441 1599 1581 1634 remissa,

865 1642 999 1682 placida,
1028 1642 1207 1678 mediocria,
1240 1651 1298 1671 nou
1330 1641 1486 1678 immania,
1521 1654 1580 1673 non

867 1685 992 1715 atrocia.

908 1746 952 1751 -—
967 1731 1020 1759 27.
1036 1727 1102 1758 ’ἐστι
1113 1728 1159 1769 τι]
1177 1727 1245 1758 scil.
1259 1729 1399 1767 πςᾶγμα,
1417 1728 1463 1758 vel
1478 1727 1581 1767 ἔγκλη-

866 1783 932 1811 μα.
948 1778 979 1801 et
993 1771 1020 1801 si
1041 1782 1102 1811 qua
1116 1777 1165 1801 est
1185 1771 1300 1811 populo
1316 1782 1419 1807 causa,
1442 1772 1489 1801 vel
1508 1783 1583 1812 que-

867 1816 940 1851 rela,
957 1815 1163 1854 expostulatio
1180 1825 1248 1844 cum
1263 1814 1448 1844 adversariis
1464 1816 1539 1845 suis.

910 1860 984 1890 319.
1003 1859 1034 1888 5.
1051 1856 1121 1891 ἰδίας
1135 1856 1249 1908 εχθξας,
1262 1869 1308 1888 και
1325 1857 1442 1899 φθόνου]
1460 1859 1582 1888 correxi

867 1902 906 1932 de
918 1913 985 1932 meo
1002 1901 1071 1936 ἰδίας
1083 1899 1213 1942 ἐ’χθξας“’
1200 1912 1288 1931 ενειια.
1302 1912 1415 1931 meram
1429 1901 1468 1931 ob
1479 1902 1583 1940 priva-

867 1950 929 1975 tam
947 1944 1143 1981 simultatem,
1159 1955 1217 1974 non
1233 1944 1348 1979 studio,
1365 1955 1463 1984 neque
1480 1955 1582 1975 amore

868 1988 946 2028 reip.
959 1986 1062 2026 φθόνου
1070 2005 1113 2010 -
1124 1998 1160 2017 ea
1171 1998 1243 2017 vero
1255 1991 1326 2017 nota
1335 1991 1384 2017 est
1394 1987 1583 2023 invidentiae,

867 2030 1037 2070 minutique
1052 2031 1154 2060 animi.

910 2091 952 2096 -—
969 2077 1000 2104 7.
1029 2073 1118 2114 τόνδε]
1147 2074 1225 2102 hunc
1253 2072 1498 2111 Ctesiphontem,
1530 2084 1584 2113 ag-

868 2117 967 2156 gredi.
990 2116 1038 2146 καὶ
1054 2118 1164 2152 oria-av,
1183 2116 1214 2146 id
1232 2126 1304 2146 vero
1320 2126 1445 2156 prorsus
1463 2127 1581 2147 omnem

867 2159 1093 2199 improbitatem
1107 2160 1136 2189 in
1155 2170 1187 2189 se
1199 2159 1424 2199 complectitur.
1448 2160 1496 2189 καὶ
1513 2161 1582 2195 hoc,

868 2204 948 2242 quod
969 2203 1101 2242 vulgatis
1117 2203 1216 2238 deest,
1232 2202 1348 2232 addidi.
1373 2207 1441 2232 ante
1457 2205 1516 2237 πᾶς
1531 2208 1583 2234 aut

868 2246 1029 2282 redundat,
1046 2252 1108 2283 aut,
1123 2245 1226 2282 utlaio,
1240 2246 1370 2276 intendit
1382 2253 1413 2276 et
1425 2248 1584 2277 confirmat

868 2290 1046 2320 dictionem.

910 2350 954 2356 -—
970 2335 1022 2364 19.
1045 2331 1113 2362 ἀλλ’
1136 2332 1197 2372 ὂςςῖς
1219 2330 1288 2371 ἐγὼ]
1320 2342 1427 2362 vocem
1452 2333 1583 2363 mediam

866 2376 962 2417 signis
986 2376 1207 2416 parentheseos
1231 2375 1352 2405 inclusi.
1377 2382 1408 2406 at
1427 2386 1498 2415 ego,
1514 2377 1582 2406 scil.

866 2421 973 2450 eadem
986 2420 1066 2450 nitor
1077 2429 1189 2449 ancora
1202 2429 1270 2448 cum
1287 2419 1394 2458 patria.
1418 2421 1496 2458 Spes
1508 2420 1583 2449 1111111

866 2474 934 2493 cum
952 2462 1078 2503 reliquis
1094 2462 1213 2492 civibus
1236 2473 1414 2492 communes
1435 2468 1504 2492 sunt
1525 2473 1585 2493 eae-

866 2507 946 2537 dem.
970 2517 1018 2536 me
1036 2507 1116 2535 vide.
1140 2510 1194 2535 aut
1216 2516 1287 2535 num
1303 2506 1403 2542 vides,
1423 2506 1583 2542 AEschine,

867 2560 956 2590 quam
982 2551 1093 2579 fidente
1118 2559 1186 2578 cum
1209 2549 1295 2579 vultu
1318 2553 1348 2578 et
1373 2559 1451 2580 voce
1476 2560 1585 2580 secura

867 2595 932 2624 haec
947 2592 1139 2632 pronuntiem
1153 2593 1162 2622 ?

909 2655 952 2659 —
968 2639 1020 2666 21.
1043 2635 1118 2675 ἴδιον]
1143 2635 1271 2666 subaudi
1286 2634 1442 2675 συμφέξον.

909 2698 952 2703 —
969 2682 1020 2711 23.
1043 2679 1112 2720 τῶν]
1138 2679 1267 2708 subaudi
1280 2679 1455 2717 συμβασῶν.

909 2725 983 2754 320.
999 2725 1031 2754 5.
1055 2722 1144 2763 ἔχειν]
1161 2723 1192 2752 id
1212 2727 1270 2756 est,
1284 2721 1428 2764 κατέχειν.
1445 2729 1584 2762 putasne.

866 2770 980 2796 tantum
1000 2770 1171 2801 veternum,
1192 2771 1305 2794 tantam
1330 2775 1429 2794 rernm
1451 2767 1582 2795 oblivio-

866 2820 933 2839 nem
950 2809 1081 2839 omnium
1099 2819 1205 2838 omnes
1220 2808 1402 2838 constrictos
1417 2814 1532 2838 tenere.

908 2870 951 2875 —
968 2855 1020 2884 22.
1035 2852 1157 2893 πολλὰ]
1176 2852 1226 2881 hic
1241 2851 1364 2880 videtur
1377 2853 1473 2881 oratio
1488 2852 1585 2882 hiare.

868 2896 1013 2926 transitus
1041 2895 1131 2925 nimis
1161 2897 1309 2934 abruptus
1339 2899 1398 2928 est,
1429 2895 1583 2925 vinculum

867 2939 976 2968 laxius.
1000 2950 1092 2979 quare
1111 2949 1230 2972 vereor,
1247 2948 1284 2966 ne
1301 2937 1371 2975 quid
1390 2938 1483 2967 desit.

911 2984 985 3012 3211.
1001 2984 1033 3015 3.
1050 2981 1176 3023 ἄμεινον]
1195 2981 1584 3019 luculentius‚studiosius‚

867 3025 991 3056 certius.
