1964 3323
342 203 420 244 148
709 203 742 244 I.
766 202 801 246 I.
826 201 1049 244 REISKE

334 309 576 348 frequentatione
598 307 655 338 fori
680 312 710 338 et
726 308 893 346 concionis,
909 314 940 339 et
956 308 1045 338 venia

337 353 428 382 verba
444 353 482 383 ad
499 351 644 392 populum
661 351 804 389 faciendi,
824 358 876 382 aut
897 352 981 392 leges
1001 352 1045 381 fe-

335 396 432 425 rendi.

380 440 453 469 603.
470 441 522 469 20.
544 437 621 479 ἐ’χοι]
644 436 765 468 correxi
789 436 885 479 ἔχοιτε
909 437 1046 468 habeatis.

334 491 415 517 nam,
446 492 512 519 quae
540 487 719 521 sequuntur,
749 482 844 510 verba
871 486 951 516 sunt,
979 491 1047 520 quae

337 526 561 554 Demosthenes
587 525 702 563 populo
721 524 893 563 praescribit
913 529 943 553 et
964 524 1048 553 velut

335 568 366 597 in
395 578 428 598 os
457 567 520 601 dat,
547 568 658 606 quibus
683 572 823 597 occurrat
851 567 1047 597 Androtioni.

335 612 426 641 Hanc
445 621 461 639 a
479 621 512 640 se
528 620 649 639 causam
670 610 825 648 depellere
842 610 867 640 si
885 611 967 640 volet
985 614 1046 639 An-

335 654 447 689 drotio,
464 658 494 683 et
514 664 569 683 vos
581 655 702 692 jubere,
717 653 835 683 actione
850 654 952 692 potius
969 652 1047 684 ἐνδεί-

335 697 405 736 ξεως
418 702 523 727 contra
539 707 571 725 se
588 701 620 726 ut
636 696 746 734 agatis,
758 700 821 725 tum
836 707 890 725 vos
903 696 942 725 ita
956 697 983 727 ei
996 707 1048 726 oe-

335 740 460 770 currite.
505 741 571 769 Nos
584 750 657 769 vero
673 740 866 778 postmodum
882 739 951 774 hoc,
966 740 1048 779 quod

336 789 369 812 tu
382 783 441 818 vis,
457 783 614 812 faciemus.

379 843 420 848 ——
437 828 488 855 521.
505 826 604 866 τοῦτο]
624 825 708 854 uncis
723 823 844 854 inclusi.
859 825 959 863 possit
973 835 1047 863 quo-

334 879 393 908 que
410 870 476 907 ejus
498 869 564 898 loco
580 867 647 898 τότε
666 867 781 898 iterari.
804 877 866 896 mox
881 869 968 903 enim,
986 877 1050 896 mox

327 912 492 954 jaciemus.

378 971 421 977 —-
438 958 489 985 524.
512 953 559 983 καὶ
580 954 621 983 νῦν
643 952 670 982 δέ
691 953 740 993 σε]
764 952 884 982 correxi
905 951 953 981 καὶ
966 952 1008 981 νῦν
1022 951 1049 982 δέ

335 1008 378 1035 γε,
389 1008 427 1027 ex
438 997 613 1037 conjectura
629 1006 705 1026 mea.
723 1005 804 1025 nunc
814 1001 911 1025 autem
926 995 1050 1034 planum

325 1039 470 1080 jacimus,
488 1040 577 1079 legem
590 1039 828 1080 tibifacultatem
842 1039 951 1077 eripere
965 1044 1051 1078 atque

335 1084 491 1123 denegare,
514 1082 558 1112 vel
579 1092 626 1112 eas
645 1084 718 1121 ipsas
740 1083 903 1123 rogationes
914 1080 1050 1123 ferendi,

337 1126 500 1167 quusserre
512 1126 578 1154 aliis
594 1127 691 1155 liceat.

381 1171 455 1198 604.
475 1170 524 1199 13.
547 1168 676 1208 μυρίους]
692 1168 794 1197 malim
811 1165 979 1208 δισμυξίους.
1004 1167 1050 1196 vi-

337 1211 413 1249 ginti
437 1212 516 1241 enim
541 1212 675 1242 millibus
698 1211 852 1241 hominum
873 1211 1051 1240 censebatur

338 1255 450 1284 civitas
465 1255 675 1284 Atheniensis-

381 1315 423 1320 —-
440 1301 491 1327 21.
514 1299 594 1327 ἀλλὰ
612 1300 661 1327 τοῦ
677 1296 842 1337 γςάφοντος]
866 1296 1004 1331 offendit,
1021 1300 1052 1326 et

338 1351 398 1377 me,
412 1345 442 1369 et
458 1341 622 1379 legentem,
639 1342 667 1370 ni
687 1342 784 1375 fallor.
805 1350 966 1379 quemque,
983 1350 1049 1368 eum

339 1389 435 1418 certe,
452 1385 502 1422 qui
524 1384 651 1422 margini
670 1385 874 1421 conjecturam
898 1393 982 1412 suam
999 1383 1051 1411 ad-

338 1426 463 1466 scripsit
477 1430 559 1467 (nam
576 1438 611 1456 ea
628 1428 679 1456 vix
695 1427 817 1457 videtur
830 1426 923 1455 lectio
935 1426 1051 1455 codicis

338 1472 438 1509 esse),
454 1471 533 1508 quod
553 1476 655 1499 orator
673 1470 753 1499 haud
776 1470 832 1499 sibi
850 1474 980 1503 constat,
997 1469 1051 1498 sed

339 1513 378 1541 ad
405 1512 572 1550 genitivum
598 1524 614 1543 a
639 1513 744 1542 dativo
768 1512 926 1542 transsilit.
954 1522 1052 1548 rarus,

339 1556 447 1591 fateor,
465 1555 585 1585 dicendi
603 1557 724 1591 modus,
739 1560 799 1585 eta
814 1555 985 1585 constantia
1000 1556 1052 1584 ab·

339 1599 475 1628 horrens.
499 1598 606 1638 ecquis
628 1605 727 1628 autem
749 1598 777 1628 ei
799 1599 875 1628 vitio
893 1598 924 1627 id
942 1602 1053 1632 vertat,

339 1642 419 1680 quo'd
438 1641 559 1671 licebat.
584 1642 708 1671 forsitan
729 1641 774 1670 illi
795 1643 841 1671 sic
863 1642 987 1671 suavius
1003 1651 1054 1671 so-

338 1685 430 1713 nabat
447 1689 477 1714 et
492 1686 680 1715 concinnius.
703 1683 795 1718 ὄνειδος
808 1684 934 1724 perinde
950 1689 1053 1723 potest

340 1737 408 1756 cum
426 1727 563 1768 genitivo
585 1734 675 1766 atque
696 1737 764 1757 cum
782 1729 886 1758 dativo
903 1728 1053 1757 construi.

338 1776 487 1809 praeterea
503 1772 570 1809 quis
587 1771 682 1806 novit,
698 1770 818 1810 integer
838 1780 873 1799 an
895 1771 1052 1800 mutilatus

340 1813 392 1842 hic
408 1813 448 1842 sit
464 1814 560 1844 locus.
583 1814 647 1843 fieri
664 1819 778 1853 potest,
794 1817 826 1843 ut
843 1813 969 1855 perierit
986 1823 1052 1843 ver-

339 1856 412 1886 bum
429 1857 594 1895 genitivum
611 1867 730 1896 regens.

382 1917 425 1921 —
441 1902 492 1930 23.
510 1900 553 1930 διὰ
568 1903 622 1941 γὰρ
633 1900 764 1941 τούτους]
782 1900 844 1929 imo
856 1910 929 1930 vero
945 1900 1050 1929 τοῦτον.

338 1942 419 1972 redIt
444 1943 521 1972 enim
548 1944 583 1973 ad
612 1944 708 1973 solum
731 1943 963 1973 Androtionem.
994 1943 1053 1972 nisi

340 1985 442 2015 socios
459 1987 525 2024 ejus
543 1997 601 2016 una
616 1987 770 2025 designari
787 1986 939 2016 volumus.

381 2046 425 2050 ——
440 2039 511 2068 pen.
529 2029 653 2070 ἰδιῶται]
671 2034 739 2059 sunt
750 2029 873 2068 privati,
890 2029 973 2058 nullo
988 2039 1052 2058 ma-

340 2071 466 2110 gistratu
484 2082 562 2101 nunc
576 2074 750 2112 fungentes,
765 2073 884 2102 tametsi
896 2072 971 2102 alias
984 2082 1053 2111 ges-

341 2115 437 2143 serint
453 2115 593 2151 honores,
609 2121 660 2145 aut
681 2116 720 2145 iis
742 2126 830 2154 pares
846 2115 919 2151 sint,
943 2120 994 2145 aut
1009 2115 1052 2144 fa·

340 2158 462 2193 cundia,
480 2159 656 2196 potentiave
672 2159 837 2188 excellant.

381 2201 454 2231 605.
472 2202 501 2230 5.
520 2200 642 2241 ἐθάδων]
660 2202 736 2231 bene
752 2201 853 2230 habet.
869 2200 970 2235 ἐθάδες
985 2204 1053 2231 sunt

338 2242 500 2272 familiares
525 2245 603 2273 inter
632 2255 676 2280 se,
705 2244 796 2283 longa
822 2244 1053 2279 consuetudine,

337 2286 548 2316 communione
571 2288 777 2326 negotiorum,
800 2291 830 2316 et
845 2286 973 2326 paritate
989 2291 1053 2316 stu-

337 2328 457 2358 diorum
473 2331 635 2368 conjuneti.
657 2329 861 2363 συνεστηκότες
877 2335 947 2359 sunt
962 2329 1053 2359 satel-

336 2371 448 2407 litium,
464 2373 636 2402 sodalitium
656 2373 898 2413 conspirantium
923 2377 953 2402 et
969 2372 1054 2402 velut

339 2419 421 2444 coetu
447 2415 526 2445 facto
552 2417 782 2446 consistentium
811 2426 868 2445 uno
893 2417 973 2450 loco,
997 2425 1052 2454 pro

337 2466 489 2496 causaque
501 2459 654 2488 communi
666 2459 912 2489 contendentium
925 2464 956 2488 et
968 2458 1053 2487 nnita

338 2510 431 2538 opera
447 2501 617 2531 nitentium.

380 2560 423 2564 —-
441 2545 470 2574 9.
492 2544 693 2585 ἀντιγραφεὺς]
719 2545 814 2585 tangit
836 2545 866 2576 h.
882 2545 904 2575 1.
929 2545 1051 2584 Harpo-

337 2591 414 2616 crat.
431 2597 462 2616 v.
478 2587 674 2627 ἀντιγραφεύς.

379 2646 423 2651 -
439 2632 489 2659 10.
505 2628 577 2670 ἐκεῖ]
599 2631 628 2659 h.
645 2631 664 2660 1.
682 2641 736 2669 pro
753 2630 830 2660 τότε.
846 2635 918 2660 tnnc
935 2635 1053 2669 tempo-

336 2671 477 2708 ris,anno
492 2673 642 2711 superiori
662 2678 744 2712 puta,
755 2684 823 2703 cum
839 2674 1007 2703 Androtion
1022 2673 1052 2703 in

337 2716 421 2745 curia
443 2720 594 2754 regnaret,
619 2720 650 2745 et
674 2721 796 2746 senatus
820 2716 871 2745 ille
889 2716 1052 2751 obtineret,

336 2758 385 2788 cui
402 2767 547 2788 coronam
559 2759 688 2788 dandam
702 2769 771 2789 esse
786 2760 841 2789 hac
851 2759 989 2789 oratione
1001 2770 1052 2789 ne-

337 2805 436 2841 gatur.

379 2862 422 2868 —-
431 2844 484 2874 ult.
492 2843 698 2885 κατηγόρηται]
710 2844 832 2874 correxi
842 2845 1051 2885 κατηγορεῖται.

336 2897 403 2917 nam
420 2897 557 2926 praesens
575 2888 691 2926 passivi
707 2887 798 2916 habet
815 2887 889 2924 vim,
905 2889 988 2927 quod
1004 2888 1053 2917 hic

336 2930 396 2960 loci
413 2929 569 2966 convenit,
581 2931 750 2969 perfectum
767 2930 872 2960 activi.

379 2975 453 3004 606.
466 2976 495 3004 5.
508 2972 577 3014 ὑπὲξ
589 2975 640 3007 τῆς
653 2975 692 3004 ταὶ
703 2970 863 3014 &em-tera]
876 2973 977 3004 malim
991 2973 1053 3004 sic:

336 3014 404 3057 ὑπὲρ
419 3017 469 3050 τῆς
485 3015 553 3046 τότε
569 3019 608 3047 τὲ
625 3015 786 3051 βέλτιστα.

1079 201 1406 245 ΑΝΝΟΤΑΤΑ

1123 327 1165 331 -—-
1179 312 1229 339 10.
1254 309 1351 350 αὐτὸν]
1368 311 1435 341 scil.
1450 310 1682 342 Androtionem.

1122 369 1165 374 —
1176 363 1245 390 pen.
1261 353 1319 383 ἀπὸ
1332 354 1505 394 Ναυσινίκου]
1522 354 1594 385 mihi
1609 352 1657 385 ἐπὶ
1669 363 1790 395 quoque

1078 399 1151 434 post
1165 395 1327 433 Taylorum
1343 396 1372 425 in
1388 402 1516 427 mentem
1534 398 1628 427 venit.

1125 440 1198 468 607.
1209 440 1261 468 24.
1275 438 1323 468 καὶ
1333 440 1451 480 πρῶτον]
1465 441 1549 470 locus
1564 441 1612 470 hio
1622 441 1660 470 ad
1670 451 1701 480 p.
1715 442 1791 470 610.

1081 485 1163 510 totus
1190 481 1267 510 infra
1294 491 1324 520 p.
1345 484 1419 512 750.
1445 486 1474 514 2.
1499 484 1535 513 ad
1562 486 1637 516 752.
1664 483 1792 513 verbum

1081 523 1189 553 iisdem
1206 525 1343 554 iteratur.

1125 569 1197 597 608.
1214 571 1244 598 4.
1262 570 1301 597 τὰ.
1316 568 1467 608 πομπεῖα]
1485 568 1568 598 Citat
1583 569 1612 598 b.
1629 568 1652 598 l.
1667 569 1793 607 Harpo-

1082 615 1157 639 crat.
1178 621 1204 639 v.
1221 610 1377 649 πομπείας.
1396 622 1426 651 p.
1446 613 1516 642 150.
1534 614 1565 641 2.

1125 671 1167 675 ——
1182 656 1233 684 2²2.
1257 657 1312 683 τῶν
1326 654 1421 685 ἄλλων
1435 653 1528 694 ἕνεκα]
1548 654 1580 683 id
1598 658 1657 690 est,
1671 655 1727 683 τῶν
1747 653 1796 682 visit.

1081 694 1251 734 ὅφειλόντων,
1278 701 1310 726 ut
1341 698 1480 736 equidem
1506 698 1700 737 interpretor.
1726 705 1796 725 nam

1083 740 1178 768 dictio
1197 739 1287 778 paulo
1305 746 1352 769 est
1367 740 1536 770 obscurior.

1126 784 1199 813 609.
1217 786 1246 811 22.
1274 782 1343 812 ’,τότε
1368 783 1509 823 πώποτε]
1538 782 1654 818 nescio,
1676 791 1731 811 cur
1749 780 1797 810 di-

1083 824 1176 854 ctioni
1212 826 1297 855 bonae
1334 825 1406 856 πότε
1440 826 1557 855 πώποτε
1589 823 1797 855 controversia

1083 873 1251 897 moveatur.
1274 869 1458 908 quandonam
1477 878 1619 907 unquam,
1639 868 1702 897 ullo
1718 871 1796 897 tem·

1085 910 1179 949 pore'!
1224 910 1257 939 Si
1280 911 1353 949 quid
1375 911 1413 940 sit
1437 911 1624 946 mutandum,
1648 910 1796 940 suaserim

1084 952 1155 982 πότε
1171 954 1225 982 τῶν
1240 954 1423 983 ωῶωοτε-
1432 954 1513 992 quod
1525 953 1605 982 idem
1618 958 1710 987 esset,
1722 963 1757 982 ac
1769 951 1796 981 si

1084 995 1234 1024 dixisset:
1252 995 1329 1026 ωότε
1344 994 1435 1034 γέγονε
1450 998 1490 1026 τὰ
1505 995 1652 1026 δεινότατα.
1667 997 1722 1025 τῶν
1737 995 1797 1025 πώ-

1084 1049 1162 1068 ωοτε
1175 1037 1200 1069 ἐν
1209 1038 1247 1079 τῇ
1256 1038 1335 1068 πόλει
1344 1039 1429 1069 δεινῶν
1441 1040 1598 1077 γεγονότων.
1609 1038 1798 1078 quandonam

1085 1082 1262 1111 acciderunt
1272 1081 1302 1112 iu
1316 1083 1389 1112 urbe
1402 1093 1449 1116 ea,
1460 1093 1527 1121 quae
1539 1092 1640 1112 rernm
1653 1081 1799 1118 omnium,

1084 1130 1235 1164 quotquot
1252 1135 1381 1164 unquam
1404 1126 1434 1155 in
1456 1126 1530 1155 urbe
1551 1129 1669 1155 atroces
1684 1134 1796 1154 evene-

1085 1172 1168 1203 runt,
1183 1173 1254 1198 sunt
1267 1168 1475 1198 atrocissimae.

1128 1229 1170 1233 ——
1188 1213 1218 1240 8.
1240 1211 1380 1241 τοσαύτην
1395 1210 1548 1251 ὑπεςβολῆν
1562 1209 1717 1241 ἐποιήσατο
1729 1207 1799 1240 ἐκεί-

1085 1265 1132 1284 νων
1144 1256 1194 1287 τῆς
1210 1253 1308 1284 ἑαυτοῦ
1321 1254 1479 1294 βδελυρίας]
1492 1254 1647 1284 confirmat
1663 1254 1739 1284 hanc
1755 1253 1800 1283 le-

1085 1297 1215 1326 ctionem
1240 1308 1273 1336 p.
1290 1300 1365 1328 751.
1389 1300 1439 1328 18.
1468 1308 1526 1336 ego
1552 1302 1650 1327 tamen
1678 1307 1736 1326 non
1760 1306 1798 1326 eo

1085 1341 1182 1377 magis
1200 1351 1323 1378 possum
1337 1340 1479 1370 duritiem
1495 1345 1525 1369 et
1540 1340 1730 1370 insolentiam
1744 1340 1800 1369 hu-

1081 1384 1132 1422 jus
1142 1383 1286 1412 dictionis
1297 1394 1496 1423 concoquere.
1520 1383 1681 1413 Sententia
1688 1383 1798 1422 plana3

1087 1426 1139 1455 sed
1171 1427 1265 1455 verba
1292 1427 1416 1456 insolito
1442 1431 1473 1456 et
1498 1425 1684 1456 intolerabili
1705 1426 1798 1455 modo

1086 1473 1268 1498 constructa.
1298 1470 1524 1509 Exspectabam
1538 1479 1545 1498 z
1562 1468 1703 1499 τοσαύτην
1716 1469 1799 1509 ὑπερ-

1086 1511 1170 1544 Βολῆν
1187 1513 1239 1545 τῆς
1255 1511 1358 1543 ἐκείνων
1378 1510 1522 1554 βδελυρίας
1546 1511 1584 1553 τῇ
1602 1511 1703 1542 ἑαυτοῦ
1716 1511 1799 1554 (sc-il.

1085 1553 1230 1595 βδελυρία)
1247 1554 1411 1586 ἐποιήσατο.

1128 1615 1170 1620 —-
1188 1600 1239 1628 ⁶23.
1261 1597 1401 1640 καίτοιγε]
1427 1597 1532 1628 addidi
1552 1608 1596 1636 γε.
1614 1602 1645 1628 et
1659 1597 1704 1629 sic
1724 1608 1800 1638 quo-

1087 1651 1145 1680 que
1162 1643 1236 1671 610.
1251 1644 1301 1673 19.

1130 1685 1203 1713 610,
1222 1687 1251 1714 1.
1267 1685 1327 1718 τοῖς
1341 1685 1426 1714 αὑτοῦ
1438 1683 1592 1725 κέχρηται]
1609 1683 1730 1714 con-exi
1741 1683 1802 1717 τοῖς

1086 1728 1193 1756 σαυτοῦ
1209 1726 1358 1768 κέχρησαι.
1375 1728 1493 1757 tametsi
1505 1738 1561 1757 non
1572 1727 1718 1760 nesciam,
1731 1727 1802 1756 sub-

1085 1770 1159 1799 itum
1177 1772 1335 1800 transitum
1352 1781 1369 1800 a
1385 1771 1520 1800 secunda
1531 1780 1661 1809 persona
1678 1770 1718 1799 ad
1738 1774 1800 1799 ter-

1086 1813 1169 1849 tiam,
1186 1818 1217 1842 et
1230 1823 1247 1842 a
1259 1824 1323 1848 reo,
1340 1824 1428 1852 quem
1445 1814 1534 1843 modo
1548 1812 1673 1843 allocuti
1683 1816 1800 1848 essent,

1086 1857 1124 1885 ad
1143 1857 1267 1895 judices
1290 1857 1506 1887 conversiones
1531 1856 1708 1896 repentinas
1733 1865 1801 1885 ora-

1087 1899 1206 1929 toribus
1222 1899 1252 1929 in
1268 1910 1324 1930 usu
1340 1910 1419 1930 esse.

1129 1960 1172 1965 ——
1186 1944 1218 1973 3.
1233 1940 1265 1972 τί
1278 1942 1370 1972 δοῦλον
1378 1943 1435 1984 -]
1459 1943 1561 1972 locum
1577 1942 1656 1972 hunc
1667 1942 1800 1972 Thomas

1087 1986 1132 2015 M.
1149 1996 1178 2015 v.
1194 1984 1225 2016 τί
1239 1985 1360 2026 διαφέξει
1375 1985 1460 2022 citat,
1475 1986 1530 2015 sed
1546 1996 1563 2015 e
1583 1984 1752 2026 Phrynichi
1765 1994 1799 2024 p.

1088 2030 1161 2058 174.
1180 2028 1299 2059 sumsit.

1129 2089 1172 2094 —
1188 2074 1239 2103 13.
1263 2071 1342 2112 μήτε
1363 2070 1512 2113 κριθέντα]
1536 2075 1666 2112 apparet
1685 2081 1726 2102 ex
1744 2071 1802 2100 hoc

1086 2115 1166 2150 1000,
1183 2120 1299 2154 patrem
1317 2115 1527 2150 Audrofionis,
1541 2125 1579 2144 ex
1592 2115 1711 2144 actione
1727 2124 1802 2153 qna·

1087 2158 1168 2193 dam,
1183 2168 1373 2197 quaecunque
1385 2158 1453 2193 fuit,
1468 2156 1613 2197 ἐνδείξεως,
1627 2168 1662 2187 an
1679 2158 1802 2195 ἀπαγω.

1087 2202 1138 2237 γῆς
1151 2202 1199 2240 (ν.
1212 2211 1242 2239 p.
1254 2203 1328 2231 746.
1343 2200 1390 2240 1.)
1405 2201 1512 2230 aerario
1525 2210 1608 2230 reum
1624 2201 1749 2236 factum,
1762 2201 1800 2229 ab

1088 2243 1318 2278 undecimviris‚
1334 2243 1381 2274 vel
1402 2254 1419 2273 a
1435 2248 1554 2278 senatu,
1572 2243 1620 2272 vel
1636 2253 1654 2273 a
1668 2243 1803 2273 thesmo-

1088 2286 1192 2322 thetis,
1206 2287 1354 2325 tantisper
1369 2287 1518 2316 custodiae
1533 2286 1705 2316 mandatum
1722 2296 1802 2322 esse,

1086 2329 1184 2358 donec
1202 2330 1269 2368 ejus
1290 2339 1382 2359 causa
1405 2329 1442 2359 ad
1463 2329 1612 2369 populum
1626 2329 1803 2365 referretur,

1087 2373 1124 2401 ab
1141 2382 1237 2411 eoque
1248 2373 1450 2411 judicaretur.

1128 2431 1172 2437 —
1188 2417 1239 2444 17.
1256 2414 1396 2454 Σινώπην]
1414 2413 1523 2445 citavit
1537 2415 1568 2445 h.
1579 2415 1601 2445 l.
1615 2414 1802 2454 Harpocrat.

1087 2468 1117 2488 v.
1135 2458 1252 2488 Σινώπη.
1269 2464 1299 2489 et
1315 2469 1346 2488 v.
1363 2458 1558 2498 Φανοστράτη.

1129 2503 1167 2531 61
1175 2504 1202 2531 1.
1218 2504 1270 2531 20.
1281 2500 1343 2530 καθ’
1352 2499 1488 2540 ἕκαστον]
1497 2511 1555 2531 non
1568 2500 1687 2530 damno.
1700 2499 1804 2529 malim

1086 2550 1185 2573 tamen
1201 2544 1400 2581 καθεκάστων,
1419 2555 1477 2574 uno
1494 2543 1653 2579 vocabulo,
1668 2542 1697 2572 in
1715 2542 1802 2582 geui-

1086 2586 1151 2616 tivo
1164 2586 1284 2627 plurali.

1128 2647 1170 2652 —
1187 2631 1239 2660 25.
1255 2629 1411 2670 τελεστοῧ]
1432 2639 1506 2668 ergo
1528 2633 1576 2659 est
1599 2637 1722 2663 nomen,
1743 2637 1803 2656 non

1086 2673 1258 2712 proprium,
1274 2673 1327 2702 sed
1342 2672 1573 2712 appellativum,
1587 2671 1756 2701 initiawris.
1770 2670 1803 2700 in

1087 2716 1267 2755 Augustano
1284 2720 1332 2745 est
1346 2715 1496 2750 τελέα-του,
1514 2725 1532 2744 a
1547 2712 1735 2744 nominativo
1754 2723 1804 2743 τε·

1086 2757 1203 2796 λέστης,
1217 2764 1356 2797 tanquam
1371 2768 1479 2788 nomeu
1495 2757 1654 2797 proprium
1670 2756 1720 2785 sit.
1746 2765 1804 2795 ego

1086 2801 1172 2840 prius
1187 2802 1298 2831 malim.
1322 2812 1390 2831 nam
1413 2799 1555 2834 τελὲστης
1569 2799 1642 2830 mihi
1660 2809 1716 2838 pro
1731 2808 1803 2837 pro-

1087 2844 1153 2884 prio
1174 2844 1296 2874 nomine
1323 2849 1427 2874 notum
1443 2853 1501 2873 non
1517 2846 1585 2880 est3
1613 2841 1668 2872 s'ed
1693 2841 1807 2871 solum-

1087 2887 1178 2916 modo
1188 2885 1331 2920 τελεσίας.
1347 2886 1449 2926 possis
1461 2896 1535 2925 ergo
1547 2882 1682 2915 Τελεσίου
1691 2884 1806 2923 tegere.

1087 2930 1149 2959 Sed
1158 2934 1233 2969 puto
1243 2930 1383 2960 τελεστοῦ
1395 2930 1472 2958 bene
1483 2928 1604 2967 babere.
1615 2927 1679 2957 fieri
1690 2931 1806 2966 potest,

1088 2978 1121 3002 ut
1136 2972 1248 3002 oratori
1276 2982 1385 3002 nomen
1408 2970 1566 3011 patrisque
1590 2969 1706 3009 filiique
1718 2969 1806 2999 Jatu·

1088 3015 1159 3051 erit,
1176 3020 1210 3046 ut
1224 3025 1351 3046 necesse
1375 3016 1514 3051 haberet,
1537 3014 1618 3044 hunc
1642 3014 1680 3044 ab
1700 3016 1804 3048 aetate,
