1931 3323
287 216 372 258 294
419 214 452 256 I.
477 214 511 257 1.
533 213 758 257 REISKE
787 214 1113 258 ANNOT'ATA
1150 215 1236 257 AD
1268 213 1660 258 AMATORIUM.

335 324 429 352 1414.
446 325 477 353 6.
492 320 629 363 ἔχουσαν]
644 322 710 353 soil.
727 322 754 352 si
769 321 839 362 quis
855 320 881 352 ἐν
891 321 929 363 τῇ
940 320 1000 352 πεί-

290 377 324 406 ρᾳ
339 365 499 405 διασφαλῇ.

333 426 376 431 --
392 412 422 438 8.
446 408 478 437 δι’
492 407 624 449 εὐτυχίαν
646 408 850 449 πραγμάτων]
879 410 1002 447 vulgata

289 452 369 481 bene
390 452 509 487 lrabeat,
533 462 568 480 an
588 453 650 491 leg.
671 452 728 482 sit:
754 451 788 482 δι’
802 451 935 492 εὐτυχίαν
950 452 1001 490 φύ-

289 505 362 529 σεως
378 493 402 524 ἓν
416 492 616 537 μεταχειρίσει
638 496 833 535 otgunt-drmit,
850 495 880 524 iu
901 495 1001 525 medio

289 538 470 577 relinquam.

334 583 476 612 1415.1.
500 581 714 622 ὑπεξακρίιτως]
745 582 865 620 praetuli
892 581 1002 621 ὑτπεςά-

289 635 370 665 κςως.
393 627 426 655 in
449 624 542 659 rebus,
563 635 633 664 quas
657 625 813 663 susciperet
838 630 1003 664 ageretque,

290 668 423 698 omnibus
436 668 553 697 modum
568 668 710 698 excedens.

333 729 376 735 --
388 714 438 741 11.
454 710 700 749 καταστήσαντα]
712 709 783 739 dedi
796 711 1001 742 καταστάντα,

292 754 354 785 Sed
371 759 400 785 et
417 754 465 784 uei
481 765 544 783 sec.
557 765 587 783 v.
603 757 654 783 10.
673 755 782 782 abesse
805 754 917 783 malim.
942 757 1002 793 qui,

289 803 476 838 posteaquam
500 799 618 827 civitate
644 796 870 826 Tarentinorum
892 799 1005 834 potitus

291 847 344 877 est,
360 842 402 871 ita
416 840 556 879 praeclare
570 839 792 878 humaniterqne
801 849 862 868 eam
878 840 1004 869 admini-

289 886 404 915 stravit.
450 884 483 913 Si
503 883 552 912 καὶ
573 887 723 918 servetur,
745 882 834 912 etiam
851 883 1004 914 καταστή-

290 938 386 957 σαντα
412 926 596 956 servandum
624 925 676 961 sit,
710 925 800 964 eique
831 926 1004 956 addendum

291 970 399 1000 ἑαυτόν.

338 1015 433 1043 1416.
451 1014 502 1043 14.
523 1010 624 1052 ἦττον]
648 1017 720 1051 post
738 1008 822 1043 ἦττον
843 1011 965 1042 videtur
981 1011 1005 1042 ὃν

291 1056 477 1086 desiderari.

336 1116 379 1121 ——
397 1100 446 1129 15.
471 1096 526 1135 ἐγὼ
546 1096 601 1137 μὲν
617 1095 658 1127 οὖν
674 1096 733 1127 οὔτ’
758 1096 841 1132 αὐτὸς
854 1098 911 1139 -—]
937 1109 1004 1128 sen-

291 1142 388 1172 tentia
403 1146 469 1171 est:
495 1151 552 1170 nou
568 1142 657 1171 aliter
672 1141 783 1176 sentio,
799 1152 890 1180 quam
902 1142 1004 1172 verbis

292 1196 357 1225 prae
384 1196 431 1215 me
456 1185 529 1215 fero.
578 1179 805 1224 Philosophiam
827 1195 885 1214 non
912 1185 1005 1214 tacite

292 1238 412 1258 mecum
430 1233 602 1263 contemno,
619 1238 707 1267 quarn
724 1227 859 1257 oratione
875 1228 1003 1264 extollo,

293 1273 359 1307 sed,
377 1277 409 1301 ut
425 1282 491 1301 eam
508 1271 564 1301 tibi
580 1272 770 1306 commendo,
793 1272 878 1300 velut
893 1271 1004 1301 instru-

292 1321 426 1345 mentum
443 1314 583 1345 omnibus
604 1325 700 1354 remp.
717 1315 847 1353 gesturis
868 1324 1005 1344 necessa-

292 1358 383 1393 rium,
400 1359 442 1388 ita
459 1363 570 1388 memet
591 1359 659 1397 ipsc
675 1368 797 1397 quoque
818 1368 853 1387 ea
867 1358 1006 1396 indigere

293 1402 367 1431 mihi
383 1401 515 1431 inculco.

336 1463 379 1468 -—
394 1447 446 1475 Qo,
461 1444 522 1485 ἐὰν]
547 1444 670 1474 videtur
687 1443 736 1474 hic
752 1442 868 1482 aliquid
885 1443 1006 1473 deesse.

336 1506 379 1511 —-
395 1490 446 1518 24.
472 1489 537 1525 ἡγοῦ
553 1488 708 1527 κςάτιστον
716 1486 772 1526 —-]
801 1487 923 1516 videtur
939 1498 1006 1517 sen-

294 1532 390 1562 tentia
405 1532 581 1569 postulare:
606 1532 671 1568 ἣγοῦ
695 1529 781 1560 καλὸν
806 1529 860 1568 μὲν
883 1530 952 1561 εἶναι
974 1529 1006 1559 τὸ

293 1575 450 1615 ωςωτεύειν
466 1573 491 1604 ἓν
504 1574 611 1608 ἄπεισι,
622 1574 775 1614 κράτιστον
786 1573 814 1604 δὲ
827 1572 861 1603 τὸ
875 1572 900 1603 ἒν
911 1575 1006 1615 olgea-¹33.

341 1621 433 1648 1418.
447 1622 477 1649 8.
500 1616 569 1647 ἀλλ’
583 1616 640 1657 οὓς]
659 1617 738 1647 idem
754 1623 802 1647 est
817 1627 852 1647 ac
869 1617 895 1647 si
911 1618 1006 1647 dixis-

296 1667 359 1692 set:
385 1663 465 1691 ἀλλὰ,
479 1661 618 1696 τοιούτων,
633 1659 701 1694 οἵους
715 1660 747 1689 ἄν
762 1672 816 1695 τις.

336 1722 379 1728 -
389 1707 419 1735 9.
435 1716 480 1737 τις
494 1702 601 1743 ἕλοιτο]
619 1709 689 1742 post
707 1715 752 1737 τις
764 1704 886 1733 videtur
897 1704 1006 1733 deesse.

291 1747 398 1788 ‘'igno-”ra
410 1746 638 1785 βεβουλευμένος.
652 1747 755 1786 optimo
768 1752 795 1776 et
804 1748 1008 1786 sapientissimo

293 1802 365 1821 usus
377 1791 504 1821 consitio.

338 1853 380 1857 —
393 1834 469 1864 ibid.
484 1836 540 1863 τῶν
555 1833 723 1873 ἡλικιωτῶν]
740 1838 811 1872 post
826 1835 880 1863 τῶν
897 1834 1007 1864 ἦλικιω·

296 1879 352 1907 τῶν
368 1877 489 1907 videtur
504 1878 569 1911 τοὺς
584 1875 756 1911 βελτίστους
770 1877 891 1906 deesse.

342 1922 437 1959 Cujus
453 1920 511 1949 aevi
535 1921 592 1949 lioc
612 1920 653 1949 sit
673 1921 865 1959 opusculum,
881 1920 1007 1958 cujusve

297 1965 444 1999 auctoris,
460 1963 539 1993 haud
556 1968 686 1993 constat.
730 1964 807 1993 Nam
828 1965 1008 1992 Demosthe-

296 2006 345 2038 nis
361 2018 420 2037 non
436 2017 514 2042 esse,
531 2007 750 2048 propemodum
770 2006 875 2046 liquet.
920 2007 1008 2045 Saepe

1035 321 1154 352 animus
1168 321 1206 351 ad
1223 321 1429 361 suspicionem
1450 322 1624 361 propendit,
1641 321 1747 361 depri-

1035 365 1177 394 mendum
1199 365 1230 395 id
1247 375 1317 395 esse
1333 365 1370 394 ad
1386 369 1505 395 aetatem
1523 366 1748 404 Sophistarum,

1034 408 1092 439 hoc
1108 415 1166 443 est,
1186 409 1223 437 ad
1237 409 1359 444 saecula,
1378 409 1489 447 quibus
1505 409 1668 444 Aristides,
1683 408 1746 438 Dio

1036 451 1287 490 Chrysostomus,
1312 451 1503 487 Philostrati,
1526 452 1693 487 Lucienus,
1716 455 1748 481 et

1037 494 1151 524 similes
1176 494 1337 531 exstitere,
1365 494 1417 533 qui
1443 495 1620 525 adumbrare
1645 494 1747 524 imita-

1037 537 1119 567 tione
1147 538 1350 568 vetustiorum
1377 542 1536 568 auctorum
1566 538 1688 577 ingenia
1716 541 1747 567 et

1038 581 1151 620 scripta
1175 582 1361 611 laborabant.
1407 581 1459 611 Sin
1480 587 1579 611 autem
1597 581 1748 620 genuinus

1038 629 1085 654 est
1102 625 1207 654 saeculi
1226 624 1457 655 Demosthe-uici
1478 625 1580 660 soetus,
1596 624 1698 654 malim
1714 623 1746 653 id

1037 668 1191 707 Lycurgo,
1212 672 1264 697 aut
1285 667 1454 707 Hyperidi,
1472 672 1524 698 aut
1536 667 1748 705 Theophrasto

1040 711 1148 740 Eresio
1174 710 1317 740 tribuere.
1364 712 1452 750 Saepe
1480 711 1591 740 factum
1616 716 1678 746 est,
1703 714 1749 746 ut,

1037 763 1105 783 cum
1134 764 1150 782 e
1174 757 1294 785 vetusto
1314 754 1445 792 quodam
1474 754 1581 783 codice
1612 753 1747 784 auctoris

1038 796 1166 834 alicujus
1194 807 1288 835 opera
1317 797 1578 833 exscriberentur,
1604 807 1693 836 quem
1718 796 1748 827 iu

1038 839 1176 869 codicem
1204 840 1263 868 alia
1289 850 1410 879 quoque
1440 840 1569 870 aliorum
1598 840 1749 879 opuscula

1038 887 1198 921 compacta
1222 887 1336 918 essent,
1360 883 1470 918 omnia,
1493 883 1612 915 etiamsi
1639 883 1749 918 aliena,

1038 925 1140 955 eidem
1169 924 1314 965 primario
1344 926 1462 957 auctori
1491 926 1750 956 adscriberentur.

1039 969 1145 1006 Quod,
1160 973 1194 999 ut
1209 969 1416 999 demonstravi
1431 979 1527 1008 nuper
1542 968 1571 998 in
1587 969 1750 1001 Theocrito

1038 1012 1191 1047 evenisse,
1214 1013 1296 1042 idem
1316 1012 1407 1042 etiam
1431 1012 1631 1043 Demostheni
1648 1017 1750 1041 nostro

1039 1056 1164 1086 videtur
1176 1055 1206 1084 in
1218 1054 1386 1095 epitaphio,
1401 1060 1433 1086 et
1448 1056 1573 1091 erotica,
1590 1060 1620 1085 et
1632 1055 1750 1090 neseio,

1039 1109 1074 1128 an
1090 1100 1118 1128 in
1136 1098 1203 1129 aliis
1221 1109 1351 1138 quoque,
1369 1098 1523 1129 evenisse.
1550 1098 1668 1129 Erotiei
1684 1098 1751 1136 qni·

1039 1142 1108 1172 dem
1125 1147 1155 1171 et
1171 1147 1394 1181 argumentum,
1409 1147 1438 1172 et
1454 1146 1537 1171 totus
1552 1142 1674 1172 habitus
1684 1151 1751 1171 ora-

1039 1185 1131 1215 tionis
1146 1186 1184 1215 ab
1200 1185 1323 1224 ingenio
1340 1185 1579 1216 Demosthenico
1594 1184 1751 1220 abhorret,

1040 1229 1216 1267 sophistam
1230 1229 1328 1267 magis
1343 1229 1469 1264 decens,
1484 1239 1571 1266 quam
1588 1233 1752 1258 oratorem.

1042 1272 1135 1302 Haud
1161 1272 1237 1306 scio,
1258 1282 1292 1301 an
1313 1271 1535 1302 commendatio
1556 1271 1751 1310 Sopliistices

1042 1325 1072 1353 p.
1095 1317 1190 1345 1414.
1216 1315 1293 1344 haud
1321 1325 1425 1353 parum
1445 1315 1476 1344 in
1503 1315 1557 1344 liae
1580 1325 1614 1344 re
1637 1315 1748 1344 valeat.

1042 1358 1194 1388 Caeterum
1216 1359 1312 1387 oratio
1336 1358 1424 1395 liujus
1450 1357 1548 1387 libelli
1570 1357 1753 1396 composita,

1042 1402 1156 1440 gravis,
1180 1406 1308 1436 morata,
1333 1401 1466 1439 sapiens,
1489 1401 1634 1430 virtutem
1655 1400 1752 1439 respi-

1042 1454 1112 1474 rans
1128 1449 1219 1483 atque
1234 1443 1458 1478 commendans,
1481 1443 1559 1473 haud
1579 1448 1678 1472 tamen
1696 1453 1753 1482 pro

1042 1498 1125 1516 more
1143 1486 1370 1516 Demosthenis.
1407 1484 1522 1516 Verum
1538 1486 1628 1515 nimis
1644 1490 1692 1516 est
1707 1486 1753 1515 lu-

1044 1531 1160 1560 bricum
1178 1536 1208 1560 et
1224 1531 1315 1561 fallax
1333 1533 1541 1568 argumentum
1560 1539 1578 1558 a
1597 1529 1755 1559 dissimili-

1043 1575 1148 1604 tudine
1165 1574 1238 1613 styli
1252 1574 1387 1603 ductum.
1404 1572 1525 1603 dicendi
1542 1583 1636 1611 genus
1654 1572 1683 1602 in
1701 1583 1753 1602 eo-

1043 1617 1111 1646 dem
1125 1618 1245 1646 homine
1256 1617 1340 1646 miris
1353 1616 1452 1646 modis
1463 1616 1640 1654 discrepare
1651 1620 1755 1655 potest

1043 1671 1098 1699 pro
1113 1665 1246 1696 aetatum,
1261 1666 1291 1690 et
1306 1660 1504 1695 fortunarum,
1520 1658 1753 1698 studiorumque

1043 1703 1233 1733 diversitate.
1285 1703 1384 1732 Iidem
1421 1703 1500 1733 enim
1537 1712 1597 1732 nou
1635 1712 1754 1742 semper

1043 1746 1151 1775 iisdem
1169 1746 1366 1780 delectamur,
1388 1756 1446 1774 non
1471 1745 1562 1775 iidem
1584 1755 1752 1775 manemus.

1044 1790 1134 1819 nimis
1157 1790 1288 1828 denique
1312 1789 1407 1818 multa
1431 1787 1650 1820 Demosthenis
1673 1789 1754 1826 peri-

1044 1839 1143 1869 erunt,
1158 1843 1246 1871 quam
1260 1838 1291 1862 ut
1305 1842 1477 1871 speremus,
1490 1842 1544 1862 nos
1557 1841 1676 1860 omnem
1691 1833 1754 1860 De-

1044 1876 1238 1906 mosthenicae
1251 1876 1398 1905 orationis
1411 1875 1544 1904 colorem
1554 1879 1669 1909 tenere,
1686 1885 1755 1914 pos-

1045 1919 1178 1949 simusve
1190 1923 1255 1949 tuto
1269 1919 1295 1948 ei
1305 1919 1362 1948 hoe
1374 1918 1555 1958 opusculum
1569 1917 1756 1956 abjudicare.

1045 1973 1137 2002 quare
1163 1972 1258 1992 causa
1283 1962 1348 1992 haec
1373 1961 1406 1992 in
1431 1962 1532 1992 medio
1558 1960 1756 2000 relinquenda

1044 2011 1102 2036 est.
