1964 3323
373 201 449 242 154

377 306 503 344 ἡγήσατο
522 315 537 334 e
556 316 584 335 v.
605 308 656 337 19.
671 310 722 336 aut
738 307 840 346 potius
856 307 947 347 ἄξιε-εν
961 318 976 336 e
994 316 1084 337 versu

376 352 427 379 14.

417 410 459 415 —
476 395 528 423 26.
546 391 624 433 τινα]
641 392 762 422 correxi
781 393 843 429 τινὶ,
855 399 970 432 propter
984 391 1086 422 horum

377 435 491 476 aliquid

420 481 493 510 638.
511 481 541 509 e.
565 477 673 518 ἔδωκεν]
700 489 752 518 pro
774 477 870 507 ἔδωκεν
891 478 1000 508 melius
1016 488 1087 508 con-

376 522 480 552 veniat
496 520 568 561 ἦξίου
585 522 630 550 vel
650 522 747 551 δίκαιον
762 519 892 560 ἐνόμιζεν,

421 567 504 595 —3.
520 564 612 595 ἐπειδὴ
628 567 681 604 7¹3⁴?
691 565 748 605 -—]
766 565 848 594 Citat
862 565 891 593 h.
907 565 927 593 l.
938 563 1088 594 Aristides

378 619 458 649 τεχν.
476 619 508 647 p.
527 609 597 636 168.
624 608 675 637 sed
706 618 759 648 pro
782 606 860 647 φίλον
882 609 958 637 dans
979 606 1088 646 φιλία-ν,

381 651 465 691 quod
484 650 595 689 recepi.

420 712 462 717 ———
490 696 540 724 13.
565 691 651 721 ταῦτ’
677 691 821 734 ἔπιχειρη]
850 694 970 724 correxi
1001 693 1088 723 ταῦτ

379 736 533 778 ἐπιχειρῶν.
558 736 636 765 redit
652 736 727 765 illud
744 738 842 766 ταῦτα
854 738 892 766 ad
910 738 999 766 modo
1012 747 1088 775 prae-

377 780 505 810 missum
522 781 561 808 τίι
577 778 747 818 ἀπειρημένα
763 779 815 809 ὑπὸ
829 782 883 809 τῶν
896 779 996 818 νόμων.

421 841 463 846 —-
479 825 529 852 14.
553 822 649 862 αἰτὶν]
668 823 746 851 redit
761 823 799 851 ad
813 822 968 858 omissum,
983 823 1090 852 tacite-

378 877 437 906 que
462 865 704 895 subaudiendum
730 865 801 894 τινά,
826 876 912 904 quam
928 871 961 895 ut
984 866 1091 905 uliquis

379 911 455 939 sinat
475 908 682 938 Charidemum
696 908 748 937 sibi
763 908 899 938 illudere.

422 970 465 974 —-
481 954 532 981 17.
556 950 683 991 ‘rou-ravi]
709 951 776 981 scil.
790 950 983 981 Timocratis.

423 1012 466 1018 —-
492 997 543 1026 23.
562 992 693 1034 ἔσεσθαι]
717 999 790 1033 post
818 993 941 1024 ἔσεσθαι
968 994 1091 1024 videtur

379 1038 477 1068 ἄδηλον
495 1039 614 1067 abesse.
629 1037 787 1067 obscuritas
801 1044 828 1068 et
845 1037 1091 1093 incertitudoj'u-

378 1081 443 1111 turi
458 1087 583 1110 eventus.

421 1142 464 1147 —
476 1124 551 1153 ibid.
575 1122 639 1164 πρὸς
655 1123 682 1153 δὲ
699 1123 805 1165 τούτῳ]
823 1124 943 1154 conexi
957 1135 973 1153 e
989 1125 1092 1162 conje-

377 1171 467 1197 ctura
483 1177 562 1203 mea,
575 1177 661 1205 quam
676 1169 868 1206 postmodum
886 1168 922 1196 ab
938 1168 1092 1206 Augusta-

379 1220 417 1240 no
438 1211 641 1240 confirmatam
668 1210 731 1240 vidi
756 1209 821 1250 πρός
843 1210 870 1240 δὲ
893 1211 987 1241 τοῦτο.
1011 1210 1091 1241 etad

379 1252 431 1283 hoc
448 1252 613 1293 [incertum
633 1253 724 1282 futuri
743 1252 905 1294 temporis]
924 1264 976 1283 seu
992 1263 1092 1284 conve-

378 1298 495 1326 nienter
505 1298 600 1336 itaque
613 1295 871 1338 huicfuturorum
879 1302 1035 1326 eventuum
1048 1298 1092 1327 in-

379 1340 562 1374 certitudini,
577 1349 771 1378 supponamus
789 1349 865 1369 more
880 1339 1008 1369 humano
1022 1350 1092 1379 spes,

380 1393 430 1413 seu
444 1384 673 1420 exspectationes.

426 1427 498 1456 639.
516 1428 568 1456 15.
592 1424 641 1465 κᾷν
664 1424 785 1460 δικαίως,
807 1424 856 1465 κᾷν
872 1426 907 1460 ὡς
922 1426 944 1456 οἱ
960 1424 1035 1466 νόμοι
1052 1426 1092 1456 δι-

383 1467 490 1509 δόασιν]
524 1468 640 1508 Taylor
664 1479 721 1507 pro
745 1469 878 1498 secunda
905 1479 980 1499 voce
1007 1469 1094 1498 malit

382 1510 495 1548 ἀδίκως,
511 1509 581 1540 ideo
598 1513 678 1551 quod
686 1512 781 1550 juste,
797 1516 828 1541 et
839 1512 878 1541 ad
891 1513 1093 1550 praescriptum

383 1557 481 1595 legum
504 1554 551 1584 vel
575 1564 608 1584 ex
629 1555 803 1584 concessione
820 1555 916 1596 legum
936 1555 976 1584 sit
1000 1555 1092 1585 idem.

382 1597 414 1626 in
431 1609 491 1637 quo
509 1596 632 1627 fallitur.
656 1598 742 1637 leges
759 1597 886 1636 scriptae
908 1609 925 1628 a
944 1608 1001 1627 non
1018 1598 1093 1628 scri-

382 1641 445 1679 ptis
463 1640 620 1676 differunt,
636 1641 725 1669 etiam
748 1640 798 1669 ubi
819 1651 887 1670 cum
902 1641 965 1670 illis
981 1652 1093 1671 conve-

383 1684 490 1721 niunt3
514 1684 568 1712 sed
585 1693 666 1722 saepe
683 1683 744 1712 itlae
762 1694 829 1713 cum
847 1684 893 1713 his
909 1685 1094 1723 discrepant.

381 1727 474 1765 paulo
491 1731 561 1765 post
578 1737 607 1756 v.
626 1729 677 1757 2²2.
694 1726 779 1765 leges
796 1727 906 1757 civiles
928 1738 945 1757 a
957 1729 1026 1767 jure
1042 1738 1093 1757 na-

383 1774 459 1799 turae
475 1769 648 1808 distinguit.
687 1770 860 1798 Secundum
876 1770 933 1799 hoc
949 1771 1093 1809 saepeju-

381 1817 457 1842 stum
476 1817 534 1848 est,
555 1813 635 1851 quod
652 1812 720 1851 lege
737 1812 820 1842 civili
838 1814 927 1851 hujus
947 1814 992 1843 vel
1009 1814 1093 1844 illius

379 1855 518 1886 civitatis
542 1861 591 1885 est
611 1855 750 1885 vetitum.
774 1866 868 1895 quare
884 1857 1007 1896 vulgata
1028 1857 1056 1886 h.

382 1900 462 1929 bene
478 1899 579 1928 habet.

425 1960 467 1965 -—-
484 1944 535 1971 91.
555 1941 715 1983 αἰτοῦντες]
738 1942 840 1972 malim
856 1941 925 1980 μηδ”
941 1943 1094 1977 αἰτοῦντες.

383 1995 420 2014 ne
441 1989 583 2023 rogantes
600 1985 735 2024 quidem,
751 1986 806 2015 sed
825 1986 872 2016 vel
889 1986 1041 2025 ingratiiS,
1058 1988 1095 2016 ab

382 2028 488 2058 invitis
505 2028 664 2058 auti‘erunt.

427 2074 502 2102 640.
526 2074 556 2101 4.
580 2070 628 2100 καὶ
652 2073 692 2100 τὰ
718 2069 830 2112 ἐκείνου]
859 2071 966 2101 mirum
995 2072 1094 2103 videri

382 2119 484 2153 queat,
508 2115 585 2143 bona
602 2114 779 2153 proscripti,
800 2115 872 2144 fisco
893 2116 1026 2152 addicta,
1042 2126 1095 2155 ap-

383 2157 492 2196 pellari
506 2156 614 2197 ἄτιμα.
640 2157 702 2186 Sed
715 2157 746 2186 id
759 2158 852 2187 moris
864 2158 989 2187 Athenis
1000 2159 1095 2188 fuisse

384 2210 453 2229 cum
467 2210 505 2230 ex
520 2200 660 2229 hocloco
677 2205 816 2239 apparet,
833 2206 895 2230 tum
907 2212 946 2230 ex
958 2201 1019 2230 alio
1032 2202 1095 2231 col-

384 2243 503 2282 ligitur,
525 2254 555 2282 p.
576 2244 649 2273 6:34.
667 2245 718 2272 13.
743 2243 795 2272 ubi
820 2244 899 2273 bona
922 2244 1094 2280 homicidae,

385 2286 436 2325 qui
454 2288 492 2316 ob
508 2287 623 2316 eaedem
639 2285 874 2315 involuntariam
891 2291 1095 2325 perpetratam

384 2329 460 2358 urbe
480 2329 664 2364 excesserit,
680 2329 874 2368 appellantur
894 2328 1031 2367 ἐπίτιμα,
1047 2341 1096 2367 eo,

385 2373 465 2410 quod
483 2382 540 2401 non
556 2377 658 2401 essent
672 2372 837 2411 publicata.
851 2376 906 2403 τῶν
918 2374 971 2412 γᾶς
987 2373 1019 2402 ἐκ
1031 2385 1096 2413 προ-

383 2413 452 2448 νοίας
475 2414 646 2456 ἀνδροφόνων,
668 2415 763 2449 addit,
788 2417 827 2445 τὰ
855 2416 1000 2457 χρήματα
1023 2416 1097 2447 δεδή-

384 2469 504 2496 μευ-ται.

426 2519 469 2523 —
487 2504 537 2531 92.
562 2499 576 2531 ἢ
591 2501 760 2542 μαρτυςεῖν]
785 2501 907 2532 videtur
921 2501 971 2532 hic
988 2503 1097 2532 deesse

384 2544 449 2577 τοὺς
476 2544 634 2584 μάςτυςας.
664 2555 721 2573 non
754 2544 831 2575 enim
861 2549 1012 2575 testantur
1036 2546 1097 2575 liti-

384 2591 491 2624 gantes
506 2598 514 2624 ;
539 2587 591 2615 sed
608 2589 761 2617 καλοῦνται
776 2598 892 2623 omnes,
913 2595 973 2617 tam
991 2594 1097 2624 testes,

384 2639 473 2668 quam
491 2634 576 2658 actor
591 2640 658 2658 cum
673 2641 736 2659 reo.
750 2632 939 2670 μαρτυροῦσιν
950 2632 971 2661 οῖ
983 2633 1097 2672 μάρτυ-

384 2683 436 2711 ρες,
448 2676 498 2701 aut
510 2672 530 2700 οῖ
544 2672 704 2708 συνειδότες,
717 2679 749 2703 ut
762 2685 790 2703 v.
802 2677 853 2705 ²23.
868 2674 922 2710 ait,
932 2680 964 2704 et
976 2674 1097 2714 διόμνυν-

385 2726 436 2744 ται
453 2715 475 2744 οῖ
491 2714 693 2754 ἀγωνιζόμενοι.

428 2776 470 2780 ——
493 2759 544 2788 25.
568 2759 596 2787 οὐ
619 2759 731 2792 κλῆσις,
755 2758 782 2787 οὐ
807 2758 909 2799 κρίσις]
934 2764 1097 2800 postremae

385 2801 455 2831 duae
472 2811 567 2830 voces
580 2801 651 2830 milii
664 2801 806 2831 videntur
817 2803 968 2839 delendae,
979 2807 1011 2832 ut
1027 2814 1095 2842 per-

386 2854 490 2883 peram
518 2854 534 2873 e
562 2843 716 2884 prioribus
746 2844 875 2874 iteratae.
908 2853 1097 2885 quapropter

386 2897 438 2916 eas
462 2887 548 2916 uncis
571 2887 693 2917 inclusi.
716 2888 806 2917 nullae
831 2888 928 2918 literae
953 2890 1051 2928 magis
1079 2900 1097 2919 a

385 2930 521 2960 librariis
551 2929 670 2960 Graecis
700 2930 779 2959 inter
806 2941 839 2960 se
870 2937 1094 2970 permutantur,

384 2983 473 3012 quam
499 2979 519 3002 λ
542 2977 572 3003 et
596 2985 619 3013 ρ,
641 2973 715 3003 item
738 2985 752 3004 n
776 2978 807 3003 et
828 2985 848 3003 ι.
877 2980 961 3013 patet
984 2985 1021 3004 ex
1045 2986 1094 3010 eu,

382 3016 465 3055 quod
483 3016 497 3047 ἦ
517 3016 605 3056 κρίσις
624 3021 767 3056 sequatur
787 3018 835 3048 τὴν
847 3015 1018 3058 μαρτυρίαν,
1035 3029 1093 3048 non

742 200 775 242 1.
800 200 834 242 Ι.
855 199 1078 242 REISKE
1111 200 1440 242 ANNOTATA

1118 306 1294 345 praecedat3
1316 311 1379 336 tum
1405 317 1444 337 ex
1469 317 1518 342 eo,
1540 307 1621 347 quod
1645 308 1736 348 paulo
1759 314 1828 340 ante

1120 349 1201 377 nulla
1217 349 1296 379 facta
1317 350 1357 380 sit
1373 349 1486 380 mentio
1507 352 1557 380 τοῦ
1578 349 1715 391 κρίνεα-θαι
1732 362 1761 382 ν.
1777 355 1828 383 w.

1121 392 1175 421 sed
1192 393 1293 422 statim
1311 404 1328 422 a
1348 392 1506 423 καλεῖσθαι
1517 394 1553 424 ad
1567 395 1719 435 μαςτυξειν
1734 399 1830 425 trans-

1120 434 1180 464 itus
1197 434 1258 464 fiat.

1164 495 1206 500 —-
1222 480 1295 508 6-..t1
1313 479 1342 507 Q,
1365 476 1514 520 εὑρημένα]
1536 479 1688 510 verbnm
1679 491 1709 510 m
1725 480 1781 510 hac
1797 491 1830 510 re

1121 521 1278 560 proprium
1297 531 1326 550 v.
1342 531 1373 559 p.
1390 523 1463 551 642.
1480 523 1510 552 3.

1164 581 1207 586 —
1228 566 1258 594 5.
1283 563 1403 604 τούτων]
1429 574 1488 593 non
1513 565 1645 596 cobaeret
1671 576 1739 596 cum
1760 577 1832 606 pro-

1121 606 1205 636 ximo
1217 610 1272 637 τῶν
1284 607 1409 642 πάντων,
1423 608 1476 636 sed
1491 607 1571 638 idem
1585 614 1631 638 est
1643 619 1677 638 ac
1691 609 1716 638 si
1732 610 1831 639 dixis-

1123 655 1169 681 set
1181 662 1186 679 :
1205 651 1317 680 πάντων
1332 652 1386 680 τῶν
1398 650 1577 691 δικαστηξίων
1591 650 1645 681 iio-a
1657 649 1746 688 ἔστιν,
1762 651 1833 683 οἰδὲν

1124 693 1279 734 φανήσεται
1295 692 1457 733 σεμνότερον
1471 694 1581 724 τούτων
1595 696 1649 724 τῶν
1665 694 1816 736 Ἀθήνῃσιν.

1165 755 1207 759 ——
1225 740 1276 767 18.
1298 738 1377 766 καλοὶ
1392 736 1620 778 παραδεδομένα]
1639 738 1714 768 bene
1730 739 1833 774 habet,

1122 778 1264 819 idemque
1285 785 1343 815 est,
1361 785 1450 819 atque
1467 781 1493 810 si
1510 781 1662 811 dixisset:
1683 783 1774 816 καλὰ,
1794 783 1834 811 τὰ

1122 822 1176 861 μὲν
1192 821 1410 864 παραδεδομένα,
1419 822 1467 852 καὶ
1477 822 1603 863 μυθώδη,
1613 825 1653 854 τὰ
1665 823 1693 854 δὲ
1707 822 1741 854 ὧν
1753 825 1835 864 ἡμεῖς

1123 865 1203 896 αὐτοὶ
1218 867 1361 906 μάςτυξες
1375 864 1473 904 ἐσμέν.
1496 867 1568 896 facit
1581 867 1643 897 duo
1656 878 1766 907 genera
1779 868 1834 897 de-

1124 918 1240 944 corum,
1264 909 1323 938 alia
1344 908 1494 938 fabularia
1517 913 1548 939 et
1570 920 1587 939 a
1608 911 1776 949 majoribus
1795 911 1832 940 ad

1123 956 1265 990 posteros
1281 951 1404 987 tradita,
1420 951 1490 988 alia,
1510 962 1638 992 quorum
1657 953 1716 992 ipsi
1733 958 1835 983 essent

1124 998 1232 1024 testes.

1167 1055 1208 1060 —
1227 1039 1278 1068 92.
1295 1038 1333 1067 τὰ
1350 1038 1480 1078 παλαιὰ]
1498 1037 1529 1067 id
1547 1042 1605 1074 est,
1619 1039 1698 1069 κατὰ
1714 1040 1753 1070 τὰ
1769 1050 1835 1069 ’ωα-

1125 1082 1204 1115 λαιιὶ,
1220 1081 1393 1119 temporibus
1403 1081 1540 1121 antiquis.

1169 1125 1243 1153 642.
1256 1124 1286 1153 5.
1309 1122 1394 1157 οὐδεὶς
1408 1123 1542 1163 πώποτε]
1567 1124 1692 1163 negavit
1706 1125 1764 1155 hoc
1779 1135 1836 1165 po-

1125 1166 1247 1196 stremis
1257 1166 1318 1196 suis
1327 1168 1517 1206 temporibus
1526 1167 1593 1206 ipse
1603 1169 1836 1204 Demosthenes,

1125 1220 1194 1239 cum
1217 1210 1254 1239 ab
1271 1210 1487 1249 Areopagitico
1510 1215 1618 1240 senatu
1641 1218 1776 1251 acceptae
1799 1213 1837 1242 ab

1126 1253 1263 1293 Harpalo
1279 1253 1416 1293 pecuniae
1431 1254 1634 1284 damnaretur.

1170 1313 1211 1318 —
1226 1297 1278 1325 16.
1300 1294 1346 1326 τᾶν
1361 1295 1449 1338 τυχὸν
1464 1297 1504 1326 τά.
1515 1295 1567 1326 τιν’
1582 1295 1652 1337 δ’ςκον
1665 1297 1748 1327 τοῦτο
1760 1297 1838 1328 ποιή-

1127 1338 1187 1378 σει]
1212 1339 1333 1369 correxi
1355 1338 1401 1369 τὸν
1427 1339 1555 1380 τυχόντα
1576 1339 1628 1370 τιν’
1648 1339 1719 1379 δ’ξκον
1739 1341 1838 1371 τοῦτον

1127 1382 1247 1412 ποιήσει.
1269 1387 1383 1412 caetera
1405 1393 1422 1412 e
1449 1382 1537 1413 libris
1561 1383 1653 1412 editis
1679 1388 1710 1413 et
1734 1384 1838 1419 Msfis,

1126 1426 1224 1454 τοῦτον
1245 1436 1283 1454 ex
1308 1426 1484 1464 conjectura
1501 1435 1580 1461 mea,
1597 1436 1685 1464 quarn
1702 1430 1839 1464 postmo-

1127 1468 1198 1497 dum
1215 1478 1232 1497 a
1257 1470 1334 1498 Bav.
1350 1469 1412 1498 vidi
1433 1468 1648 1499 confirmatam.
1671 1467 1741 1508 δ’ρκον
1755 1470 1840 1499 ποιεῖν

1128 1515 1175 1540 est
1188 1511 1268 1540 idem
1285 1516 1375 1550 atque
1389 1510 1511 1551 ὀμνύναι.
1534 1512 1682 1542 Estidem
1697 1522 1732 1541 ac
1749 1513 1774 1542 si
1791 1513 1838 1542 di-

1127 1554 1227 1584 xisset
1240 1565 1247 1583 :
1271 1553 1317 1584 ἐὰν
1332 1554 1536 1594 ἔμᾶσειτοῧτον
1546 1555 1593 1585 τὸν
1608 1554 1692 1594 δ’ξκον,
1707 1554 1755 1584 οὐκ
1770 1555 1838 1595 ὀμό-

1127 1607 1181 1626 σει·
1198 1597 1270 1637 δ’ςκον
1282 1599 1344 1627 τινα
1358 1597 1404 1627 τδν
1415 1597 1557 1640 τυχόντα,
1569 1600 1651 1628 ἀλλὰ
1663 1597 1708 1629 τὸν
1719 1597 1839 1639 φοβερώ-

1127 1651 1215 1670 τατον
1228 1640 1276 1669 καὶ
1292 1640 1452 1670 δεινότατον.

1170 1700 1213 1706 —-
1242 1687 1294 1714 24.
1316 1683 1556 1725 ἐπενεγκάμενος]
1580 1684 1694 1723 'Paytor
1724 1684 1840 1714 mavult

1127 1727 1310 1766 ἀπενεγκάμ.
1348 1737 1409 1756 non
1441 1727 1541 1763 video,
1573 1737 1632 1765 qua
1667 1727 1706 1756 de
1735 1738 1838 1758 causa.

1130 1773 1256 1808 utraque
1272 1769 1365 1799 lectio
1379 1770 1446 1800 loco
1459 1771 1528 1800 huic
1543 1769 1710 1808 convenit3
1727 1770 1782 1800 illa
1797 1770 1839 1800 si-

1129 1813 1249 1851 gnificat
1264 1813 1502 1852 superinducens,
1520 1813 1585 1842 haec
1607 1822 1703 1843 secum
1722 1813 1839 1843 domum

1073 1857 1093 1887 1.
1128 1856 1269 1895 ejndicio
1283 1854 1419 1897 referens.

1172 1901 1246 1929 643.
1265 1901 1315 1929 10.
1340 1899 1388 1929 οὐκ
1403 1897 1539 1930 ἐπέθεντο
1557 1899 1618 1932 τοῖς
1632 1898 1839 1940 ἀτυχήμασιν]

1129 1951 1185 1971 non
1203 1942 1422 1972 insidiabantur
1437 1941 1622 1983 inftwtuniis,
1643 1952 1702 1972 non
1718 1942 1840 1972 acribus

1130 1985 1228 2014 oculis
1243 1986 1430 2015 venabantur
1444 1986 1557 2021 caedeS,
1571 1985 1595 2015 si
1611 1996 1679 2024 quae
1694 1990 1746 2015 aut
1758 1996 1839 2015 com-

1129 2028 1320 2058 mitterentur
1343 2039 1359 2058 a
1379 2029 1566 2064 volentibus,
1589 2034 1643 2058 aut
1665 2027 1841 2058 acciderent

1130 2073 1167 2100 ab
1184 2071 1289 2101 invitis
1303 2071 1401 2110 (quod
1423 2075 1587 2111 utrumque
1610 2082 1705 2111 genus
1723 2082 1842 2111 semper

1128 2113 1160 2144 in
1176 2114 1351 2144 infortuniis
1372 2114 1570 2153 numeratur),
1590 2125 1650 2153 quo
1665 2124 1750 2143 suam
1768 2125 1841 2153 sup-

1129 2158 1290 2197 pliciorum
1315 2162 1406 2197 atque
1431 2157 1612 2196 sanguinum
1642 2156 1724 2186 sitim
1749 2157 1840 2187 satia-

1129 2205 1204 2230 rent.

1172 2261 1213 2266 --
1231 2247 1282 2274 17.
1313 2245 1390 2283 παρὰ
1415 2244 1478 2278 τοὺς
1501 2242 1717 2284 γεγραμμένους
1741 2241 1842 2272 τούτου

1127 2284 1242 2327 νόμους]
1257 2287 1362 2316 addidi
1376 2285 1477 2316 τούτου
1492 2288 1530 2316 de
1543 2297 1611 2316 meo
1626 2296 1719 2326 penu,
1734 2286 1777 2316 rei
1789 2296 1842 2315 na-

1129 2333 1197 2359 tura
1212 2330 1243 2359 id
1261 2330 1445 2369 postulante,
1459 2335 1489 2360 et
1499 2330 1592 2359 simili
1610 2330 1689 2365 loco,
1704 2331 1777 2360 645.
1789 2330 1841 2360 13.

1130 2374 1359 2412 comprobante.
1371 2378 1477 2411 proeter
1493 2373 1542 2403 vel
1557 2378 1659 2402 contra
1670 2373 1756 2412 leges
1767 2372 1842 2402 scri-

1132 2420 1199 2455 ptas
1224 2416 1444 2455 Areopagitico
1464 2415 1582 2445 senatui
1608 2415 1746 2446 usitatas.
1792 2417 1842 2445 Ex

1131 2458 1303 2498 Augustani
1329 2459 1396 2489 codi
1401 2459 1446 2488 cis
1473 2459 1605 2488 lectione
1630 2459 1752 2489 videtur
1777 2459 1843 2488 haeo

1131 2511 1223 2539 posse
1238 2502 1334 2531 effici:
1352 2503 1458 2543 πρῶτον
1468 2501 1524 2542 μὲν
1534 2499 1602 2542 παρ’
1610 2501 1664 2535 ἐνὸς
1677 2501 1779 2531 τούτου
1794 2502 1844 2530 τοῦ

1131 2543 1308 2584 δικαστηρίου
1330 2557 1394 2580 τους
1407 2555 1623 2586 γεγραμμενους
1641 2544 1748 2583 νόμους.
1767 2554 1846 2582 prae-

1131 2591 1216 2617 terea
1230 2589 1266 2617 ad
1281 2588 1398 2628 ἁγραφα
1411 2599 1439 2617 v.
1451 2591 1502 2618 18
1516 2587 1616 2618 malim
1627 2587 1787 2617 articulum
1803 2588 1844 2616 τὰ

1131 2631 1215 2667 addi,
1229 2636 1261 2661 ut
1278 2632 1319 2661 sit
1332 2636 1383 2661 aut
1398 2642 1444 2661 και
1461 2633 1500 2661 τὰ
1514 2631 1643 2670 ἄγςαφα,
1657 2635 1710 2660 aut
1724 2629 1772 2658 και
1787 2641 1843 2659 τα-

1131 2682 1239 2714 γραφα.
1257 2673 1367 2712 scripsi
1381 2684 1502 2713 quoque
1515 2674 1663 2714 τὲίγςαφα.

1174 2735 1217 2739 --
1228 2720 1279 2747 20.
1293 2716 1460 2756 Παλλαδίῳ]
1473 2717 1571 2746 locum
1584 2716 1664 2746 hunc
1677 2715 1749 2745 citat
1762 2716 1844 2745 Har-

1131 2770 1215 2799 pocr.
1234 2772 1262 2790 v.
1277 2759 1323 2790 ἐπὶ
1337 2757 1501 2798 Παλλαδίῳ.

1174 2821 1215 2826 ——
1231 2806 1283 2834 21.
1307 2805 1392 2843 παρὰ
1408 2801 1514 2831 τούτων
1526 2800 1640 2841 νόμους]
1659 2801 1772 2840 triplex
1791 2810 1845 2839 pa-

1131 2846 1214 2875 tebat
1226 2846 1398 2885 corrigendi
1408 2845 1470 2880 via,
1482 2843 1611 2884 antwegi
1623 2844 1726 2873 τούτων
1736 2843 1844 2883 νόμους,

1131 2899 1198 2927 quae
1226 2900 1294 2919 mea
1320 2888 1394 2918 mihi
1425 2889 1602 2926 conjectura
1631 2897 1694 2926 prae
1721 2886 1843 2916 caeteris

1130 2932 1283 2970 placebat,
1299 2941 1357 2960 non
1375 2930 1457 2970 quod
1478 2940 1545 2960 mea
1569 2935 1662 2967 esset,
1684 2930 1738 2959 sed
1760 2930 1843 2968 quod

1130 2975 1175 3004 rei
1192 2980 1299 3004 natura
1314 2974 1372 3003 huc
1388 2974 1610 3003 demonstraret
1620 2973 1704 3013 (scil.
1717 2973 1843 3012 περὶτῶν

1129 3015 1271 3048 ἀκουσίων.
1296 3022 1326 3047 et
1342 3016 1402 3058 περὶ
1419 3021 1510 3056 atque
1534 3017 1613 3057 παςὲ
1631 3017 1710 3047 inter
1725 3025 1757 3045 se
1774 3026 1791 3045 a
1806 3015 1844 3044 li-
