1931 3323
299 216 382 257 284
674 220 709 260 Ι.
737 220 771 261 Ι.
795 218 1018 261 REISKE

307 321 376 359 lias,
393 332 451 351 non
467 333 507 353 ex
524 334 557 354 se
579 328 674 355 natas.
699 330 760 362 aut,
787 327 870 365 quod
894 327 1007 361 malim,

304 375 372 394 cum
386 365 502 395 Wolfio
524 366 585 407 leg.
602 370 657 403 τὰς
677 370 732 398 τῶν
747 369 860 410 ἑταιρῶν
874 369 907 400 θ.
922 378 1011 399 mere-

304 408 519 448 trIcumfilias.

346 469 389 474 —-
412 454 463 481 17.
487 455 542 482 τῶν
562 454 666 495 αὑτοῦ]
688 465 731 485 sc.
747 455 877 493 ἀγαθῶν,
891 455 941 485 vel
963 455 1013 484 δω-

306 505 398 534 ςων,ν
381 495 429 524 vel
446 495 562 526 δικαίων.

350 555 393 559 -
416 548 487 577 pen.
511 541 661 582 κελεῦσαι]
687 541 808 571 videtur
835 542 1012 577 delendum,

308 585 340 610 nt
356 580 465 610 vitiosa
482 582 574 612 lectio
591 584 725 622 proximi
739 583 873 614 καλέσ-αι.

350 641 393 646 ——
417 624 492 654 ibid.
517 626 561 665 τῷ
582 626 706 656 καλέσαι
725 628 824 668 ἀγῶνι]
850 629 942 657 verba
966 638 1013 656 er-

307 676 376 696 rore
392 677 552 706 operarum
571 670 755 709 transposita
771 670 801 699 in
814 671 950 700 ordinem
964 681 1014 700 ve-

307 720 374 739 rum
389 711 501 740 reduxi
517 710 641 742 καλὲσαι
656 713 698 750 τῷ
716 714 810 750 ἀγῶνι.

353 755 447 784 1350.
467 757 517 785 19.
541 753 694 794 Ἀθηναῖον]
720 755 842 785 correxi
860 754 1014 786 Ἀθηναίων.

304 796 358 837 jus
374 797 453 826 enim
470 797 606 827 civitatis
628 803 693 827 erat
707 808 815 828 munus
834 799 866 827 P.
880 801 916 828 A.
934 799 1016 838 quod

308 839 355 869 illi
373 841 424 878 jus
442 846 578 879 ereptum
595 840 658 870 ibat
673 842 755 870 fraus
773 841 930 880 Stephani.

354 884 449 914 1351.
466 885 496 912 4.
519 882 655 924 Νικαρέτη
666 884 721 924 ——]
745 883 883 914 offendor
903 885 952 914 hic
969 894 1017 920 eo,

311 927 392 964 quod
417 931 447 955 et
471 926 618 956 Nicareta
642 938 748 957 nomen
770 927 890 957 aneillae
913 928 963 963 sit,
989 932 1020 957 et

311 967 448 1008 Hippias
471 970 564 1006 servi,
584 981 652 1000 oum
680 975 839 1009 utrumque
857 981 962 1000 nomen
980 970 1021 1000 sit

311 1011 464 1041 hominum
481 1012 584 1042 liberae
597 1014 795 1044 conditionis.

354 1072 398 1076 -——
413 1056 441 1084 5.
467 1054 578 1097 ἓκείνου]
595 1057 726 1087 Charisii
750 1057 817 1087 Elei
832 1062 918 1097 puta,
933 1057 1020 1096 cujus

315 1107 431 1136 coquus
454 1103 518 1128 erat
533 1100 679 1139 Hippias.

357 1158 399 1163 -—
416 1142 445 1170 6.
465 1142 515 1170 καὶ
540 1142 691 1183 δυναμένη]
708 1143 830 1182 possint
845 1143 910 1173 haec
930 1145 1022 1174 verba

314 1193 370 1223 pro
388 1185 563 1225 superfluis,
581 1193 611 1216 et
627 1198 643 1217 e
659 1187 778 1216 scholio
802 1187 881 1216 natis
906 1187 1023 1217 haberi.

314 1227 447 1257 Sublatis
475 1227 598 1267 quidem
629 1229 704 1265 illis,
736 1240 832 1269 neque
864 1230 1024 1260 sententiae

314 1271 439 1300 decedit
455 1271 627 1311 quicquam,
645 1278 675 1302 et
688 1273 848 1312 elegantiae
860 1273 992 1304 accedit.

356 1330 400 1335 ——-
415 1313 492 1343 ibid.
514 1315 596 1352 φύσιν
617 1315 730 1345 συνιδεῖν
745 1315 883 1357 εὐπρεπῆ]
909 1321 1024 1355 potest,

316 1356 340 1385 si
358 1367 483 1386 neeesse
499 1363 558 1393 est,
583 1359 667 1388 ferri.
691 1358 791 1388 malim
809 1364 928 1389 tamen:
945 1359 1027 1399 φύσιν

315 1399 440 1435 συνιδεῖν,
456 1400 480 1429 εἴ
496 1411 525 1430 τ.
529 1412 558 1430 νει
576 1402 656 1442 εὔπρ.
660 1403 709 1436 πῆ,
728 1402 795 1431 soil.
810 1400 938 1431 παιδία
924 1407 964 1437 ἡν,
978 1402 1025 1432 vel

315 1442 374 1472 ι’δοι.

358 1504 400 1507 —
418 1489 467 1516 12.
491 1485 696 1528 ἐκαρπώσατο]
715 1487 778 1517 scil.
798 1488 952 1518 Nicareta.

359 1546 403 1551 -ψ
430 1532 480 1559 14.
516 1529 695 1570 Στρατόλαν]
723 1541 831 1561 nomen
859 1531 948 1561 virile
979 1535 1027 1561 est

318 1574 492 1612 Στρατολᾶς,
505 1584 561 1612 pro
576 1574 768 1614 Στρατόλαος,
780 1574 805 1603 si
818 1575 908 1604 modo
918 1584 1027 1604 nomen

316 1620 376 1650 est,
393 1625 451 1645 nou
468 1623 550 1646 certe
565 1617 761 1647 foemininum.
778 1629 870 1657 quare
887 1618 1027 1658 suspicor

316 1658 377 1697 leg.
391 1668 458 1687 esse
476 1659 692 1699 Στρατόκλειαν.

359 1719 402 1723 —
420 1706 470 1732 16.
492 1702 521 1731 (ἓν
543 1702 598 1741 μὲν
624 1707 665 1732 οὐν
689 1701 812 1737 ἕκαστος
834 1703 942 1744 αὐτῶν]
966 1704 1026 1734 imo

319 1754 391 1773 rero
407 1742 487 1778 ὅστις
501 1745 557 1784 μὲν
572 1744 614 1775 οὖν
629 1745 753 1777 ἑκάστην
767 1746 867 1777 αὐτῶν

361 1805 404 1809 -
418 1790 470 1817 20.
494 1788 638 1829 εἰργάζετο
647 1790 704 1830 —-]
724 1790 840 1825 nescio,
857 1800 926 1830 quae
942 1799 1027 1819 mens

320 1830 465 1860 Lambino
476 1838 559 1861 esset
570 1842 711 1871 spurcam
723 1838 752 1862 et
766 1834 947 1872 flagitiosam
962 1843 1027 1862 sen-

320 1874 445 1903 tentiam
462 1874 490 1903 in
508 1874 610 1904 locum
627 1885 732 1905 sanum
750 1876 914 1914 ingerenti,
929 1880 958 1906 et
975 1886 1029 1905 ne-

320 1916 384 1945 scio
412 1927 446 1946 311
464 1928 520 1956 pro
543 1918 668 1947 invento
685 1929 740 1948 suo
758 1919 943 1955 venditam,
958 1929 1028 1949 cum

319 1960 356 1988 ab
387 1959 583 1999 Hermogene
608 1966 714 1991 mutuo
742 1963 914 1999 sumsisset,
940 1972 1028 2002 quern

320 2002 402 2032 cavit
419 2003 592 2033 nominatim
611 2004 779 2044 appellare.

363 2064 406 2068 -—
419 2049 470 2077 ⁶23.
489 2045 672 2089 ἐπανελθεῖν]
690 2054 737 2078 est
750 2049 886 2079 oratione
900 2048 1030 2088 exsequi

321 2089 359 2117 ad
388 2089 573 2128 principium
599 2091 644 2120 rei
674 2092 840 2122 redeunte:
877 2093 904 2122 si
933 2091 1030 2122 dictio

323 2133 398 2160 bene
413 2133 515 2162 habet.

366 2192 408 2197 --
424 2178 475 2206 26.
497 2176 622 2216 μνησαι]
641 2178 764 2207 correxi
787 2189 914 2217 pauno-ac.
938 2178 1030 2208 etsie

323 2228 443 2256 quoque
467 2229 498 2257 p.
525 2221 619 2250 1350.
642 2223 673 2250 2.
696 2220 799 2261 μυηθῇ
823 2221 944 2251 correxi
974 2231 1030 2260 pro

322 2260 424 2302 μνηθῇ.
468 2262 620 2292 Caeterum
637 2274 704 2301 qnae
720 2265 758 2293 de
775 2264 868 2303 Lysia
892 2264 1032 2303 sophista

323 2304 371 2333 hic
384 2305 554 2341 traduntur,
569 2316 750 2346 quamquam
764 2307 931 2346 Taylorus'
924 2317 953 2336 111
968 2307 1032 2337 vita

324 2347 426 2386 Lysim·
442 2354 533 2387 negat
548 2350 584 2378 ad
602 2355 754 2380 oraton-em
775 2350 860 2380 illum
877 2351 1030 2380 celebrem

324 2391 489 2428 pertinere,
511 2402 570 2421 non
594 2393 685 2422 video
702 2398 813 2429 tamen,
829 2392 880 2432 qui
903 2404 1030 2432 magnus

325 2443 410 2463 error
444 2434 472 2463 in
496 2435 615 2474 vulgari
643 2436 684 2465 sit
715 2436 874 2472 sententia,
905 2442 936 2466 et
964 2447 1031 2475 quae

326 2486 433 2515 magua
450 2477 496 2506 vis
512 2480 577 2517 ejus
592 2479 664 2509 insit
681 2480 877 2519 argumentis.

370 2520 540 2551 135212.
572 2524 620 2551 τὴν
647 2523 767 2563 ἡλικίαν]
794 2520 886 2554 ἡλικία
909 2522 1032 2552 videtur

326 2562 355 2591 h.
371 2562 391 2591 l.
406 2564 520 2600 justam
545 2565 683 2603 corporis
709 2570 853 2596 staturam
870 2571 901 2596 et
923 2576 1032 2605 prooe-

326 2605 446 2634 ritatem
463 2606 646 2644 significare
920 2631 928 2640 s

369 2666 412 2670 --
429 2649 481 2678 25.
490 2630 594 2690 βαῦτη]
618 2656 669 2680 aut
690 2652 761 2682 αὐτῆ
782 2652 840 2691 leg.
857 2656 906 2682 est
927 2651 958 2681 iu
981 2662 1033 2681 no-

328 2691 430 2721 minat.
447 2692 485 2721 ab
501 2692 595 2727 aua-69.
620 2695 680 2732 ipsa
696 2705 805 2734 quoque
825 2694 967 2725 Nicareta
987 2704 1033 2724 co·

327 2734 498 2764 mitubatur.
523 2741 575 2764 aut
602 2736 633 2765 in
661 2738 766 2767 dativo
788 2737 876 2778 ιιυτῇ,
897 2748 985 2768 comes
1009 2740 1035 2767 ei

329 2777 464 2816 [Neaerae
477 2779 565 2820 puta]
577 2779 637 2808 ibat
652 2778 791 2810 Nic-areta
801 2791 920 2821 qnoque.
937 2786 968 2811 et
978 2782 1036 2811 hoc

328 2821 399 2851 dedi
415 2823 453 2850 de
469 2831 548 2851 meo.

374 2862 743 2906 1353.15.”’1ππαρχος]
769 2865 850 2896 citat
872 2866 902 2895 h.
919 2867 939 2896 1.
957 2866 1037 2896 Har·

330 2905 647 2949 ι)001·.ν.”.1πποιρχος

373 2967 416 2972 ——
444 2951 520 2980 ibid.
557 2949 798 2992 μεμισθωμένοι]
828 2952 904 2981 bene
935 2953 1036 2987 habet,

330 2993 470 3032 idemque
488 2999 536 3023 est
550 2999 640 3034 atque
653 2992 881 3034 μισ-ὁρισάμενοι.
896 3005 963 3024 cum
975 3005 1038 3025 eam

330 3035 508 3077 [Neaeram]
531 3048 584 3069 oere
606 3047 669 3074 sno,
693 3044 728 3068 nt
755 3037 808 3068 sibi
831 3043 955 3076 pateret,
971 3048 1037 3068 con-

1051 217 1379 260 ANNOTATA

1046 325 1202 355 duxissent.

1088 385 1132 390 -—
1158 370 1208 397 19.
1243 366 1290 397 ἔτι
1318 368 1371 407 γὲς
1398 365 1630 406 Λακεδαιμονίους
1638 366 1697 408 ——]
1727 377 1757 397 v.

1046 410 1165 440 Simson
1182 410 1295 440 Chron.
1311 410 1431 440 Cathol.
1449 410 1487 439 ad
1502 411 1540 440 A.
1553 410 1599 440 Μ.
1615 412 1712 441 3636.

1090 472 1131 476 --
1148 455 1201 484 23.
1223 452 1271 483 καὶ
1287 452 1383 493 οὔσης]
1406 452 1557 492 Taylorus
1581 453 1757 492 suspicatur

1047 497 1108 536 leg.
1139 507 1207 527 esse
1238 496 1286 526 καὶ
1316 496 1364 526 οὐκ.
1393 495 1485 529 οὔσης.
1532 497 1595 526 Sed
1625 496 1753 533 fallitur,

1048 550 1227 579 quamquam
1252 539 1383 578 ipsemet
1406 539 1532 575 fatetur,
1551 540 1650 569 locum
1676 540 1756 570 hunc

1049 584 1109 613 sibi
1137 594 1205 613 esse
1229 584 1400 612 obscurum.
1447 582 1531 611 Bene
1555 583 1647 612 habet
1669 583 1759 613 loeus

1049 631 1079 656 et
1095 631 1155 655 tam
1173 627 1280 665 planus
1298 630 1355 662 est,
1372 630 1405 654 ut
1416 624 1506 655 velim
1519 625 1594 655 alios
1608 626 1757 664 quosdam

1051 670 1306 700 Demosthenicos
1318 668 1434 708 pariter
1446 668 1554 707 planos
1567 679 1645 699 esse.
1670 669 1762 699 Gom-

1050 719 1256 743 memorantur
1279 712 1329 741 hio
1353 715 1416 741 tres
1440 722 1554 747 causae,
1576 717 1623 742 sat
1647 722 1759 750 graves

1052 756 1293 795 probabilesque,
1304 765 1358 785 cur
1371 755 1567 785 Xenoclides
1577 755 1763 786 existimarit

1052 799 1089 827 ab
1115 799 1169 827 hac
1190 799 1388 837 expeditione
1409 797 1467 827 sibi
1483 799 1663 828 cessandum
1680 809 1761 828 esse.

1055 840 1088 880 1)
1103 841 1183 879 quod
1202 841 1246 870 illi
1267 840 1472 881 expeditioni,
1488 852 1556 871 eum
1569 842 1670 872 adhue
1685 841 1762 872 deli-

1053 884 1211 913 beratione
1243 884 1420 924 agitaretur,
1454 885 1636 917 adversatus
1666 890 1762 921 esset,

1055 937 1181 966 eamque
1207 927 1413 957 dissuasisset.
1451 927 1489 967 2)
1510 928 1592 966 quod
1615 938 1672 968 per
1695 939 1763 958 mu-

1055 970 1136 1000 neris
1175 969 1222 1000 sui
1251 970 1377 1009 negotia
1406 980 1444 1000 ne
1474 979 1609 1000 mensem
1639 971 1764 1010 quidem

1059 1014 1140 1043 Urbe
1157 1014 1266 1043 abesse
1282 1017 1412 1053 posset;
1435 1013 1550 1053 quippe
1563 1013 1615 1053 qui
1632 1014 1765 1054 vectigal

1055 1057 1195 1086 frumenti
1219 1057 1413 1092 redemisset,
1431 1057 1514 1096 quod
1539 1054 1724 1087 frumentum
1748 1068 1764 1087 e

1058 1101 1167 1136 Ponto,
1183 1099 1287 1130 Sicilia
1307 1105 1337 1130 et
1352 1098 1492 1139 AEgypto
1517 1099 1549 1129 in
1571 1105 1694 1140 portum
1711 1103 1766 1131 At-

1057 1143 1149 1173 ticum
1179 1143 1390 1173 invehebatur.
1424 1143 1558 1173 debebat
1581 1148 1681 1173 autem
1710 1144 1766 1173 hoo

1058 1186 1189 1224 vectigal
1206 1186 1372 1216 menstruis
1387 1185 1481 1216 ferme
1503 1186 1696 1226 portionibus
1712 1197 1768 1226 per

1058 1229 1228 1269 prytanias,
1251 1230 1281 1259 h.
1303 1239 1329 1259 e.
1363 1239 1443 1258 nova
1471 1239 1590 1268 quaque
1624 1230 1769 1270 prytania

1058 1273 1191 1308 ineunte,
1207 1273 1352 1311 dependi.
1388 1271 1425 1311 3)
1445 1272 1526 1310 quod
1548 1272 1632 1312 leges
1647 1274 1767 1303 redem-

1059 1315 1116 1344 tori
1134 1315 1399 1354 hujusveetigalis
1415 1315 1606 1346 vacationem
1623 1326 1640 1345 a
1656 1316 1768 1346 militia

1059 1358 1176 1387 darent.
1222 1359 1355 1396 Propter
1377 1358 1430 1387 has
1451 1363 1514 1387 tres
1536 1368 1643 1388 causas
1666 1358 1769 1398 itaque

1061 1400 1254 1431 Xenoclides
1269 1402 1352 1430 domi
1370 1405 1544 1438 manserat3
1568 1406 1599 1430 et
1619 1401 1771 1432 nihilomi-

1060 1455 1115 1473 nus
1133 1448 1272 1481 tamen,a
1286 1443 1444 1483 Stephano
1456 1449 1631 1481 accusatus,
1643 1445 1771 1475 mulcta-

1060 1493 1109 1517 tus
1125 1492 1181 1516 est.

1105 1531 1200 1561 1354.
1216 1532 1247 1561 3.
1263 1528 1363 1570 αὑτὸν]
1381 1530 1491 1566 solum,
1503 1530 1568 1560 sine
1586 1530 1773 1562 Xenoclide.

1102 1591 1145 1596 —
1160 1577 1210 1603 11.
1225 1572 1422 1614 Τιμανοςίδην]
1440 1573 1513 1603 dedi
1529 1571 1724 1614 Τιμανορίδας.
1743 1579 1775 1604 et

1062 1617 1107 1647 sic
1132 1626 1253 1656 quoque
1269 1627 1299 1655 p.
1318 1618 1412 1653 1355.
1428 1619 1460 1647 7.
1478 1622 1508 1646 et
1524 1619 1575 1648 25.
1593 1617 1773 1658 Τιμανορίδᾳ.

1061 1671 1129 1690 nam
1153 1669 1190 1689 ea
1213 1659 1385 1689 terminatio
1401 1659 1517 1691 Dorica
1540 1660 1691 1690 hominem
1710 1661 1772 1691 Co-

1062 1703 1219 1738 rinthium,
1235 1702 1354 1741 origine
1371 1704 1498 1739 Dor'em,
1515 1703 1612 1742 magis
1628 1703 1729 1734 decet.

1104 1764 1147 1769 —-
1164 1748 1215 1777 13.
1240 1748 1408 1780 1ιειόλυτελῆς·
1427 1746 1484 1787 -]
1503 1745 1648 1776 meretrix
1663 1757 1699 1776 ea
1715 1757 1775 1776 wo-

1062 1791 1182 1822 λυτελὴς
1205 1788 1265 1822 τοῖς
1290 1788 1491 1828 ἐπιτάγμασιν
1506 1789 1692 1828 appellatur,
1706 1800 1775 1829 quae

1062 1832 1247 1862 amatoribus
1271 1831 1367 1862 multa
1391 1836 1423 1862 et
1446 1837 1606 1862 sumtuosa
1633 1832 1779 1871 imperat,

1063 1886 1178 1915 eosque
1194 1875 1277 1914 cogit
1293 1874 1432 1914 ingentes
1448 1880 1566 1905 sumtus
1581 1875 1612 1904 in
1631 1885 1663 1905 se
1675 1876 1776 1906 faeere

1063 1917 1242 1949 assiduitate
1256 1918 1488 1957 flagitationum.

1105 1976 1150 1984 »-
1165 1963 1215 1991 16.
1239 1961 1351 2002 αὐτοῖς]
1368 1962 1489 1992 correxi
1504 1960 1601 1995 αὔτῧς.
1623 1967 1673 1992 est.
1692 1962 1776 1992 idem

1063 2015 1099 2035 ao
1115 2005 1142 2035 si
1153 2005 1304 2034 dixisset:
1327 2003 1521 2035 κατατιθέασι
1536 2005 1686 2045 τριάκοντα
1701 2007 1777 2045 μνᾶς

1063 2049 1149 2087 τιμὴν
1162 2048 1212 2078 τοῦ
1229 2048 1369 2088 σώματος
1382 2048 1480 2081 αὐτῆς.
1495 2048 1674 2087 dependunt
1687 2049 1776 2083 lenae.

1064 2092 1230 2127 Nicaretae,
1243 2091 1368 2130 triginta
1383 2091 1478 2120 minas
1489 2091 1622 2130 pretium
1635 2091 1776 2131 eorporis

1064 2134 1174 2174 ipsius,
1196 2135 1326 2165 Neaerae.
1348 2144 1409 2173 quo
1432 2134 1496 2173 ipsi
1518 2133 1577 2163 soli
1597 2144 1663 2164 eam
1683 2135 1777 2164 habe-

1064 2182 1141 2207 rent.
1168 2178 1217 2207 vel
1240 2181 1344 2217 potest
1367 2177 1416 2206 τοῦ
1432 2177 1571 2216 σώματος
1592 2176 1697 2206 haberi
1721 2187 1777 2216 pro

1064 2220 1190 2250 seorsim
1202 2220 1407 2259 posito,quod
1419 2219 1502 2249 idem
1512 2219 1674 2259 significet,
1685 2225 1776 2260 atque

1065 2264 1131 2303 ὑπερ
1146 2264 1195 2292 τοῦ
1211 2263 1360 2302 σώματος.

1108 2307 1204 2337 1355.
1216 2309 1246 2336 2.
1264 2304 1409 2345 Φρυνίωνα]
1427 2305 1583 2344 Phrynion
1598 2305 1648 2335 hio
1663 2315 1777 2345 cogua-

1064 2352 1113 2378 tus
1131 2354 1196 2379 erat
1215 2348 1440 2379 Demosthenis.
1457 2348 1537 2378 unde
1554 2352 1638 2378 tanto
1658 2349 1690 2378 fit
1705 2359 1777 2388 pro-

1065 2392 1208 2428 babilius,
1223 2403 1240 2422 a
1256 2392 1464 2422 Demosthene
1477 2391 1681 2430 conscriptam
1697 2402 1778 2427 esse,

1065 2435 1233 2474 praesertim
1245 2445 1314 2465 eum
1330 2434 1539 2473 Apollodorus
1551 2434 1633 2464 idem
1648 2440 1680 2464 et
1695 2435 1777 2465 idem

1065 2478 1238 2518 Stephanus
1253 2483 1356 2517 partes
1371 2477 1419 2507 hic
1439 2487 1508 2507 suas
1529 2482 1633 2517 agunt,
1649 2487 1779 2517 quornm

1066 2532 1121 2561 pro
1136 2521 1189 2551 illo
1204 2526 1249 2551 tot
1264 2521 1332 2551 aliae
1346 2524 1468 2551 exstant
1482 2520 1699 2550 Demosthenis
1712 2531 1780 2550 ora-

1067 2565 1177 2600 tiones,
1193 2569 1223 2594 et
1233 2569 1341 2594 contra
1355 2564 1433 2594 huno
1446 2564 1526 2599 duae,
1539 2573 1613 2602 quas
1626 2563 1780 2593 orationes

1067 2618 1156 2637 nemo
1178 2617 1310 2647 unquam
1333 2607 1365 2636 in
1387 2606 1516 2637 dubium
1539 2606 1676 2642 vocavit,
1703 2606 1776 2646 quin

1068 2651 1132 2681 sint
1148 2651 1243 2681 nostri
1259 2650 1401 2680 oratoris.

1110 2712 1153 2716 —
1171 2696 1222 2724 12.
1244 2693 1347 2734 αὐτῆς]
1371 2693 1402 2724 id
1418 2696 1478 2728 est,
1499 2690 1569 2732 ὑπὲρ
1587 2690 1686 2725 αὐτῆς.
1702 2702 1731 2722 v.
1747 2702 1778 2721 v.

1071 2739 1122 2767 14.
1138 2742 1169 2766 et
1186 2739 1236 2768 16.

1113 2797 1155 2802 —
1167 2782 1219 2810 20.
1229 2778 1275 2809 τὸν
1286 2777 1518 2819 παραγενόμενον]
1534 2776 1636 2806 malim
1652 2779 1708 2806 τῶν
1720 2787 1780 2806 πα-

1070 2821 1260 2863 ραγενομένων.
1286 2832 1376 2851 unum
1395 2821 1481 2850 11111111
1498 2831 1514 2849 e
1531 2829 1638 2857 magno
1656 2830 1780 2850 numero

1071 2867 1212 2901 aliorum,
1228 2865 1279 2904 qui
1295 2864 1346 2894 isti
1358 2863 1482 2902 negotio
1494 2863 1707 2893 iuterfuerunt.

1115 2909 1279 2940 1356.10.
1310 2908 1332 2936 οῖ
1361 2906 1490 2948 διάκονοι]
1529 2903 1688 2936 Sententia
1713 2910 1780 2936 est:

1071 2952 1210 2982 Chabriae
1235 2960 1355 2986 servos,
1379 2955 1410 2979 et
1435 2949 1621 2988 reliquorum
1637 2949 1782 2979 conviva·

1071 3005 1149 3030 rum,
1166 3004 1234 3023 cum
1251 2992 1367 3022 domini
1383 2993 1518 3022 cubitum
1532 2992 1656 3027 issent,
1649 3001 1783 3031 incepis-

1073 3048 1105 3068 se
1121 3037 1212 3068 etiam
1229 3037 1317 3076 ipsos
1332 3035 1463 3075 eputari,
1473 3035 1606 3075 jussisse
1616 3045 1736 3064 mensas
1753 3039 1783 3064 et
