1931 3322
327 208 408 250 AD
442 206 806 250 ORATIONEM
842 206 905 247 IN
939 205 1245 249 APHOBUM
1279 206 1363 248 ΙΙΙ.

129 316 254 346 fratrem
270 316 346 346 aiius
361 316 464 346 itidem
481 314 553 345 mihi
570 313 774 345 adversantis.

177 377 220 382 —
236 361 286 390 16.
308 360 388 389 ἀλλὰ
402 356 464 388 τότ’
477 357 575 399 εὐθὺς]
600 357 667 387 scil.
681 354 812 396 ἕξαρνος’
798 367 837 386 ην.

135 402 190 431 sed
211 408 281 432 tunc
298 402 398 432 statim
420 408 577 440 negasset,
593 411 626 430 se
643 406 752 430 testem
771 410 838 430 esse

133 454 250 480 eorum,
266 454 393 483 quorum
409 445 498 474 testis
513 445 646 482 scriptus
662 448 755 473 esset.

175 504 219 510 —
234 489 286 517 18.
298 486 414 539 ὠφέλει]
432 487 500 517 scil.
516 487 550 516 τὸ
565 485 746 526 ἐξαρνεῖσθαι.

175 532 280 560 -20,
295 528 397 560 ἐποίουν
411 532 492 560 κατὰ
503 531 552 559 τοῦ
566 528 703 568 ἀδελφοῦ]
719 527 840 558 correxi

133 570 236 602 ἐποίουν
250 572 319 602 κατ’
332 574 464 612 ἀδελφοῦ.
480 573 630 603 actionem
647 571 746 601 damni
763 571 839 600 inari

133 615 208 644 mihi
230 616 420 651 intentasset,
439 616 464 645 si
485 615 516 646 in
539 625 631 645 causa
649 615 787 650 fuissem,
809 620 841 643 ut

134 658 284 697 Aphobus
299 659 328 688 in
345 669 390 693 se,
406 659 538 694 AEsium,
551 664 584 688 nt
598 658 705 687 falsum
718 662 841 693 testem,

134 705 241 732 contra
255 712 300 738 se,
315 702 366 741 qui
382 703 474 731 frater
488 706 580 736 esset,
597 705 711 740 ageret.

177 761 221 766 —-
237 747 288 775 21.
310 746 370 785 mg}
386 742 524 785 ἀτιμίας]
547 744 710 774 Lambinus
724 742 842 773 mavult

133 785 296 826 ἐπιτιμίας.
314 788 366 818 sed
385 788 462 817 bene
479 789 568 818 habet
584 787 717 826 vulgata.
760 787 840 816 Nam

133 839 202 859 cum
219 831 321 870 agitur
343 831 404 871 περὶ
427 829 560 869 ἀτιμίας,
580 836 726 866 certatur,
742 834 840 859 utrum

135 883 171 902 ea
186 873 344 904 subeunda
361 875 411 910 sit,
429 884 464 903 an
475 876 526 913 jus
543 873 635 904 civile
652 879 683 903 et
699 877 796 903 status
812 872 842 901 in

133 915 212 952 foro,
226 917 306 955 quod
322 918 420 947 Latini
435 923 523 956 capnt
536 917 700 957 appeilant‚
712 916 842 946 retinea-

136 964 195 988 tur.
233 960 411 990 Lambinum
427 961 514 999 sequi
532 961 558 990 si
574 961 724 995 malimus,
743 959 843 989 saltim

135 1001 197 1042 πεςῖ
205 1003 256 1037 τῆς
265 1001 426 1043 ἐπιτιμίας,
439 1004 474 1033 de
484 1005 590 1042 capite,
600 1003 750 1033 servando
760 1007 845 1042 puta,

137 1045 178 1074 sit
191 1045 366 1084 legendum,
380 1057 437 1076 non
454 1047 518 1076 sine
534 1047 672 1076 articulo.

178 1105 223 1110 --
247 1091 300 1120 27.
329 1089 435 1129 ἔξαρνος
463 1088 584 1130 ἐγένεθ’]
619 1089 743 1119 dubium
775 1098 845 1118 esse

136 1131 248 1170 possit,
257 1133 295 1162 ad
307 1133 467 1171 Aphobum
482 1143 518 1162 an
534 1133 571 1162 ad
585 1132 706 1164 AEs'um
722 1132 846 1168 redea23

136 1184 317 1214 quamquam
337 1175 375 1204 ad
397 1175 478 1204 hune
498 1176 613 1215 potius.
637 1176 692 1205 sed
710 1173 788 1208 οὗτος
807 1175 845 1204 ad

135 1217 300 1256 Aphobum
315 1222 399 1247 certe
414 1218 504 1248 redit.

177 1277 221 1284 ——
236 1271 304 1301 pen.
324 1259 424 1300 ὁμοίως
445 1259 601 1303 φαίνονται]
626 1262 706 1292 ambo
726 1261 846 1297 fratres,

135 1303 288 1344 Aphobus
300 1308 331 1334 et
346 1304 466 1338 AEsius‚
478 1307 601 1344 pariter.

178 1365 223 1369 —
237 1347 313 1377 ibid.
333 1347 381 1376 καὶ
401 1347 462 1387 περὶ
484 1347 603 1389 τούτων]
627 1348 714 1378 etiam
734 1347 770 1377 de
792 1346 845 1375 his.

135 1399 198 1419 nun
221 1390 318 1420 solum
337 1392 489 1429 negabant
511 1391 662 1430 Aphobus
683 1395 714 1420 et
735 1389 843 1420 AEsius

137 1432 207 1469 hoe,
233 1433 315 1472 quod
339 1433 488 1463 Demostl
481 1444 528 1462 er
531 1444 563 1463 es
586 1434 698 1468 aiebat,
722 1433 843 1462 AEsinm

135 1474 311 1506 interfuisse
320 1476 363 1505 illi
374 1476 518 1515 Aphobi'
503 1475 651 1517 ανακςίσ-ει,
661 1482 691 1506 et
701 1481 844 1506 testatum

135 1529 216 1556 esse,
229 1529 303 1549 vera
317 1519 370 1549 ina
383 1529 462 1555 esse,
479 1530 546 1558 quae
567 1531 642 1559 puer
661 1519 845 1549 Demosthe-

136 1561 184 1591 nis
209 1572 266 1601 pro
291 1563 448 1601 responsis
473 1563 593 1601 Aphobi
615 1563 846 1602 consignasset3

136 1606 190 1634 sed
207 1606 281 1635 inud
296 1617 415 1645 quoque
432 1607 592 1644 negabant,
609 1607 846 1636 Demosthenem

137 1648 287 1679 obtulisse
301 1649 387 1679 illum
400 1648 500 1689 ipsum
516 1659 644 1688 puerum
657 1649 846 1688 exploratio-

137 1691 167 1720 ni
185 1702 240 1731 per
255 1697 413 1727 tormenta,
430 1696 460 1721 et
471 1692 557 1731 ipsos
569 1692 704 1722 noluisse
718 1702 844 1732 puerum

138 1734 178 1764 ad
194 1739 345 1765 tormenta
360 1735 532 1765 admittere.

180 1779 256 1809 850.
274 1781 303 1809 2.
322 1778 437 1819 τοῦτον]
461 1778 582 1808 con-exi
603 1780 705 1818 τούτῳ.
724 1788 790 1808 cum
808 1778 847 1808 ad

139 1820 219 1851 latus
236 1822 305 1852 huic
319 1820 477 1861 [Aphobo,
496 1822 599 1863 fratri]
621 1823 763 1852 adstaret.
782 1821 848 1851 vul-

139 1868 210 1903 gata
227 1865 252 1894 si
265 1868 421 1904 probatur,
439 1876 566 1895 necesse
587 1869 634 1895 est
651 1864 779 1905 εἰρηκέναι
795 1869 847 1894 aut

138 1906 345 1947 ἀποκεκξίο-θαι
368 1908 486 1938 deesse.
505 1908 584 1938 hunc
608 1909 767 1947 Aphohum
789 1908 848 1938 ista

141 1949 187 1990 [in
201 1956 268 1980 acta
280 1951 392 1991 relata]
409 1952 522 1988 dixisse,
537 1956 589 1981 aut
599 1952 782 1990 respondisse.

183 1994 267 2024 —5.
293 1992 450 2036 ἠθέλησαν]
473 1994 596 2025 correxi
621 1993 756 2029 ἠθέλησε,
780 1993 848 2023 scil.

139 2037 301 2076 Aphobus.

182 2096 226 2102 —-
239 2082 290 2110 12.
304 2078 324 2108 ἃ
336 2080 577 2122 μεμαξτύρηται]
590 2080 654 2111 scil.
672 2078 849 2119 ὡμολογηκέ-

139 2132 193 2152 ναι.
219 2124 401 2152 vocabulum
425 2123 472 2153 τὸν
489 2123 626 2165 ἄνθρωπον
644 2135 672 2154 v.
692 2128 744 2153 11.
769 2122 849 2152 redit

138 2166 175 2195 ad
194 2165 333 2206 Miiyam,
343 2177 431 2206 quern
448 2178 517 2197 cum
529 2167 694 2208 Aphobus'
688 2178 716 2196 in
732 2166 771 2208 τῇ
783 2167 849 2196 αἰνα-

139 2207 224 2250 κςίσει
238 2210 395 2262 professus
411 2215 505 2246 esset,
520 2221 537 2240 a
551 2221 583 2240 se
598 2210 726 2240 liberum
745 2209 849 2239 haberi

138 2257 230 2292 atque
251 2253 389 2293 agnosci,
390 2254 600 2292 postmodum
621 2254 700 2283 idem
720 2253 849 2292 negabat

138 2294 267 2325 liberum
294 2307 374 2333 esse,
398 2296 529 2336 ideoque
554 2298 591 2327 ad
615 2302 765 2327 tormenta
787 2296 849 2326 sibi

140 2338 221 2368 tradi
244 2340 413 2378 poscebat3
436 2341 658 2371 Demosthenes
678 2345 776 2370 autem
799 2350 849 2369 re-

139 2382 278 2418 cusabat,
293 2383 374 2422 quod
392 2383 471 2414 liber
486 2389 579 2421 esset,
591 2394 688 2423 neque
705 2384 750 2412 sas
767 2387 850 2413 esset

138 2424 270 2455 liberum
283 2435 395 2465 corpus
409 2427 568 2456 tormentis
584 2427 706 2466 subjici.

183 2485 227 2491 —-
244 2470 294 2499 13.
314 2471 543 2509 προσκαλοῦμαι
567 2472 646 2500 κατὰ
663 2469 796 2509 Δήμωνος
811 2469 850 2504 εἷς

140 2509 312 2551 μαρτυρίαν]
338 2522 416 2542 voco
439 2513 600 2552 Aphobnm
626 2513 664 2542 ad
691 2513 849 2548 arbitrum,

141 2553 201 2593 quo
222 2554 265 2584 ihi
282 2559 386 2584 contra
405 2556 573 2586 Demonem
594 2561 769 2586 testaretur.
793 2558 850 2586 sed

140 2596 238 2636 quid'!
261 2597 293 2627 ni
305 2598 404 2634 fallor,
419 2599 489 2635 hoc,
507 2600 672 2629 Demonem
690 2600 849 2629 mentitum

140 2650 220 2676 esse,
239 2641 290 2679 qui
313 2642 532 2677 confirmasset,
553 2653 585 2672 se
607 2642 698 2678 scire,
721 2643 850 2682 Milyam

140 2693 208 2713 esse
224 2694 292 2714 serv
297 2694 358 2714 nrn.
373 2690 458 2724 patet
472 2686 529 2715 hoe
541 2696 558 2715 e
574 2696 604 2725 p.
619 2687 692 2716 861.
711 2688 742 2715 4.

182 2743 226 2749 —
247 2729 299 2758 21.
329 2726 362 2758 τί
384 2726 494 2770 παθὼν]
524 2728 646 2759 correxi
677 2727 708 2757 τί
733 2727 851 2767 μαθὼν,

142 2770 224 2808 quent!
239 2775 288 2800 est
302 2771 400 2810 magis
416 2769 565 2802 Atticum.
582 2781 637 2812 qno
651 2771 763 2801 motus?
779 2782 851 2811 qna-

141 2823 209 2842 nam
225 2823 243 2842 ιι
258 2823 291 2842 're
306 2814 466 2852 impulsus?

185 2872 229 2878 -
243 2857 294 2884 27.
300 2857 418 2908 ἀπορῶν
431 2857 489 2898 -]
513 2857 547 2887 F.
564 2858 683 2898 ἀποζῶν.
698 2853 769 2887 ἦσαν
788 2856 852 2897 γάρ.

143 2895 224 2928 ficar.
239 2897 308 2928 ἀλλ’
310 2917 363 2930 -—.

185 2942 259 2971 851.
276 2944 306 2972 4.
323 2941 350 2972 ἐν
360 2942 446 2994 ὑμῖν]
469 2942 628 2974 emendata
642 2941 854 2978 distinetione,

144 2992 212 3022 quae
234 2983 345 3015 vitiosa
366 2991 416 3016 est
438 2987 467 3017 in
487 2987 622 3026 vulgata,
645 2996 712 3016 uam
735 2996 854 3016 comma

144 3025 385 3060 transferendum
411 3036 458 3060 est
478 3034 510 3060 et
531 3039 611 3089 pone
629 3028 655 3060 ἒν
675 3030 744 3069 ὑμῖν
757 3029 853 3060 coilo-

1497 205 1575 249 197

869 313 1009 347 candum,
1024 313 1183 351 admoneo,
1206 314 1237 344 in
1257 314 1361 345 τούτων
1382 313 1542 345 subaudiri
1559 312 1580 343 ἃ

869 355 1078 397 ἐμαρτυςηο-αν.

913 417 955 421 -
970 401 1002 428 7.
1026 399 1189 429 τηλικαῦτα
1205 398 1287 428 τοίνυν
1302 400 1336 433 ὡς
1351 398 1460 449 δίκαια]
1477 399 1579 430 delevi

872 442 918 477 ὡς,
929 442 1008 471 forte
1024 445 1125 471 natum
1137 452 1153 471 e
1169 442 1362 490 compendio,
1373 453 1434 480 quo
1449 444 1478 472 in
1491 443 1580 473 libris

872 485 1120 515 Dernosthenicis
1135 495 1223 514 mann
1237 482 1371 514 exaratis
1388 485 1515 515 indicari
1531 497 1582 516 so-

872 528 934 557 lent
950 529 996 557 hae
1013 538 1116 563 voees,
1134 533 1185 558 aut
1205 526 1229 556 ὦ
1250 527 1338 568 ἄνδρες
1357 526 1514 564 Ἀθηναῖοι,
1529 534 1582 559 aut

873 575 894 600 οὖ
881 569 998 611 ἄνδρες
1010 571 1156 600 δικασταί.

916 616 1019 644 -14.
1032 612 1241 655 ἐπαιρομένους]
1256 613 1338 644 citat
1350 613 1380 642 h.
1390 612 1409 642 Ι.
1425 613 1582 653 Harpocr-

874 667 905 687 v.
920 656 1107 696 ἐπαιξόμενος.

915 718 959 722 —
973 701 1046 729 ibid.
1074 700 1088 731 ἢ
1111 699 1159 729 καὶ
1182 699 1216 729 δι’
1238 696 1384 739 ἑταιρείαν]
1410 698 1511 728 delevi
1526 697 1583 729 καί.

870 748 988 782 propter
1002 744 1172 780 amicitiam,
1193 744 1259 782 ejus
1275 749 1360 782 puta,
1375 741 1424 771 cui
1442 742 1584 772 testimo-

874 786 956 816 nium
974 791 1129 825 praestant.

916 847 959 852 —-
977 829 1051 859 ibid.
1067 828 1081 860 ἢ
1096 829 1143 858 καὶ
1159 827 1193 858 δι’
1204 826 1328 870 ἔχθραν]
1345 829 1411 868 ejus
1427 832 1512 868 puta,
1530 827 1585 858 ad·

877 883 981 903 versus
998 883 1085 911 quem
1102 876 1262 902 testantur.

918 934 960 938 —
977 919 1027 945 17.
1046 914 1312 956 μεμαρτυρηκότες]
1337 913 1466 944 subaudi
1481 914 1504 944 οἱ
1519 912 1584 952 ἐμοὶ

875 958 1135 1000 μεμαρτυρηκότες.
1188 959 1249 988 Sed
1278 957 1384 987 nescio
1409 961 1520 992 tamen,
1546 967 1585 987 an

877 1000 962 1037 οὗτοι,
979 1003 1028 1032 vel
1045 1002 1144 1032 simile
1160 1002 1245 1041 quid,
1261 1008 1331 1040 post
1346 1000 1396 1031 εῖεν
1409 1000 1572 1031 interierit.

920 1063 963 1067 —
975 1046 1052 1075 ibid.
1064 1045 1213 1085 ἑταιρεῖαι]
1231 1045 1353 1074 correxi
1369 1043 1502 1084 ἑταιρεία,
1516 1053 1586 1073 meo

878 1088 1037 1118 arbitratu.
1053 1089 1178 1127 vulgata
1201 1098 1239 1117 ex
1263 1088 1388 1126 antiquo
1408 1097 1491 1116 more
1509 1086 1587 1116 scri-

878 1130 969 1160 bendi
986 1136 1055 1161 nata
1071 1137 1127 1160 est.
1140 1135 1259 1161 veteres
1275 1131 1354 1159 enim
1371 1130 1507 1159 dativum
1524 1130 1587 1160 siu-

879 1174 1014 1213 guiarem
1031 1174 1060 1204 in
1076 1174 1249 1211 hujusmodi
1263 1174 1422 1202 vocabuiis
1441 1173 1505 1212 pari
1522 1183 1586 1202 mo-

879 1218 919 1246 do
942 1223 1033 1257 atque
1057 1217 1275 1247 nominativum
1298 1216 1446 1255 pluralem
1468 1217 1586 1246 scribe-

879 1261 962 1297 bant,
986 1261 1044 1289 boc
1074 1265 1132 1295 est,
1159 1260 1222 1290 iota
1251 1260 1287 1289 ad
1315 1260 1395 1289 latus
1422 1260 1586 1298 ponebant,

879 1304 959 1342 quod
972 1314 1027 1333 nos
1040 1303 1131 1333 hodie
1146 1303 1357 1344 supponimus.
1367 1302 1429 1332 οὔτε
1441 1304 1494 1343 γὰρ
1508 1302 1589 1332 ἐται-

878 1345 934 1387 ρείᾳ,
951 1346 996 1385 [id
1010 1351 1067 1382 est,
1078 1345 1113 1376 δι’
1127 1345 1293 1386 ἑταιξείαν],
1309 1345 1438 1376 subaudi
1455 1344 1518 1385 ἐμοὶ
1530 1356 1588 1384 με-

876 1389 1086 1430 μαρτυρήκασι.
1102 1400 1199 1429 neque
1213 1390 1292 1419 enim
1308 1389 1379 1419 ideo
1396 1390 1499 1418 testati
1514 1388 1588 1418 mihi

879 1438 960 1468 sunt,
974 1433 1055 1471 quod
1071 1436 1174 1463 essent
1186 1432 1247 1462 mei
1261 1433 1389 1462 sodales.
1401 1433 1499 1471 possit
1515 1442 1591 1472 quo·

879 1486 938 1515 que
953 1476 1045 1505 lectio
1061 1476 1179 1506 codicis
1194 1477 1276 1515 Aug.
1295 1475 1417 1516 {negeina
1430 1475 1476 1516 (in
1493 1476 1590 1505 nomi-

879 1518 999 1558 nativo)
1013 1519 1147 1558 probari.
1164 1529 1255 1559 neque
1267 1519 1344 1549 enim
1367 1519 1396 1548 hi
1416 1519 1475 1548 mei
1492 1523 1590 1549 testes

881 1567 954 1592 sunt
981 1563 1161 1599 sodalitium,
1186 1568 1309 1592 caterva
1336 1562 1589 1602 conspiratorum.

880 1606 929 1636 cui
945 1605 1070 1635 lectioni
1087 1606 1225 1645 inprimis
1237 1606 1341 1635 favent
1356 1605 1557 1644 insequentia.

923 1666 965 1671 —
979 1651 1031 1678 20.
1043 1647 1157 1690 ἔχθραι]
1172 1659 1276 1678 rursus
1291 1648 1413 1678 correxi
1428 1658 1495 1678 meo
1506 1647 1592 1687 judi-

881 1692 929 1721 cio
945 1691 1051 1732 ἔχθρα,
1066 1692 1099 1721 id
1115 1698 1173 1728 est,
1188 1689 1239 1721 δι”
1233 1691 1352 1733 εχνραν.
1383 1692 1444 1721 Sed
1460 1697 1491 1721 et
1507 1695 1588 1731 Aug.

881 1733 980 1777 ἒχὲροι
996 1746 1054 1765 non
1071 1739 1119 1764 est
1134 1735 1353 1765 contemnenda
1367 1735 1472 1764 lectio.

923 1796 967 1801 --
982 1780 1034 1809 21.
1052 1778 1150 1818 Φάνας]
1172 1778 1245 1808 olim
1265 1778 1425 1817 legebatur
1447 1777 1497 1807 hio
1519 1776 1591 1808 Στέ-

881 1829 974 1862 φανος.
997 1832 1087 1861 quem
1103 1822 1254 1861 'laylorus
1276 1821 1305 1851 in
1322 1821 1452 1850 Sohedis
1469 1832 1499 1860 p.
1515 1822 1592 1852 745.

882 1865 986 1895 habuit
1006 1876 1062 1904 pro
1085 1865 1139 1895 illo
1162 1866 1327 1904 Stephano,
1352 1870 1444 1903 poeta
1461 1863 1593 1900 comico,

882 1919 997 1947 querna
1008 1908 1214 1938 Demosthene
1226 1907 1350 1937 civitate
1359 1908 1502 1937 donatum
1513 1918 1594 1944 esse,

881 1951 942 1981 aiat
958 1953 1075 1981 Auctor
1094 1962 1261 1990 anonymus
1279 1951 1351 1980 vitae
1370 1950 1593 1990 Aristophanis-

884 1996 982 2024 Locus
998 1994 1155 2034 aTayloro
1166 1994 1344 2033 designatus
1361 2004 1390 2031 p.
1404 1994 1485 2023 XII.
1497 1994 1526 2023 b.
1542 1994 1592 2024 ed.

883 2037 1010 2067 Kusteri
1031 2042 1160 2076 prostat.
1179 2048 1268 2076 quern
1295 2037 1320 2067 si
1341 2036 1520 2076 diligentius
1542 2037 1591 2067 in-

882 2081 1008 2120 spicias,
1018 2081 1151 2117 videbis,
1162 2080 1386 2119 quae'raylorus
1394 2081 1432 2110 de
1439 2080 1596 2118 Stephano

882 2134 1039 2164 perperam
1055 2124 1185 2163 accepit,
1204 2125 1242 2154 de
1264 2123 1437 2163 Antiphane
1457 2134 1525 2153 esse
1540 2135 1592 2153 ao-

883 2167 1034 2208 cipienda.
1078 2168 1212 2197 Muttum
1234 2166 1283 2197 hic
1300 2177 1318 2197 a
1335 2177 1409 2197 vero
1429 2167 1515 2197 abest
1539 2168 1594 2198 bo·

883 2221 939 2240 nus
956 2211 1132 2241 Britannus.

924 2271 967 2276 —-
991 2257 1043 2285 24.
1071 2254 1108 2283 δι’
1130 2250 1245 2292 ἀπορίαν
1265 2252 1297 2282 ἄν
1319 2264 1364 2287 τις
1388 2253 1500 2294 φήσειε]
1525 2253 1595 2285 soil.

883 2308 998 2330 ΤΟυΤΟῑΙς
1008 2308 1069 2336 §faofi
1085 2307 1331 2337 μεμαξτυρηκξναί
1347 2298 1425 2326 κατὰ
1438 2296 1551 2328 Τούτου.

925 2359 969 2363 -
984 2351 1056 2380 pen.
1078 2339 1190 2381 ,uirgam
1205 2338 1229 2370 δ’
1243 2350 1317 2375 οντες
1331 2339 1488 2380 ἄνθρωποι]
1511 2340 1595 2371 idem

883 2388 931 2413 est
951 2395 985 2413 ac
1009 2384 1035 2414 si
1059 2384 1210 2413 dixisset:
1236 2384 1315 2414 ἄλλα
1338 2382 1534 2422 γινωσκόμενοι
1559 2384 1597 2418 ὣς

883 2426 957 2460 ὄντες
970 2425 1056 2468 μέτρ.
1072 2427 1101 2456 ἆ.
1119 2426 1193 2456 vel‘
1184 2424 1228 2456 σ’τι
1244 2426 1299 2455 εἶσι
1312 2438 1349 2465 μ.
1366 2426 1396 2455 ἅ.

928 2472 1003 2501 852.
1019 2475 1049 2502 6.
1065 2469 1166 2510 εἰπεῖν]
1183 2469 1313 2499 subaudi
1328 2468 1436 2499 ἑαυτόν.
1453 2479 1515 2500 non
1530 2480 1596 2500 mo-

884 2514 924 2544 do
940 2519 1029 2553 negat
1052 2524 1085 2543 se
1107 2514 1166 2543 ista
1184 2512 1315 2549 dixisse,
1338 2522 1407 2553 quae
1431 2516 1528 2544 testes
1546 2524 1595 2544 me

885 2567 953 2587 eum
970 2558 1090 2586 dixisse
1106 2557 1200 2586 aiunt.

925 2617 968 2622 —
983 2602 1013 2630 ¹7.
1035 2592 1176 2640 εἰρηκότα]
1198 2598 1327 2629 subaudi
1343 2597 1358 2631 ἦ
1372 2597 1470 2635 οὕτως,
1486 2598 1523 2634 ὡς
1539 2598 1594 2638 ἐγὼ

883 2641 990 2682 ἧλεγξα
1005 2644 1103 2672 τοῦτον
1119 2640 1254 2683 εἰρηκότα.

926 2703 969 2709 -
992 2688 1044 2716 13.
1071 2685 1154 2727 τότε]
1184 2685 1317 2715 cohaeret
1340 2694 1410 2715 curn
1436 2684 1597 2725 ἀφεθέντα,

884 2739 966 2768 quem
981 2730 1175 2759 meminerunt
1191 2733 1261 2759 tunc
1278 2729 1411 2758 emissum
1426 2729 1459 2758 in
1480 2729 1598 2758 Iiberta-

885 2779 951 2801 tem.
974 2773 1044 2812 quia
1061 2772 1152 2802 varim
1170 2770 1297 2802 Athenis
1315 2775 1402 2801 erant
1417 2770 1535 2810 ἀφέσεις
1550 2772 1596 2811 (e.

886 2825 913 2844 c.
924 2816 1058 2845 creditor
1074 2821 1124 2846 aut
1143 2820 1227 2845 actor
1238 2814 1399 2845 dicebatur
1413 2815 1596 2849 debitorem,

886 2863 940 2888 aut
962 2869 1059 2894 reum,
1083 2857 1192 2898 ἀφιέναι
1215 2857 1264 2887 καὶ
1290 2857 1505 2893 ἀπαλλάττειν,
1527 2867 1596 2887 oum

886 2901 1092 2952 profiteretur,
1119 2902 1176 2931 sibi
1195 2901 1255 2931 nihi
1261 2899 1268 2928 Ι
1285 2901 1323 2930 ab
1339 2910 1376 2929 eo
1394 2909 1597 2935 nummorum,

882 2945 1002 2984 jurisve
1026 2945 1171 2985 postulati
1200 2942 1345 2980 debere),
1369 2947 1531 2982 propterea
1557 2944 1595 2974 nd

887 2986 1026 3028 ἀφεθέντα
1043 2988 1128 3018 addit
1142 2985 1250 3026 ἑλεύθες
1252 2998 1278 3015 ον
1291 2996 1313 3015 ε.
1304 2984 1369 3015 ναι.

932 3050 972 3055 -
983 3033 1037 3063 26.
1045 3032 1094 3062 τοῦ
1108 3029 1265 3071 μάρτυρος]
1278 3028 1399 3060 Phanus
1409 3028 1597 3070 designatur.
