1931 3323
296 210 381 250 250

299 312 440 354 chippae)
455 317 674 342 monumentum
689 313 735 343 hic
751 313 930 353 [Phormio]
946 323 1011 342 con-

301 357 378 386 didit
389 366 478 396 prope
492 361 710 386 monumentum
723 355 784 385 heri
801 355 990 395 [Pasionis].

345 417 383 421 —
412 402 462 430 28.
485 396 531 439 iic]
556 398 628 428 dedi
651 400 689 428 de
711 409 779 428 meo
805 397 822 438 ᾗ
841 399 1012 438 καὶ-ᾳιια

302 443 399 471 virum
428 451 549 482 quoque,
580 452 638 472 non
668 452 728 478 me,
763 441 868 476 filiurn,
901 441 1014 470 solum·

303 484 407 514 modo.

345 545 390 550 —-
405 530 457 558 24.
472 524 626 568 Ἀνακείου]
649 527 733 556 Citat
749 528 778 556 h.
792 528 812 556 l.
830 527 1014 565 Harpocrat.

304 581 333 599 v.
349 569 486 599 Ἀνάκειον
500 579 530 599 ei
544 568 712 608 Ἀναγκεῖον.
738 571 818 600 unde
834 569 946 608 colligo
963 571 1017 598 At-

305 614 386 642 ticos
403 617 564 651 utrumque
583 613 764 642 vocabulum
783 623 946 651 usurpasse
964 623 1017 651 pro

306 656 461 695 ergastulo
482 656 669 695 castigandis
693 655 793 685 servis
818 655 889 684 mali
912 655 1016 684 moris.

306 699 372 729 vid.
395 699 638 729 concertationes
662 697 818 727 Maussaci
847 702 878 726 et
900 697 1018 727 Valesii

306 752 398 781 super
416 742 477 771 isto
494 741 594 779 H:.irp
611 742 690 770 loco.

350 786 445 814 11026.
469 787 500 814 6.
533 783 671 823 Βάρβαρος
701 784 754 822 γὰρ
781 780 915 822 ἐωνηὲης]
949 792 1018 810 cum

308 827 368 857 alia
399 827 594 856 Phormionis
625 826 741 864 flagitia
772 825 925 863 designat,
957 829 1019 853 tum

306 869 556 909 imprimisillud‚
572 869 653 906 quod
670 879 702 907 p.
715 869 809 897 1120.
821 870 851 898 9.
867 866 1021 905 attigerat.

308 912 439 952 capitale
455 912 535 941 enim
551 915 617 940 erat
630 921 731 946 servo,
748 910 802 948 qui
816 910 914 938 civem
928 909 1022 938 Athe-

309 955 444 984 niensem
462 959 644 992 stuprasset.
671 952 769 983 Laesio
782 952 862 981 enim
877 953 941 981 haec
958 954 1024 980 erat

308 998 476 1035 majestatis
488 998 617 1035 populo.
642 997 858 1025 Verumtamen
876 1004 933 1024 nou
949 993 1024 1023 satis

308 1040 459 1078 intelligo,
484 1049 620 1078 quaenam
643 1039 705 1068 ista
729 1039 789 1067 sint
812 1037 941 1073 scelera,
967 1046 1025 1076 per

308 1093 377 1122 quae
399 1083 468 1121 quis
490 1082 620 1121 spiritus
644 1082 763 1112 veniam
784 1080 939 1119 impetret,
955 1090 1023 1109 cum

310 1126 473 1155 meruisset
487 1135 607 1164 poenam
623 1125 730 1154 mortis
748 1124 890 1164 publicae.

351 1186 395 1191 ——-
411 1170 461 1198 16.
486 1168 586 1209 οἶμαι]
610 1168 680 1198 scil.
701 1166 846 1208 προσ-ήκειν
870 1164 934 1206 ἐμοὶ
960 1173 1025 1205 φρο-

310 1222 370 1241 νειν.

353 1272 395 1276 -
411 1255 463 1283 21.
487 1256 542 1282 τῶν
558 1254 666 1294 αὐτῶν]
686 1252 816 1282 subaudi
830 1251 849 1280 ἃ,
866 1249 921 1288 ἐγὼ
934 1250 1026 1290 τούτῳ

315 1296 440 1334 ἐγκαλῶ.

355 1357 398 1362 --
419 1341 471 1369 24.
495 1339 531 1371 εἷς
558 1339 658 1378 τουτο]
691 1339 806 1377 quippe,
838 1337 886 1366 vel
915 1342 1026 1375 utpote.

313 1388 383 1421 post
397 1383 562 1422 κατασχεῖν
579 1392 607 1410 v.
626 1384 675 1410 21.
695 1381 867 1420 ponendum
883 1384 930 1409 est
945 1390 1027 1408 com-

312 1435 372 1456 ma.
390 1424 615 1455 inextricabilis
632 1430 680 1453 est
696 1423 897 1458 constructio,
916 1422 945 1451 111
961 1422 1027 1451 haec

311 1469 415 1498 facias.
451 1479 519 1507 quae
545 1468 590 1496 sic
617 1468 727 1496 habet:
762 1466 822 1506 περὶ
853 1463 1029 1498 Πασικλέους

310 1510 360 1551 ἐρῶ
377 1510 423 1539 καὶ
441 1511 470 1541 οὐ
482 1521 669 1549 σιωπησομαι
682 1521 792 1543 ταυτα,
806 1508 825 1538 ἃ
842 1507 912 1542 τέως
925 1507 1029 1537 ἐδόκουν

312 1554 371 1584 ουδὲ
387 1556 442 1583 τῶν
457 1554 551 1582 ἄλλων
567 1553 701 1590 λεγόντων
718 1552 823 1581 ἀκούειν
840 1552 904 1586 δεῖν,
924 1561 1028 1591 παραι-

311 1597 472 1636 τησάμενος
487 1596 534 1625 καὶ
552 1595 651 1629 δεηθεὶς
666 1597 742 1634 ὑμῶν
760 1595 928 1633 συγγνωμην
943 1592 1030 1634 ἔχειν,

312 1639 334 1669 εί
353 1652 381 1669 ου
398 1639 520 1678 δύναμαι
534 1640 699 1679 κατασχεῖν
716 1649 814 1667 ταυτα
840 1637 906 1677 [aut
923 1637 1029 1675 potius

313 1681 455 1721 ἐμαυτὸν]
478 1680 669 1721 προεληλυθὼς
690 1681 727 1714 εἷς
747 1682 855 1716 τοῦτον,
876 1680 952 1709 ὥστε
977 1679 1029 1708 ὑπὸ

313 1728 368 1754 τῶν
392 1723 518 1763 ἐμαυτοῦ
545 1724 642 1754 δούλων
665 1722 812 1762 ὑβρισθείς.
866 1723 1029 1761 Vulgatam

314 1778 440 1797 servare
454 1768 479 1797 si
498 1767 586 1802 velis,
603 1768 684 1806 quod
699 1768 762 1795 lieri
781 1776 871 1806 posse
886 1766 965 1795 haud
984 1766 1029 1794 in-

314 1810 445 1845 fitiabor,
465 1809 522 1840 erit
538 1811 625 1840 τοῦτο
640 1809 739 1848 accipi
764 1820 832 1848 pro,
854 1809 976 1838 delatus
1000 1808 1030 1837 in

313 1854 395 1883 hunc
411 1853 524 1887 locum,
541 1864 595 1882 seu
613 1852 772 1887 orationis,
789 1863 841 1881 seu
863 1851 1029 1881 necessita-

314 1897 367 1931 tis,
384 1899 418 1925 ut
432 1906 480 1925 me
496 1906 643 1933 nequeam
657 1895 827 1931 continere,
843 1898 906 1930 aut,
921 1899 954 1923 ut
964 1894 1030 1923 haec

315 1949 463 1977 nequeam
481 1938 685 1977 supprimere.

362 1983 455 2011 1127.
472 1983 501 2011 2.
517 1980 774 2020 παραπεπτωκὼς]
798 1979 830 2008 id
851 1982 911 2014 est,
937 1989 1031 2019 παροι-

315 2026 422 2072 φρονῶν.
443 2034 497 2062 pro
511 2033 556 2058 ea,
577 2034 635 2064 qua
650 2029 688 2052 est
706 2023 835 2052 stultitia
852 2028 938 2060 utque
952 2023 1031 2051 insa-

315 2068 378 2096 nia.
393 2067 495 2096 malim
506 2070 606 2096 tamen
616 2065 841 2097 ὑποπεπτωκώς.
860 2063 1032 2094 Phormioni

316 2119 370 2139 sese
385 2109 553 2139 submittens
573 2115 599 2138 et
620 2108 786 2145 suljiciens,
807 2116 968 2145 moremque
986 2107 1032 2136 illi

316 2152 402 2181 *rebus
416 2153 446 2182 in
459 2152 590 2180 omnibus
602 2160 718 2190 gerens.
741 2149 946 2179 Recentiores
964 2149 1032 2188 qui-

316 2195 387 2224 dem
404 2193 505 2224 Graeci
521 2192 718 2233 παραπίπτειν
737 2193 782 2221 sic·
804 2196 961 2231 usurpant,
979 2192 1031 2222 sed

317 2237 392 2267 alias
409 2236 506 2266 Attici
521 2237 579 2265 hoc
601 2245 694 2265 sensu
710 2233 903 2274 παραπταίειν
914 2235 1032 2264 dicunt.

318 2290 388 2309 num
420 2289 493 2317 ergo
524 2279 610 2308 dedit
640 2283 742 2308 orator
775 2278 1033 2316 παραπεπταικῶς.

318 2323 438 2352 tametsi
454 2322 483 2351 iu
503 2322 640 2360 perfecto
657 2321 761 2359 potius
778 2320 915 2350 ἐ’ωταικα
931 2321 1034 2350 dicere

319 2370 429 2400 amant,
446 2374 535 2403 quam
551 2365 715 2394 πέπταικα.
739 2364 785 2393 An
798 2363 1033 2397 ὑποπεπτωκώςέ

360 2426 404 2430 —-
425 2409 477 2437 13.
500 2406 640 2446 ἀσπίδας]
665 2407 789 2436 solenne
806 2411 873 2436 erat
895 2406 952 2436 hoc
970 2417 1034 2436 mu-

319 2461 389 2486 nus,
406 2452 462 2481 sed
486 2454 569 2479 tanto
587 2449 710 2489 dignius
736 2448 876 2483 Pasinne,
903 2450 984 2488 quod
1008 2449 1035 2479 is

320 2492 470 2524 officinam
492 2493 636 2528 habebat,
661 2492 691 2522 in
716 2503 776 2532 qua
797 2496 884 2522 scuta
899 2493 1036 2521 fabrefie-

321 2536 405 2565 bant.

677 208 709 248 1.
740 207 774 247 Ι.
807 206 1029 248 REISKE
1063 206 1392 248 ANNOTATA

1090 330 1130 335 ——-
1148 313 1222 343 ibid.
1247 312 1296 342 καὶ
1323 311 1445 352 πολλὰ]
1480 309 1653 350 111011111καὶ
1679 310 1761 339 ἄλλα

1047 355 1163 385 πολλά.

1090 416 1133 420 -—
1147 399 1195 428 15.
1210 396 1413 437 ἐτριηράρχησε
1428 394 1623 437 τριηραρχίας]
1641 394 1763 424 videtur

1048 440 1098 470 hic
1119 451 1263 471 numerus
1285 440 1551 473 trierarchatuum,
1567 449 1644 478 quos
1668 437 1765 476 gessit

1051 484 1154 519 Pasio,
1170 484 1291 513 deesse.
1313 483 1385 522 quid
1403 483 1429 512 si
1445 482 1577 521 legimus
1598 485 1612 510 ἒ
1628 479 1764 520 ἐτριηράρ-

1049 537 1124 567 χησε
1143 527 1191 567 [id
1207 531 1264 562 est,
1283 525 1382 565 πέντε]
1399 523 1591 566 τριηραρχίας
1613 534 1680 553 nam
1702 533 1765 552 suae

1051 570 1181 609 quisque
1198 570 1285 599 navis
1302 573 1367 598 erat
1384 568 1581 603 trierarchus,
1599 567 1629 596 11.
1643 577 1669 595 e.
1687 567 1765 604 ejus,

1052 623 1140 651 quani
1160 613 1224 643 suis
1240 613 1391 642 sumtibus
1406 611 1600 641 condidisset
1614 613 1703 648 atque
1720 608 1765 637 in-

1052 655 1229 685 struxisset.
1276 655 1417 704 Quinque
1438 654 1577 684 triremes
1598 656 1698 682 autem
1718 649 1766 680 hic

1052 698 1166 728 dicitur
1190 698 1283 727 Pasio
1313 698 1390 736 reip.
1411 696 1591 726 contulisse.
1615 694 1674 724 fuit
1693 703 1767 732 ergo

1052 741 1213 779 quinquies
1230 740 1427 770 trierarchus-
1454 743 1528 778 quot
1543 738 1621 768 enim
1639 737 1767 776 quisque

1054 784 1206 823 triremes,
1223 793 1276 811 seu
1290 784 1409 820 jussus,
1432 793 1486 812 seu
1507 785 1618 820 sponte
1637 790 1702 815 sua,
1721 789 1768 807 ar-

1054 830 1163 860 maret,
1180 824 1271 854 toties
1290 825 1380 854 fiebat
1400 824 1604 862 trierarchus;
1630 833 1688 852 non
1706 832 1767 851 uno

1056 878 1146 903 anno,
1164 867 1218 896 sed
1233 867 1302 896 aliis
1315 873 1405 905 atque
1418 867 1487 896 aliis
1499 865 1769 905 consequentibus,

1098 928 1142 932 —
1154 911 1205 939 25.
1222 908 1235 939 ἥ
1252 910 1312 949 τις]
1331 910 1432 939 malim
1447 908 1461 940 ἢ
1475 908 1555 942 ὅστις
1566 907 1687 942 ἕκαστος
1700 905 1768 936 ἐκεί-

1056 963 1102 981 νων
1119 952 1204 992 [scil.
1219 951 1415 993 ὀνομάζεται]
1449 951 1606 981 Sententia
1621 956 1668 981 est
1683 951 1747 979 haec
1762 961 1769 978 ς

1057 996 1131 1025 1111111
1158 995 1238 1024 enim
1263 996 1301 1024 ad
1327 1006 1389 1025 rem
1411 995 1497 1030 facit,
1520 994 1613 1024 alicui
1634 997 1768 1024 vestrum

1058 1049 1128 1068 esse
1145 1048 1281 1073 servum,
1295 1038 1346 1077 qui
1357 1039 1466 1077 Syrus,
1483 1037 1535 1067 alii
1550 1048 1618 1067 esse
1635 1046 1771 1070 servum,

1059 1081 1112 1120 qui
1129 1082 1249 1116 Manes,
1270 1081 1338 1110 aliis
1355 1081 1443 1115 alios,
1461 1080 1513 1119 qui
1528 1080 1615 1110 aliter
1635 1089 1771 1118 quocun-

1060 1135 1118 1162 que
1141 1125 1262 1154 tandem
1287 1123 1407 1154 nomine
1428 1123 1641 1162 appellantur3
1668 1127 1772 1151 nostro

1061 1171 1161 1196 antem
1177 1177 1268 1196 servo
1285 1177 1392 1197 nomen
1406 1177 1474 1196 esse
1490 1164 1680 1196 Phormioni.
1714 1165 1773 1193 Fa-

1061 1210 1150 1239 cinus
1166 1210 1246 1239 idem
1264 1220 1385 1249 semper
1401 1215 1459 1247 est,
1472 1209 1675 1249 quodcunque
1689 1207 1729 1237 sit
1745 1207 1773 1236 ei

1061 1263 1182 1288 nomen,
1212 1252 1265 1291 qui
1295 1253 1489 1292 perpetr·1rit.
1543 1252 1636 1281 Unde
1675 1254 1770 1289 patet,

1061 1300 1130 1336 post
1142 1296 1244 1330 verba,
1252 1307 1329 1329 ουτος
1340 1296 1367 1326 δὲ
1379 1293 1512 1335 Φορμίων,
1522 1295 1632 1324 deesse
1643 1292 1772 1333 διαφέρει,

1105 1341 1242 1369 11018.1
1257 1350 1303 1368 τον
1319 1337 1503 1378 ἀφῃρημένον]
1521 1337 1588 1366 scil.
1603 1335 1657 1376 ἐμὲ
1673 1348 1706 1365 το
1721 1343 1773 1365 λα-

1061 1379 1116 1410 ξεῖν
1131 1381 1202 1412 δίκην
1218 1384 1297 1419 παρὰ
1312 1393 1424 1411 τουτου.
1439 1381 1541 1420 punite
1553 1390 1629 1414 eum,
1642 1378 1773 1419 quimihi

1061 1423 1361 1464 eripuitjacuttatem
1379 1424 1457 1453 huuc
1472 1423 1673 1453 Phormionem
1689 1422 1776 1452 casti-

1059 1468 1167 1507 gandi.
1192 1467 1343 1505 significat
1360 1467 1558 1506 Stephanum.

1105 1512 1192 1540 —7.
1215 1508 1246 1538 τί
1260 1508 1317 1551 οὖν]
1338 1511 1366 1539 11.
1380 1510 1402 1540 1.
1419 1509 1538 1548 accipio
1553 1519 1612 1538 non
1632 1518 1689 1547 pro
1705 1507 1776 1547 quid

1062 1554 1160 1592 igitur
1169 1554 1184 1582 ἕ
1207 1553 1262 1582 sed
1278 1564 1341 1602 pro
1365 1563 1418 1582 cur
1435 1554 1585 1592 igitur-
1599 1551 1663 1580 Cur
1677 1550 1776 1590 igitur

1062 1606 1107 1625 scr
1112 1597 1204 1634 iptnm
1218 1601 1258 1625 est
1274 1597 1303 1625 z'n
1310 1595 1367 1636 tor
1369 1596 1450 1625 mula
1462 1597 1506 1626 tui
1519 1594 1675 1625 testimonii
1687 1594 1731 1631 id,
1742 1594 1777 1622 de

1062 1649 1117 1679 quo
1134 1645 1168 1668 tn.
1185 1640 1285 1668 testari
1298 1639 1435 1668 recusas?

1105 1698 1148 1704 —-
1169 1684 1199 1711 8.
1223 1682 1397 1722 ἀπειλῆφου]
1422 1681 1544 1712 correxi
1567 1678 1734 1717 ἀπηλείφου.
1759 1689 1775 1708 a

1064 1726 1158 1754 verbo
1182 1722 1365 1763 ἀπαλείφειν.
1388 1735 1443 1754 cur
1457 1725 1556 1764 itaque
1575 1724 1668 1753 locum
1689 1722 1778 1752 illum

1063 1769 1189 1806 expungi
1205 1773 1233 1797 et
1249 1768 1399 1797 obliterari
1413 1767 1456 1797 m'l
1473 1766 1605 1798 curasti?

1106 1827 1149 1831 —
1166 1811 1241 1839 ibid.
1264 1809 1309 1844 τίς
1331 1807 1372 1839 οὖν
1383 1810 1439 1850 ——]
1466 1809 1594 1840 subaudi
1618 1806 1693 1837 ἐστί.
1717 1807 1776 1836 1100

1065 1859 1124 1889 est,
1141 1850 1172 1882 τί
1185 1852 1277 1891 λέγει,
1290 1853 1360 1892 quid
1371 1854 1469 1893 itaque
1483 1853 1537 1883 sibi
1546 1853 1610 1883 vult
1622 1850 1686 1879 —·-?
1709 1851 1780 1889 quid

1064 1897 1107 1925 ait
1118 1895 1181 1923 —?

1107 1956 1151 1961 -—
1180 1940 1208 1968 9.
1241 1935 1288 1968 ἐὰν
1315 1936 1580 1978 μεμαρτυρηκέναι]
1612 1936 1717 1966 addidi
1751 1934 1778 1965 δὲ

1065 1981 1104 2011 de
1128 1991 1210 2021 tneo,
1235 1987 1268 2010 ut
1293 1981 1334 2010 sit
1357 1979 1404 2010 ἐὰν
1430 1980 1459 2010 δὲ
1479 1978 1779 2020 μεμαρτυρηκέναι-

1066 2024 1134 2053 scil.
1150 2024 1285 2063 φήσουσιν
1296 2025 1393 2052 -εἰη
1407 2029 1505 2053 autem
1519 2024 1627 2054 dicent.
1644 2033 1674 2052 v.
1690 2033 1718 2051 v,
1736 2024 1767 2052 6.

1107 2083 1150 2088 —-
1166 2068 1218 2095 10.
1235 2064 1464 2107 ἐπιτροπεύσειν]
1480 2067 1601 2096 correxi
1613 2064 1780 2106 ἐπιτροπεῦ-

1066 2119 1125 2138 σαι.
1146 2108 1286 2138 Pasicles
1302 2109 1381 2138 enim
1394 2108 1458 2148 jam
1475 2112 1662 2148 pervenerat
1677 2108 1713 2138 ad
1732 2113 1779 2138 tu-

1065 2151 1157 2181 telam
1171 2160 1267 2180 suam.
1280 2161 1309 2181 v.
1327 2161 1357 2189 p.
1375 2153 1470 2182 1099.
1489 2154 1518 2181 2.

1108 2212 1152 2216 —
1169 2197 1220 2223 11.
1244 2192 1291 2223 τὸν
1312 2192 1334 2222 δ’
1355 2192 1446 2234 ἔχειν]
1471 2194 1539 2224 scil.
1562 2195 1617 2226 τὰς
1640 2192 1781 2227 διαθήκας

1065 2237 1142 2266 -εἰ
1170 2236 1267 2266 dicent
1293 2236 1380 2265 ‘illum
1411 2236 1646 2276 [Amphionem]
1680 2236 1782 2266 habere

1064 2289 1150 2319 penes
1160 2288 1187 2309 se
1200 2279 1364 2309 testamenti
1376 2280 1540 2309 tabutas—
1550 2278 1617 2308 τότε
1628 2279 1782 2308 ἀπαντᾶτε

1067 2322 1177 2357 αὐτοῖς,
1188 2327 1251 2352 tum
1264 2322 1409 2352 occurrite
1418 2323 1487 2361 ipsis
1502 2322 1546 2352 his
1559 2321 1668 2352 verbis.-
1687 2321 1781 2356 Quas-

1068 2376 1137 2395 nam
1152 2364 1276 2394 tabulas.

1112 2425 1155 2432 -—
1171 2410 1222 2438 12.
1245 2404 1335 2447 οὗτοι]
1361 2407 1511 2444 Pasicles,
1530 2407 1690 2443 Nicocles‚
1715 2409 1781 2446 ejus

1071 2454 1164 2487 tutor,
1183 2455 1214 2479 et
1230 2449 1388 2480 Phormio.

1113 2511 1156 2516 -—-
1175 2495 1224 2523 13.
1241 2491 1359 2534 ἐκείνων]
1376 2494 1550 2533 Stephanus
1567 2494 1695 2532 ejusque
1710 2503 1782 2523 con-

1071 2540 1183 2572 sortes,
1200 2535 1431 2576 Cephisophon,
1447 2535 1612 2576 Amphion.

359 2667 444 2709 AD
477 2649 847 2711 ORATIONEM
883 2670 1224 2713 SECUNDAM
1256 2671 1321 2712 IN
1354 2671 1747 2712 STEPHANUM.

364 2786 422 2815 Est
436 2784 513 2815 hic
502 2798 514 2815 ο
535 2783 655 2823 δεύτερος
671 2785 751 2814 vel‘
741 2797 752 2814 ο
772 2784 882 2825 ὕστερος
905 2785 986 2824 λόγος
1001 2785 1031 2815 in

321 2828 427 2857 eadem
442 2837 544 2863 causa,
561 2832 592 2856 et
603 2832 766 2856 occurrunt
783 2828 812 2858 in
825 2828 881 2858 hae
899 2829 1035 2859 oratione

320 2876 498 2910 argumenta
514 2880 571 2900 non
586 2880 695 2921 pnuca,
713 2870 807 2899 multo
824 2871 966 2909 gratiora
982 2872 1032 2907 iis,

321 2923 389 2952 quae
406 2913 417 2942 ὁ
432 2912 566 2954 πρότερος
581 2911 661 2950 λόγος
676 2913 830 2942 attulerat.

363 2958 459 2986 1129.
476 2958 506 2987 9.
528 2954 647 2996 εὐθέως]
671 2955 772 2986 statim
797 2966 813 2985 a
837 2955 934 2996 primo
951 2955 1032 2995 priu-

320 2998 404 3038 cipio
419 2999 663 3030 machinationis,

1114 2788 1210 2817 1130.
1242 2798 1313 2826 pen.
1345 2785 1552 2837 ἐκμαρτυρίαν]
1591 2787 1673 2817 Citat
1703 2787 1732 2817 11.
1764 2788 1784 2817 Ι.

1074 2829 1227 2868 Harpocr.
1245 2840 1276 2859 v.
1292 2827 1477 2870 ἐκμαρτυρία.

1113 2890 1155 2894 -—
1170 2873 1224 2901 ult
1241 2871 1432 2921 ἐπισκέψεως]
1451 2872 1574 2902 correxi
1585 2871 1786 2910 εωισκῆψεως.

1070 2915 1136 2953 pari
1154 2916 1224 2953 jure
1249 2916 1339 2944 tinere
1363 2916 1509 2954 excipere
1531 2920 1636 2944 contra
1657 2917 1785 2945 extesti-

1069 2957 1203 2987 monium
1224 2955 1442 2998 (ἐκμαρτυρίαν)
1467 2962 1558 2996 atque
1579 2958 1681 2996 ipsum
1699 2959 1787 2998 testi-

1070 3000 1217 3036 monium,
1240 3005 1270 3029 et
1294 3001 1466 3030 convictum
1488 3001 1573 3032 sulsae
1596 3001 1787 3042 ἐκμαρτυρίας
