1948 3322
413 200 496 242 AD
530 197 898 241 ORATIONEM
934 197 1053 238 PRO
1087 199 1359 241 CORONA.

199 326 241 331 -—
256 310 288 339 7.
309 306 551 348 ’ῐαμβειογράφος]
577 304 703 345 praetuli
720 303 860 344 Ἰαμβειο-

156 352 258 391 φάγος.
278 361 366 391 quam
386 349 626 380 terminationem
642 349 732 387 φάγος
747 349 863 377 addunt

155 395 324 429 vocabulis,
349 393 521 431 significare
543 392 682 422 volentes
706 402 787 426 enm,
810 391 862 430 qui

141 448 220 467 .rem
235 437 354 467 assidue
378 441 499 471 tractat,
525 446 620 475 eaque
644 434 792 464 exsatiari
809 445 860 464 ne-

157 481 232 519 quit.
260 480 472 518 Hermogenes
488 490 559 518 pag.
576 480 650 509 350.
668 477 743 517 λέξις
757 477 785 507 δὲ
802 479 860 507 πέί-

155 534 197 553 σα
208 520 264 561 μὲν
278 523 292 553 ἦ
307 523 430 564 τραχεῖα
443 533 490 551 και
506 521 614 561 σφοδρῒι
630 521 678 550 καὶ
701 520 860 559 πεποιημέ-

153 576 194 601 νη,
209 564 357 595 sederem*
344 576 405 606 εχει
420 577 470 595 τη
482 565 552 604 μετ’
565 563 644 604 ὀργῆς
657 565 705 593 καὶ
719 565 861 604 μάλιστα

153 605 180 638 ἐν
195 609 260 641 ταῖς
280 607 436 648 ἐπιφοραῖς,
458 607 483 637 ἐν
497 605 541 642 αἷς
555 606 603 638 καὶ
618 607 647 636 αἱ
663 609 706 647 μὴ
722 606 860 642 συνηὲεις,

151 649 270 680 αυτόθεν
284 651 312 681 δὲ
327 650 512 690 πεποιημέναι
527 648 617 690 καιρὲν
631 648 754 690 ἔχουσιν,
766 651 861 690 ὥσπερ

151 691 186 722 τὸ
202 691 442 747 ἸαμΕειογράφος,
462 694 512 724 καὶ
533 694 567 723 τὸ
590 693 860 733 γραμματοκύφων,

152 735 198 765 καὶ
213 738 308 766 πᾶσαί
323 748 353 766 αὖ
368 748 500 767 ‘rom-vrak
520 747 608 778 κᾱῑξῧν
623 735 720 777 ἔσχον,
740 735 862 766 ave-05&

151 778 299 818 δόξασαι’
284 779 343 810 aon-6
356 790 432 813 τινας
446 779 601 814 διαθέσεως
624 785 656 809 λε
650 778 770 818 γεσθαι.
787 780 859 810 item

151 831 184 861 p
200 822 275 852 256.
301 823 489 852 scholiastes
505 825 694 861 Hermogen.
716 834 862 874 γραμμα-

151 863 278 904 τοκύφων
304 865 376 894 οἱονει
404 866 536 905 νοτάριος·
563 866 611 896 καὶ
640 868 693 906 γὰρ
725 863 861 906 Αἰσχίνης

151 918 346 948 γραμματευς
360 919 388 938 ην
400 919 450 938 του
462 909 562 948 δ’ἦμου.
573 908 607 939 τὸ
617 909 644 938 δὲ
657 907 862 947 Ἰαμβιοφαγος

150 951 214 981 ἀντὶ
226 953 275 982 τοῦ
287 951 430 991 ὑβριστής·
448 951 592 992 ἰαμβίζειν
606 954 660 992 γὰρ
673 951 706 981 τὸ
718 952 863 982 σκώπτειν

152 992 240 1024 ἐστίν.

194 1055 239 1060 -—-
255 1040 306 1067 10.
323 1037 394 1068 δυοῖν
407 1035 490 1068 ‹eb-riv
503 1038 610 1077 ἀνάγκη
632 1036 766 1078 θάτερον]
789 1039 861 1067 sub-

152 1081 224 1111 audi
240 1081 335 1111 ποιεῖν.

195 1141 238 1146 ——
254 1127 306 1154 14.
324 1120 370 1163 ἆρ’
384 1121 426 1153 ουν
448 1121 502 1154 οὐδ’
516 1122 624 1164 ἔλεγεν]
651 1123 730 1152 foret
752 1122 860 1162 utique

152 1165 249 1196 dictio
273 1167 404 1205 planior,
431 1166 458 1195 si
484 1166 529 1196 sic
556 1167 710 1196 dixisset.
729 1163 787 1205 εἶρα
807 1176 860 1201 ουν,

151 1209 254 1250 ὥσπερ
275 1208 348 1239 οὐδὲν
366 1208 493 1249 ἔγραφεν,
520 1208 596 1239 ἡνίκα
620 1207 805 1248 ἐργάσασθαί
830 1221 860 1238 τι

150 1253 228 1291 ὖμὲἱς
243 1251 295 1282 ἔδει
305 1251 392 1282 καλόν
403 1252 450 1282 καὶ
463 1251 617 1291 συμφέρον,
630 1251 701 1282 οὕτω
713 1251 761 1281 καὶ
774 1252 862 1281 πάλιν

150 1294 224 1326 οὐδὲν
237 1294 340 1334 ἔλεγεν,
355 1294 424 1325 ἀλλ’
436 1294 603 1331 ἐσιώπησεν,
619 1293 694 1326 ἡνίκα
709 1295 762 1325 ἔδει
779 1293 860 1335 ἐργά-

149 1335 267 1368 σασθαί
277 1350 307 1368 τι
319 1337 404 1369 κακὸν
417 1338 465 1368 καὶ
479 1338 642 1380 ἀσύμφορον
656 1339 744 1378 ὑμᾶς.
768 1339 862 1374 Νιιιιι,

151 1382 404 1420 quemadmodum
422 1382 580 1412 sententiae
601 1382 713 1411 nullius
736 1381 861 1421 scriptae

152 1429 258 1454 auctor
270 1425 368 1455 factus
383 1430 440 1461 est,
457 1431 532 1461 tum,
544 1436 613 1455 cum
627 1426 783 1455 honestam
796 1435 861 1455 rem

153 1471 244 1507 atque
266 1468 429 1509 salutarem
454 1469 564 1498 essetis
590 1468 783 1508 suscepturi;
817 1467 861 1498 ita

152 1521 259 1541 rursus
288 1521 407 1551 quoque
437 1512 543 1547 tacuit,
573 1521 643 1541 cum
673 1512 862 1550 agitarentur

153 1553 256 1594 turpia
271 1559 304 1584 et
317 1554 487 1585 damnosa‘!
510 1556 551 1585 Et
578 1555 644 1584 haec
670 1555 730 1584 fuit
753 1555 861 1594 utique

152 1597 302 1627 sententia
331 1598 471 1628 oratoris.
505 1608 612 1627 verum
638 1597 762 1628 nimium
793 1599 861 1636 ejus

151 1639 286 1670 studium
302 1641 463 1671 brevitatis
478 1646 569 1680 atque
581 1641 794 1671 concinnitatis
806 1642 862 1671 im-

150 1682 261 1723 plicuit
289 1689 321 1715 et
343 1683 376 1714 in
401 1684 588 1715 contrarium
617 1685 707 1724 plane
735 1685 862 1715 invertit

152 1727 331 1757 orationem.

144 1776 145 1779 ’
191 1787 236 1793 -
250 1772 303 1801 24.
317 1773 399 1801 καλῶ
414 1769 438 1800 δ’
448 1768 578 1823 ἐναντίον]
595 1771 747 1802 Aristides
765 1771 803 1800 de
819 1771 861 1800 D.

151 1813 187 1843 C.
199 1824 232 1853 p.
247 1815 321 1845 246.
344 1812 528 1854 ἀξιοπιστίας
542 1813 570 1843 δὲ
585 1814 634 1844 και
649 1814 683 1844 τὸ
699 1826 758 1848 τοις
777 1813 862 1854 ὅρκοις

148 1855 200 1886 καὶ
213 1857 281 1890 ταῖς
294 1857 374 1898 ἀραῖς
386 1856 521 1899 χρῆσθαι.
537 1855 597 1887 οἷον·
614 1860 694 1887 καλῶ
711 1857 734 1887 δ’
747 1856 862 1888 ἐναντίον

150 1900 230 1940 ὑμῶν
253 1901 318 1934 τοὺς
341 1900 423 1935 θεοὺς
432 1917 486 1929 —-.
509 1901 724 1952 Hermogenes
738 1911 770 1940 p.
786 1902 861 1931 319.

149 1941 194 1972 ἔτι
209 1941 314 1982 ἀφελές
328 1954 360 1973 τε
375 1955 423 1972 και
440 1942 528 1974 ἦθικόν
546 1941 615 1973 κατ’
629 1943 732 1979 ἔννοιαν,
756 1943 804 1973 καὶ
827 1943 861 1973 τὸ

151 1983 186 2015 δι’
200 1984 281 2025 δ’ρκων
295 1984 494 2016 πιστοῦσθαιε
483 1997 579 2021 οτιουν,
592 1987 674 2017 ἀλλὰ
688 1989 731 2026 μὴ
747 1986 791 2016 δια
807 1989 862 2016 τῶν

150 2029 350 2069 πραγμάτων.
363 2025 421 2060 οιον·
433 2031 514 2058 καλῶ
526 2028 553 2059 δὲ
566 2040 631 2063 τους
643 2029 723 2063 θεοὺς
733 2047 777 2052 —-
788 2030 861 2059 item

149 2081 182 2111 p.
199 2073 274 2102 345.

192 2116 267 2146 275.
282 2117 332 2145 14.
350 2114 392 2155 ὃς]
408 2114 558 2154 praetuli
545 2128 557 2144 ο
570 2113 629 2145 καί.
644 2127 712 2146 nam
725 2126 782 2146 non
796 2117 861 2146 bel-

148 2156 212 2187 lum
237 2158 459 2198 Amphissense
476 2160 602 2188 Graecos
629 2160 860 2199 pessumdedit;

149 2201 204 2231 sed
220 2201 291 2237 hoc,
307 2202 390 2241 quod
404 2202 506 2231 Graeei
523 2202 701 2242 Philippum
713 2203 743 2232 in
761 2203 862 2233 conci-

147 2243 222 2274 lium
238 2245 528 2285 Amphictyonicum
546 2245 745 2281 admiserunt,
771 2246 861 2285 eique

150 2287 223 2317 belli
245 2289 324 2318 sacri
349 2298 499 2318 summum
522 2288 685 2328 imperium
709 2289 860 2329 permise-

148 2335 230 2361 runt.

191 2390 236 2396 -—-
250 2375 302 2404 27.
325 2372 390 2414 πρὸς
416 2373 539 2414 ἱστορίαν
565 2376 621 2404 τῶν
648 2374 754 2415 κακῶν]
795 2375 859 2405 Atii

149 2415 218 2457 πρὸς
241 2415 377 2457 σωτηρίαν
397 2428 427 2446 τ.
443 2428 471 2446 κ.
492 2418 576 2447 dant.
599 2418 638 2448 ad
660 2419 858 2448 restauratio-

148 2470 217 2489 nem
234 2459 264 2490 in
280 2460 434 2490 meliorem
451 2464 574 2495 statum,
589 2461 803 2491 retractionem
827 2460 858 2490 in

125 2502 278 2543 ssalvum.
323 2502 517 2539 Dubitarem,
531 2509 598 2533 utra
613 2504 707 2534 lectio
723 2504 765 2533 sit
778 2515 858 2544 prae-

98 2551 118 2562 ””
147 2546 283 2581 ferenda,
300 2546 358 2577 nisi
374 2526 528 2585 vulgatam
545 2547 690 2577 fulcirent
709 2547 763 2577 itta
786 2558 858 2587 pag.

148 2590 222 2641 286.
245 2593 275 2621 6.
295 2588 394 2629 μικρὸν
416 2589 611 2624 ἀναλώσαντες
633 2589 737 2632 χρόνον,
759 2590 860 2629 πολλῳ

147 2642 221 2672 ιιιιρος·
234 2645 275 2663 τα
290 2634 378 2664 λοιπα
391 2644 444 2668 της
463 2631 609 2667 πολιτείας
628 2632 726 2664 ἔσεσθ’
747 2631 859 2673 ἐμωει-

146 2674 256 2716 ρότέξοί.

191 2721 264 2750 276.
277 2721 307 2750 6.
323 2718 417 2760 αὐτῷ’]
435 2721 473 2750 ab
488 2717 578 2749 ἐδειτο
594 2719 757 2758 interjecto
773 2730 858 2749 com-

147 2766 226 2792 mate
240 2762 409 2802 dispescui,
425 2762 497 2802 quia
517 2773 683 2802 pronomen
708 2773 766 2793 non
788 2774 857 2793 cum

149 2805 244 2835 verbo
268 2806 338 2842 hoc,
364 2806 419 2836 sed
445 2815 512 2835 cum
539 2804 654 2845 ἐξήγετο
677 2810 707 2835 et
729 2806 859 2844 εἰσήγετο

149 2847 292 2878 cohaeret.
318 2848 391 2888 quia
418 2848 479 2887 ipsi
505 2859 602 2889 neque
626 2850 859 2889 exportabatur,

149 2898 246 2939 neque
270 2892 491 2932 importabatur
512 2893 688 2932 quicquam,
710 2893 740 2922 h.
767 2903 794 2922 e.
819 2903 858 2922 ex

150 2932 217 2971 ejus
232 2935 378 2983 emporiis
401 2935 475 2965 nihil
498 2936 717 2976 exportabatur
742 2946 858 2972 eorum,

151 2984 218 3020 quae
238 2976 269 3006 in
289 2977 397 3008 finibus
420 2979 487 3017 ejus
509 2979 736 3019 provenissent,
757 2989 859 3019 neque

151 3027 256 3049 rursus
270 3020 307 3051 ad
330 3022 397 3060 ejus
417 3021 555 3061 emporia
580 3022 789 3053 advehebatur
808 3033 859 3053 eo-

1552 200 1605 239 77

894 314 962 334 rum
978 303 1153 344 quicquam,
1165 306 1275 343 quibus
1291 306 1360 346 ipse
1376 315 1455 345 opus
1470 305 1608 336 haberet.

936 364 980 369 -—
997 350 1049 377 21.
1070 349 1183 389 τοῦτον]
1212 349 1280 378 scil.
1305 349 1351 378 τὶν
1376 348 1608 389 Ἀμφικτυονικόν

895 391 1029 428 πόλεμον.

938 435 1058 463 277.1.
1077 431 1253 473 προξληθεὶς]
1278 432 1362 462 Citat
1386 434 1458 464 h.1.
1482 435 1607 475 Harpo-

894 481 959 505 crat
976 486 1005 504 v.
1027 474 1280 516 προέαλλομένους.
1305 476 1359 515 qui
1388 476 1543 516 Harpocr.
1565 489 1605 509 ex

894 519 952 549 hoc
967 519 1058 548 Dem.
1075 520 1145 548 loco
1159 525 1206 549 est
1222 519 1439 549 emendandus.

936 580 979 584 -—
994 566 1026 592 4·-
1039 562 1118 601 ἇφεις
1132 574 1180 592 και
1196 563 1332 604 παριδὼν]
1350 562 1435 592 citat
1450 563 1479 592 h.
1493 563 1514 592 l.
1527 565 1608 594 Her-

893 615 1039 645 mogenes
1055 616 1085 644 p.
1102 607 1176 636 275.

936 666 978 671 -——
993 649 1026 679 5.
1040 648 1088 678 καὶ
1105 648 1202 686 λόγους
1211 649 1270 690 —]
1287 648 1371 679 Citat
1388 649 1607 679 Phoebammon

895 703 924 731 p.
940 695 1013 722 100.

994 736 1045 765 16.
1063 733 1128 764 ἀπὸ
1143 733 1224 768 ποίας
1237 735 1341 776 ἀρχῆς]
1366 734 1487 764 correxi
1504 733 1552 764 ἐπὶ
1574 747 1608 765 π.

893 778 924 807 ἀ.
947 788 1008 818 quo
1026 777 1202 807 Archonte?
1228 779 1285 808 hoc
1302 783 1362 814 est,
1379 788 1439 817 quo
1456 777 1556 807 anuo?

936 838 980 843 --
997 823 1047 851 23.
1063 821 1169 862 αὐτῶν]
1198 821 1249 851 ubi
1271 821 1329 850 soli
1354 825 1385 850 et
1406 821 1481 850 meri
1503 826 1608 851 essent

894 864 1147 903 Amphictyones,
1170 864 1243 894 nulli
1264 864 1437 894 intermixti
1461 864 1610 894 Macedo-

896 917 960 937 nes,
985 918 1057 946 ergo
1073 912 1136 936 tum
1154 908 1316 946 Philippus
1329 908 1444 937 aberat.

936 968 980 972 —
996 953 1048 981 26.
1063 948 1140 990 ἦγον]
1158 951 1195 980 ad
1208 940 1387 990 t⁵hi1ippum
1403 950 1565 986 ducebant,
1577 951 1609 980 h.

894 1004 922 1022 e.
938 993 1131 1032 ablegabant,
1148 994 1315 1024 clamantes
1331 994 1369 1023 ad
1387 1004 1456 1024 eum
1473 1004 1542 1023 esse
1558 1005 1608 1024 re-

896 1036 1062 1066 deundum.
1086 1038 1124 1066 ad
1141 1048 1208 1067 eum
1225 1037 1435 1076 confugerent.
1459 1047 1529 1066 eum
1551 1037 1609 1067 im-

896 1084 1069 1118 peratorem
1085 1079 1158 1108 belli
1176 1080 1236 1110 sibi
1252 1080 1435 1117 deligerent.

940 1123 1081 1153 278.18.
1098 1121 1200 1173 ιερέως]
1228 1134 1285 1162 pro
1312 1123 1401 1163 ιερέως
1417 1123 1541 1153 videtur
1556 1129 1610 1154 aut

894 1162 1018 1204 Ἱέρωνος,
1034 1170 1085 1195 aut
1100 1163 1259 1206 Ἱεροκλέους
1271 1176 1339 1195 esse
1351 1166 1609 1205 amplectendum.

938 1226 983 1230 —
999 1212 1049 1238 20.
1071 1219 1120 1237 και
1143 1210 1186 1246 τῷ
1207 1208 1285 1248 κοινῷ
1305 1210 1360 1239 τῶν
1379 1207 1608 1250 Ἀμφικτυόνων]

896 1251 962 1281 haec
978 1253 1074 1281 verba
1089 1242 1207 1281 addidi.
1253 1253 1349 1282 Erant
1375 1263 1448 1292 ergo
1472 1258 1534 1282 tres
1558 1264 1607 1282 or-

897 1294 997 1325 dines.
1029 1295 1051 1325 οῖ
1078 1294 1251 1336 Πυλαγόραι,
1283 1295 1479 1334 magistratus
1510 1296 1608 1334 quasi.

896 1337 919 1367 οἱ
934 1337 1050 1378 σύνεδροι
1066 1348 1253 1372 assessoreS,
1269 1339 1356 1377 quasi
1369 1338 1536 1368 consiliarii
1550 1340 1611 1378 Py-

895 1380 1079 1420 lagorarum,
1102 1386 1154 1411 aut
1177 1386 1347 1417 senatores,
1377 1382 1462 1412 nullo
1484 1392 1608 1413 munere

895 1424 1067 1463 fungentes,
1094 1424 1226 1464 denique
1238 1423 1272 1454 τὸ
1287 1423 1367 1455 κοινὸν
1380 1425 1478 1465 plebs.
1523 1426 1609 1456 Neu·

897 1468 937 1496 tri
954 1467 1011 1497 soli
1027 1478 1083 1506 per
1098 1478 1130 1497 se
1148 1468 1213 1497 sine
1228 1467 1333 1498 alteris
1348 1470 1511 1507 quicquam
1525 1470 1608 1499 vale-

897 1511 981 1545 bant,
996 1521 1096 1550 neque
1112 1511 1276 1550 optimates
1293 1511 1359 1541 sine
1379 1512 1481 1551 plebe,
1508 1522 1607 1552 neque

896 1554 985 1594 plebs
998 1554 1064 1585 sine
1080 1554 1155 1584 illis.

939 1599 1049 1629 -23.
1064 1598 1129 1632 τοὺς
1153 1596 1257 1639 δ’ρκους]
1287 1597 1412 1628 correxi
1437 1598 1502 1632 τοὺς
1526 1596 1607 1638 δ’ρους.

897 1640 1019 1670 videtur
1044 1640 1119 1670 olim
1142 1641 1171 1670 in
1195 1641 1283 1671 libris
1308 1641 1371 1671 h.l.
1396 1642 1515 1681 gemina
1538 1652 1608 1672 esse

897 1688 1019 1714 versata
1034 1684 1137 1719 lectio,
1153 1683 1223 1724 δ’ρους
1238 1690 1270 1714 et
1289 1683 1395 1725 ὄρχους.
1419 1695 1487 1723 quae
1504 1695 1608 1723 quam-

896 1737 987 1766 quam
1011 1732 1043 1758 et
1065 1727 1135 1766 ipsa
1148 1727 1271 1762 vitiosa,
1295 1727 1484 1757 vitiosiorem
1509 1738 1549 1757 ex
1574 1739 1608 1758 se

894 1770 1027 1810 peperit.
1073 1771 1151 1800 Sunt
1172 1770 1248 1812 ὅρχοι
1272 1771 1369 1801 series
1391 1776 1537 1808 satorum,
1561 1782 1609 1801 ar-

895 1815 1014 1849 borum,
1031 1814 1151 1844 vitium.

939 1859 1012 1889 279.
1029 1860 1060 1888 3.
1078 1855 1250 1897 Εοσκήματα
1270 1856 1402 1898 νέμουσι]
1420 1858 1521 1898 possit
1537 1858 1608 1888 ferri

896 1900 1106 1931 subaudiendo
1120 1900 1147 1931 ἐν
1161 1901 1246 1942 αὐτῇ.
1275 1901 1376 1931 Satius
1392 1906 1492 1930 tamen
1511 1901 1608 1931 visum

896 1949 942 1973 est
958 1945 1147 1974 conformare
1163 1946 1194 1974 b.
1206 1945 1226 1974 1.
1243 1944 1395 1983 superiori
1409 1955 1440 1983 p.
1453 1947 1526 1975 278.
1542 1948 1593 1975 22.

937 2005 981 2010 ——
996 1989 1026 2017 6.
1042 1989 1090 2017 καὶ
1112 1987 1158 2017 τὸν
1179 1985 1348 2028 στρατηγὸν]
1367 1997 1472 2017 verunt
1496 1987 1546 2016 hic
1563 1988 1610 2017 vi-

896 2029 982 2060 derat
998 2031 1144 2065 Wolfius,
1161 2031 1306 2070 indignus
1332 2030 1438 2069 iniqua
1460 2035 1491 2060 et
1513 2035 1609 2060 teme-

895 2073 975 2102 raria
996 2073 1245 2112 reprehensione,
1263 2084 1331 2113 quae
1349 2073 1440 2103 facite
1462 2074 1560 2112 possit
1576 2074 1608 2103 in

895 2117 1124 2155 objurgatorem
1161 2116 1342 2156 retorqueri.
1379 2116 1472 2146 modo
1507 2117 1608 2146 locum

895 2163 957 2189 tam
973 2160 1148 2199 diligenter,
1160 2165 1252 2199 atque
1261 2159 1353 2189 Wolf
1365 2160 1489 2195 fecerat,
1506 2160 1611 2199 inspe-

895 2202 1008 2238 xisset,
1024 2204 1264 2243 sententiamque
1280 2202 1391 2233 Wolfii
1407 2203 1516 2234 melius
1538 2214 1610 2242 per-

894 2247 997 2284 cipere
1021 2246 1203 2282 studuisset,
1227 2257 1286 2276 non
1312 2252 1378 2276 erat
1403 2246 1610 2283 dubitaturus,

895 2289 967 2330 quid
988 2290 1101 2320 Wolfio
1117 2291 1146 2320 in
1160 2295 1292 2320 mentem
1307 2289 1454 2325 venisset,
1469 2290 1518 2319 cui
1535 2300 1609 2320 vera

895 2338 926 2362 et
940 2338 1024 2362 reeta
1039 2334 1105 2362 haec
1121 2334 1150 2363 in
1172 2339 1303 2363 mentem
1323 2338 1487 2370 venerant;
1509 2332 1557 2362 καὶ
1583 2333 1611 2362 si

893 2380 1049 2412 servetur,
1063 2377 1244 2406 sententiam
1261 2376 1322 2406 loci
1340 2387 1409 2406 esse
1425 2376 1518 2406 hanc:
1537 2377 1609 2406 Cot-

895 2419 1023 2457 typhum
1050 2419 1151 2456 ipsum
1177 2419 1208 2446 in
1232 2417 1400 2446 vulneratis
1424 2417 1527 2448 fuisse.
1562 2419 1608 2448 sin

895 2467 996 2491 autem
1013 2460 1164 2496 deleatur,
1178 2460 1268 2490 istam
1283 2470 1289 2488 ε
1314 2460 1470 2500 Cottypho
1486 2463 1609 2492 manda-

895 2508 955 2534 tam
968 2514 1037 2534 esse
1050 2503 1235 2543 legationem
1249 2503 1286 2532 ad
1301 2503 1491 2544 Philippum.
1518 2505 1609 2535 Prius

897 2547 922 2576 si
952 2547 1114 2582 malumus,
1138 2552 1201 2576 tum
1229 2546 1399 2586 legatorntn
1426 2547 1527 2578 nullus
1550 2550 1610 2578 erit

895 2590 1073 2620 nominatim
1099 2590 1284 2629 appellatuS,
1308 2590 1362 2620 sed
1388 2590 1529 2621 universe
1554 2592 1609 2622 de-

895 2633 1055 2670 claratum,
1084 2643 1153 2663 esse
1183 2634 1354 2669 decretum,
1389 2638 1422 2663 ut
1448 2634 1541 2675 legati
1570 2637 1606 2665 atl

896 2677 978 2707 Phil.
1002 2677 1170 2712 mittantur,
1194 2676 1261 2706 siue
1285 2677 1405 2706 nomine
1429 2677 1608 2716 cujusquam

895 2720 1065 2759 sigillatim.
1111 2719 1197 2757 Quid
1219 2719 1246 2749 si
1263 2719 1308 2748 sic
1325 2719 1462 2759 legatur?
1488 2731 1609 2760 τετραυ-

893 2761 1043 2803 ματίκασι
1080 2774 1128 2792 και
1166 2761 1400 2799 nan-numinum,
1446 2764 1607 2793 nonnullos

897 2807 1104 2841 vulnerarunt,
1120 2806 1198 2836 alios
1222 2806 1312 2845 plane
1333 2805 1445 2845 jaculis
1471 2817 1610 2845 pereme-

895 2855 976 2885 runt,
1004 2848 1280 2889 Κόττυφον-ἰάεο
1306 2850 1464 2880 decretum
1493 2855 1550 2884 est,
1577 2855 1610 2879 ut

896 2893 1070 2933 Cottyphus
1116 2892 1300 2933 legationem
1346 2893 1384 2922 ad
1429 2891 1609 2932 Philippum

895 2937 997 2966 obeat.

938 2996 982 3002 —
999 2982 1049 3010 10.
1064 2978 1155 3020 ὅπως]
1183 2989 1242 3008 non
1269 2978 1344 3008 bene
1365 2977 1509 3007 convenit
1535 2977 1611 3010 ὅπως

897 3033 966 3053 cum
981 3022 1034 3053 ἵνα.
1060 3022 1178 3062 planius
1196 3022 1299 3060 utique
1316 3021 1422 3051 suisset
1445 3020 1489 3050 sic
1510 3021 1611 3052 dictu-
