1931 3323
315 186 402 228 424

355 294 427 324 Jam
450 292 582 331 primum
606 302 665 321 non
682 297 786 330 potest
807 292 932 322 dubium
953 302 1032 326 esse,

320 335 541 366 Demosthenem
561 341 624 365 tum
642 335 759 374 publice
777 334 907 365 habuisse
927 337 1033 365 oracio-

316 389 383 410 nem
392 378 512 418 hujusce
517 377 599 419 fere,
613 379 700 417 cujus
710 378 768 409 haec
779 378 815 408 de
827 378 970 408 Halorzeso
982 383 1034 413 est,

318 422 644 464 argumenti.—-Nam
669 421 892 451 Demosthenes
916 426 946 451 et
964 432 1034 450 nus—

318 476 410 505 quam
426 476 484 495 non
495 465 644 495 acerrime
657 469 764 495 contra
774 463 964 504 Philippum,
982 465 1035 493 illo

318 509 444 549 quidem
474 513 625 548 tempore,
654 508 901 543 concionabatur,
929 512 961 536 et
987 507 1035 537 his

317 552 397 592 ipsis
408 553 447 582 de
457 552 561 588 rebus,
574 561 643 591 quae
652 551 712 582 ista
722 551 854 592 epistola
866 556 956 590 atque
967 551 1035 587 hac,

318 605 409 635 quam
427 596 571 635 legimus,
593 594 729 625 oratione
749 595 953 631 eontinentur,
969 594 1036 624 aliis

319 649 441 678 quoque
454 640 484 669 in
500 639 690 669 orationibus
714 649 798 677 saepe
813 648 882 667 eum
898 638 1037 675 incusat3

317 687 353 713 ut
379 683 418 713 de
442 687 533 722 capta
556 682 737 721 Amphipoli
764 686 794 710 et
821 681 972 715 Potidaea,
998 682 1037 711 de

318 725 479 756 Cardianis
496 725 527 755 in
542 725 668 755 tutelam
693 735 710 754 a
729 724 875 763 Philippo
892 725 1037 762 receptis,

320 769 360 799 de
373 769 459 808 turpi
475 768 661 799 Philocratis
676 771 751 806 pace
768 777 842 797 auro
859 767 1038 797 Macedoni-

321 822 360 842 co
376 818 491 851 empta,
510 813 548 841 de
564 811 699 850 captivis
715 821 774 840 non
792 810 942 840 redditis:
965 820 1039 849 qua-

322 865 391 885 rum
407 855 598 894 querelarum
622 854 721 892 plenae
736 858 805 884 sunt
821 854 1039 883 Demosthenis

323 898 489 928 orationes.
537 897 690 935 Denique,
720 896 752 926 id
784 897 866 936 quod
894 896 1040 926 familiam

324 941 424 976 ducit,
448 942 486 970 ab
512 940 661 969 AEschine
685 940 814 979 aliisque
839 939 1040 979 scriptoribus

325 983 458 1022 antiquis
488 983 605 1011 diserte
632 983 772 1017 traditur,
801 982 1041 1011 Demosthenem

326 1027 459 1056 maxime
474 1025 582 1061 fuisse,
598 1025 650 1064 qui
665 1035 723 1054 non
740 1025 882 1061 dandam,
902 1025 955 1055 sed
972 1026 1041 1055 red-

327 1070 458 1100 dendam
471 1079 488 1099 a
501 1068 646 1108 Philippo
657 1068 809 1107 flagitaret
823 1068 1039 1099 Halonesum.¹

371 1113 492 1142 Deinde
509 1123 547 1142 ne
569 1111 648 1141 illud
667 1112 789 1151 quidem
810 1112 840 1141 in
863 1117 1042 1142 controver-

327 1157 401 1186 siam
417 1156 532 1192 veniat,
548 1156 618 1194 lucc,
630 1166 716 1195 quam
726 1166 776 1185 nos
786 1155 919 1195 legimus,
931 1155 966 1185 cle
976 1155 1042 1185 Ηα-

328 1200 420 1230 loneso
433 1198 672 1239 oratiofueritne
687 1204 749 1228 tum
767 1198 867 1228 habita
883 1209 936 1229 nec
953 1208 1043 1229 ne.—

328 1244 428 1273 Nemo
452 1243 530 1272 enim
554 1243 586 1271 id
611 1253 741 1281 unquam
767 1242 922 1272 dubitavit
945 1253 1042 1281 neque

327 1285 531 1316 recentiorum
547 1296 644 1324 neque
661 1289 810 1316 veterum.
855 1286 954 1315 Immo
974 1286 1043 1315 rhe-

329 1334 412 1359 tores
442 1334 473 1360 et
497 1328 687 1369 grammatici
714 1333 849 1364 veteres,
876 1333 910 1358 ut
933 1329 1043 1358 deinde

329 1373 501 1408 ostendam,
512 1383 596 1412 saepe
609 1372 685 1402 hanc
701 1373 870 1402 orationem
886 1377 920 1402 ut
935 1372 1044 1411 genui-

330 1426 398 1446 nam
413 1420 660 1447 commemorant.
688 1417 755 1446 Nec
772 1426 844 1446 vero
860 1415 890 1445 in
904 1426 940 1445 ea
955 1415 1044 1454 quid—

331 1470 421 1498 quam
437 1465 496 1495 est,
513 1460 593 1498 quod
608 1463 661 1489 aut
676 1470 692 1488 a
709 1459 856 1489 sermonis
870 1459 980 1494 Attici,
993 1458 1045 1498 qui

332 1507 395 1533 tum
413 1508 489 1539 erat,
504 1503 668 1541 elegantia,
685 1508 736 1532 aut
756 1504 794 1532 ab
810 1502 947 1532 historiae
966 1502 1045 1532 veri-

333 1550 395 1576 tate
411 1547 580 1576 abhorreat.
627 1547 726 1576 Immo
743 1546 812 1586 ipsa
828 1546 882 1576 illa
897 1546 1045 1576 orationis

334 1589 531 1629 simplicitas,
558 1600 646 1629 quam
674 1590 809 1622 nonnulli
836 1590 1044 1619 Demosthene

332 1633 485 1672 indiguam
503 1633 570 1663 ausi
587 1638 659 1663 sunt
673 1633 788 1668 dicere,
808 1637 898 1672 atque
922 1633 987 1662 liaec
1008 1633 1045 1662 ab

332 1676 392 1705 alia
413 1687 446 1706 re
467 1677 504 1706 ad
524 1676 612 1706 aliam
635 1676 814 1706 transeundi
831 1675 974 1706 celeritas
996 1686 1045 1705 os-

333 1719 430 1748 tendit
453 1720 587 1749 habitam
610 1731 679 1750 esse
703 1720 735 1749 in
752 1730 785 1749 re
808 1719 954 1759 praesenti
978 1729 1044 1748 ora-

329 1762 455 1797 tionem,
481 1773 538 1792 non
562 1764 629 1793 vani
654 1763 785 1792 rhetoris
807 1773 875 1792 esse
895 1763 1046 1791 declama-

332 1805 443 1835 tionem
461 1806 558 1836 multo
574 1812 643 1845 post
655 1806 872 1846 excogitatam.
908 1806 981 1836 Huc
995 1817 1045 1835 ac-

714 183 963 227 WEISKII
998 181 1399 224 DISSERTATIO

1068 290 1162 326 cedit,
1185 291 1216 320 id
1233 291 1315 330 quod
1335 291 1429 321 miror
1450 300 1507 320 non
1528 291 1782 323 animadvertisse

1068 334 1263 372 interpretes,
1304 344 1442 364 mancum
1487 335 1708 374 quodammodo
1752 341 1784 366 et

1068 377 1283 415 imperfectum
1304 387 1373 407 esse
1397 387 1485 416 opus.
1530 378 1681 408 Praefatur
1703 377 1784 408 enim

1069 425 1173 450 orator
1187 419 1235 461 (p.
1252 421 1324 451 165.
1342 419 1392 460 6.)
1418 431 1452 450 se
1467 419 1599 459 primum
1613 421 1653 450 ad
1668 421 1783 461 episto·

1071 464 1130 492 lam
1157 462 1306 502 Philippi,
1329 463 1441 493 deinde
1463 464 1501 492 ad
1524 474 1571 501 ea,
1598 474 1666 503 quae
1689 464 1784 503 legati

1070 507 1218 541 dixerint,
1234 516 1453 545 responsurum
1467 516 1546 537 esse.
1582 508 1651 538 Jam
1663 507 1703 537 de
1719 507 1785 546 epi-

1071 550 1149 579 stola
1168 560 1224 589 per
1235 554 1330 579 totam
1346 549 1482 589 loquitur
1498 549 1677 587 orationem,
1698 550 1784 589 lega-

1070 597 1118 623 tos
1134 592 1351 623 obliviscitur.2
1393 594 1437 623 At
1459 593 1518 623 hoc
1538 593 1661 633 quidem
1682 594 1786 624 decla-

1070 636 1183 667 matori
1200 635 1341 666 accidere
1357 640 1440 667 certe
1456 646 1516 667 non
1530 637 1648 676 potuit,
1671 637 1786 667 Demo-

1073 680 1171 710 stheni
1181 691 1236 710 cur
1250 680 1396 719 potuerit,
1410 680 1504 720 paulo
1518 685 1589 721 post
1602 679 1786 710 videbimus.

1116 723 1219 760 Quare
1246 733 1339 762 quum
1366 728 1397 753 et
1424 724 1500 759 haec,
1526 733 1617 763 quam
1644 723 1787 762 legimus,

1073 766 1171 795 oratio
1193 766 1247 795 illa
1268 767 1430 796 occasione
1445 766 1541 796 fuerit
1560 767 1742 806 composita,
1755 770 1788 797 et

1073 809 1203 838 similem
1216 810 1439 840 Demosthenes
1450 810 1623 839 necessario
1637 809 1787 845 habuerit,

1073 857 1169 882 restat
1185 856 1218 881 ut
1234 852 1413 891 probemus,
1428 852 1516 888 hanc,
1532 862 1594 892 quae
1615 858 1717 889 exstet,
1731 862 1788 884 esse

1072 895 1157 924 illam
1170 894 1366 925 Demosthenis
1379 896 1549 925 orationem.

1118 939 1322 977 Opponuntur
1345 938 1418 967 mihi
1442 938 1576 977 primum
1599 939 1787 970 auctoritates

1075 981 1209 1011 virorum
1234 981 1421 1020 quorundam
1446 982 1607 1011 doctorum
1630 982 1680 1012 vel
1701 986 1788 1022 vete<

1076 1035 1142 1054 rum
1158 1024 1206 1055 vel
1228 1024 1453 1063 recentiorum3
1476 1025 1588 1054 deinde
1611 1030 1790 1064 argumenta

1076 1067 1231 1104 nonnulla,
1247 1078 1314 1107 quae
1333 1068 1486 1104 dicuntur,
1502 1068 1719 1099 interna.—Et
1734 1069 1790 1098 ho-

1076 1111 1191 1140 minum
1203 1110 1325 1150 quidem
1338 1111 1477 1147 istorum,
1486 1112 1536 1151 qui
1547 1111 1622 1141 mihi
1633 1111 1789 1142 adversari

1077 1155 1232 1190 videntur,
1257 1155 1319 1185 duo
1345 1165 1414 1185 esse
1437 1155 1645 1185 animadverto
1669 1165 1792 1195 genera.

1076 1199 1216 1236 Namque
1243 1203 1296 1228 aut
1325 1202 1334 1216 ‘
1355 1203 1460 1238 aperte
1490 1199 1684 1237 profitentur,
1711 1199 1789 1228 hanc

1077 1241 1241 1271 orationem
1269 1241 1329 1271 sibi
1352 1252 1410 1271 non
1437 1242 1535 1272 videri
1560 1241 1789 1278 Demosthenis,

1078 1285 1133 1314 sed
1160 1284 1335 1325 Hegesippi
1358 1285 1406 1315 vel
1433 1285 1511 1315 alius
1531 1284 1713 1323 cujusdam,'
1737 1290 1790 1315 aut

1077 1332 1085 1344 ‘
1099 1329 1136 1357 ab
1150 1328 1218 1357 aliis
1235 1328 1273 1358 de
1287 1332 1410 1358 auctore
1422 1328 1557 1358 dubitari
1570 1327 1688 1364 dicunt,
1702 1338 1789 1358 suum

1074 1371 1223 1410 judicium
1239 1370 1406 1401 cohibent-³

1123 1415 1148 1444 E
1165 1414 1259 1454 priori
1276 1424 1386 1453 genere
1403 1413 1492 1454 pauci
1514 1417 1597 1451 sunt,
1611 1419 1642 1444 et
1656 1424 1790 1445 comme-

1078 1463 1195 1488 moratu
1215 1468 1287 1488 vere
1311 1458 1422 1498 dignus
1444 1457 1566 1488 nonnisi
1589 1465 1677 1494 unus,
1700 1459 1792 1488 Liba-

1078 1501 1160 1531 nius.
1212 1502 1246 1531 Is
1276 1501 1356 1531 enim
1385 1505 1394 1519 ‘
1420 1499 1550 1540 periisse
1579 1500 1688 1531 videri'
1715 1502 1793 1532 dicit

1079 1550 1087 1562 ‘
1108 1545 1326 1575 Demosthenis
1348 1545 1388 1575 de
1415 1544 1575 1574 Haloneso
1601 1543 1791 1584 orationem3

1079 1588 1156 1618 hanc
1175 1588 1301 1628 quidem
1320 1598 1379 1617 non
1401 1587 1630 1624 Demosthenis,
1646 1588 1700 1617 sed
1725 1588 1792 1618 He-

1079 1632 1202 1671 gesippi
1218 1642 1250 1661 se
1266 1641 1392 1661 censere
1400 1630 1421 1670 3'
1435 1641 1534 1671 neque
1549 1631 1581 1661 id
1597 1631 1673 1661 dicit
1688 1632 1792 1667 modo,

1080 1676 1133 1705 sed
1165 1675 1375 1714 comprobare
1395 1675 1498 1704 studet
1527 1674 1725 1714 argumentis,
1754 1676 1793 1705 de

1080 1719 1192 1758 quibus
1208 1718 1319 1749 deinde
1336 1717 1533 1748 videbimus.³
1582 1717 1670 1747 Idem
1691 1723 1793 1748 tamen

1080 1762 1226 1791 Libanius
1251 1762 1373 1796 fatetur,
1400 1771 1433 1790 se
1457 1771 1492 1790 ea
1514 1760 1544 1790 in
1567 1771 1600 1790 re
1622 1761 1793 1792 criticorum

1079 1806 1279 1845 antiquiorum
1303 1804 1483 1834 seutentiam
1511 1804 1617 1844 sequi3
1645 1809 1795 1840 ceterum,

379 1890 386 1908 ¹
407 1901 437 1920 v.
447 1892 533 1921 Orat.
549 1892 587 1921 de
604 1892 677 1922 Hal.
692 1902 725 1931 p.
737 1892 808 1922 165.
822 1893 917 1922 1-6.
933 1890 1001 1931 (ed.
1018 1889 1145 1929 Nostr.)
1157 1891 1196 1920 cf.
1208 1888 1364 1919 AEsehinis
1379 1890 1467 1918 Orat.
1480 1888 1510 1918 in
1524 1888 1661 1927 ctesiph.
1675 1898 1707 1927 p.
1719 1889 1793 1919 475.

331 1933 478 1964 Ἀλόνησον
492 1933 578 1964 ἐδίδου
592 1934 618 1976 (ὁ
636 1933 800 1975 Φίλιππος)
818 1934 830 1964 ὅ
847 1933 875 1964 δὲ
891 1932 1111 1975 (Δημοσθένης)
1130 1933 1281 1973 ἀπηγόξευε
1299 1934 1342 1972 μῆ
1358 1930 1524 1972 λαμζάνειν,
1540 1931 1562 1961 εἰ
1578 1930 1696 1967 δίδωσιν,
1712 1933 1794 1962 ἀλλὰ

333 1979 375 2014 μὴ
391 1976 568 2007 ἀποδίδωσιν.
599 1978 764 2008 Athenaeus
778 1983 851 2008 tom.
868 1979 915 2007 II.
929 1988 959 2016 p.
976 1979 1050 2008 359.
1067 1978 1134 2017 (ed.
1150 1975 1342 2016 Schweigh.)
1365 1976 1459 2014 ἡμεῖς,
1473 1972 1497 2003 οἶ
1517 1974 1708 2014 Τιμόκρατες,
1724 1975 1796 2004 ἀπο-

332 2019 439 2059 δίδομέν
452 2033 495 2051 σοι
511 2023 550 2050 τὰ
568 2023 622 2050 τῶν
638 2021 874 2060 δειπνοσοφιστῶν
891 2021 1014 2059 λείψανα
1027 2020 1075 2050 καὶ
1087 2021 1115 2050 οὗ
1129 2020 1246 2060 δίδομεν,
1263 2020 1298 2052 ὡς
1311 2018 1322 2049 ό
1338 2017 1489 2051 Κοθωκίδης
1505 2017 1576 2058 φησὶ
1592 2017 1679 2058 ῥήτως
1695 2025 1794 2057 Δημο-

332 2063 433 2095 σθένην
447 2064 606 2105 χλευάζων,
621 2062 647 2097 ὃς
662 2065 805 2094 Φιλίππου
819 2063 975 2099 Ἀθηναίοις
987 2063 1133 2094 Ἃλόνησον
1148 2063 1264 2096 διδόντος
1283 2061 1459 2094 συνεβούλευε
1476 2062 1520 2099 μὴ
1535 2060 1701 2100 λαμβάνειν,
1717 2061 1739 2091 εἰ
1756 2059 1794 2091 δί-

330 2106 424 2143 δωσιν,
440 2109 520 2138 ἀλλὰ
533 2110 575 2147 μὴ
591 2107 767 2144 ἀποδίδωσιν,
783 2107 850 2147 ὅντες
864 2105 1029 2147 Ἀντιφάνης
1044 2105 1070 2135 ἐν
1085 2106 1212 2135 Νεοττίδι
1232 2104 1355 2135 «παιδιὰν
1369 2104 1489 2145 θέμενος
1503 2103 1653 2147 ἔξεσχελεῖ
1660 2103 1735 2137 τόνδε
1749 2103 1796 2136 τὸν

330 2149 438 2190 τρόπον·

740 2193 752 2222 ὁ
768 2192 906 2226 δεσπότης
917 2193 946 2223 δὲ
961 2193 1058 2223 πάντα
1071 2193 1112 2222 τὰ
1123 2191 1201 2230 παρὰ
1216 2191 1266 2221 τοῦ
1282 2189 1387 2231 πατρὸς

740 2234 883 2266 ἐπέλαζεν
897 2235 992 2276 ὥσπερ
1005 2235 1116 2269 ἔλαβεν·
1137 2234 1282 2272 ἠγάπησεν
1295 2233 1328 2263 ἂν

740 2279 773 2310 τὸ
787 2280 866 2321 ῥῆμα
880 2281 965 2310 τοῦτο
978 2278 1153 2321 παραλαβὼν
1169 2276 1365 2318 Δημοσθένης.

334 2355 455 2386 Deinde
471 2356 599 2387 aliorum
615 2357 709 2386 verba
724 2356 909 2386 comicorum
922 2355 1039 2391 laudat,
1055 2353 1176 2390 Alexis,
1190 2349 1500 2389 Anaxilae,Timoclis
1510 2350 1616 2382 eadem
1627 2351 1667 2382 de
1681 2362 1714 2382 re
1730 2353 1796 2382 De-

334 2400 520 2429 mosthenem
534 2399 737 2430 irridentium.
781 2399 874 2429 Illum
901 2404 1001 2429 antem
1022 2396 1207 2437 Antiphanis
1225 2397 1325 2426 locum
1348 2399 1379 2425 et
1396 2394 1588 2432 Plutarchus,
1604 2394 1636 2425 in
1652 2395 1716 2426 vita
1731 2397 1795 2426 De-

332 2443 513 2480 mosthenis,
530 2446 757 2479 commemorat,
772 2442 816 2472 ita
838 2452 990 2481 pergens:
1014 2440 1078 2480 πρὸς
1092 2441 1139 2471 τὸν
1154 2438 1224 2480 ὑπὲρ
1238 2438 1387 2469 Ἃλονῆσου
1401 2437 1480 2476 λόγον
1499 2437 1512 2468 ὃ
1532 2436 1697 2478 Ἀντιφάνης
1711 2438 1794 2469 τουτὶ

332 2484 494 2527 πέπαιχεν,
515 2485 544 2516 ἢν
566 2485 717 2520 Ἀθηναίοις
732 2484 918 2527 Δημοσθένης
938 2483 1111 2516 συνεζούλευε
1131 2485 1175 2525 μῆ
1200 2482 1370 2524 λαμβάνειν,
1393 2481 1463 2512 ἀλλ’
1476 2481 1694 2523 ἀπολαμβάνειν
1713 2484 1794 2523 ποιςοὶ

330 2527 490 2559 Φιλίππου.

377 2572 462 2601 Hinc
488 2576 573 2611 patet
588 2573 779 2612 Philippum,
795 2574 824 2603 iu
840 2572 973 2613 epistola
990 2573 1028 2602 ad
1052 2570 1256 2603 Athenienses
1279 2570 1403 2608 Olymp.
1419 2568 1511 2598 CIX.
1525 2570 1556 2599 3.
1578 2568 1660 2604 data,
1678 2569 1794 2598 Demo-

332 2615 468 2645 sthenem
483 2616 616 2646 maxime
633 2617 820 2657 siguificare,
835 2627 926 2656 quum
949 2615 1024 2646 dicit
1045 2616 1090 2656 (v.
1117 2614 1275 2645 Demosth.
1292 2613 1340 2643 ed.
1358 2612 1470 2642 Reisk.
1486 2623 1516 2651 p.
1532 2613 1606 2642 162.
1622 2612 1643 2640 l.
1662 2611 1731 2651 16.)
1752 2612 1793 2643 δι-

333 2659 423 2692 δόντος
437 2657 544 2699 (ἐμοῦ)
557 2661 606 2689 τὴν
620 2661 706 2695 νῆσον,
723 2661 744 2689 οἱ
760 2660 866 2700 ῥήτορες
881 2660 1039 2700 λαμβάνειν
1053 2658 1107 2698 μὲν
1121 2659 1167 2688 οὐκ
1183 2657 1251 2693 εἴων,
1267 2655 1424 2688 ἀπολαβεῖν
1439 2653 1467 2684 δὲ
1483 2654 1682 2687 συνεβούλευον.

377 2702 390 2720 2
414 2703 552 2741 Namque
570 2707 671 2732 orator
687 2703 785 2732 locum
803 2705 837 2733 u'e
855 2703 1024 2739 Gordianis,
1044 2702 1097 2742 qui
1119 2701 1265 2732 orationis
1282 2699 1406 2729 ultimus
1428 2702 1485 2734 est,
1501 2698 1549 2728 his
1564 2697 1674 2736 incipit
1690 2696 1793 2727 verbis

333 2757 364 2785 p.
384 2747 454 2775 174.
473 2747 523 2775 13.
542 2746 604 2785 πεξὶ
619 2744 647 2775 δὲ
662 2746 828 2786 Χεςσονησου
844 2746 863 2775 ἑὶ
878 2745 1104 2776 ἐπιστέλλει
1120 2745 1185 2786 πρὸς
1200 2745 1277 2784 ἡμᾶς
1290 2747 1349 2773 eto.
1361 2743 1420 2772 i.e.
1433 2751 1495 2781 quae
1507 2742 1539 2770 in
1549 2740 1668 2779 epistola
1679 2741 1792 2772 scribit.

334 2791 403 2819 Hac
414 2788 492 2819 enim
506 2789 725 2827 significatione
737 2790 799 2827 jam
816 2801 847 2829 p.
863 2793 933 2820 165.
951 2792 982 2820 ’7.
999 2790 1019 2819 ἃ
1035 2788 1182 2822 Φίλιππος
1196 2786 1373 2821 ἐπέσταλκε,
1390 2784 1535 2825 opposita
1549 2786 1634 2814 erant
1646 2783 1720 2820 illis,
1733 2783 1753 2813 ἃ
1770 2783 1793 2814 οἳ

315 2830 465 2873 ’πςὲσέεις
477 2830 601 2870 λέγουσι.
647 2833 737 2863 Unde
755 2836 836 2872 patet
860 2834 897 2862 ad
916 2834 1005 2863 finem
1030 2831 1174 2863 orationis
1197 2841 1294 2870 usque
1312 2830 1406 2860 verba
1426 2827 1492 2858 fieri
1510 2828 1549 2857 de
1574 2827 1705 2866 epistola
1727 2827 1794 2864 illa,

331 2887 389 2906 non
402 2876 441 2905 de
456 2876 627 2915 legatorum
643 2875 745 2905 dictis.

375 2918 387 2936 ³
411 2918 569 2954 Libanius,
583 2925 751 2958 argument.
768 2929 812 2948 or.
828 2919 866 2947 de
884 2919 998 2948 Halon.
1018 2918 1029 2948 ὁ
1043 2917 1070 2948 δὲ
1087 2918 1167 2955 λόγος
1185 2918 1212 2947 οὐ
1227 2916 1303 2947 δοκεῖ
1320 2926 1372 2955 μοι
1387 2911 1588 2953 Δημοσθένους
1605 2912 1670 2944 εῖναι
1685 2916 1746 2943 etc.
1762 2917 1794 2943 et
1809 2927 1816 2933 ·

331 2962 422 3000 paulo
439 2967 528 3001 post:
553 2963 745 2993 ὑπώπτευσαν
758 2961 786 2992 δὲ
801 2962 850 2992 καὶ
866 2963 887 2991 οἱ
902 2959 1079 3001 πξεσὲύτεροι
1095 2962 1141 2991 τὸν
1157 2960 1235 2999 λόγον
1248 2961 1283 2993 ὡς
1303 2960 1331 2990 οὒ
1346 2959 1396 2988 τοῦ
1408 2957 1527 2999 ῥήτορος,
1539 2955 1589 2986 καὶ
1604 2956 1792 2998 πεφωρίικασζ

330 3004 363 3042 γέ
380 3015 450 3040 τινες
462 3003 530 3036 ὄντα,
543 3004 726 3044 Ἡγησίππου
742 3011 803 3037 etc.
818 3017 847 3036 v.
863 3005 940 3036 infra
955 3010 1017 3035 not.
1033 3007 1082 3035 19.
1099 3009 1162 3034 not.
1176 3006 1226 3034 21.
1238 3008 1269 3034 et
1279 3007 1341 3033 not.
1355 3004 1408 3033 29.
