<?xml version="1.0" encoding="UTF-8"?>
<!DOCTYPE html PUBLIC "-//W3C//DTD XHTML 1.0 Transitional//EN"
    "http://www.w3.org/TR/xhtml1/DTD/xhtml1-transitional.dtd">
<html xmlns="http://www.w3.org/1999/xhtml" xml:lang="en" lang="en">
 <head>
  <title>
</title>
<meta http-equiv="Content-Type" content="text/html;charset=utf-8" />
  <meta name='ocr-system' content='tesseract 3.04.00' />
  <meta name='ocr-capabilities' content='ocr_page ocr_carea ocr_par ocr_line ocrx_word'/>
</head>
<body>
  <div class='ocr_page' id='page_1' title='image "./oratoresatticie09dobs/oratoresatticie09dobs_0015.png"; bbox 0 0 1948 3322; ppageno 0'>
   <div class='ocr_carea' id='block_1_1' title="bbox 555 520 1320 580">
    <p class='ocr_par' dir='ltr' id='par_1_1' title="bbox 555 520 1320 580">
     <span class='ocr_line' id='line_1_1' title="bbox 555 520 1320 580; baseline -0.007 -1"><span class='ocrx_word' id='word_1_1' title='bbox 555 524 657 580; x_wconf 89' lang='lat' dir='ltr'>IO.</span> <span class='ocrx_word' id='word_1_2' title='bbox 701 521 979 577; x_wconf 90' lang='lat' dir='ltr'>IACOBI</span> <span class='ocrx_word' id='word_1_3' title='bbox 1021 520 1320 576; x_wconf 83' lang='lat' dir='ltr'><strong>REISKE</strong></span> 
     </span>
    </p>
   </div>
   <div class='ocr_carea' id='block_1_2' title="bbox 915 642 960 662">
    <p class='ocr_par' dir='ltr' id='par_1_2' title="bbox 915 642 960 662">
     <span class='ocr_line' id='line_1_2' title="bbox 915 642 960 662; baseline 0.022 -1"><span class='ocrx_word' id='word_1_4' title='bbox 915 642 960 662; x_wconf 75' lang='lat' dir='ltr'>AD</span> 
     </span>
    </p>
   </div>
   <div class='ocr_carea' id='block_1_3' title="bbox 676 713 1193 760">
    <p class='ocr_par' dir='ltr' id='par_1_3' title="bbox 676 713 1193 760">
     <span class='ocr_line' id='line_1_3' title="bbox 676 713 1193 760; baseline -0.008 0"><span class='ocrx_word' id='word_1_5' title='bbox 676 713 1193 760; x_wconf 86' lang='lat' dir='ltr'><strong>ANNOTATIONES</strong></span> 
     </span>
    </p>
   </div>
   <div class='ocr_carea' id='block_1_4' title="bbox 356 820 1521 899">
    <p class='ocr_par' dir='ltr' id='par_1_4' title="bbox 356 820 1521 899">
     <span class='ocr_line' id='line_1_4' title="bbox 356 820 1521 899; baseline -0.004 -7"><span class='ocrx_word' id='word_1_6' title='bbox 356 825 588 894; x_wconf 85' lang='lat' dir='ltr'>SUAS</span> <span class='ocrx_word' id='word_1_7' title='bbox 647 820 1521 899; x_wconf 85' lang='lat' dir='ltr'>DEMOSTHENICAS‚</span> 
     </span>
    </p>
   </div>
   <div class='ocr_carea' id='block_1_5' title="bbox 596 1027 1274 1073">
    <p class='ocr_par' dir='ltr' id='par_1_5' title="bbox 596 1027 1274 1073">
     <span class='ocr_line' id='line_1_5' title="bbox 596 1027 1274 1073; baseline -0.004 -1"><span class='ocrx_word' id='word_1_8' title='bbox 596 1030 843 1073; x_wconf 84' lang='lat' dir='ltr'>SYLVAM</span> <span class='ocrx_word' id='word_1_9' title='bbox 875 1027 1274 1072; x_wconf 88' lang='lat' dir='ltr'><strong>VARIANTIUM</strong></span> 
     </span>
    </p>
   </div>
   <div class='ocr_carea' id='block_1_6' title="bbox 920 1135 958 1156">
    <p class='ocr_par' dir='ltr' id='par_1_6' title="bbox 920 1135 958 1156">
     <span class='ocr_line' id='line_1_6' title="bbox 920 1135 958 1156; baseline 0 0"><span class='ocrx_word' id='word_1_10' title='bbox 920 1135 958 1156; x_wconf 80' lang='lat' dir='ltr'>IN</span> 
     </span>
    </p>
   </div>
   <div class='ocr_carea' id='block_1_7' title="bbox 285 1206 1598 1372">
    <p class='ocr_par' dir='ltr' id='par_1_7' title="bbox 285 1206 1598 1372">
     <span class='ocr_line' id='line_1_7' title="bbox 285 1206 1598 1265; baseline -0.002 -8"><span class='ocrx_word' id='word_1_11' title='bbox 285 1209 502 1258; x_wconf 86' lang='lat' dir='ltr'>LIBRIS</span> <span class='ocrx_word' id='word_1_12' title='bbox 555 1209 1121 1260; x_wconf 87' lang='lat' dir='ltr'>DEMOSTHENICIS</span> <span class='ocrx_word' id='word_1_13' title='bbox 1175 1206 1598 1265; x_wconf 88' lang='lat' dir='ltr'>LECTIONUM,</span> 
     </span>
     <span class='ocr_line' id='line_1_8' title="bbox 687 1317 1189 1372; baseline 0.002 -2"><span class='ocrx_word' id='word_1_14' title='bbox 687 1317 734 1370; x_wconf 89' lang='lat' dir='ltr'>P</span> <span class='ocrx_word' id='word_1_15' title='bbox 748 1319 801 1371; x_wconf 83' lang='lat' dir='ltr'>R</span> <span class='ocrx_word' id='word_1_16' title='bbox 812 1318 884 1371; x_wconf 88' lang='lat' dir='ltr'><strong>AE</strong></span> <span class='ocrx_word' id='word_1_17' title='bbox 897 1318 941 1372; x_wconf 87' lang='lat' dir='ltr'><strong>F</strong></span> <span class='ocrx_word' id='word_1_18' title='bbox 954 1319 1007 1371; x_wconf 87' lang='lat' dir='ltr'><strong>A</strong></span> <span class='ocrx_word' id='word_1_19' title='bbox 1017 1319 1065 1372; x_wconf 91' lang='lat' dir='ltr'>T</span> <span class='ocrx_word' id='word_1_20' title='bbox 1078 1318 1105 1371; x_wconf 92' lang='lat' dir='ltr'>I</span> <span class='ocrx_word' id='word_1_21' title='bbox 1119 1317 1189 1372; x_wconf 88' lang='lat' dir='ltr'>O.</span> 
     </span>
    </p>
   </div>
   <div class='ocr_carea' id='block_1_8' title="bbox 203 1439 1691 3083">
    <p class='ocr_par' dir='ltr' id='par_1_8' title="bbox 203 1439 1691 3083">
     <span class='ocr_line' id='line_1_9' title="bbox 203 1439 1676 1487; baseline -0.006 -9"><span class='ocrx_word' id='word_1_22' title='bbox 203 1447 268 1478; x_wconf 80' lang='lat' dir='ltr'>Jus</span> <span class='ocrx_word' id='word_1_23' title='bbox 285 1451 316 1477; x_wconf 87' lang='lat' dir='ltr'>et</span> <span class='ocrx_word' id='word_1_24' title='bbox 330 1448 375 1477; x_wconf 82' lang='lat' dir='ltr'>fas</span> <span class='ocrx_word' id='word_1_25' title='bbox 387 1447 496 1487; x_wconf 87' lang='lat' dir='ltr'>utique</span> <span class='ocrx_word' id='word_1_26' title='bbox 512 1448 625 1484; x_wconf 84' lang='lat' dir='ltr'>fuerat,</span> <span class='ocrx_word' id='word_1_27' title='bbox 638 1458 725 1487; x_wconf 86' lang='lat' dir='ltr'>aeque</span> <span class='ocrx_word' id='word_1_28' title='bbox 742 1447 852 1484; x_wconf 89' lang='lat' dir='ltr'>lector,</span> <span class='ocrx_word' id='word_1_29' title='bbox 868 1448 916 1478; x_wconf 89' lang='lat' dir='ltr'>his</span> <span class='ocrx_word' id='word_1_30' title='bbox 933 1448 1024 1477; x_wconf 90' lang='lat' dir='ltr'>modo</span> <span class='ocrx_word' id='word_1_31' title='bbox 1041 1445 1191 1477; x_wconf 79' lang='lat' dir='ltr'>absolutis</span> <span class='ocrx_word' id='word_1_32' title='bbox 1207 1445 1373 1476; x_wconf 78' lang='lat' dir='ltr'>VVolfianis</span> <span class='ocrx_word' id='word_1_33' title='bbox 1389 1448 1481 1484; x_wconf 90' lang='lat' dir='ltr'>atque</span> <span class='ocrx_word' id='word_1_34' title='bbox 1496 1439 1676 1480; x_wconf 68' lang='lat' dir='ltr'>Taytoranis</span> 
     </span>
     <span class='ocr_line' id='line_1_10' title="bbox 205 1494 1676 1539; baseline -0.005 -11"><span class='ocrx_word' id='word_1_35' title='bbox 205 1509 223 1528; x_wconf 92' lang='lat' dir='ltr'>a</span> <span class='ocrx_word' id='word_1_36' title='bbox 235 1509 284 1529; x_wconf 85' lang='lat' dir='ltr'>me</span> <span class='ocrx_word' id='word_1_37' title='bbox 301 1499 439 1538; x_wconf 87' lang='lat' dir='ltr'>subjecta</span> <span class='ocrx_word' id='word_1_38' title='bbox 451 1499 604 1539; x_wconf 64' lang='lat' dir='ltr'>pretinm,</span> <span class='ocrx_word' id='word_1_39' title='bbox 621 1499 761 1539; x_wconf 88' lang='lat' dir='ltr'>meisque</span> <span class='ocrx_word' id='word_1_40' title='bbox 778 1499 878 1539; x_wconf 90' lang='lat' dir='ltr'>ipsius</span> <span class='ocrx_word' id='word_1_41' title='bbox 894 1499 1143 1529; x_wconf 79' lang='lat' dir='ltr'>annotationibus</span> <span class='ocrx_word' id='word_1_42' title='bbox 1159 1498 1319 1538; x_wconf 85' lang='lat' dir='ltr'>praemissa</span> <span class='ocrx_word' id='word_1_43' title='bbox 1334 1497 1429 1527; x_wconf 81' lang='lat' dir='ltr'>fuisse</span> <span class='ocrx_word' id='word_1_44' title='bbox 1446 1496 1512 1525; x_wconf 88' lang='lat' dir='ltr'>haec</span> <span class='ocrx_word' id='word_1_45' title='bbox 1527 1494 1598 1523; x_wconf 87' lang='lat' dir='ltr'>duo.</span> <span class='ocrx_word' id='word_1_46' title='bbox 1645 1495 1676 1522; x_wconf 92' lang='lat'>1.</span> 
     </span>
     <span class='ocr_line' id='line_1_11' title="bbox 204 1546 1679 1591; baseline -0.005 -11"><span class='ocrx_word' id='word_1_47' title='bbox 204 1550 360 1580; x_wconf 85' lang='lat' dir='ltr'>Tourrelli</span> <span class='ocrx_word' id='word_1_48' title='bbox 374 1551 411 1581; x_wconf 86' lang='lat' dir='ltr'>ad</span> <span class='ocrx_word' id='word_1_49' title='bbox 424 1551 588 1591; x_wconf 87' lang='lat' dir='ltr'>plerasque</span> <span class='ocrx_word' id='word_1_50' title='bbox 599 1551 790 1590; x_wconf 82' lang='lat' dir='ltr'><strong>Philippicas</strong></span> <span class='ocrx_word' id='word_1_51' title='bbox 802 1557 832 1581; x_wconf 90' lang='lat' dir='ltr'>et</span> <span class='ocrx_word' id='word_1_52' title='bbox 844 1552 882 1581; x_wconf 86' lang='lat' dir='ltr'>ad</span> <span class='ocrx_word' id='word_1_53' title='bbox 899 1551 1064 1587; x_wconf 88' lang='lat' dir='ltr'>orationes,</span> <span class='ocrx_word' id='word_1_54' title='bbox 1077 1551 1206 1581; x_wconf 88' lang='lat' dir='ltr'>alteram</span> <span class='ocrx_word' id='word_1_55' title='bbox 1216 1549 1376 1580; x_wconf 72' lang='lat' dir='ltr'>AEschinis</span> <span class='ocrx_word' id='word_1_56' title='bbox 1389 1549 1417 1578; x_wconf 90' lang='lat' dir='ltr'>in</span> <span class='ocrx_word' id='word_1_57' title='bbox 1434 1546 1679 1586; x_wconf 87' lang='lat' dir='ltr'>Ctesiphontem,</span> 
     </span>
     <span class='ocr_line' id='line_1_12' title="bbox 206 1595 1679 1639; baseline -0.003 -8"><span class='ocrx_word' id='word_1_58' title='bbox 206 1611 259 1632; x_wconf 86' lang='lat' dir='ltr'>seu</span> <span class='ocrx_word' id='word_1_59' title='bbox 279 1607 385 1631; x_wconf 84' lang='lat' dir='ltr'>contra</span> <span class='ocrx_word' id='word_1_60' title='bbox 400 1612 544 1632; x_wconf 90' lang='lat' dir='ltr'>coronam</span> <span class='ocrx_word' id='word_1_61' title='bbox 564 1602 769 1632; x_wconf 83' lang='lat' dir='ltr'>Demostheni</span> <span class='ocrx_word' id='word_1_62' title='bbox 785 1603 1020 1639; x_wconf 82' lang='lat' dir='ltr'>decernendam,</span> <span class='ocrx_word' id='word_1_63' title='bbox 1036 1607 1067 1632; x_wconf 88' lang='lat' dir='ltr'>et</span> <span class='ocrx_word' id='word_1_64' title='bbox 1083 1602 1210 1632; x_wconf 78' lang='lat' dir='ltr'>alteram</span> <span class='ocrx_word' id='word_1_65' title='bbox 1231 1600 1440 1631; x_wconf 86' lang='lat' dir='ltr'>adversariam</span> <span class='ocrx_word' id='word_1_66' title='bbox 1458 1595 1679 1629; x_wconf 68' lang='lat' dir='ltr'>Demosthenis</span> 
     </span>
     <span class='ocr_line' id='line_1_13' title="bbox 205 1647 1679 1695; baseline -0.004 -13"><span class='ocrx_word' id='word_1_67' title='bbox 205 1663 261 1693; x_wconf 86' lang='lat' dir='ltr'>pro</span> <span class='ocrx_word' id='word_1_68' title='bbox 276 1653 478 1693; x_wconf 86' lang='lat' dir='ltr'>Ctesiphonte</span> <span class='ocrx_word' id='word_1_69' title='bbox 494 1658 525 1683; x_wconf 88' lang='lat' dir='ltr'>et</span> <span class='ocrx_word' id='word_1_70' title='bbox 539 1664 596 1693; x_wconf 91' lang='lat' dir='ltr'>pro</span> <span class='ocrx_word' id='word_1_71' title='bbox 613 1664 724 1683; x_wconf 89' lang='lat' dir='ltr'>corona</span> <span class='ocrx_word' id='word_1_72' title='bbox 739 1664 794 1684; x_wconf 87' lang='lat' dir='ltr'>sua</span> <span class='ocrx_word' id='word_1_73' title='bbox 809 1653 882 1695; x_wconf 85' lang='lat' dir='ltr'>(cnr</span> <span class='ocrx_word' id='word_1_74' title='bbox 891 1654 1072 1684; x_wconf 86' lang='lat' dir='ltr'>Tourrellus</span> <span class='ocrx_word' id='word_1_75' title='bbox 1093 1653 1261 1683; x_wconf 91' lang='lat' dir='ltr'>orationem</span> <span class='ocrx_word' id='word_1_76' title='bbox 1274 1653 1313 1682; x_wconf 89' lang='lat' dir='ltr'>de</span> <span class='ocrx_word' id='word_1_77' title='bbox 1330 1651 1408 1681; x_wconf 86' lang='lat' dir='ltr'>male</span> <span class='ocrx_word' id='word_1_78' title='bbox 1425 1655 1513 1689; x_wconf 88' lang='lat' dir='ltr'>gesta</span> <span class='ocrx_word' id='word_1_79' title='bbox 1523 1647 1679 1687; x_wconf 81' lang='lat' dir='ltr'>legatione</span> 
     </span>
     <span class='ocr_line' id='line_1_14' title="bbox 204 1700 1680 1745; baseline -0.004 -11"><span class='ocrx_word' id='word_1_80' title='bbox 204 1704 452 1736; x_wconf 85' lang='lat' dir='ltr'>annotationibus</span> <span class='ocrx_word' id='word_1_81' title='bbox 467 1705 641 1735; x_wconf 85' lang='lat' dir='ltr'>illuminare</span> <span class='ocrx_word' id='word_1_82' title='bbox 657 1705 784 1745; x_wconf 88' lang='lat' dir='ltr'>insuper</span> <span class='ocrx_word' id='word_1_83' title='bbox 796 1705 948 1742; x_wconf 89' lang='lat' dir='ltr'>habuerit,</span> <span class='ocrx_word' id='word_1_84' title='bbox 960 1706 1043 1735; x_wconf 88' lang='lat' dir='ltr'>haud</span> <span class='ocrx_word' id='word_1_85' title='bbox 1059 1703 1206 1745; x_wconf 87' lang='lat' dir='ltr'>constat).</span> <span class='ocrx_word' id='word_1_86' title='bbox 1238 1707 1268 1735; x_wconf 74' lang='lat'>2.</span> <span class='ocrx_word' id='word_1_87' title='bbox 1286 1704 1470 1734; x_wconf 83' lang='lat' dir='ltr'>Wolfianam</span> <span class='ocrx_word' id='word_1_88' title='bbox 1482 1700 1680 1740; x_wconf 83' lang='lat' dir='ltr'>reliquiarum</span> 
     </span>
     <span class='ocr_line' id='line_1_15' title="bbox 206 1754 1682 1797; baseline -0.005 -10"><span class='ocrx_word' id='word_1_89' title='bbox 206 1757 515 1788; x_wconf 85' lang='lat' dir='ltr'>Demosthenicarum</span> <span class='ocrx_word' id='word_1_90' title='bbox 530 1757 828 1797; x_wconf 80' lang='lat' dir='ltr'>interpretationem.</span> <span class='ocrx_word' id='word_1_91' title='bbox 852 1758 970 1788; x_wconf 88' lang='lat' dir='ltr'>Verum</span> <span class='ocrx_word' id='word_1_92' title='bbox 982 1756 1174 1796; x_wconf 80' lang='lat' dir='ltr'>gravissimae</span> <span class='ocrx_word' id='word_1_93' title='bbox 1186 1766 1286 1785; x_wconf 82' lang='lat' dir='ltr'>cansae</span> <span class='ocrx_word' id='word_1_94' title='bbox 1300 1754 1413 1785; x_wconf 84' lang='lat' dir='ltr'>volenti</span> <span class='ocrx_word' id='word_1_95' title='bbox 1429 1754 1682 1786; x_wconf 85' lang='lat' dir='ltr'>intercesserunt,</span> 
     </span>
     <span class='ocr_line' id='line_1_16' title="bbox 205 1802 1681 1851; baseline -0.005 -11"><span class='ocrx_word' id='word_1_96' title='bbox 205 1810 272 1840; x_wconf 86' lang='lat' dir='ltr'>haec</span> <span class='ocrx_word' id='word_1_97' title='bbox 287 1811 386 1850; x_wconf 90' lang='lat' dir='ltr'>primo</span> <span class='ocrx_word' id='word_1_98' title='bbox 409 1811 492 1846; x_wconf 85' lang='lat' dir='ltr'>loco,</span> <span class='ocrx_word' id='word_1_99' title='bbox 508 1811 592 1851; x_wconf 88' lang='lat' dir='ltr'>quod</span> <span class='ocrx_word' id='word_1_100' title='bbox 614 1811 866 1841; x_wconf 85' lang='lat' dir='ltr'>satisfaciendum</span> <span class='ocrx_word' id='word_1_101' title='bbox 886 1812 1008 1840; x_wconf 77' lang='lat' dir='ltr'>tandem</span> <span class='ocrx_word' id='word_1_102' title='bbox 1031 1802 1197 1849; x_wconf 86' lang='lat' dir='ltr'>aliquando</span> <span class='ocrx_word' id='word_1_103' title='bbox 1217 1812 1301 1838; x_wconf 86' lang='lat' dir='ltr'>esset</span> <span class='ocrx_word' id='word_1_104' title='bbox 1325 1818 1442 1842; x_wconf 86' lang='lat' dir='ltr'>eorum,</span> <span class='ocrx_word' id='word_1_105' title='bbox 1461 1816 1539 1846; x_wconf 85' lang='lat' dir='ltr'>quos</span> <span class='ocrx_word' id='word_1_106' title='bbox 1563 1803 1681 1834; x_wconf 84' lang='lat' dir='ltr'>diutius</span> 
     </span>
     <span class='ocr_line' id='line_1_17' title="bbox 206 1855 1682 1903; baseline -0.006 -11"><span class='ocrx_word' id='word_1_107' title='bbox 206 1862 371 1898; x_wconf 86' lang='lat' dir='ltr'>sustinere,</span> <span class='ocrx_word' id='word_1_108' title='bbox 388 1873 488 1903; x_wconf 89' lang='lat' dir='ltr'>neque</span> <span class='ocrx_word' id='word_1_109' title='bbox 504 1873 636 1902; x_wconf 88' lang='lat' dir='ltr'>aequum,</span> <span class='ocrx_word' id='word_1_110' title='bbox 653 1873 752 1902; x_wconf 90' lang='lat' dir='ltr'>neque</span> <span class='ocrx_word' id='word_1_111' title='bbox 771 1862 945 1898; x_wconf 88' lang='lat' dir='ltr'>honestum,</span> <span class='ocrx_word' id='word_1_112' title='bbox 963 1872 1060 1901; x_wconf 82' lang='lat' dir='ltr'>neque</span> <span class='ocrx_word' id='word_1_113' title='bbox 1078 1859 1257 1892; x_wconf 84' lang='lat' dir='ltr'>excusabile</span> <span class='ocrx_word' id='word_1_114' title='bbox 1279 1859 1402 1894; x_wconf 85' lang='lat' dir='ltr'>suisset,</span> <span class='ocrx_word' id='word_1_115' title='bbox 1418 1868 1486 1887; x_wconf 88' lang='lat' dir='ltr'>nam</span> <span class='ocrx_word' id='word_1_116' title='bbox 1506 1855 1682 1886; x_wconf 83' lang='lat' dir='ltr'>adhucdum</span> 
     </span>
     <span class='ocr_line' id='line_1_18' title="bbox 204 1906 1682 1954; baseline -0.005 -12"><span class='ocrx_word' id='word_1_117' title='bbox 204 1923 334 1952; x_wconf 80' lang='lat' dir='ltr'>prorsus</span> <span class='ocrx_word' id='word_1_118' title='bbox 357 1918 499 1954; x_wconf 83' lang='lat' dir='ltr'>negatum</span> <span class='ocrx_word' id='word_1_119' title='bbox 525 1914 585 1944; x_wconf 85' lang='lat' dir='ltr'>fuit</span> <span class='ocrx_word' id='word_1_120' title='bbox 610 1914 802 1949; x_wconf 85' lang='lat' dir='ltr'>satisfacere,</span> <span class='ocrx_word' id='word_1_121' title='bbox 828 1913 1087 1953; x_wconf 84' lang='lat' dir='ltr'>flagitationibns;</span> <span class='ocrx_word' id='word_1_122' title='bbox 1118 1911 1310 1951; x_wconf 87' lang='lat' dir='ltr'>quorundam</span> <span class='ocrx_word' id='word_1_123' title='bbox 1333 1910 1424 1940; x_wconf 83' lang='lat' dir='ltr'>etiam</span> <span class='ocrx_word' id='word_1_124' title='bbox 1451 1906 1682 1947; x_wconf 82' lang='lat' dir='ltr'>suspicionibus</span> 
     </span>
     <span class='ocr_line' id='line_1_19' title="bbox 207 1960 1682 2005; baseline -0.006 -9"><span class='ocrx_word' id='word_1_125' title='bbox 207 1970 274 1995; x_wconf 81' lang='lat' dir='ltr'>erat</span> <span class='ocrx_word' id='word_1_126' title='bbox 293 1966 527 2003; x_wconf 88' lang='lat' dir='ltr'>occurrendum,</span> <span class='ocrx_word' id='word_1_127' title='bbox 546 1965 574 1995; x_wconf 89' lang='lat' dir='ltr'>si</span> <span class='ocrx_word' id='word_1_128' title='bbox 596 1965 650 2005; x_wconf 88' lang='lat' dir='ltr'>qni</span> <span class='ocrx_word' id='word_1_129' title='bbox 666 1966 765 2002; x_wconf 86' lang='lat' dir='ltr'>fuere,</span> <span class='ocrx_word' id='word_1_130' title='bbox 788 1964 841 2004; x_wconf 89' lang='lat' dir='ltr'>qui</span> <span class='ocrx_word' id='word_1_131' title='bbox 857 1965 1060 1994; x_wconf 81' lang='lat' dir='ltr'>cessationem</span> <span class='ocrx_word' id='word_1_132' title='bbox 1084 1969 1175 2003; x_wconf 87' lang='lat' dir='ltr'>atque</span> <span class='ocrx_word' id='word_1_133' title='bbox 1196 1963 1376 1993; x_wconf 90' lang='lat' dir='ltr'>dilationem</span> <span class='ocrx_word' id='word_1_134' title='bbox 1395 1960 1540 1991; x_wconf 85' lang='lat' dir='ltr'>editionis</span> <span class='ocrx_word' id='word_1_135' title='bbox 1558 1962 1682 1988; x_wconf 84' lang='lat' dir='ltr'>annota-</span> 
     </span>
     <span class='ocr_line' id='line_1_20' title="bbox 205 2010 1681 2056; baseline -0.005 -10"><span class='ocrx_word' id='word_1_136' title='bbox 205 2017 323 2046; x_wconf 79' lang='lat' dir='ltr'>tionum</span> <span class='ocrx_word' id='word_1_137' title='bbox 347 2027 485 2046; x_wconf 89' lang='lat' dir='ltr'>mearum</span> <span class='ocrx_word' id='word_1_138' title='bbox 504 2027 561 2056; x_wconf 90' lang='lat' dir='ltr'>pro</span> <span class='ocrx_word' id='word_1_139' title='bbox 581 2017 669 2046; x_wconf 87' lang='lat' dir='ltr'>larva</span> <span class='ocrx_word' id='word_1_140' title='bbox 686 2017 842 2056; x_wconf 86' lang='lat' dir='ltr'>jactantiae</span> <span class='ocrx_word' id='word_1_141' title='bbox 862 2021 893 2046; x_wconf 90' lang='lat' dir='ltr'>et</span> <span class='ocrx_word' id='word_1_142' title='bbox 919 2016 1098 2056; x_wconf 84' lang='lat' dir='ltr'>imposturae</span> <span class='ocrx_word' id='word_1_143' title='bbox 1119 2015 1310 2045; x_wconf 87' lang='lat' dir='ltr'>habuissent.</span> <span class='ocrx_word' id='word_1_144' title='bbox 1354 2012 1451 2052; x_wconf 87' lang='lat' dir='ltr'>AEqui</span> <span class='ocrx_word' id='word_1_145' title='bbox 1471 2022 1576 2041; x_wconf 91' lang='lat' dir='ltr'>omnes</span> <span class='ocrx_word' id='word_1_146' title='bbox 1600 2010 1681 2040; x_wconf 90' lang='lat' dir='ltr'>ultro</span> 
     </span>
     <span class='ocr_line' id='line_1_21' title="bbox 206 2063 1680 2105; baseline -0.004 -8"><span class='ocrx_word' id='word_1_147' title='bbox 206 2067 396 2102; x_wconf 80' lang='lat' dir='ltr'>fatebuntur,</span> <span class='ocrx_word' id='word_1_148' title='bbox 412 2067 438 2097; x_wconf 90' lang='lat' dir='ltr'>si</span> <span class='ocrx_word' id='word_1_149' title='bbox 460 2067 543 2097; x_wconf 83' lang='lat' dir='ltr'>viam</span> <span class='ocrx_word' id='word_1_150' title='bbox 559 2071 664 2097; x_wconf 88' lang='lat' dir='ltr'>tenere</span> <span class='ocrx_word' id='word_1_151' title='bbox 681 2067 807 2103; x_wconf 80' lang='lat' dir='ltr'>vellem,</span> <span class='ocrx_word' id='word_1_152' title='bbox 822 2067 873 2096; x_wconf 89' lang='lat' dir='ltr'>cui</span> <span class='ocrx_word' id='word_1_153' title='bbox 896 2071 930 2096; x_wconf 92' lang='lat' dir='ltr'>ut</span> <span class='ocrx_word' id='word_1_154' title='bbox 949 2067 1161 2105; x_wconf 78' lang='lat' dir='ltr'>adstringeret</span> <span class='ocrx_word' id='word_1_155' title='bbox 1179 2066 1210 2095; x_wconf 89' lang='lat' dir='ltr'>in</span> <span class='ocrx_word' id='word_1_156' title='bbox 1230 2070 1456 2105; x_wconf 83' lang='lat' dir='ltr'>programmate</span> <span class='ocrx_word' id='word_1_157' title='bbox 1479 2064 1566 2093; x_wconf 83' lang='lat' dir='ltr'>Anno</span> <span class='ocrx_word' id='word_1_158' title='bbox 1585 2063 1680 2092; x_wconf 85' lang='lat'>1768.</span> 
     </span>
     <span class='ocr_line' id='line_1_22' title="bbox 206 2115 1683 2157; baseline -0.004 -9"><span class='ocrx_word' id='word_1_159' title='bbox 206 2118 303 2153; x_wconf 85' lang='lat' dir='ltr'>edito,</span> <span class='ocrx_word' id='word_1_160' title='bbox 318 2117 522 2157; x_wconf 85' lang='lat' dir='ltr'>promiseram</span> <span class='ocrx_word' id='word_1_161' title='bbox 541 2128 590 2147; x_wconf 92' lang='lat' dir='ltr'>me</span> <span class='ocrx_word' id='word_1_162' title='bbox 610 2122 783 2153; x_wconf 82' lang='lat' dir='ltr'>cantarum,</span> <span class='ocrx_word' id='word_1_163' title='bbox 801 2118 969 2148; x_wconf 88' lang='lat' dir='ltr'>secundum</span> <span class='ocrx_word' id='word_1_164' title='bbox 997 2117 1238 2148; x_wconf 87' lang='lat' dir='ltr'>Demosthenem</span> <span class='ocrx_word' id='word_1_165' title='bbox 1259 2116 1360 2146; x_wconf 89' lang='lat' dir='ltr'>statim</span> <span class='ocrx_word' id='word_1_166' title='bbox 1387 2115 1524 2154; x_wconf 81' lang='lat' dir='ltr'>reliquos</span> <span class='ocrx_word' id='word_1_167' title='bbox 1544 2118 1683 2143; x_wconf 87' lang='lat' dir='ltr'>oratores</span> 
     </span>
     <span class='ocr_line' id='line_1_23' title="bbox 206 2167 1685 2210; baseline -0.005 -10"><span class='ocrx_word' id='word_1_168' title='bbox 206 2170 266 2200; x_wconf 88' lang='lat' dir='ltr'>fori</span> <span class='ocrx_word' id='word_1_169' title='bbox 277 2170 374 2200; x_wconf 87' lang='lat' dir='ltr'>Attici</span> <span class='ocrx_word' id='word_1_170' title='bbox 388 2180 448 2200; x_wconf 89' lang='lat' dir='ltr'>uno</span> <span class='ocrx_word' id='word_1_171' title='bbox 459 2176 565 2200; x_wconf 85' lang='lat' dir='ltr'>tenore</span> <span class='ocrx_word' id='word_1_172' title='bbox 582 2170 679 2200; x_wconf 84' lang='lat' dir='ltr'>fuisse</span> <span class='ocrx_word' id='word_1_173' title='bbox 696 2170 833 2200; x_wconf 88' lang='lat' dir='ltr'>edendos</span> <span class='ocrx_word' id='word_1_174' title='bbox 847 2181 853 2199; x_wconf 90' lang='lat'><strong>:</strong></span> <span class='ocrx_word' id='word_1_175' title='bbox 871 2171 902 2200; x_wconf 93' lang='lat' dir='ltr'>id</span> <span class='ocrx_word' id='word_1_176' title='bbox 914 2170 994 2209; x_wconf 89' lang='lat' dir='ltr'>quod</span> <span class='ocrx_word' id='word_1_177' title='bbox 1009 2170 1146 2210; x_wconf 82' lang='lat' dir='ltr'>profecto</span> <span class='ocrx_word' id='word_1_178' title='bbox 1158 2169 1256 2198; x_wconf 88' lang='lat' dir='ltr'>halitu</span> <span class='ocrx_word' id='word_1_179' title='bbox 1270 2168 1333 2198; x_wconf 91' lang='lat' dir='ltr'>oris</span> <span class='ocrx_word' id='word_1_180' title='bbox 1349 2167 1458 2197; x_wconf 87' lang='lat' dir='ltr'>confici</span> <span class='ocrx_word' id='word_1_181' title='bbox 1473 2177 1533 2196; x_wconf 87' lang='lat' dir='ltr'>non</span> <span class='ocrx_word' id='word_1_182' title='bbox 1550 2170 1685 2205; x_wconf 86' lang='lat' dir='ltr'>poterat.</span> 
     </span>
     <span class='ocr_line' id='line_1_24' title="bbox 204 2219 1684 2260; baseline -0.004 -8"><span class='ocrx_word' id='word_1_183' title='bbox 204 2223 286 2254; x_wconf 84' lang='lat' dir='ltr'>Cum</span> <span class='ocrx_word' id='word_1_184' title='bbox 307 2222 516 2252; x_wconf 84' lang='lat' dir='ltr'>Demosthene</span> <span class='ocrx_word' id='word_1_185' title='bbox 539 2222 631 2252; x_wconf 90' lang='lat' dir='ltr'>simul</span> <span class='ocrx_word' id='word_1_186' title='bbox 648 2222 861 2252; x_wconf 83' lang='lat' dir='ltr'>annotationes</span> <span class='ocrx_word' id='word_1_187' title='bbox 885 2222 1018 2251; x_wconf 89' lang='lat' dir='ltr'>omnium</span> <span class='ocrx_word' id='word_1_188' title='bbox 1039 2230 1184 2260; x_wconf 86' lang='lat' dir='ltr'>measque</span> <span class='ocrx_word' id='word_1_189' title='bbox 1200 2220 1286 2256; x_wconf 85' lang='lat' dir='ltr'>dare,</span> <span class='ocrx_word' id='word_1_190' title='bbox 1304 2220 1404 2249; x_wconf 86' lang='lat' dir='ltr'>textui</span> <span class='ocrx_word' id='word_1_191' title='bbox 1425 2219 1605 2253; x_wconf 84' lang='lat' dir='ltr'>substratas,</span> <span class='ocrx_word' id='word_1_192' title='bbox 1621 2226 1684 2245; x_wconf 88' lang='lat' dir='ltr'>non</span> 
     </span>
     <span class='ocr_line' id='line_1_25' title="bbox 208 2269 1684 2314; baseline -0.005 -10"><span class='ocrx_word' id='word_1_193' title='bbox 208 2274 329 2304; x_wconf 88' lang='lat' dir='ltr'>sinebat</span> <span class='ocrx_word' id='word_1_194' title='bbox 343 2274 485 2314; x_wconf 85' lang='lat' dir='ltr'>angustia</span> <span class='ocrx_word' id='word_1_195' title='bbox 503 2274 637 2311; x_wconf 83' lang='lat' dir='ltr'>chartae3</span> <span class='ocrx_word' id='word_1_196' title='bbox 660 2284 728 2303; x_wconf 86' lang='lat' dir='ltr'>nam</span> <span class='ocrx_word' id='word_1_197' title='bbox 746 2273 792 2303; x_wconf 87' lang='lat' dir='ltr'>sic</span> <span class='ocrx_word' id='word_1_198' title='bbox 810 2273 982 2312; x_wconf 82' lang='lat' dir='ltr'>saepissime</span> <span class='ocrx_word' id='word_1_199' title='bbox 1001 2283 1081 2302; x_wconf 84' lang='lat' dir='ltr'>senae</span> <span class='ocrx_word' id='word_1_200' title='bbox 1097 2272 1135 2301; x_wconf 90' lang='lat' dir='ltr'>ad</span> <span class='ocrx_word' id='word_1_201' title='bbox 1157 2276 1285 2301; x_wconf 85' lang='lat' dir='ltr'>octonas</span> <span class='ocrx_word' id='word_1_202' title='bbox 1308 2271 1438 2311; x_wconf 66' lang='lat' dir='ltr'>paginae,</span> <span class='ocrx_word' id='word_1_203' title='bbox 1455 2269 1537 2300; x_wconf 91' lang='lat' dir='ltr'>omni</span> <span class='ocrx_word' id='word_1_204' title='bbox 1558 2278 1684 2309; x_wconf 88' lang='lat' dir='ltr'>prorsus</span> 
     </span>
     <span class='ocr_line' id='line_1_26' title="bbox 207 2320 1685 2364; baseline -0.003 -9"><span class='ocrx_word' id='word_1_205' title='bbox 207 2336 314 2356; x_wconf 80' lang='lat' dir='ltr'>vacuae</span> <span class='ocrx_word' id='word_1_206' title='bbox 339 2326 477 2355; x_wconf 86' lang='lat' dir='ltr'>oratione</span> <span class='ocrx_word' id='word_1_207' title='bbox 508 2325 752 2356; x_wconf 87' lang='lat' dir='ltr'>Demosthenica</span> <span class='ocrx_word' id='word_1_208' title='bbox 777 2326 1025 2356; x_wconf 79' lang='lat' dir='ltr'>intercessissent</span> <span class='ocrx_word' id='word_1_209' title='bbox 1050 2324 1268 2361; x_wconf 81' lang='lat' dir='ltr'>revolvendae3</span> <span class='ocrx_word' id='word_1_210' title='bbox 1292 2334 1361 2364; x_wconf 82' lang='lat' dir='ltr'>quae</span> <span class='ocrx_word' id='word_1_211' title='bbox 1388 2334 1439 2353; x_wconf 88' lang='lat' dir='ltr'>res</span> <span class='ocrx_word' id='word_1_212' title='bbox 1466 2320 1685 2352; x_wconf 85' lang='lat' dir='ltr'>molestissima</span> 
     </span>
     <span class='ocr_line' id='line_1_27' title="bbox 208 2372 1684 2416; baseline -0.003 -10"><span class='ocrx_word' id='word_1_213' title='bbox 208 2376 331 2412; x_wconf 81' lang='lat' dir='ltr'>fuisset,</span> <span class='ocrx_word' id='word_1_214' title='bbox 346 2376 519 2416; x_wconf 85' lang='lat' dir='ltr'>praesertim</span> <span class='ocrx_word' id='word_1_215' title='bbox 545 2376 787 2406; x_wconf 76' lang='lat' dir='ltr'>Demosthenem</span> <span class='ocrx_word' id='word_1_216' title='bbox 810 2377 938 2416; x_wconf 85' lang='lat' dir='ltr'>legenti,</span> <span class='ocrx_word' id='word_1_217' title='bbox 956 2378 1044 2416; x_wconf 85' lang='lat' dir='ltr'>cujus</span> <span class='ocrx_word' id='word_1_218' title='bbox 1069 2375 1191 2415; x_wconf 89' lang='lat' dir='ltr'>periodi</span> <span class='ocrx_word' id='word_1_219' title='bbox 1210 2380 1269 2404; x_wconf 88' lang='lat' dir='ltr'>tam</span> <span class='ocrx_word' id='word_1_220' title='bbox 1294 2379 1430 2404; x_wconf 76' lang='lat' dir='ltr'>extentae</span> <span class='ocrx_word' id='word_1_221' title='bbox 1456 2379 1487 2404; x_wconf 88' lang='lat' dir='ltr'>et.</span> <span class='ocrx_word' id='word_1_222' title='bbox 1503 2379 1563 2404; x_wconf 90' lang='lat' dir='ltr'>tam</span> <span class='ocrx_word' id='word_1_223' title='bbox 1583 2372 1684 2413; x_wconf 88' lang='lat' dir='ltr'>impli—</span> 
     </span>
     <span class='ocr_line' id='line_1_28' title="bbox 210 2424 1685 2468; baseline -0.003 -11"><span class='ocrx_word' id='word_1_224' title='bbox 210 2432 286 2457; x_wconf 82' lang='lat' dir='ltr'>catae</span> <span class='ocrx_word' id='word_1_225' title='bbox 313 2438 374 2458; x_wconf 86' lang='lat' dir='ltr'>uno</span> <span class='ocrx_word' id='word_1_226' title='bbox 396 2433 566 2467; x_wconf 86' lang='lat' dir='ltr'>conspectu</span> <span class='ocrx_word' id='word_1_227' title='bbox 591 2428 783 2468; x_wconf 87' lang='lat' dir='ltr'>perlustrari,</span> <span class='ocrx_word' id='word_1_228' title='bbox 809 2433 840 2458; x_wconf 90' lang='lat' dir='ltr'>et</span> <span class='ocrx_word' id='word_1_229' title='bbox 867 2439 927 2458; x_wconf 90' lang='lat' dir='ltr'>uno</span> <span class='ocrx_word' id='word_1_230' title='bbox 955 2428 1062 2468; x_wconf 86' lang='lat' dir='ltr'>spiritu</span> <span class='ocrx_word' id='word_1_231' title='bbox 1088 2426 1209 2466; x_wconf 86' lang='lat' dir='ltr'>perlegi</span> <span class='ocrx_word' id='word_1_232' title='bbox 1235 2427 1352 2456; x_wconf 82' lang='lat' dir='ltr'>volunt.</span> <span class='ocrx_word' id='word_1_233' title='bbox 1398 2425 1627 2456; x_wconf 86' lang='lat' dir='ltr'>Demosthenes</span> <span class='ocrx_word' id='word_1_234' title='bbox 1654 2424 1685 2453; x_wconf 92' lang='lat' dir='ltr'>in</span> 
     </span>
     <span class='ocr_line' id='line_1_29' title="bbox 209 2476 1685 2520; baseline -0.003 -11"><span class='ocrx_word' id='word_1_235' title='bbox 209 2479 307 2509; x_wconf 77' lang='lat' dir='ltr'>forma</span> <span class='ocrx_word' id='word_1_236' title='bbox 321 2485 384 2509; x_wconf 88' lang='lat' dir='ltr'>tam</span> <span class='ocrx_word' id='word_1_237' title='bbox 399 2480 527 2516; x_wconf 90' lang='lat' dir='ltr'>minuta,</span> <span class='ocrx_word' id='word_1_238' title='bbox 543 2485 655 2509; x_wconf 88' lang='lat' dir='ltr'>cuncto</span> <span class='ocrx_word' id='word_1_239' title='bbox 672 2479 843 2510; x_wconf 88' lang='lat' dir='ltr'>instructus</span> <span class='ocrx_word' id='word_1_240' title='bbox 860 2487 1021 2520; x_wconf 86' lang='lat' dir='ltr'>apparatu,</span> <span class='ocrx_word' id='word_1_241' title='bbox 1037 2480 1139 2510; x_wconf 86' lang='lat' dir='ltr'>statim</span> <span class='ocrx_word' id='word_1_242' title='bbox 1156 2479 1257 2509; x_wconf 89' lang='lat' dir='ltr'>textui</span> <span class='ocrx_word' id='word_1_243' title='bbox 1274 2479 1441 2514; x_wconf 85' lang='lat' dir='ltr'>substrato,</span> <span class='ocrx_word' id='word_1_244' title='bbox 1458 2478 1543 2508; x_wconf 79' lang='lat' dir='ltr'>solus</span> <span class='ocrx_word' id='word_1_245' title='bbox 1560 2481 1631 2507; x_wconf 88' lang='lat' dir='ltr'>octo</span> <span class='ocrx_word' id='word_1_246' title='bbox 1647 2476 1685 2505; x_wconf 80' lang='lat' dir='ltr'>ad</span> 
     </span>
     <span class='ocr_line' id='line_1_30' title="bbox 209 2530 1686 2571; baseline -0.003 -10"><span class='ocrx_word' id='word_1_247' title='bbox 209 2532 319 2562; x_wconf 83' lang='lat' dir='ltr'>decem</span> <span class='ocrx_word' id='word_1_248' title='bbox 340 2531 496 2561; x_wconf 83' lang='lat' dir='ltr'>volumina</span> <span class='ocrx_word' id='word_1_249' title='bbox 516 2531 689 2571; x_wconf 85' lang='lat' dir='ltr'>implesset.</span> <span class='ocrx_word' id='word_1_250' title='bbox 737 2531 827 2562; x_wconf 89' lang='lat' dir='ltr'>Alius</span> <span class='ocrx_word' id='word_1_251' title='bbox 854 2533 950 2562; x_wconf 80' lang='lat' dir='ltr'>teneri</span> <span class='ocrx_word' id='word_1_252' title='bbox 971 2533 1080 2563; x_wconf 87' lang='lat' dir='ltr'>modus</span> <span class='ocrx_word' id='word_1_253' title='bbox 1107 2533 1138 2562; x_wconf 93' lang='lat' dir='ltr'>in</span> <span class='ocrx_word' id='word_1_254' title='bbox 1161 2532 1334 2562; x_wconf 82' lang='lat' dir='ltr'>oratoribus</span> <span class='ocrx_word' id='word_1_255' title='bbox 1359 2530 1526 2560; x_wconf 87' lang='lat' dir='ltr'>minoribus</span> <span class='ocrx_word' id='word_1_256' title='bbox 1552 2532 1686 2569; x_wconf 84' lang='lat' dir='ltr'>poterat,</span> 
     </span>
     <span class='ocr_line' id='line_1_31' title="bbox 211 2580 1688 2623; baseline -0.003 -10"><span class='ocrx_word' id='word_1_257' title='bbox 211 2593 342 2622; x_wconf 88' lang='lat' dir='ltr'>quorum</span> <span class='ocrx_word' id='word_1_258' title='bbox 358 2588 442 2613; x_wconf 84' lang='lat' dir='ltr'>esset</span> <span class='ocrx_word' id='word_1_259' title='bbox 458 2583 518 2613; x_wconf 85' lang='lat' dir='ltr'>alia</span> <span class='ocrx_word' id='word_1_260' title='bbox 537 2583 663 2613; x_wconf 87' lang='lat' dir='ltr'>dicendi</span> <span class='ocrx_word' id='word_1_261' title='bbox 680 2583 770 2618; x_wconf 87' lang='lat' dir='ltr'>ratio,</span> <span class='ocrx_word' id='word_1_262' title='bbox 786 2584 945 2623; x_wconf 87' lang='lat' dir='ltr'>minorque</span> <span class='ocrx_word' id='word_1_263' title='bbox 962 2584 1000 2613; x_wconf 80' lang='lat' dir='ltr'>ad</span> <span class='ocrx_word' id='word_1_264' title='bbox 1023 2595 1075 2614; x_wconf 89' lang='lat' dir='ltr'>eos</span> <span class='ocrx_word' id='word_1_265' title='bbox 1092 2589 1316 2619; x_wconf 82' lang='lat' dir='ltr'>annotatorum,</span> <span class='ocrx_word' id='word_1_266' title='bbox 1333 2587 1364 2613; x_wconf 88' lang='lat' dir='ltr'>et</span> <span class='ocrx_word' id='word_1_267' title='bbox 1388 2593 1472 2622; x_wconf 71' lang='lat' dir='ltr'>saepe</span> <span class='ocrx_word' id='word_1_268' title='bbox 1494 2582 1583 2621; x_wconf 83' lang='lat' dir='ltr'>plane</span> <span class='ocrx_word' id='word_1_269' title='bbox 1605 2580 1688 2609; x_wconf 88' lang='lat' dir='ltr'>nulla</span> 
     </span>
     <span class='ocr_line' id='line_1_32' title="bbox 211 2634 1686 2674; baseline -0.002 -10"><span class='ocrx_word' id='word_1_270' title='bbox 211 2634 313 2674; x_wconf 83' lang='lat' dir='ltr'>copia.</span> <span class='ocrx_word' id='word_1_271' title='bbox 358 2635 528 2670; x_wconf 82' lang='lat' dir='ltr'>Praeterea,</span> <span class='ocrx_word' id='word_1_272' title='bbox 547 2645 617 2664; x_wconf 91' lang='lat' dir='ltr'>cum</span> <span class='ocrx_word' id='word_1_273' title='bbox 644 2635 867 2665; x_wconf 79' lang='lat' dir='ltr'>Demosthenes</span> <span class='ocrx_word' id='word_1_274' title='bbox 889 2640 919 2665; x_wconf 89' lang='lat' dir='ltr'>et</span> <span class='ocrx_word' id='word_1_275' title='bbox 941 2636 1074 2665; x_wconf 85' lang='lat' dir='ltr'>minores</span> <span class='ocrx_word' id='word_1_276' title='bbox 1097 2636 1337 2670; x_wconf 83' lang='lat' dir='ltr'>excuderentur,</span> <span class='ocrx_word' id='word_1_277' title='bbox 1357 2636 1516 2674; x_wconf 81' lang='lat' dir='ltr'>sperabam</span> <span class='ocrx_word' id='word_1_278' title='bbox 1539 2634 1686 2667; x_wconf 83' lang='lat' dir='ltr'>futurum,</span> 
     </span>
     <span class='ocr_line' id='line_1_33' title="bbox 211 2684 1687 2726; baseline -0.002 -11"><span class='ocrx_word' id='word_1_279' title='bbox 211 2691 246 2716; x_wconf 88' lang='lat' dir='ltr'>ut</span> <span class='ocrx_word' id='word_1_280' title='bbox 257 2686 294 2715; x_wconf 84' lang='lat' dir='ltr'>ad</span> <span class='ocrx_word' id='word_1_281' title='bbox 313 2695 381 2716; x_wconf 89' lang='lat' dir='ltr'>enm</span> <span class='ocrx_word' id='word_1_282' title='bbox 399 2687 568 2716; x_wconf 81' lang='lat' dir='ltr'>ornandum</span> <span class='ocrx_word' id='word_1_283' title='bbox 584 2696 684 2722; x_wconf 85' lang='lat' dir='ltr'>novae,</span> <span class='ocrx_word' id='word_1_284' title='bbox 702 2687 782 2716; x_wconf 86' lang='lat' dir='ltr'>unde</span> <span class='ocrx_word' id='word_1_285' title='bbox 801 2687 893 2723; x_wconf 80' lang='lat' dir='ltr'>unde,</span> <span class='ocrx_word' id='word_1_286' title='bbox 908 2688 1006 2726; x_wconf 68' lang='lat' dir='ltr'>copiae</span> <span class='ocrx_word' id='word_1_287' title='bbox 1021 2688 1211 2719; x_wconf 67' lang='lat' dir='ltr'>advenirent,</span> <span class='ocrx_word' id='word_1_288' title='bbox 1228 2687 1363 2726; x_wconf 80' lang='lat' dir='ltr'>mihique</span> <span class='ocrx_word' id='word_1_289' title='bbox 1380 2686 1435 2715; x_wconf 86' lang='lat' dir='ltr'>otii</span> <span class='ocrx_word' id='word_1_290' title='bbox 1452 2690 1535 2714; x_wconf 79' lang='lat' dir='ltr'>tanto</span> <span class='ocrx_word' id='word_1_291' title='bbox 1552 2684 1621 2723; x_wconf 79' lang='lat' dir='ltr'>plus</span> <span class='ocrx_word' id='word_1_292' title='bbox 1637 2694 1687 2712; x_wconf 82' lang='lat' dir='ltr'>su-</span> 
     </span>
     <span class='ocr_line' id='line_1_34' title="bbox 211 2736 1688 2778; baseline -0.003 -11"><span class='ocrx_word' id='word_1_293' title='bbox 211 2737 405 2776; x_wconf 82' lang='lat' dir='ltr'>perfuturnm</span> <span class='ocrx_word' id='word_1_294' title='bbox 428 2747 496 2767; x_wconf 85' lang='lat' dir='ltr'>mea</span> <span class='ocrx_word' id='word_1_295' title='bbox 513 2737 754 2767; x_wconf 81' lang='lat' dir='ltr'>Demosthenica</span> <span class='ocrx_word' id='word_1_296' title='bbox 771 2738 951 2777; x_wconf 81' lang='lat' dir='ltr'>expoliendi</span> <span class='ocrx_word' id='word_1_297' title='bbox 969 2743 1001 2768; x_wconf 89' lang='lat' dir='ltr'>et</span> <span class='ocrx_word' id='word_1_298' title='bbox 1017 2738 1226 2778; x_wconf 82' lang='lat' dir='ltr'>locupletandi</span> <span class='ocrx_word' id='word_1_299' title='bbox 1242 2749 1250 2775; x_wconf 78' lang='lat'>3</span> <span class='ocrx_word' id='word_1_300' title='bbox 1274 2738 1355 2777; x_wconf 82' lang='lat' dir='ltr'>quod</span> <span class='ocrx_word' id='word_1_301' title='bbox 1370 2738 1465 2767; x_wconf 80' lang='lat' dir='ltr'>otium</span> <span class='ocrx_word' id='word_1_302' title='bbox 1485 2736 1557 2766; x_wconf 83' lang='lat' dir='ltr'>mihi</span> <span class='ocrx_word' id='word_1_303' title='bbox 1577 2741 1688 2775; x_wconf 64' lang='lat' dir='ltr'>praeter</span> 
     </span>
     <span class='ocr_line' id='line_1_35' title="bbox 213 2787 1686 2829; baseline -0.002 -12"><span class='ocrx_word' id='word_1_304' title='bbox 213 2797 299 2827; x_wconf 88' lang='lat' dir='ltr'>spem</span> <span class='ocrx_word' id='word_1_305' title='bbox 315 2792 458 2827; x_wconf 86' lang='lat' dir='ltr'>negatum</span> <span class='ocrx_word' id='word_1_306' title='bbox 474 2788 542 2818; x_wconf 79' lang='lat' dir='ltr'>fuit.</span> <span class='ocrx_word' id='word_1_307' title='bbox 571 2788 672 2818; x_wconf 84' lang='lat' dir='ltr'>Citius</span> <span class='ocrx_word' id='word_1_308' title='bbox 687 2799 773 2827; x_wconf 85' lang='lat' dir='ltr'>ergo,</span> <span class='ocrx_word' id='word_1_309' title='bbox 788 2798 877 2827; x_wconf 85' lang='lat' dir='ltr'>qnam</span> <span class='ocrx_word' id='word_1_310' title='bbox 895 2798 985 2825; x_wconf 88' lang='lat' dir='ltr'>nunc,</span> <span class='ocrx_word' id='word_1_311' title='bbox 999 2789 1059 2819; x_wconf 87' lang='lat' dir='ltr'>huc</span> <span class='ocrx_word' id='word_1_312' title='bbox 1073 2790 1226 2828; x_wconf 82' lang='lat' dir='ltr'>perveniri</span> <span class='ocrx_word' id='word_1_313' title='bbox 1241 2800 1299 2818; x_wconf 84' lang='lat' dir='ltr'>non</span> <span class='ocrx_word' id='word_1_314' title='bbox 1315 2793 1446 2829; x_wconf 79' lang='lat' dir='ltr'>poterat,</span> <span class='ocrx_word' id='word_1_315' title='bbox 1457 2789 1494 2817; x_wconf 86' lang='lat' dir='ltr'>ad</span> <span class='ocrx_word' id='word_1_316' title='bbox 1512 2787 1686 2816; x_wconf 80' lang='lat' dir='ltr'>facultatem</span> 
     </span>
     <span class='ocr_line' id='line_1_36' title="bbox 212 2839 1689 2879; baseline -0.001 -11"><span class='ocrx_word' id='word_1_317' title='bbox 212 2843 290 2878; x_wconf 86' lang='lat' dir='ltr'>puta</span> <span class='ocrx_word' id='word_1_318' title='bbox 305 2849 373 2868; x_wconf 90' lang='lat' dir='ltr'>mea</span> <span class='ocrx_word' id='word_1_319' title='bbox 390 2840 633 2869; x_wconf 86' lang='lat' dir='ltr'>Demosthenica</span> <span class='ocrx_word' id='word_1_320' title='bbox 649 2839 678 2869; x_wconf 87' lang='lat' dir='ltr'>iu</span> <span class='ocrx_word' id='word_1_321' title='bbox 696 2840 853 2878; x_wconf 78' lang='lat' dir='ltr'>publicum</span> <span class='ocrx_word' id='word_1_322' title='bbox 866 2840 1054 2879; x_wconf 75' lang='lat' dir='ltr'>proferendi.</span> <span class='ocrx_word' id='word_1_323' title='bbox 1080 2840 1158 2877; x_wconf 78' lang='lat' dir='ltr'>Quae</span> <span class='ocrx_word' id='word_1_324' title='bbox 1174 2840 1278 2879; x_wconf 82' lang='lat' dir='ltr'>quanti</span> <span class='ocrx_word' id='word_1_325' title='bbox 1292 2841 1352 2870; x_wconf 88' lang='lat' dir='ltr'>sint</span> <span class='ocrx_word' id='word_1_326' title='bbox 1371 2840 1523 2873; x_wconf 75' lang='lat' dir='ltr'>facienda,</span> <span class='ocrx_word' id='word_1_327' title='bbox 1540 2840 1689 2876; x_wconf 75' lang='lat' dir='ltr'>cujusque</span> 
     </span>
     <span class='ocr_line' id='line_1_37' title="bbox 213 2888 1688 2930; baseline -0.002 -10"><span class='ocrx_word' id='word_1_328' title='bbox 213 2894 261 2920; x_wconf 84' lang='lat' dir='ltr'>est</span> <span class='ocrx_word' id='word_1_329' title='bbox 275 2890 469 2927; x_wconf 77' lang='lat' dir='ltr'>existimare,</span> <span class='ocrx_word' id='word_1_330' title='bbox 487 2900 578 2929; x_wconf 89' lang='lat' dir='ltr'>quem</span> <span class='ocrx_word' id='word_1_331' title='bbox 595 2890 633 2920; x_wconf 88' lang='lat' dir='ltr'>iis</span> <span class='ocrx_word' id='word_1_332' title='bbox 650 2891 695 2920; x_wconf 91' lang='lat' dir='ltr'>uti</span> <span class='ocrx_word' id='word_1_333' title='bbox 711 2891 749 2920; x_wconf 87' lang='lat' dir='ltr'>ad</span> <span class='ocrx_word' id='word_1_334' title='bbox 769 2891 934 2920; x_wconf 87' lang='lat' dir='ltr'>lectionem</span> <span class='ocrx_word' id='word_1_335' title='bbox 950 2892 1041 2920; x_wconf 85' lang='lat' dir='ltr'>Deru.</span> <span class='ocrx_word' id='word_1_336' title='bbox 1053 2891 1186 2930; x_wconf 80' lang='lat' dir='ltr'>juvabit.</span> <span class='ocrx_word' id='word_1_337' title='bbox 1213 2892 1311 2928; x_wconf 88' lang='lat' dir='ltr'>Quam</span> <span class='ocrx_word' id='word_1_338' title='bbox 1326 2891 1399 2920; x_wconf 85' lang='lat' dir='ltr'>mihi</span> <span class='ocrx_word' id='word_1_339' title='bbox 1416 2890 1521 2923; x_wconf 84' lang='lat' dir='ltr'>cruda,</span> <span class='ocrx_word' id='word_1_340' title='bbox 1539 2888 1688 2927; x_wconf 83' lang='lat' dir='ltr'>impolita,</span> 
     </span>
     <span class='ocr_line' id='line_1_38' title="bbox 212 2938 1690 2982; baseline -0.003 -10"><span class='ocrx_word' id='word_1_341' title='bbox 212 2941 376 2972; x_wconf 80' lang='lat' dir='ltr'>illaborata</span> <span class='ocrx_word' id='word_1_342' title='bbox 396 2941 456 2982; x_wconf 88' lang='lat' dir='ltr'>ipsi</span> <span class='ocrx_word' id='word_1_343' title='bbox 475 2942 650 2978; x_wconf 85' lang='lat' dir='ltr'>videantur,</span> <span class='ocrx_word' id='word_1_344' title='bbox 672 2942 702 2971; x_wconf 93' lang='lat' dir='ltr'>in</span> <span class='ocrx_word' id='word_1_345' title='bbox 724 2941 904 2981; x_wconf 69' lang='lat' dir='ltr'>praefatione</span> <span class='ocrx_word' id='word_1_346' title='bbox 922 2943 960 2971; x_wconf 85' lang='lat' dir='ltr'>ad</span> <span class='ocrx_word' id='word_1_347' title='bbox 982 2942 1113 2981; x_wconf 91' lang='lat' dir='ltr'>primum</span> <span class='ocrx_word' id='word_1_348' title='bbox 1130 2942 1275 2972; x_wconf 86' lang='lat' dir='ltr'>volumen</span> <span class='ocrx_word' id='word_1_349' title='bbox 1299 2943 1389 2981; x_wconf 83' lang='lat' dir='ltr'>hujus</span> <span class='ocrx_word' id='word_1_350' title='bbox 1406 2945 1572 2980; x_wconf 81' lang='lat' dir='ltr'>apparatus</span> <span class='ocrx_word' id='word_1_351' title='bbox 1589 2938 1690 2969; x_wconf 89' lang='lat' dir='ltr'>critici</span> 
     </span>
     <span class='ocr_line' id='line_1_39' title="bbox 212 2991 1691 3032; baseline -0.002 -10"><span class='ocrx_word' id='word_1_352' title='bbox 212 2993 277 3031; x_wconf 75' lang='lat' dir='ltr'>jam</span> <span class='ocrx_word' id='word_1_353' title='bbox 293 2996 479 3032; x_wconf 82' lang='lat' dir='ltr'>conquestus</span> <span class='ocrx_word' id='word_1_354' title='bbox 492 3003 578 3023; x_wconf 89' lang='lat' dir='ltr'>sum:</span> <span class='ocrx_word' id='word_1_355' title='bbox 595 3002 656 3031; x_wconf 91' lang='lat' dir='ltr'>quo</span> <span class='ocrx_word' id='word_1_356' title='bbox 673 2992 795 3022; x_wconf 85' lang='lat' dir='ltr'>accedit</span> <span class='ocrx_word' id='word_1_357' title='bbox 807 2991 837 3021; x_wconf 89' lang='lat' dir='ltr'>iu</span> <span class='ocrx_word' id='word_1_358' title='bbox 851 2992 1007 3022; x_wconf 86' lang='lat' dir='ltr'>cumulum</span> <span class='ocrx_word' id='word_1_359' title='bbox 1020 2992 1168 3022; x_wconf 85' lang='lat' dir='ltr'>malornm</span> <span class='ocrx_word' id='word_1_360' title='bbox 1186 2993 1245 3022; x_wconf 86' lang='lat' dir='ltr'>hoc</span> <span class='ocrx_word' id='word_1_361' title='bbox 1262 2992 1371 3031; x_wconf 87' lang='lat' dir='ltr'>ingens</span> <span class='ocrx_word' id='word_1_362' title='bbox 1385 2991 1509 3026; x_wconf 78' lang='lat' dir='ltr'>malum,</span> <span class='ocrx_word' id='word_1_363' title='bbox 1526 2991 1619 3030; x_wconf 87' lang='lat' dir='ltr'>quod,</span> <span class='ocrx_word' id='word_1_364' title='bbox 1631 3000 1691 3029; x_wconf 91' lang='lat' dir='ltr'>quo</span> 
     </span>
     <span class='ocr_line' id='line_1_40' title="bbox 216 3041 1691 3083; baseline -0.001 -11"><span class='ocrx_word' id='word_1_365' title='bbox 216 3046 355 3082; x_wconf 78' lang='lat' dir='ltr'>tempore</span> <span class='ocrx_word' id='word_1_366' title='bbox 371 3043 583 3074; x_wconf 80' lang='lat' dir='ltr'>annotationes</span> <span class='ocrx_word' id='word_1_367' title='bbox 603 3053 677 3073; x_wconf 78' lang='lat' dir='ltr'>mene</span> <span class='ocrx_word' id='word_1_368' title='bbox 696 3043 771 3073; x_wconf 89' lang='lat' dir='ltr'>mihi</span> <span class='ocrx_word' id='word_1_369' title='bbox 790 3054 807 3073; x_wconf 88' lang='lat' dir='ltr'>e</span> <span class='ocrx_word' id='word_1_370' title='bbox 829 3043 962 3073; x_wconf 85' lang='lat' dir='ltr'>vetustis</span> <span class='ocrx_word' id='word_1_371' title='bbox 985 3043 1109 3073; x_wconf 81' lang='lat' dir='ltr'>schedis</span> <span class='ocrx_word' id='word_1_372' title='bbox 1133 3043 1363 3083; x_wconf 49' lang='lat' dir='ltr'>expromendam</span> <span class='ocrx_word' id='word_1_373' title='bbox 1381 3041 1589 3078; x_wconf 71' lang='lat' dir='ltr'>excutiendae,</span> <span class='ocrx_word' id='word_1_374' title='bbox 1613 3041 1691 3071; x_wconf 81' lang='lat' dir='ltr'>inter</span> 
     </span>
    </p>
   </div>
  </div>
 </body>
</html>
