1931 3322
454 205 516 247 IN
553 206 729 248 ORAT.
765 206 848 248 DE
880 205 1246 248 SYMMORIIS.

116 309 184 336 otor
204 305 244 337 de
259 307 370 339 Xerxe
385 310 406 340 l.
421 311 469 343 Π.
486 321 513 341 c.
532 313 582 341 10.
600 315 621 328 “
635 312 798 348 Caeterum,
814 312 839 342 si

117 358 222 388 regem
238 357 376 390 spectes,
399 353 533 390 divitia&
557 365 615 385 non
637 356 758 392 ducem,
773 355 838 385 lan-

118 392 192 422 des:
220 403 344 432 quarum
376 400 461 426 tauta
487 397 576 436 copia
599 399 628 427 in
652 409 746 438 regno
770 400 837 437 ejus

117 434 185 471 fuit,
208 441 252 473 ut,
273 448 341 467 cum
363 439 487 470 flumina
510 441 704 471 multitudine
728 452 836 471 consu-

115 484 281 517 merentur,
300 491 363 520 opes
375 487 474 513 tamen
496 484 589 523 regiae
606 484 835 523 superessent.''

114 530 183 550 cum
199 533 261 561 quo
277 526 463 556 conveniunt
480 526 543 565 ipsi
560 528 724 557 Persarum
740 527 834 567 legati

114 564 153 593 ad
184 566 364 606 Philippum
389 569 427 600 de
454 570 642 605 Alexandro,
667 572 734 608 ejus
757 570 832 607 filio,

113 608 336 645 praedicantes:
364 612 377 641 ὅ
392 613 462 647 παῖς
476 609 554 646 οὗτος
569 613 706 646 βασιλεὺς
725 612 831 652 μέγας,

112 648 126 678 ὅ
143 649 171 680 δὲ
184 651 318 694 ἡμέτερος
333 655 477 690 πλούσιος.
523 656 591 685 Vid.
609 656 689 686 Plut.
706 656 745 686 de
760 658 832 687 fort.

112 691 207 725 Alex.
222 706 251 726 v.
268 698 313 727 11.
327 708 360 737 p.
376 700 451 728 362.
487 699 613 728 Pastum
630 709 736 739 regum
755 701 831 730 Per-

112 745 225 774 sarum,
239 740 345 770 multis
361 746 500 771 veterum
516 748 673 772 auctorum
692 742 769 774 locis
788 743 830 773 al-

110 778 193 816 latis,
209 782 378 823 descripsit
396 784 576 815 Brissonius
591 785 613 816 l.
627 786 647 816 l.
663 786 686 816 l.
701 786 728 816 I.
744 798 771 816 c.
788 788 830 818 69

109 824 206 853 —77.
239 830 270 855 et
299 827 383 857 alibi.
428 828 605 859 Eorundem
638 836 829 869 apparatum,

109 874 203 904 quum
215 869 445 908 expeditionem
463 872 638 911 suscepturi
656 878 768 909 essent,
783 884 830 903 re-

109 911 230 941 censuit
251 913 432 943 Herodotus
451 915 479 944 1.
496 917 569 946 188.
593 916 645 954 qui
666 921 697 946 et
719 917 740 946 l.
763 917 828 948 ΙΙΙ.

109 952 248 984 90-97.
277 956 448 986 universam
476 959 634 996 pecuniam
662 965 828 996 enumerat,

109 1006 177 1034 quae
195 998 290 1028 Dario
307 1009 346 1029 ex
366 1000 510 1039 satrapiis
524 1001 656 1031 redibat.
683 1003 828 1034 Amas-

109 1048 258 1071 roonnr.
295 1043 345 1072 De
361 1043 428 1072 sola
439 1045 571 1082 pecunia
583 1044 829 1084 intelligendum.

107 1081 156 1111 Sit
181 1083 384 1123 hyperbolice
412 1086 525 1116 dictum
541 1098 548 1116 :
575 1097 633 1116 non
658 1088 827 1118 intercedo.

108 1126 221 1165 Neque
236 1127 304 1166 ipse
321 1129 545 1159 Demosthenes
557 1129 680 1160 videtur
689 1141 752 1160 rem
770 1141 827 1171 pro

108 1179 181 1198 vera
205 1170 360 1208 habuisse,
385 1182 456 1202 cum
484 1172 602 1203 dixerit
631 1173 719 1213 φασὶν
740 1170 825 1205 οὗτοι.

107 1212 308 1245 sensnum.

148 1272 192 1278 —-
219 1260 322 1296 autep.
359 1255 518 1299 Βούλεσθε]
555 1258 696 1289 Adverte
727 1259 826 1294 Βούλε-

103 1296 170 1339 σθε,
183 1299 380 1339 conjunctivo
400 1301 583 1332 insolentius
606 1303 824 1343 postpositum.

106 1343 214 1373 Inna«.

145 1403 191 1409 —-
201 1396 272 1426 pen.
283 1385 422 1430 εἰτοίσ-ειν]
438 1388 507 1418 Non
523 1387 613 1419 deest
623 1387 689 1430 (sc.
703 1388 823 1432 οὗιιοῦν).

103 1431 204 1469 Supra
216 1430 442 1461 Demosthenes
453 1431 541 1462 aliam
556 1437 684 1471 usurpat
698 1432 824 1472 figuram

102 1473 267 1503 orationis:
294 1484 351 1504 nec
378 1475 523 1506 continuo
553 1476 711 1515 sequentia
735 1475 826 1506 ἀλλ’

103 1514 164 1547 οὔτ’
176 1516 210 1547 ἂν
223 1516 407 1559 ἀνάσχοισθε
421 1529 450 1548 κ.
465 1531 497 1549 τ.
513 1523 543 1549 λ.
560 1520 597 1549 ab
613 1519 824 1550 antecedenti-

101 1559 160 1589 bus
171 1560 334 1591 interserto
345 1561 400 1592 tali
410 1561 570 1603 κομματίῳ
582 1562 691 1593 divelli
703 1564 823 1602 patiun-

103 1607 165 1633 tur.
189 1604 295 1635 Innu-

143 1663 188 1669 —
202 1647 257 1677 ult.
272 1647 320 1689 ἂν]
344 1647 419 1679 Sine
436 1649 628 1680 cunctatione
643 1650 820 1681 delendum.

101 1689 213 1720 Orator
227 1690 307 1721 enim
327 1692 589 1723 confidentissime
608 1699 711 1733 negat,
726 1704 822 1734 pecu-

99 1732 193 1770 niam,
209 1735 411 1773 *quantumvis
432 1745 543 1775 magna
563 1736 717 1774 videatur,
740 1736 823 1776 ἀξίαν

98 1775 167 1807 εἶναι
182 1778 233 1807 τοῦ
244 1776 386 1817 πολέμου.
423 1779 517 1809 Adde
533 1779 616 1819 quod
632 1781 670 1810 ad
685 1781 822 1820 partiou—

97 1819 160 1850 lam
179 1819 213 1850 ἂν
234 1821 393 1852 subaudiri
413 1827 568 1863 oporteret
588 1822 646 1853 si‘n:
671 1825 759 1863 cujus
776 1824 820 1854 el-

99 1862 190 1902 lipsis
200 1868 290 1894 certa
302 1866 446 1904 exempla
459 1865 582 1905 requiro
594 1866 757 1906 (Fortasse
775 1868 820 1897 ci-

98 1910 147 1936 tes
174 1917 214 1937 ex
239 1907 358 1947 Eryxia
387 1908 558 1939 Platonicis
583 1909 690 1939 addito
714 1921 742 1940 c.
765 1913 819 1941 529.

98 1949 286 1989 καταμαθὼν
300 1949 325 1980 δ’
341 1950 425 1981 αὐτὸν
439 1950 496 1990 ἐγὼ
511 1952 557 1982 ὃτι
573 1952 630 1982 ἴσον
648 1954 686 1984 εἴη
703 1955 818 1990 πεῖσαι,

96 1991 163 2033 ὅπερ
185 1993 218 2023 ἃν
239 1992 275 2023 τὸ
298 1993 447 2034 λεγόμενον
468 1993 540 2026 λίθον
562 1994 680 2033 ἑψῆσαι.
705 1998 756 2027 ubi
780 1999 819 2027 ad

97 2035 165 2078 ὅπερ
180 2035 213 2067 ἂν
228 2037 471 2068 subaudiendum
488 2039 538 2070 εἴη.
580 2039 642 2069 Sed
668 2039 742 2070 talia
758 2050 818 2071 non

96 2084 168 2109 sunt
184 2090 267 2112 verae
279 2080 421 2120 ellipses,
435 2083 490 2111 sed
507 2092 582 2122 quas
603 2083 635 2112 in
657 2083 738 2113 libro
755 2084 819 2114 Bo-

95 2122 181 2153 siano
199 2125 387 2162 syntacticas
407 2125 504 2165 dixi).
550 2126 629 2155 Nam
647 2127 730 2166 quod
747 2127 817 2158 Me-

92 2165 148 2196 let.
173 2167 252 2196 Crit.
275 2177 306 2206 p.
321 2171 374 2199 44.
388 2168 484 2198 citavi
510 2169 657 2208 Sophocl.
681 2169 817 2202 Philoct.

95 2210 276 2240 493.1and0
292 2211 518 2248 Buttmannum,
534 2212 587 2252 qui
603 2223 619 2242 e
635 2214 816 2244 recensione

92 2252 234 2283 Triclinii
261 2254 436 2285 restituerit
462 2255 602 2286 παλαιόν.
634 2256 724 2287 Conf.
753 2264 816 2289 not.

95 2296 135 2325 ad
152 2296 300 2336 Sophocl.
315 2302 339 2327 t.
354 2298 400 2328 Il.
416 2309 447 2338 p.
463 2301 539 2329 346.
555 2298 661 2329 παλαί’
676 2299 711 2330 ἂν
726 2311 816 2340 quam

93 2338 230 2379 ineptum
248 2340 300 2378 sit,
313 2340 404 2371 facile
416 2342 543 2379 senties,
556 2342 582 2372 si
596 2344 744 2374 verteris:
760 2346 816 2374 diu.

93 2382 158 2419 sit,
173 2381 317 2424 dilrste
336 2384 422 2425 lange
437 2384 490 2415 her
503 2395 584 2426 seyn.
627 2387 679 2417 Sic
693 2386 764 2426 pius
781 2388 814 2418 fi-

93 2424 155 2455 lius
179 2436 237 2456 nou
259 2427 406 2466 loquitur,
425 2429 478 2468 qni
500 2434 585 2459 certo
608 2430 678 2465 scit,
699 2431 814 2462 dudum

94 2468 251 2500 metuerit.
275 2470 381 2501 Inmu-

135 2529 178 2535 —
193 2512 270 2543 ibid.
284 2512 449 2554 καταθῆτε]
467 2515 564 2545 Recte
582 2515 745 2547 Bekkerus
761 2528 814 2546 κα-

91 2553 229 2585 ταθεῖτε.
273 2556 376 2594 Quam
398 2557 531 2596 optativi
551 2559 677 2589 sormam
697 2560 721 2589 si
744 2560 814 2600 quis

91 2598 171 2629 forte
195 2598 326 2630 miretur
350 2599 515 2631 Reiskium
541 2601 714 2641 ignorasse,
737 2604 814 2634 sciat

92 2641 193 2672 virum
211 2652 362 2673 summum
378 2643 467 2674 flocci
483 2644 594 2675 secisse
610 2648 650 2676 τὰ
667 2657 811 2687 γξαμμα-

93 2686 173 2721 mua,
189 2684 328 2726 nihilque
341 2687 423 2717 alind
436 2697 526 2727 quam
538 2690 667 2719 Graecos
679 2688 811 2720 omnium

93 2733 218 2759 aetatum
228 2730 396 2770 scriptores
407 2731 632 2770 pei-volutasse.
659 2733 729 2762 Hoc
743 2744 811 2770 usu,

94 2781 155 2801 non
171 2773 370 2812 grammatica
392 2773 546 2811 doctrina,
563 2781 748 2806 consecutus
764 2783 814 2807 cst

94 2814 324 2846 diffusissimam
340 2817 517 2847 Graecarum
539 2818 696 2849 literarum
714 2819 812 2850 scien-

92 2856 179 2893 tiam,
190 2868 258 2896 quae
275 2863 410 2890 nostrum
424 2860 588 2900 perpaucis
604 2866 635 2891 et
650 2863 728 2892 haud
746 2863 812 2893 scio

92 2908 130 2929 an
145 2900 221 2930 nulli
242 2902 365 2943 obtigit,
380 2905 436 2934 sed
460 2905 537 2934 adeo
559 2915 618 2934 non
639 2910 810 2936 accuratam

93 2943 323 2984 subactamque,
344 2950 377 2976 nt
396 2947 509 2987 passim
531 2947 742 2986 implicaretur
765 2959 811 2979 er-

93 2985 228 3024 roribus,
243 2998 261 3018 a
280 2987 393 3027 quibus
409 2989 551 3020 tirunculi
568 2992 722 3022 schemata
739 2992 811 3022 satis

93 3028 240 3060 callentes
257 3031 315 3061 sibi
333 3031 422 3062 facile
438 3039 578 3064 caveant.
623 3035 673 3065 Sic
699 3035 809 3065 sac-tuin

141 3082 214 3104 vo1..
239 3084 270 3103 v.

1503 206 1588 248 465

875 315 933 345 est,
951 314 985 340 nt
1007 310 1155 341 Reiskius
1177 310 1258 340 haud
1278 318 1345 340 raro
1369 309 1532 350 vapularet
1552 311 1591 340 ab

873 353 1050 383 hominibus
1067 354 1156 393 longe
1166 354 1320 394 longeque
1334 352 1411 383 infra
1423 352 1591 392 sepositis,

873 407 950 436 quos
967 397 1091 427 deceret
1106 407 1268 436 assurgere
1285 396 1409 436 ingenio
1425 401 1487 426 tam
1504 396 1589 436 capi-

872 439 936 469 tali.
960 440 1066 469 IDEM.
1388 467 1391 469 .

913 499 956 504 —
971 481 1051 512 ibid.
1067 481 1134 520 ἄξια
1150 483 1199 512 τοῦ
1214 482 1358 523 πολέμου]
1383 488 1478 519 tanta,
1493 492 1588 523 quan-

870 530 931 554 tam
947 525 1053 555 bellum
1065 527 1166 563 poscit.
1183 526 1290 555 Inmi-

912 569 950 598 P.
966 570 1087 600 2931.
1110 568 1227 609 τᾶλλα]
1249 569 1336 598 Bene
1360 570 1400 599 ἰ-Ξι
1426 567 1482 609 μὲν
1505 567 1588 597 ἄλλα

869 611 1003 642 Bekker.
1026 613 1134 643 IDEM.

908 673 952 678 -·
964 658 994 686 2.
1011 655 1133 695 οὐδαμοῦ
1149 655 1202 694 yzit}
1214 672 1258 678 —-
1269 653 1295 684 ἐν
1306 653 1448 694 καλλίονι]
1469 653 1588 684 Aristo-

866 699 981 737 phanes
1001 699 1227 738 Thesmophor.
1252 700 1327 729 292.
1354 698 1410 726 ssr.
1433 698 1507 733 ιτιτοῦ,
1532 698 1587 728 παῦ

865 740 1029 783 καθίζωμαι
1048 741 1070 771 ’ν
1085 741 1164 781 καλῷ
1173 759 1217 764 —
1228 743 1338 772 IDEM.
1471 781 1479 787 ι

909 804 951 808 -
966 786 1043 815 ibid.
1066 784 1092 815 ἒν
1113 783 1255 826 καλλίῡνι]
1280 786 1330 815 Ne
1350 783 1516 813 subaud1as
1538 781 1588 811 τό·

866 839 922 858 πω.
944 827 1069 859 καλλίονι
1081 829 1161 859 enim
1175 828 1295 867 generis
1312 832 1359 858 est
1371 825 1523 856 neutrius.
1546 825 1585 855 V.

864 862 943 902 Bos.
960 872 1070 911 Ellips.
1086 883 1118 912 p.
1134 875 1210 903 485.
1227 871 1278 901 ubi
1295 871 1321 901 si
1338 869 1388 900 cui
1405 869 1513 899 videar
1527 868 1586 898 du-

864 915 1012 945 bitantius
1034 916 1214 954 scripsisse,
1239 914 1330 945 velim
1346 913 1474 952 cogitet,
1490 921 1585 951 quan-

863 962 927 988 tum
943 959 1016 988 mihi
1033 959 1125 989 suerit
1140 959 1193 988 illo
1210 958 1241 988 in
1263 967 1357 997 opere
1373 956 1585 991 laborandum,

863 1007 1006 1040 quantum
1023 1002 1249 1041 trepidandum,
1261 1011 1332 1030 cum
1347 999 1514 1039 Ellipsium
1530 998 1586 1028 do-

862 1044 990 1075 ctrinam
1007 1045 1203 1085 plurimarum
1215 1049 1336 1074 aetatum
1350 1047 1494 1083 tanquam
1506 1052 1586 1082 prae-

862 1087 1031 1127 scriptione
1047 1089 1192 1117 sancitam
1206 1087 1325 1127 primus
1338 1086 1516 1116 convellere
1530 1095 1584 1116 au-

861 1130 978 1160 derem.
1020 1132 1082 1161 Sed
1097 1130 1304 1161 fundamentis
1316 1129 1409 1169 jactis
1426 1128 1517 1158 facile
1533 1139 1585 1159 su-

859 1178 1029 1211 perstruaS.
1053 1174 1144 1203 Conf.
1161 1178 1227 1203 not.
1245 1174 1284 1203 ad
1308 1171 1455 1212 Euripid.
1478 1172 1584 1202 Orest.

860 1215 954 1247 Pors.
970 1218 1045 1247 887.
1056 1227 1089 1256 p.
1105 1219 1158 1247 81.
1174 1217 1249 1246 edit.
1266 1220 1337 1245 tert.
1355 1215 1444 1255 Lips.
1473 1215 1585 1246 IDEM.

903 1277 946 1282 —
961 1261 992 1289 8.
1012 1257 1068 1300 μὲν
1090 1259 1140 1300 γε]
1166 1259 1331 1290 Praevideo
1354 1259 1431 1294 sore,
1452 1257 1503 1297 qui
1527 1257 1585 1298 μὲν

859 1302 915 1344 γὰρ
939 1302 1137 1333 scribendum
1167 1307 1323 1333 censeant.
1369 1303 1414 1332 Ac
1441 1302 1583 1340 profecto

858 1344 966 1377 harum
989 1346 1185 1376 formularum
1212 1344 1349 1376 solennis
1373 1349 1421 1374 est
1440 1344 1472 1375 in
1495 1345 1583 1376 libris

859 1389 1010 1420 confusio.
1052 1389 1112 1420 Sed
1131 1399 1210 1419 cave
1227 1389 1384 1429 vulgatam
1399 1393 1511 1418 mutes.
1542 1389 1585 1418 V.

858 1437 922 1463 not.
947 1432 985 1464 ad
1006 1432 1135 1473 Dionys.
1160 1432 1265 1463 Halic.
1282 1433 1322 1463 de
1340 1432 1375 1462 C.
1395 1432 1434 1461 V.
1455 1442 1488 1471 p.
1504 1434 1582 1463 406.

858 1476 1067 1507 Sehneiderus
1080 1477 1116 1506 ad
1128 1476 1329 1516 Xenophont.
1345 1474 1475 1505 Hieron.
1488 1478 1580 1506 1.11.

859 1519 1021 1550 Dobreeus
1035 1520 1064 1550 in
1083 1522 1252 1550 Gomment.
1270 1520 1309 1549 ad
1327 1518 1485 1557 Aristoph.
1499 1518 1580 1548 VII.

859 1565 888 1593 1.
905 1573 938 1603 p.
953 1566 1029 1595 560.
1054 1565 1254 1593 Buttmannus
1273 1563 1311 1593 ad
1329 1561 1462 1592 Midian.
1478 1572 1509 1602 p.
1526 1564 1581 1593 46.

857 1609 889 1636 et
913 1606 1095 1637 Siebelisius
1119 1607 1157 1637 ad
1184 1608 1311 1636 l'ausan.
1334 1610 1357 1635 t.
1379 1606 1424 1635 11.
1449 1615 1481 1643 p.
1504 1607 1580 1637 198.

856 1648 912 1688 μέν
925 1661 958 1688 ys
973 1650 1106 1681 recurrit
1122 1661 1153 1681 v.
1164 1652 1216 1681 13.
1235 1660 1268 1689 p.
1285 1651 1359 1680 189.
1371 1651 1424 1679 11.
1440 1650 1580 1680 204.14.

857 1693 907 1723 ed.
924 1694 1033 1724 Reisk.
1051 1693 1134 1724 Add.
1151 1704 1184 1733 p.
1200 1695 1275 1724 174.
1293 1695 1345 1725 20.
1370 1693 1475 1723 IDEM.

897 1753 941 1759 ——
956 1737 1034 1768 ibid.
1051 1735 1227 1778 τριακοσίαις
1247 1736 1394 1776 τξιῆξεσιν,
1419 1733 1446 1764 άῖ
1449 1747 1461 1765 ν
1478 1732 1579 1765 ἓκατόν

854 1780 1069 1822 παρεσχόμεθ’
1090 1781 1188 1822 ἡμεῖς]
1226 1780 1386 1811 Lubenter
1410 1783 1578 1808 excurrunt

855 1824 1004 1854 Oratores
1029 1824 1128 1855 Attici
1148 1823 1180 1853 in
1206 1824 1315 1854 laudes
1345 1821 1420 1852 belli
1440 1821 1576 1858 Persici,

853 1871 996 1906 tanquam
1013 1878 1137 1898 snorum
1160 1866 1313 1908 majorum
1335 1864 1487 1905 imprimis
1505 1876 1576 1904 pro-

853 1910 952 1949 prias:
977 1912 1145 1950 praecipue,
1161 1920 1230 1940 cum
1246 1908 1363 1939 mentio
1379 1909 1518 1938 facienda
1534 1908 1576 1938 sit

852 1953 1053 1992 praesentium
1067 1964 1135 1984 cum
1153 1954 1316 1984 Persarum
1330 1962 1403 1992 rege
1415 1951 1577 1982 inimiciti-

852 2006 950 2026 arum.
980 1998 1029 2028 Cf.
1054 1997 1247 2036 Thucydidis
1273 1996 1378 2026 Schol.
1401 1995 1441 2025 ad
1466 1996 1493 2024 Ι.
1520 1996 1575 2025 73.

852 2040 956 2080 Atque
972 2041 1153 2080 hujusmodi
1175 2049 1276 2070 rerum
1293 2050 1323 2070 a¹
1334 2038 1505 2078 majoribus
1519 2048 1575 2077 ge·

853 2087 970 2113 starum
993 2084 1179 2114 mentionem
1206 2084 1244 2113 ad
1272 2081 1448 2122 σεμνότητος
1470 2088 1574 2122 partes

852 2126 947 2156 refert
957 2127 1170 2167 Hermogenes
1186 2127 1225 2156 de
1233 2127 1337 2157 Form.
1354 2129 1440 2156 Orat.
1451 2135 1478 2154 c.
1493 2127 1523 2154 6.
1541 2135 1573 2164 p.

853 2171 927 2202 281.
940 2171 989 2200 ed.
1004 2171 1151 2201 Laurent.
1163 2170 1304 2210 ’τετάρτην
1313 2179 1346 2207 γε
1360 2170 1417 2207 μὴν
1432 2167 1573 2208 σεμνέτη-

851 2224 900 2247 τος
919 2212 1019 2254 ἔχουσι
1039 2214 1156 2254 δύναμιν
1175 2212 1268 2243 ἔννοιαι
1283 2212 1312 2242 αἱ
1328 2212 1389 2253 περὶ
1405 2210 1574 2252 ἆνθξωπίνκν

850 2256 907 2296 μὲν
933 2258 1013 2286 κατὰ
1038 2256 1128 2298 μόνας
1151 2256 1356 2297 «πραγμάτων,
1379 2255 1517 2294 μεγάλων
1542 2254 1572 2285 δὲ

849 2300 899 2330 καὶ
927 2298 1048 2339 ἐνδόξων·
1073 2297 1121 2330 οἷον
1150 2298 1184 2330 ‘rai
1207 2299 1268 2340 περὶ
1295 2299 1346 2333 τῆς
1369 2297 1396 2328 ἐν
1423 2296 1571 2337 Μαραθῶνι

848 2343 965 2384 μάχης,
977 2343 1026 2373 καὶ
1041 2344 1093 2378 ’τῆς
1107 2342 1133 2374 ἐν
1149 2343 1360 2378 mammam,
1375 2340 1389 2372 ἢ
1406 2343 1457 2374 τῆς
1469 2339 1569 2389 ἐν’-Σα-

850 2388 954 2426 λαμῖνι
991 2385 1159 2427 ναυμαχίας
1187 2386 1213 2416 εἴ
1238 2397 1284 2419 τις
1320 2384 1418 2424 λέγοιι
1456 2385 1570 2423 quibus

850 2430 963 2460 deindo
977 2430 1042 2459 haec
1059 2430 1145 2460 addit
1160 2429 1199 2459 de
1216 2429 1321 2464 modo,
1337 2438 1398 2468 qno
1415 2427 1570 2465 ejusmodi

849 2473 1101 2503 commemoratio
1115 2473 1254 2503 facienda
1266 2477 1330 2502 est:
1346 2469 1464 2510 μέθοδοι
1479 2469 1507 2500 δὲ
1520 2480 1567 2500 σεε

847 2516 919 2554 μναῖ
938 2517 967 2546 αῖ
991 2518 1071 2546 κατὰ
1094 2515 1255 2555 ἀπόφανσιν
1274 2514 1321 2544 καὶ
1349 2513 1438 2556 χωξῖς
1467 2512 1568 2542 ἐνδοια-

848 2561 927 2598 epaon
940 2558 970 2598 ἐξ
983 2559 1152 2599 ἀφηγήσεως
1165 2558 1328 2598 λεγὸμεναι·
1342 2559 1377 2591 ὡς
1392 2558 1446 2596 γαξ
1458 2556 1568 2591 Εἷδὸτας

848 2601 967 2642 ἆκξιὲῶς
997 2603 1040 2632 δεῖ
1065 2601 1166 2640 λέγειν,
1201 2603 1251 2631 καὶ
1286 2599 1359 2641 μετ’
1385 2599 1567 2639 ἀξιώματος,

848 2645 917 2675 ἀλλ’
942 2647 990 2676 οἰκ
1012 2644 1213 2684 ἐνδοιάζοντας,
1240 2657 1269 2675 κ.
1299 2656 1330 2676 τ.
1361 2651 1390 2673 λ.
1438 2644 1487 2673 De
1513 2654 1564 2673 nu-

848 2699 933 2719 mero
953 2688 1074 2719 navium
1093 2691 1270 2719 Graecarum
1291 2692 1381 2727 atque
1399 2686 1563 2716 Athenien-

847 2733 938 2767 sium,
947 2743 1013 2772 qum
1026 2744 1093 2761 eum
1105 2734 1212 2762 Xerxe
1223 2737 1408 2772 pugnarunt,
1419 2739 1475 2758 uon
1490 2730 1565 2775 sati>

847 2781 968 2806 constat
994 2776 1073 2805 inter
1095 2781 1237 2806 auctores
1267 2780 1402 2807 veteres,
1422 2783 1562 2810 quamvis

848 2829 906 2848 non
924 2830 1065 2858 magnum
1083 2819 1159 2849 inter
1175 2830 1228 2849 eos
1250 2819 1290 2847 sit
1313 2816 1489 2846 discrimen.
1514 2816 1561 2844 Cf.

849 2861 1055 2892 Valckcnncr.
1074 2868 1103 2892 et
1128 2862 1318 2899 WVcsstling.
1346 2860 1383 2889 ud
1410 2858 1563 2887 Herodoi.

849 2906 944 2935 Vlll.
964 2909 991 2935 1.
1015 2908 1044 2936 Ω.
1068 2907 1098 2935 S.
1116 2907 1149 2935 F.
1167 2906 1206 2935 N.
1231 2905 1338 2933 Morus
1356 2902 1391 2931 ad
1412 2901 1561 2930 Isocratis

848 2949 999 2987 Panegyr.
1023 2950 1073 2979 ΕΖΓ).
1101 2955 1131 2977 ut
1157 2950 1207 2977 27.
1232 2948 1248 2974 Χ
1265 2947 1299 2976 iri
1324 2944 1416 2974 Ducti
1439 2944 1475 2973 nd
1499 2945 1561 2973 Nc-

847 2992 930 3030 potis
949 2992 985 3021 V.
1004 2992 1150 3021 Themi-t.
1169 3002 1194 3019 c.
1213 2993 1242 3019 13.
1270 2989 1349 3018 Aliis
1371 2988 1399 3016 in
1422 2987 1509 3020 locis,
1530 2994 1559 3016 ut

848 3036 899 3063 Or,
925 3047 952 3074 pv
973 3037 1033 3066 Cor
1062 3046 1091 3073 p.
1113 3036 1183 3063 1300.
1204 3035 1255 3064 2³3.
1282 3032 1329 3061 ed.
1349 3031 1456 3061 thick.
1483 3031 1561 3059 solet

848 3093 867 3107 ,ι
892 3090 910 3108 0
