1931 3323
325 198 410 239 328

324 301 481 344 ἄρχεσθαι.
516 302 649 341 Quare*
635 313 668 332 ων
684 303 785 343 inepte
798 304 947 340 redditur,
963 306 1034 333 eisi-

323 351 409 380 stens,
435 349 481 375 est
505 350 536 375 et
562 355 610 376 ens
632 345 727 375 nihilo
752 346 871 376 melius.
895 348 949 376 sed
977 347 1034 377 hoc

324 383 532 429 participium,
548 392 583 418 ut
604 392 635 418 et
653 389 723 425 alia,
745 389 845 419 Latini
868 400 949 429 saepe
970 390 1034 419 dis-

325 431 490 461 simulant:
519 431 683 471 aliquando
714 432 844 462 circuitu
871 435 1033 463 verborum

324 474 514 514 exprimunt.
529 480 572 511 ut,
587 473 657 514 ἐμοῦ
669 475 869 510 ὑωατεύοντος,
879 487 968 516 quum
984 486 1034 516 ego

325 527 407 548 essem
420 518 531 554 consul,
546 519 579 547 in
594 519 748 548 consulatu
769 529 843 549 meo:
866 518 938 556 ἐμοῦ
958 520 1033 550 ὑπά-

325 571 376 590 του
388 559 474 595 ὄντος,
489 571 533 590 me
545 561 673 591 consule.

369 620 413 627 —
425 603 500 634 ibid.
516 602 595 638 δεινὸς
608 605 765 644 πράγμασι
782 603 929 645 χςῖῖσὲιαι]
948 604 1034 634 Peri-

326 651 376 676 tus
389 647 493 676 utendi
507 647 601 684 rebus,
611 648 662 686 qui
678 648 736 677 scit
748 648 791 677 uti
808 648 886 682 foro,
899 647 951 686 qni
968 648 1035 677 nul-

326 689 373 719 las
388 689 500 720 amittit
515 691 700 720 occasiones.
734 690 835 720 verba
847 694 969 719 sonant:
984 700 1033 729 pe-

325 733 404 763 ritus
418 734 522 763 utendi
532 734 626 763 rebus.

371 776 406 805 P.
424 778 475 806 11.
488 779 517 806 1.
533 776 624 816 εἴκων]
647 775 689 814 ‘reis‘
701 775 789 811 εἴκειν,
803 776 912 809 cedens,
927 774 960 804 id
976 779 1035 811 est,

325 818 473 849 cedendo.
519 819 597 848 Nam
619 818 780 857 participia
802 818 921 848 Graecis
944 818 1033 847 etiam

327 861 471 901 gerundi,
496 865 530 891 ut
557 867 678 897 vocant,
704 862 826 891 modum
858 860 1033 890 continent:

326 914 408 943 saepe
435 903 525 934 etiam
556 914 612 943 per
638 905 732 934 verba
760 904 1035 942 conjunctionibus,

325 952 378 977 aut
394 946 541 982 relativis,
557 947 622 985 qui,
635 947 816 986 quae,qu0d,
829 946 954 984 additis,
967 947 1036 976 red·

325 990 438 1019 duntur
453 990 653 1020 commodius.
670 990 750 1029 quod
773 990 895 1029 quando
912 995 943 1020 et
962 1000 1036 1029 quo-

324 1032 417 1063 modo
442 1032 508 1062 fieri
531 1033 654 1070 debeat,
678 1043 733 1063 usu
761 1033 900 1063 discetur
926 1033 1036 1063 melius

326 1085 417 1116 quam
433 1075 609 1115 praeceptis.

368 1135 412 1142 ——-
426 1118 502 1149 ibid.
518 1121 558 1150 τὲ
572 1118 629 1158 μὲν
643 1118 734 1159 εἴκων]
759 1119 957 1155 Distributio,
972 1124 1035 1149 tres

324 1161 370 1192 rei
387 1162 529 1201 gerendae
545 1163 653 1192 modos
668 1163 852 1201 significans.

367 1222 412 1228 —
426 1205 501 1234 ibid.
525 1205 602 1235 ἡνίκα
623 1205 655 1236 ἂν
677 1205 769 1247 τύχῃ]
792 1205 910 1246 quando
924 1206 1035 1236 accide-

324 1249 378 1284 rit,
392 1247 647 1288 alicubifortasse,
660 1250 711 1279 nbi
726 1259 771 1279 res
787 1251 828 1279 ιἰα
839 1249 950 1278 tulerit.
981 1249 1035 1278 vi-

323 1291 416 1321 detur
443 1291 687 1330 impersonaliter
713 1292 793 1331 capi,
823 1302 880 1331 pro
905 1290 980 1322 ἦνίκα
1005 1292 1037 1322 ἂν

324 1332 436 1376 συμξῇ.
473 1336 511 1364 In
526 1335 660 1365 oratione
677 1336 816 1365 Rhodia:
833 1335 911 1376 ἔργῳ,
927 1335 1036 1374 inquit,

323 1376 506 1418 πειραθέντες
519 1378 567 1408 καὶ
583 1378 779 1431 διδαχθέντες,
791 1377 836 1408 ὅτι
852 1380 972 1408 πολλῶν
985 1389 1036 1407 κα-

321 1423 375 1450 κῶν
390 1422 403 1451 ἧ
419 1420 496 1451 ἄνοια
511 1423 628 1456 πολλοῖς
643 1420 723 1451 αἰτία
738 1423 865 1461 γίγνεται
877 1420 952 1462 τάχ’
967 1421 998 1451 ἂν
1013 1422 1035 1451 εἰ

321 1463 434 1504 τύχοιεν
446 1465 582 1505 (scilicet
600 1466 622 1495 οἱ
638 1464 731 1494 ιΡόδιοι
747 1464 965 1504 personaliter)
979 1477 1035 1494 ο-ω-

320 1505 489 1547 φρονέστεροι
505 1507 572 1547 ‘Ji-534·
586 1519 618 1537 το
635 1508 728 1537 λοιπον
737 1508 786 1537 τοῦ
802 1507 899 1549 χξόνου
911 1506 1036 1546 γένοιντο.

319 1549 428 1579 Potest
452 1554 484 1579 et
506 1551 563 1579 hoc
578 1552 781 1603 personaliter
797 1551 931 1589 exponi:
956 1564 967 1580 ο
992 1550 1035 1581 oi-

317 1596 435 1626 λιππνος
448 1592 536 1627 εἰκὼν,
552 1591 627 1622 ἡνίκα
643 1593 675 1622 ἂν
693 1593 783 1634 τύχῃ,
802 1594 927 1623 cedendo
943 1594 993 1623 ubi
1009 1599 1036 1623 et

323 1635 441 1675 quando
456 1636 483 1665 ei
496 1635 588 1664 visum.
601 1634 705 1675 fuerit
715 1646 726 1671 ,-
751 1635 801 1664 ubi
819 1634 944 1673 putarit,
960 1643 988 1663 se
1007 1635 1037 1663 id

322 1679 384 1708 sine
405 1686 457 1707 suo
478 1677 650 1707 detrimento
662 1677 835 1717 facturum.
861 1682 909 1706 est
932 1676 990 1716 οἶός.
1008 1676 1035 1707 C.

325 1720 526 1759 subjunctivi,
542 1730 559 1749 a
574 1722 723 1761 τυγχάνω.

367 1781 411 1787 -
423 1766 454 1794 2.
469 1762 651 1804 ἀξιόπιστος]
668 1763 755 1792 Valet
770 1763 835 1792 haec
848 1763 1036 1801 parenthesis

325 1806 364 1836 ad
380 1807 569 1836 conflandum
588 1807 736 1845 Philippo
759 1806 875 1840 odium,
898 1810 929 1835 et.
950 1806 1036 1835 incu-

323 1850 460 1880 tiendum
476 1854 622 1879 terrorem
640 1849 892 1878 Atheniensibus.

367 1911 410 1915 —
425 1892 501 1923 ibid.
530 1892 714 1934 ἀξιόπιστος]
747 1892 873 1921 Scilicet
902 1892 1038 1927 ἀπειλῶν,

325 1936 478 1966 minitanti
489 1935 597 1976 eifitles
609 1935 707 1965 haberi
720 1940 821 1974 potest.
833 1934 920 1973 quasi
938 1934 1038 1963 dicat:

326 1979 399 2009 satis
416 1983 580 2019 perspecta
592 1984 638 2009 est
652 1978 791 2018 Philippi
805 1978 832 2007 in
847 1977 1040 2008 malefacien-

325 2022 366 2052 do
383 2022 567 2062 benignitas.

370 2082 413 2088 —
428 2065 503 2095 ibid.
528 2062 655 2104 εἰκότως]
679 2062 711 2093 ἐκ
731 2066 787 2094 τῶν
812 2062 935 2100 εἰκότων,
950 2073 1041 2104 neque

327 2109 448 2144 mirum,
471 2110 583 2144 merito,
609 2107 691 2137 hand
715 2109 840 2146 injuria,
862 2118 920 2136 non
940 2107 977 2136 ab
998 2117 1041 2143 re,

326 2151 473 2191 probabile
488 2157 537 2181 est.
583 2151 611 2180 A
625 2151 830 2180 Demosthene
846 2161 925 2200 saepe
938 2151 966 2179 in
984 2151 1041 2180 fine

327 2193 599 2225 circumductionis
622 2194 802 2229 collocatur,
818 2194 872 2222 eine
866 2186 932 2227 “rm
952 2195 1040 2223 abso-

329 2237 405 2272 lute.
420 2241 452 2268 et
468 2237 633 2277 significat,
652 2247 741 2277 neque
758 2237 790 2266 id
810 2237 936 2276 injuria,
957 2236 1043 2276 idque

330 2281 443 2312 merito.

373 2342 417 2347 -—-
429 2322 508 2353 ibid.
531 2323 608 2363 ἧμές
623 2320 798 2363 tractum]
820 2331 868 2352 nos
883 2322 1044 2351 criminan-

331 2368 379 2403 do,
396 2377 453 2397 non
469 2366 592 2406 quidem
609 2372 642 2395 ut
658 2365 837 2395 insidiantes
861 2365 989 2394 aliorum
1009 2365 1043 2394 li-

332 2409 445 2440 bertati
469 2412 551 2450 (nam
574 2410 604 2439 id
621 2409 734 2439 crimen
758 2409 786 2438 in
811 2408 879 2447 ipso
896 2408 1043 2448 Philippo

334 2453 467 2483 haerebat
477 2452 601 2493 tnagis),
611 2453 662 2482 sed
675 2457 726 2482 aut
738 2456 769 2481 ut
779 2462 882 2490 parum
895 2456 1044 2491 potentes,

335 2501 387 2526 aut
401 2497 500 2536 (quod
515 2496 612 2535 magis
634 2495 746 2534 probo)
764 2501 794 2525 ut
814 2494 957 2534 ignavos,
973 2505 1045 2533 neg-

335 2538 479 2577 ligentes,
501 2549 606 2577 parum
634 2539 710 2568 fidos
731 2543 762 2568 et
785 2548 870 2568 acres
892 2538 1045 2567 societatis

337 2586 429 2621 atque
444 2581 585 2611 amicitiae
600 2582 748 2611 cultores.

381 2642 425 2647 --
439 2624 515 2654 ibid.
539 2625 616 2663 ἡμᾶς
630 2642 672 2647 —
685 2624 731 2654 καὶ
748 2626 795 2656 τὴν
810 2622 962 2663 ἀπουσίαν]
986 2625 1047 2653 De-

338 2668 435 2699 clarat
448 2667 494 2703 τὸ,
509 2666 670 2699 διαβάλλων
689 2669 776 2706 ἡμᾶς,
792 2672 881 2706 atque
901 2667 978 2696 adeo
995 2676 1047 2696 va-

340 2710 494 2742 ticinatur.
538 2710 615 2739 Nam
641 2711 654 2740 ἦ
678 2713 732 2739 τῶν
754 2709 903 2741 Ἀθηναίων
924 2708 1048 2739 ἀπουσία

343 2752 485 2784 nonnulla
499 2764 540 2783 ex
555 2757 641 2792 parte
658 2758 687 2782 et
701 2753 767 2792 ipsa
783 2754 811 2783 in
829 2763 919 2783 causa
936 2753 1002 2787 fuit,
1016 2757 1050 2781 ut

341 2796 495 2838 Olynthus
531 2796 779 2826 exscinderetur:
814 2807 904 2834 quum
943 2806 1048 2825 eorum

341 2839 542 2880 quadraginta
562 2839 700 2868 triremes
718 2839 870 2868 venissent
891 2839 999 2873 serius,
1018 2843 1050 2868 et

342 2888 455 2914 caetera
479 2882 594 2913 auxilia
610 2892 716 2920 parum
733 2882 819 2911 firma
841 2887 954 2917 essent,
970 2887 1002 2912 ut
1018 2882 1047 2911 in

341 2927 482 2957 Midiana
497 2925 592 2956 refert
604 2925 762 2964 Ulpianus.

383 2986 426 2993 —
439 2972 471 3001 3.
486 2967 643 3011 τρέψηται]
659 2969 695 2999 In
712 2966 845 3007 Ulpiano
858 2966 970 3006 legitur
985 2965 1048 3006 τρέ-

342 3011 393 3054 ψη,
408 3013 520 3047 activa,
545 3022 603 3042 non
626 3011 726 3042 media
743 3021 827 3042 voce.
850 3010 931 3049 quod
953 3010 977 3040 si
1000 3020 1047 3040 re-

569 195 623 238 H.
656 196 875 238 WOLFII
909 197 972 239 IN
1007 198 1041 239 Ι.

1081 196 1522 239 OLYNTHIACAM

1069 308 1150 333 ctum
1168 308 1262 339 esset,
1278 304 1438 343 legendum
1465 309 1612 344 putarem,
1627 300 1718 343 τρέψῃ
1740 312 1772 332 τε

1068 347 1115 376 καὶ
1132 347 1314 388 παραυ-πάσῃ
1336 347 1376 377 τί.
1421 348 1480 377 Sed
1500 357 1604 386 parum
1622 346 1728 381 refert,
1744 350 1775 375 et

1069 390 1284 429 παςασπίισητε
1301 400 1404 420 sonum
1423 390 1512 420 habet
1527 389 1716 430 ampliorem-

1109 433 1238 463 ——ibid.
1261 432 1417 473 τρέψηται]
1438 433 1574 468 Scilicet,
1589 431 1631 467 τὶ,
1651 431 1775 465 vele-1¹24·

1068 476 1184 515 γνώμας
1198 479 1254 506 τῶν
1268 475 1431 506 Ὀλυνὲιίωνε
1457 481 1550 506 vertat
1565 486 1599 505 ac
1610 480 1703 505 mutet
1718 473 1776 503 ali-

1068 520 1150 559 quid,
1165 525 1278 550 avertat
1295 521 1404 550 animos
1420 518 1628 559 Olynthiorum
1643 530 1663 548 a
1677 522 1775 548 ‘nostra

1067 564 1208 593 societate.

1109 623 1152 628 --
1164 608 1195 636 4.
1211 605 1460 647 παρασπάσηται]
1477 604 1610 640 revellat,
1624 602 1776 637 convellat.

1067 649 1220 688 surripiat.

1109 709 1153 714 —
1167 691 1244 721 ibid.
1259 703 1289 721 τι
1305 693 1360 720 τῶν
1373 689 1442 720 δ’λων
1456 687 1654 731 πραγμάτων]
1670 689 1710 719 τὰ
1721 686 1776 718 &aa

1068 734 1248 774 πράγματα,
1270 738 1335 764 totae
1350 744 1407 770 res,
1420 745 1530 764 summa
1545 743 1654 763 rernm.
1699 732 1777 762 For-

1068 780 1150 806 tasse
1163 777 1290 806 Graeciae
1305 777 1507 816 principatum
1519 776 1629 812 innuit,
1640 778 1693 805 aut
1702 774 1777 804 alio·

1068 819 1120 857 qui
1136 830 1202 849 rem
1217 820 1345 849 maximi
1360 819 1514 850 momenti.
1544 818 1697 850 Sententia
1709 821 1774 847 est:

1068 863 1117 892 Ne
1143 862 1307 902 Olynthios
1321 873 1338 892 a
1354 862 1441 892 nobis
1463 863 1610 893 alienatos
1632 862 1671 891 ad
1690 870 1777 890 suam

1069 903 1205 945 pelliciat
1226 905 1400 941 amicitiam,
1423 909 1515 944 atque
1536 906 1572 934 ad
1600 915 1656 934 nos
1679 913 1778 943 oppu-

1070 949 1207 987 gnandos
1228 948 1342 977 firmior
1365 948 1477 978 veniat.
1521 947 1659 979 Maxima
1682 945 1779 976 subti-

1069 991 1138 1021 litas
1152 995 1199 1021 est
1213 991 1303 1029 hujus
1320 991 1476 1026 orationis,
1486 994 1518 1020 et
1529 990 1672 1020 nonnulla
1686 989 1778 1019 etiam

1070 1044 1110 1063 ex
1125 1033 1277 1065 brevitate
1293 1034 1474 1065 obscuritas.
1505 1033 1567 1063 Sed
1582 1031 1779 1063 Atheniensi·

1069 1078 1126 1107 bus
1142 1087 1241 1107 rerum
1257 1077 1375 1107 illarum
1393 1077 1493 1117 gnaris
1509 1076 1610 1107 omnia
1624 1076 1779 1106 declarare

1070 1120 1228 1160 copiosius
1242 1131 1320 1160 opus
1337 1131 1395 1150 non
1412 1121 1479 1150 fuit.

1112 1181 1154 1187 —-
1171 1164 1201 1195 5.
1226 1164 1255 1194 οὗ
1269 1165 1325 1203 μὴν
1338 1163 1422 1203 ἀλλ’]
1445 1162 1570 1194 Terrori
1594 1160 1779 1192 consolatio-

1071 1218 1138 1237 nem
1159 1207 1279 1243 miscet,
1303 1217 1338 1237 ac
1362 1206 1500 1246 Philippi
1519 1205 1680 1235 calliditati
1706 1213 1778 1242 pru-

1070 1251 1202 1280 dentiam
1219 1251 1432 1289 Olynthiorum
1449 1249 1589 1289 opponit,
1603 1253 1694 1288 atque
1709 1247 1779 1276 illas

1070 1294 1202 1324 rationes
1232 1294 1278 1323 eis
1306 1294 1432 1333 affingit,
1458 1302 1533 1332 quas
1558 1293 1689 1322 fortasse
1718 1299 1778 1319 non

1071 1337 1314 1371 considerarunt,
1325 1338 1381 1367 sed
1393 1336 1585 1366 considerare
1597 1335 1732 1364 debueru
1738 1336 1779 1362 nt.

1112 1398 1156 1403 —-
1170 1380 1245 1410 ibid.
1275 1379 1416 1420 ἐπιεικῶς]
1441 1378 1586 1417 Alioquin
1609 1381 1668 1413 est,
1690 1385 1780 1416 aeque,

1072 1424 1165 1458 valde,
1185 1423 1344 1453 commode.-
1366 1423 1417 1453 hic
1437 1421 1613 1452 tantundem
1630 1420 1723 1455 valet,
1744 1428 1779 1448 ac

1072 1467 1097 1496 si
1114 1467 1212 1503 dicas,
1227 1467 1294 1496 bene
1309 1467 1423 1501 cecidit,
1437 1466 1503 1495 bene
1515 1463 1608 1494 habet.

1113 1527 1156 1532 -—
1179 1512 1209 1540 6.
1235 1509 1486 1549 δυσμαχώτατον]
1509 1511 1679 1546 expugnatu
1701 1502 1780 1554 dffi-

1070 1553 1225 1586 cillimum,
1240 1555 1270 1582 in
1281 1551 1416 1590 gerendis
1430 1562 1497 1581 cum
1509 1559 1540 1580 eo
1550 1549 1629 1578 benis
1643 1548 1743 1578 nobis*
1733 1558 1780 1577 zn-

1071 1593 1337 1628 commodissimum,
1354 1594 1385 1622 id
1407 1604 1462 1633 quo
1484 1593 1645 1622 tutissimus
1659 1597 1711 1627 est,
1726 1601 1782 1630 quo

1071 1646 1192 1665 maxzme
1202 1637 1322 1665 nititur.
1368 1636 1420 1665 Sic
1432 1637 1498 1675 ejus
1513 1633 1680 1674 potentiam
1697 1633 1782 1663 calli-

1072 1678 1197 1708 dissime
1214 1681 1370 1709 extenuat.

1114 1739 1157 1743 —
1179 1721 1255 1751 ibid.
1284 1720 1522 1761 δυσμαχώτατον
1541 1737 1583 1742 —
1605 1718 1653 1748 καὶ
1681 1717 1781 1753 βέλτι-

1072 1764 1154 1805 στον]
1166 1763 1334 1804 Παραδόξου,
1350 1763 1416 1793 sive
1427 1762 1634 1803 ἆπξοσδοιιῆτου
1647 1762 1781 1802 speciem

1072 1808 1178 1837 habet:
1203 1808 1257 1837 sed
1281 1807 1355 1836 nihil
1380 1810 1474 1842 vetat,
1497 1807 1625 1836 eandem
1648 1815 1711 1835 rem
1737 1805 1784 1834 di-

1071 1861 1162 1881 versa
1176 1851 1292 1880 ratione
1308 1855 1337 1880 et
1354 1849 1546 1879 commodare
1567 1854 1598 1878 et
1615 1849 1782 1879 incommo-

1072 1894 1156 1924 dare.
1202 1894 1255 1923 Sic
1270 1893 1484 1932 ingravescens
1503 1897 1577 1922 aetas
1597 1897 1627 1921 et
1651 1891 1782 1932 pruden-

1072 1937 1144 1967 tiam
1162 1937 1261 1972 afl'ert,
1275 1941 1305 1965 et
1320 1935 1460 1975 corporis
1476 1935 1675 1965 debilitatem.
1699 1934 1783 1964 Ado-

1073 1980 1232 2016 lescentia,
1248 1989 1315 2009 cum
1329 1980 1435 2018 vigore
1447 1979 1614 2008 animorum
1628 1982 1659 2008 et
1674 1987 1783 2016 corpo-

1074 2035 1139 2054 rum
1161 2023 1318 2053 alacritate
1341 2022 1458 2053 valeat:
1481 2021 1643 2051 affectibus
1655 2020 1783 2059 rapitur,

1074 2078 1133 2097 non
1149 2067 1265 2097 ratione
1281 2065 1415 2096 ducitur.
1443 2065 1533 2096 Unde
1548 2066 1660 2100 Poeta,
1669 2064 1703 2094 id
1719 2068 1782 2093 est:

1153 2133 1263 2174 ἄφρονες
1277 2133 1306 2163 αἱ
1322 2131 1439 2171 ξανθαὶ,
1456 2133 1486 2161 αἱ
1503 2129 1579 2161 ‘nom’
1592 2129 1724 2171 ἀδςανέες.

1156 2177 1261 2207 Pauca
1282 2177 1413 2214 juventa
1437 2175 1524 2214 sapit,
1548 2183 1648 2213 pauca
1670 2177 1783 2203 senecta

1246 2220 1332 2249 valet.

1081 2281 1118 2311 Et
1133 2278 1300 2309 Horatius:

1121 2350 1143 2364 “
1157 2345 1262 2375 Omnis
1276 2343 1473 2374 commoditas
1486 2352 1542 2372 sua
1555 2343 1612 2373 fert
1620 2341 1786 2372 incommo-

1250 2388 1289 2418 da
1305 2385 1441 2417 secum.²’

1079 2450 1172 2479 Item:

1123 2513 1145 2526 “
1158 2508 1258 2539 Multa
1271 2507 1370 2537 serunt
1382 2506 1449 2536 anni
1461 2503 1617 2536 venientes
1629 2503 1787 2534 commoda

1251 2561 1353 2580 56011Πὶ
1366 2561 1372 2579 :

1157 2594 1257 2624 Multa
1272 2594 1452 2623 recedentes
1468 2591 1604 2622 adimunt
1617 2607 1669 2619 —.
1670 2589 1690 2604 ’'

1082 2663 1119 2692 Id
1136 2666 1194 2697 est,
1211 2662 1232 2691 οἱ
1250 2659 1442 2702 ἐπερχόμενοι,
1461 2659 1483 2689 οἶ
1504 2656 1700 2698 ἀπεξχόμενοι.
1715 2667 1787 2693 non,

1082 2705 1129 2735 ὅτε
1150 2704 1328 2746 ἐπέρχονται.
1347 2709 1381 2733 ut
1401 2703 1450 2733 hic
1472 2702 1571 2731 obiter
1588 2701 1703 2736 videas,
1722 2710 1786 2730 ma-

1077 2750 1176 2788 jmem
1200 2758 1266 2778 esse
1283 2749 1459 2777 Graecorum
1480 2743 1696 2784 proprietatem
1718 2753 1790 2782 pro-

1081 2797 1150 2831 pter
1160 2791 1331 2825 articulum,
1339 2789 1388 2820 vel
1402 2788 1566 2827 adjectum,
1571 2786 1621 2816 tel
1631 2796 1788 2817 omissum

1124 2852 1166 2857 -—
1181 2834 1255 2864 ibid.
1271 2831 1518 2880 δυσμαχώτατον]
1534 2829 1720 2860 Extenuatio
1733 2839 1788 2868 po-

1083 2877 1186 2908 tentiae
1216 2875 1363 2915 Philippi,
1389 2873 1475 2914 quasi
1499 2873 1595 2902 dicut:
1627 2873 1700 2902 Hoc
1727 2882 1787 2902 uno

1083 2925 1193 2961 potens
1217 2924 1266 2951 est
1288 2917 1465 2957 Philippus,
1483 2916 1566 2956 quod
1587 2925 1664 2946 unns
1686 2925 1788 2946 rerum

1082 2963 1208 3003 potitur.
1252 2961 1431 2999 Quanquam
1446 2959 1497 2990 hic
1511 2958 1698 2998 respondere
1713 2958 1789 2989 Phi·

1081 3006 1185 3046 lippus
1215 3005 1313 3045 possit
1341 3003 1395 3034 illo
1423 3001 1596 3034 versiculo:
1627 2999 1715 3032 πόλλ’
1739 2998 1790 3032 οἵδ’
