1931 3323
331 192 416 234 200

331 341 398 370 sola
423 342 462 370 de
489 353 592 379 causa,
616 344 697 383 quod
724 349 807 374 certo
831 345 1041 374 decrevissent

331 384 434 414 dotem
459 385 590 424 Aphobo
612 387 700 427 paulo
723 392 793 426 post
818 388 940 427 nuptias
967 398 1040 417 con·

329 430 444 457 tractas
462 428 547 466 dare,
568 433 665 460 tamen
686 440 744 461 non
761 430 889 461 fuissent
909 441 1037 469 unquam

332 469 444 500 daturi.

372 530 416 535 -—
431 515 483 544 27.
507 514 597 557 εἰχον]
616 515 647 545 id
665 520 722 552 est,
737 515 873 557 κατεῖχον
892 514 959 556 παρ’
973 515 1038 546 ἐαυ-

330 556 400 589 τοῖς.
412 558 562 588 retinuisse
573 569 655 598 penes
670 569 707 589 se.

373 601 446 630 868.
471 603 502 630 4.
532 601 570 631 ἒνε
572 602 687 642 κάλουν]
717 601 866 641 (1110111101-
893 600 1036 640 privatim

329 641 410 671 inter
439 644 564 680 amicos,
591 649 622 675 et
646 647 697 683 jus
724 655 843 693 aequum
874 646 1035 682 poscebam

327 686 503 724 Aphobum,
518 693 677 726 antequam
692 698 811 717 causam
827 688 856 715 in
868 688 963 718 forum
982 689 1035 718 de-

326 729 447 759 ferrem.

369 789 413 793 —-—
431 774 480 801 1¹2.
495 771 589 814 τοῦτ’]
606 773 728 803 correxi
744 771 816 801 τότ’.
833 773 956 812 qnijam
972 779 1035 803 tum

326 812 448 854 diffidit,
460 826 548 854 quum
567 827 643 845 uxor
659 816 789 854 Aphobo
805 816 903 844 danda
920 822 1013 846 esset.

369 861 472 888 -20,
489 860 584 888 τοῦτον
596 858 641 888 τὸν
655 858 793 899 ἄρχοντα]
813 858 844 886 in
861 858 1034 889 testimonio

325 902 521 936 nominatum,
549 902 726 940 Polyzelum
745 907 828 939 puta.
850 901 887 930 de
909 901 1034 931 rationi-

326 945 383 974 bus
400 944 623 983 chronologicis
639 945 726 983 hujus
741 944 799 973 loci
818 955 845 973 v.
864 945 996 974 Palmer.
1013 946 1034 974 l.

325 998 351 1016 0.
369 990 399 1015 et
415 987 534 1017 Corsin.
553 988 636 1017 Fast.
654 989 718 1017 An.
732 988 766 1017 T.
779 988 835 1017 lv.
854 996 883 1026 p.
895 990 1033 1018 12-14,

324 1030 448 1067 Olymp.
464 1033 536 1061 103.

368 1074 440 1102 869.
457 1075 508 1103 26.
531 1073 599 1114 ὑπὲρ
614 1069 649 1102 ὧν
664 1075 719 1106 τὰς
733 1070 893 1113 ἀσφαλείας
912 1086 950 1112 μ.
967 1085 1033 1104 σκο-

324 1114 446 1154 ποῦμεν]
462 1117 626 1146 Lambinus
640 1117 746 1146 maluit
762 1116 831 1158 ὑπὲρ
846 1114 881 1145 οἷν
896 1119 946 1150 τῆς
957 1118 1031 1157 οἷο-φ.

322 1167 381 1186 11011
402 1159 553 1197 cogitans,
568 1171 627 1189 non
646 1160 720 1195 dici,
737 1159 812 1198 ὑπὲρ
827 1171 896 1193 τινος
907 1163 1034 1198 σκοπεῖν,

323 1202 379 1230 sed
390 1212 419 1230 τι
431 1205 556 1233 σκοπεῖν.
569 1202 687 1232 mallem
702 1203 899 1243 uti‹1ue(nam
912 1204 1033 1242 vulgata

322 1253 380 1273 non
397 1245 471 1274 satis
486 1245 605 1285 placet)
621 1243 655 1276 ιῖν
667 1247 714 1276 ’τὴν
729 1246 889 1284 ἀσφάλειαν
903 1258 941 1285 μ.
955 1258 1004 1277 cu.

364 1290 485 1318 870.4.
508 1288 735 1330 κατοφείλοντος]
760 1289 889 1318 distinxi
915 1289 946 1319 in
970 1291 1031 1319 duo

323 1331 471 1361 vocabula
494 1332 562 1363 κατ’
584 1331 746 1372 ὀφείλοντος.
769 1333 850 1362 idem
879 1337 925 1362 est
946 1344 981 1363 ac
1004 1334 1030 1363 si

318 1373 471 1404 dixisset:
488 1375 559 1405 καθ’
574 1375 674 1406 ἑαυτοῦ
690 1376 725 1410 ὡς
741 1374 903 1415 ὀφείλοντος.

362 1434 405 1439 —
416 1420 468 1447 17.
482 1419 591 1459 ἁπλοῖ]
610 1419 759 1457 simplicis
770 1419 847 1448 enim
862 1424 891 1448 et
908 1419 1031 1450 candidi

321 1467 370 1489 est
393 1460 458 1489 siue
482 1467 561 1491 teste
584 1467 614 1492 et
632 1462 773 1492 cautione
790 1462 948 1500 pecuniam
966 1473 1031 1493 cre-

320 1502 406 1539 dere,
422 1503 541 1543 aliaque
558 1505 657 1543 magni
674 1505 828 1534 momenti.

361 1564 405 1568 —-
419 1549 469 1578 19.
500 1547 569 1589 ὑπὲρ
599 1550 653 1578 τῶν
684 1547 876 1588 διαφιξᾶντων]
904 1548 967 1587 qni,
998 1548 1028 1578 in

319 1589 432 1625 causis,
448 1590 500 1620 ubi
523 1592 625 1631 agitur
646 1591 684 1621 de
706 1592 791 1620 lucro
812 1592 959 1625 faciendo,
978 1598 1030 1622 aut

318 1632 429 1662 damno
453 1634 644 1672 accipiendo,
665 1644 701 1663 ne
723 1634 877 1663 minimum
904 1635 1027 1673 quidem

317 1675 478 1715 quicquam
495 1677 635 1713 candide,
651 1681 681 1706 et
698 1677 890 1716 simpliciter,
903 1679 1027 1717 antiquo

317 1728 413 1754 more,
430 1725 533 1758 agunt.

360 1780 403 1784 —-
418 1772 490 1801 pen.
513 1763 660 1804 μάρτυρας
672 1761 700 1793 δὲ
716 1774 771 1792 των
788 1762 842 1804 μὲν
859 1764 926 1801 ὗμιν
941 1762 1027 1802 παρέ-

318 1802 422 1846 ξομαι]
441 1810 490 1835 est
502 1805 582 1836 idem
595 1817 629 1835 10
646 1807 672 1836 si
689 1806 840 1836 dixisset:
856 1806 912 1844 ἐγὼ
929 1806 956 1836 δὲ
973 1809 1028 1837 τῶν

316 1847 373 1887 μὲν
385 1849 536 1889 μάρτυξας
552 1849 619 1888 {apii
633 1848 804 1889 παρέξομαι.

361 1894 505 1922 871.19.
532 1892 592 1933 περὶ
615 1892 722 1932 αὑτῶν]
744 1891 895 1922 sententia
911 1892 1027 1931 flagitat

317 1933 379 1973 πεςι
394 1935 476 1970 αὐτὸ,
499 1936 565 1965 scil.
588 1934 620 1964 τὸ
640 1934 747 1977 χωξίον.
770 1936 841 1974 qnia
859 1943 957 1965 tamen
979 1947 1025 1965 se-

315 1977 419 2015 quitur
442 1978 477 2011 ὡς
504 1977 578 2017 ἐμῶν
601 1977 749 2018 ἐσομένων,
775 1978 898 2008 videtur
924 1979 1026 2017 utique

316 2021 485 2050 servandus
501 2021 639 2061 pluralis,
656 2026 863 2051 verumtamen
879 2022 1027 2051 aecusati-

316 2073 387 2093 vum
403 2063 518 2100 malim,
537 2064 598 2104 περῖ
617 2065 704 2100 αὐτὰ,
719 2065 770 2094 ubi
788 2065 970 2095 subauditur
985 2067 1025 2095 ταὶ

315 2105 362 2146 ’τῷ
375 2105 488 2147 Ἀφόβῳ
504 2107 529 2137 ἓν
543 2108 586 2145 τῷ
600 2107 691 2149 χωρίῳ
705 2109 883 2149 ὑπάρχοντα.

358 2167 402 2172 -—
416 2153 469 2180 24.
484 2150 591 2190 τούτῳ]
608 2152 747 2180 Onetori.

360 2194 433 2224 872.
451 2195 502 2223 16.
523 2192 691 2234 {wingram-o]
710 2194 849 2230 dubium,
865 2194 903 2223 ad
918 2194 1025 2224 mulie-

294 2262 298 2264 ,
316 2245 392 2272 rem,
410 2246 445 2265 an
461 2237 498 2266 ad
515 2237 635 2266 fratrem
654 2238 719 2275 ejus
735 2238 894 2266 reseratur.
926 2237 957 2266 Si
971 2248 1026 2276 po-

316 2279 430 2309 sterius
450 2285 509 2315 est,
526 2280 614 2309 reddi
635 2281 737 2315 debet,
753 2281 890 2320 finxerit,
906 2285 958 2309 aut
973 2291 1026 2310 cn-

292 2349 294 2351 ,
314 2323 426 2352 raverit
437 2323 476 2352 ad
484 2323 647 2353 archontem
661 2323 818 2363 defer-rna
834 2323 869 2352 ab
884 2333 914 2352 eo
929 2330 1026 2353 ratum

316 2364 424 2395 ΙιαΙιετί.

359 2410 433 2438 873.
456 2411 484 2438 1.
515 2407 637 2450 τούτων]
666 2408 783 2445 conexi
808 2407 918 2438 τούτου.
944 2408 1025 2438 redit

314 2449 393 2481 enim
410 2452 446 2481 ad
463 2452 617 2481 ταλάντου.
632 2463 661 2481 ν.
678 2462 709 2491 p.
727 2454 800 2482 878.
816 2455 866 2483 ⁶2⁶2.

708 194 741 236 1.
765 193 801 237 Ι.
825 193 1046 236 REISKE
1079 194 1412 237 ANNOTATA

333 297 398 327 dixi
415 298 463 337 (v.
480 309 514 339 p.
529 301 602 331 866.
617 302 646 331 1.
657 304 687 330 ct
699 300 780 341 ί241),
795 305 920 338 metum,
937 301 991 331 sed
1005 312 1040 331 ea
1060 331 1062 333 ,

1119 317 1160 322 ——
1176 303 1206 330 8.
1230 301 1359 341 συνῴκει]
1386 301 1452 332 5011.
1477 299 1549 333 αὕτη
1571 303 1585 333 ἦ
1605 303 1681 341 γυνὴ,
1700 301 1780 342 quod

1075 343 1177 373 statim
1194 345 1340 383 sequitur.

1116 404 1158 409 ——
1177 389 1227 417 18.
1255 386 1326 417 αὕτη
1354 387 1403 428 τε]
1433 388 1556 418 correxi
1583 387 1656 418 αὖτέ
1682 396 1726 417 τε.
1749 386 1780 417 in

1073 428 1182 460 ταύτην
1206 429 1398 465 subauditur,
1416 441 1503 470 quam
1521 441 1576 461 vos
1594 431 1654 470 ipsi
1669 428 1781 466 nostis,

1073 477 1125 502 aut
1142 472 1267 502 videtis.

1115 531 1158 538 ·—
1175 518 1225 546 19.
1241 514 1376 545 ἀλήθειαν
1392 516 1511 557 πιστὴν]
1529 515 1581 545 alii
1599 516 1670 546 dant
1685 514 1782 546 ἀληθι-

1072 558 1112 588 νῆν
1126 556 1232 588 πίστιν.
1248 559 1374 597 perinde
1392 565 1448 589 est.
1468 565 1568 599 potest.
1583 556 1615 588 et
1629 561 1736 590 veritas
1749 563 1781 588 et

1061 600 1140 640 fides
1164 612 1233 631 esse
1255 603 1383 640 gemina.
1406 603 1517 632 tenitas
1535 612 1617 637 veta,
1639 606 1670 632 et
1693 603 1780 636 falsa,

1071 644 1121 673 vel
1147 644 1298 680 simulata,
1318 646 1398 680 ficta,
1415 647 1517 675 verbis
1538 645 1628 675 modo
1649 645 1779 683 prodita.

1070 686 1147 717 fides
1164 687 1236 717 item
1260 693 1360 727 potest
1383 699 1451 718 esse
1471 699 1553 724 vera,
1571 693 1602 718 et
1617 688 1675 717 alia
1691 689 1778 723 salsa,

1070 739 1207 766 erronea,
1233 732 1372 769 decepta.
1390 730 1507 762 ἀλήθεια
1527 732 1617 762 πιστὴ
1634 737 1680 760 est
1699 731 1778 760 veri-

1070 777 1116 802 tas
1133 778 1226 809 certa,
1244 785 1302 813 qua
1323 774 1372 803 fidi
1393 776 1500 813 possit.
1526 772 1625 808 πίστις
1647 773 1778 810 ἀληθινὴ,

1069 815 1144 844 tides
1162 821 1255 852 certa,
1266 817 1393 847 veritate
1407 817 1489 847 nixa.
1534 818 1699 847 Lambinus
1715 828 1778 847 ma-

1069 857 1152 887 lebat
1168 858 1225 889 οὖδὲ
1242 858 1350 889 πίε-τιν.
1668 870 1671 875 “

1111 919 1154 923 -
1164 904 1215 932 23.
1230 900 1277 931 ἐπὶ
1291 901 1391 932 τούτου
1402 903 1451 932 τοῦ
1463 903 1610 945 ἄρχοντος]
1622 902 1778 942 Niceplte-

1068 954 1148 973 mum
1164 945 1315 984 designat,
1328 950 1379 974 aut
1398 946 1561 975 Molonem.

1111 989 1184 1017 874.
1202 991 1226 1018 l.
1239 988 1332 1029 αὑτῷ]
1349 998 1407 1017 11011
1419 989 1558 1024 01101011,
1569 988 1622 1017 sed
1635 988 1776 1027 Aphobo.

1110 1048 1154 1052 —-
1177 1033 1208 1062 3.
1241 1031 1418 1061 συνοικοῦσάν
1447 1031 1496 1072 τε]
1528 1031 1657 1061 subaudi
1687 1030 1777 1071 αὐτῷ.

1067 1075 1147 1111 quod
1165 1074 1236 1104 addi
1253 1085 1378 1104 necesse
1395 1085 1453 1104 11011
1471 1078 1532 1111 est,
1547 1074 1669 1105 tametsi
1686 1076 1777 1105 Lam-

1067 1116 1138 1146 bino
1155 1128 1242 1147 secus
1260 1118 1391 1147 videtur.

1109 1178 1152 1182 —-
1169 1163 1219 1190 1⁶2.
1241 1160 1301 1202 περὶ
1322 1161 1370 1190 τοῦ
1391 1158 1534 1199 συνοικεῖν]
1556 1160 1608 1190 alii
1626 1160 1699 1190 dant
1714 1161 1776 1201 πεξῖ

1066 1203 1115 1232 τοῦ
1130 1204 1172 1243 μὴ
1184 1205 1323 1233 συνοικεῖν.
1338 1205 1418 1243 quod
1430 1208 1478 1233 est
1489 1203 1677 1233 reddendum
1692 1214 1698 1232 :
1715 1213 1774 1244 quo

1066 1252 1229 1282 constaret,
1254 1247 1412 1276 mulierem
1436 1257 1530 1286 penes
1553 1247 1693 1276 maritum
1716 1258 1774 1277 non

1066 1299 1145 1324 esse,
1158 1300 1214 1319 non
1232 1290 1341 1320 habere
1356 1300 1424 1319 011111
1435 1300 1477 1319 00
1495 1301 1556 1320 rem
1572 1300 1774 1320 communem.

1065 1333 1192 1371 perinde
1208 1337 1266 1373 est,
1283 1338 1379 1363 utram
1396 1333 1554 1362 lectionem
1572 1338 1672 1372 optes.

1107 1393 1150 1398 —
1167 1378 1217 1406 14.
1242 1376 1336 1418 αὐτῷ’]
1360 1375 1432 1405 dedi
1454 1375 1541 1406 αὑτῶ.
1564 1386 1659 1406 secum
1679 1376 1725 1418 (11.
1745 1387 1774 1408 e.

1065 1429 1134 1448 cum
1152 1419 1306 1459 Onetore)
1322 1418 1458 1458 colloqui.

1107 1465 1212 1492 —020.
1223 1463 1339 1504 πασῶν]
1357 1462 1425 1491 scil.
1436 1460 1575 1492 (ἔαρ-ἄνων.
1591 1462 1771 1492 vocabulum

1063 1503 1186 1539 βάσανος
1201 1505 1328 1545 primum
1344 1505 1485 1535 universe
1502 1516 1589 1535 omne
1611 1514 1706 1544 genus
1721 1516 1774 1535 ex-

1063 1548 1242 1587 plorationis
1260 1548 1324 1578 veri
1346 1547 1507 1587 significat,
1526 1552 1588 1578 tum
1611 1549 1774 1587 peculiari-

1062 1594 1110 1620 ter
1134 1591 1213 1621 illud
1239 1602 1336 1630 genus
1361 1591 1543 1631 explorandi
1572 1591 1650 1626 veri,
1680 1602 1773 1631 quum

1062 1645 1117 1672 per
1141 1639 1291 1665 tormenta
1314 1634 1465 1665 confessio
1489 1633 1555 1664 veri
1578 1633 1772 1674 exprimitur.

1061 1678 1219 1707 Sententia
1234 1677 1327 1714 igitur
1346 1678 1410 1707 haec
1430 1682 1496 1708 est:
1535 1678 1599 1707 Vos
1621 1683 1651 1707 et
1672 1679 1774 1718 priva-

1062 1720 1115 1750 tim
1133 1725 1163 1750 et
1175 1721 1296 1759 publice
1312 1722 1434 1750 modum
1450 1721 1534 1750 illum
1552 1722 1773 1760 extorquendae

1061 1763 1262 1793 confessionis
1283 1768 1314 1794 et
1338 1763 1529 1794 inveniendae
1549 1764 1699 1799 veritatis,
1719 1764 1771 1804 qni

1061 1807 1221 1837 tormentis
1242 1807 1409 1846 peragitur,
1432 1817 1489 1846 pro
1508 1807 1681 1836 certissimo
1699 1808 1772 1837 reli—

1061 1860 1188 1888 quorum
1206 1851 1339 1880 omnium
1356 1850 1513 1879 modorum
1533 1850 1660 1879 habetis.

1103 1910 1146 1915 ——
1161 1896 1213 1924 24.
1238 1892 1349 1942 <meisi-2
1372 1895 1420 1924 ’τὴν
1442 1891 1570 1923 ἀληθειαν
1588 1893 1683 1941 εὑςεῖν]
1707 1898 1770 1922 stn-

1060 1936 1154 1972 detis,
1171 1936 1334 1971 conamini,
1352 1936 1510 1966 venitatem
1529 1947 1578 1965 1111
1583 1946 1677 1966 entre
1695 1936 1771 1966 alias

1061 1979 1160 2018 possit
1189 1979 1269 2019 εὑρεῖν
1299 1975 1473 2009 redundans
1497 1983 1528 2009 et
1552 1980 1769 2019 amputandum

1063 2021 1175 2052 videti.

1104 2067 1178 2096 875.
1195 2066 1226 2095 3
1242 2076 1289 2094 τον
1303 2064 1374 2116 μὲν]
1391 2064 1605 2108 Timocratem.

1103 2125 1145 2130 —-
1161 2108 1237 2138 ibid.
1252 2106 1298 2137 τὸν
1313 2107 1358 2151 δὲ]
1375 2108 1549 2148 Aphobum.

1102 2167 1144 2173 ——-
1159 2153 1192 2181 7.
1207 2149 1337 2191 ἀληθείᾳ]
1355 2151 1478 2181 correxi
1493 2149 1643 2184 ἀληθείαις.
1688 2153 1769 2181 One-

1060 2197 1108 2224 tor
1124 2194 1201 2224 enim
1220 2204 1288 2222 oum
1311 2195 1349 2223 de
1368 2195 1473 2224 multis
1489 2195 1580 2224 rebus
1599 2194 1769 2230 affirmaret,

1060 2237 1182 2267 volebat
1206 2233 1442 2276 unumquodque
1469 2247 1533 2266 suae
1559 2232 1767 2267 affirmationis

1059 2285 1153 2319 caput
1177 2290 1233 2319 plo
1263 2290 1296 2310 le
1323 2291 1394 2310 vera
1418 2280 1534 2310 haberi.
1562 2281 1667 2310 muttae
1694 2291 1768 2319 eigo

1058 2327 1155 2359 erant,
1167 2332 1242 2362 quas
1257 2322 1318 2352 iltae
1335 2323 1523 2358 venditabat,
1539 2322 1677 2359 annerum,
1693 2334 1768 2363 quas

1059 2370 1149 2404 negat
1164 2370 1267 2396 orator
1288 2366 1458 2396 veritatibus
1477 2366 1595 2396 similes
1617 2377 1697 2402 esse.
1715 2378 1768 2408 ne·-

1059 2409 1128 2439 dum
1143 2413 1176 2439 ut
1191 2410 1327 2439 veritates
1338 2410 1405 2448 ipsae
1422 2410 1502 2447 sint3
1518 2409 1578 2445 vel,
1589 2420 1656 2452 quae
1671 2421 1767 2449 neque

1060 2463 1142 2488 vera,
1152 2462 1248 2492 neque
1265 2462 1338 2482 vero
1355 2452 1467 2483 similia
1479 2457 1581 2483 orator
1596 2453 1639 2483 ait
1651 2464 1731 2484 esse.

467 2582 552 2624 AD
585 2582 954 2625 ORATIONEM
987 2582 1232 2624 CONTRA
1263 2565 1606 2624 ONETOREM
1645 2620 1648 2623 .

863 2647 1218 2705 SECUNDAM.

357 2747 430 2777 876.
447 2747 476 2776 3.
502 2746 631 2787 τούτους]
655 2746 856 2777 Timocratem
883 2751 915 2777 et
940 2747 1022 2777 One-

311 2795 421 2820 torem

354 2851 398 2855 —
415 2834 444 2862 8.
468 2830 693 2862 ua7a†i5>ncav‘'
678 2844 757 2872 οξους,
778 2831 848 2861 ἀλλ’
865 2832 927 2872 ἐπὶ]
953 2842 1021 2862 cor·-

311 2875 381 2905 rexi
402 2876 451 2905 καὶ
479 2874 594 2905 τίθησιν
615 2874 685 2915 δ’ρους
707 2874 755 2904 ἐπὶ
776 2877 898 2905 „sed
921 2885 1019 2914 neque

310 2919 376 2948 liaec
393 2919 510 2948 sincera
521 2922 569 2948 est
585 2918 688 2952 lectio.
696 2918 818 2948 tametsi
830 2918 1020 2948 tolerabilior

311 2967 480 3000 est,qua1n
497 2961 632 3000 vulgata,
648 2961 702 2991 sed
719 2961 840 2991 videtur
856 2965 958 2990 orator
975 2961 1018 2990 sic

310 3005 496 3045 reliquisse·
517 3004 565 3036 καὶ
582 3003 610 3034 οὐ
625 3015 689 3039 ’τους
700 3014 801 3038 αυτους
817 3002 911 3041 ἐτίθη,
926 3015 962 3038 οις
977 3015 1019 3035 νυν

1052 2744 1170 2783 τίθησιν,
1197 2746 1280 2787 ὄξους,
1304 2746 1372 2776 ἀλλ’
1396 2745 1443 2776 ἐπὶ
1465 2763 1509 2768 -
1529 2755 1620 2786 neque
1643 2748 1765 2788 ponebat

1055 2791 1173 2826 cosdem,
1197 2800 1264 2831 qnos
1281 2801 1360 2819 nnnc
1380 2788 1576 2829 7)ο11ἱι,ὃ’ρους,
1591 2790 1640 2820 sed
1655 2808 1698 2812 —-
1713 2801 1766 2831 ap-

1054 2834 1223 2874 pellebant,
1239 2833 1271 2862 id
1289 2833 1371 2872 quod
1389 2837 1488 2861 notum
1507 2837 1565 2870 est,
1581 2832 1710 2863 Attici‘'
1693 2846 1765 2875 ορους

1054 2886 1090 2905 ea
1112 2876 1196 2915 tigna
1220 2885 1287 2905 oum
1311 2874 1409 2904 atlixis
1429 2874 1547 2913 elogiis,
1568 2886 1621 2906 eas
1644 2876 1766 2913 domos,

1053 2929 1146 2948 eosve
1177 2919 1289 2950 fundos
1311 2918 1530 2958 oppigneratos
1556 2928 1635 2949 esse.
1690 2920 1763 2950 Mos

1055 2962 1104 2991 1110
1120 2963 1202 3001 apud
1222 2972 1278 2991 nos
1298 2971 1419 3000 quoque
1438 2961 1464 2990 si
1486 2954 1764 3002 *obtineret‚·quem

1052 3005 1221 3045 optandum'
1247 3009 1312 3035 erat
1348 3003 1500 3041 obtinere,
1520 3004 1618 3049 'quam
1650 3004 1763 3036 inultos
