1948 3322
330 205 413 247 AD
445 203 542 246 OR.
574 199 658 243 DE
687 197 1071 242 RHODIORUM
1105 198 1459 242 LIBERTATE.

211 330 256 339 ·-
270 313 321 345 15.
335 309 497 352 Βυζαντίους
509 307 616 349 ὁςίζειν]
638 306 759 347 praetuli
774 305 877 347 Βυζάν-

171 369 229 388 τιον
242 357 279 398 ὁρ.
301 365 388 386 nemo
403 353 521 393 est‚qui
536 351 721 391 Byzantinos
733 350 878 380 dehorte-

150 397 161 414 Χ
173 406 234 435 tur,
264 403 300 429 ut
323 396 600 436 Selymbrianornm
631 404 736 434 agrum
765 393 878 422 finibus

172 441 238 484 agi-i
259 440 422 480 Byzantini
448 450 486 469 ne
507 441 700 472 accenseam,
725 437 756 466 in
778 436 879 474 iisque

171 497 210 516 ne
228 483 496 524 comprehendant.
517 481 609 523 ὄςίζειν
622 480 781 521 Βυζάντιον,
797 479 877 509 idem

171 533 219 559 est
238 531 340 566 utque,
360 525 424 567 ἕξοις
446 524 595 566 Βυζαντίου
619 522 799 564 «προσνέμειν,
820 523 881 556 τοῖς

171 568 319 611 Βυζαντίου
333 568 399 610 δ’ςοις
411 568 630 609 ἐκπεριμετρεῖν.

211 631 254 636 --
269 615 322 643 17.
345 615 401 646 τὰς
424 611 535 653 πόλεις]
563 612 627 641 haec
646 610 709 639 duo
732 609 881 639 voeabula

170 656 285 688 addidi.
300 656 444 696 civitates
461 656 583 685 Graeoas
602 658 744 694 oportere
766 652 879 682 liberas

167 710 248 730 esse.

211 758 255 765 -—
271 745 322 774 18.
338 739 397 771 οὐδὲ
411 741 570 772 Μαυσώλου
585 739 702 780 ζῶντος]
719 749 775 769 nou
789 738 880 768 laudo

167 785 257 816 istam
268 785 552 823 breviloquentiam,
563 783 684 813 tametsi
698 782 810 812 Atticis
818 782 880 811 usi-

168 832 272 864 tatam,
297 827 410 868 quippe
428 838 526 866 neque
542 837 621 857 sanae
643 825 766 860 rationi,
783 835 880 864 neque

167 872 244 902 mori
260 871 406 912 loquendi
421 871 547 901 aliorum
558 870 738 911 populorum
751 879 880 908 congru-

167 919 278 945 entem.
323 914 448 945 Plenius
463 921 495 945 et
517 914 635 953 planius
656 914 778 943 locutus
797 916 881 941 esset

169 959 233 988 sic:
259 957 319 989 οὐδὲ
337 957 497 988 Μαυσώλου
512 957 614 997 ζῶντος
635 954 665 987 ’ἦν
685 956 698 986 ὅ
720 955 826 986 τούτων
841 955 880 985 δι-

164 1001 264 1041 δόξας.

213 1047 285 1076 199.
301 1046 332 1075 5.
354 1042 468 1085 μηδενὸς
480 1040 791 1082 ἀντιλαμβανομένους]
807 1042 878 1070 snb-

168 1088 242 1118 audi
261 1087 351 1128 ἔργον,
375 1087 425 1117 vel
447 1088 503 1116 τῶν
524 1085 643 1115 δεόντων.
663 1084 768 1115 verbis
788 1084 878 1113 modo

160 1132 292 1170 jactare,
307 1135 339 1160 et
352 1133 598 1169 praemonstrare‚
609 1132 702 1168 atque
712 1127 879 1162 inculcare,

166 1173 240 1203 item
255 1173 427 1213 postulare,
447 1171 597 1210 flagitare,
618 1172 711 1200 rebus
732 1170 810 1209 ipsis
826 1180 879 1199 au-

167 1222 227 1246 tem
243 1216 284 1246 nil
296 1215 482 1255 agendorum
498 1215 535 1244 ad
553 1224 586 1244 se
600 1219 706 1253 putare
716 1213 878 1252 pertinere.

167 1259 244 1289 nulli
257 1259 304 1289 rei
318 1269 420 1289 earum
434 1258 578 1293 omnium,
589 1267 664 1296 quas
676 1257 741 1287 fieri
754 1261 880 1296 oporte-

165 1303 229 1339 bat,
242 1313 362 1333 manum
377 1311 560 1341 operamque
575 1301 751 1330 admovere.

211 1362 254 1369 ——
268 1349 321 1376 11.
343 1344 392 1386 ἃς]
408 1346 448 1375 de
460 1355 529 1374 meo
543 1343 662 1374 addidi.
672 1354 762 1383 quam
774 1352 880 1383 pacem

165 1389 259 1429 longo
274 1393 411 1429 tempore
424 1394 496 1428 post
512 1387 738 1418 Lacedaemonii
760 1391 881 1417 contra-

168 1436 290 1463 xerunt.

1565 201 1622 243 53

953 322 995 328 -—
1011 307 1064 335 13.
1086 304 1272 346 ἀμφοτέρους]
1297 307 1416 337 correxi
1435 304 1625 347 ἀμφοτέραις.

911 348 977 380 soit.
994 347 1153 383 συνθήκαις.
1167 350 1316 379 ambobus
1331 350 1400 380 istis
1413 350 1443 380 in
1456 349 1554 391 pactis
1565 360 1626 381 non

911 392 1018 423 eadem
1030 393 1101 431 jura
1115 393 1232 432 scripta
1247 397 1328 422 sunt.

954 452 998 458 ——
1014 437 1066 465 18.
1087 436 1130 465 τὰ
1144 434 1238 465 δίκαια
1252 434 1301 464 καὶ
1316 434 1416 474 ποιεῖν]
1441 436 1550 466 sustuli
1574 447 1628 467 co-

912 478 1025 518 pulam.
1041 478 1230 508 constructio
1246 478 1311 507 haeo
1330 483 1397 508 est:
1413 476 1514 510 ἐπειδὴ
1531 479 1629 521 §emig-

911 531 959 563 χει
975 522 1043 561 ὑμῖν
1053 520 1087 551 τὸ
1101 520 1246 560 ἐγνωκέναι
1261 521 1346 551 ποιεῖν
1360 519 1400 550 τὰ
1412 520 1516 551 δίκαια.
1533 533 1628 561 quau-

913 565 1081 604 doquidem
1099 566 1186 595 vobis
1208 575 1268 594 non
1295 574 1375 594 nunc
1399 565 1521 593 demum
1544 576 1626 603 quae.

912 609 1040 638 rendum
1051 613 1083 638 et
1093 608 1342 647 comparandum,
1352 607 1405 637 sed
1416 608 1478 645 jam
1491 614 1629 646 paratum

914 656 946 681 et
960 656 1075 691 praesto
1099 656 1147 682 est
1172 652 1240 687 hoc,
1266 655 1300 680 ut
1323 650 1528 680 decreveritis
1545 652 1631 689 justa

913 694 1027 731 facere,
1043 696 1071 725 h.
1088 706 1114 725 e.
1126 696 1190 734 jam
1202 704 1296 734 penes
1313 704 1368 723 vos
1383 698 1431 723 est
1443 697 1563 734 promta
1576 705 1629 724 vo-

913 738 1014 768 luntas
1027 740 1078 776 jus
1094 744 1124 767 et
1140 738 1186 768 fas
1202 736 1404 776 exsequendi.

957 799 999 804 -—
1014 782 1066 812 95.
1091 780 1193 822 ἔσται]
1220 781 1342 816 addidi,
1365 789 1547 819 quamquam
1570 780 1631 810 uti-

915 835 974 864 que
991 826 1101 855 melius
1119 825 1162 854 sio
1178 825 1299 854 videtur
1315 823 1388 862 legi,
1405 823 1431 852 si
1449 823 1522 853 libri
1538 823 1630 854 dent:

914 867 986 899 οὐδὲν
1001 867 1128 907 ἐμποδὼν
1142 867 1239 902 αὐτοῖς
1257 866 1330 908 »tn-pie,-
1345 866 1378 896 τὸ
1393 866 1496 906 κυρίους
1511 878 1542 897 τ.
1557 868 1587 897 οἱ.
1607 878 1631 898 ε.

957 914 1061 942 -27,
1076 913 1137 946 τοῖς
1151 911 1264 952 ἄλλοις]
1279 911 1409 940 subaudi
1426 908 1504 940 ἐστὶν
1520 921 1537 939 e
1551 920 1632 949 prae-

914 954 1026 985 missis.
1070 955 1255 996 Suspicabar
1268 955 1446 994 aliquando,
1467 955 1496 984 h.
1513 953 1534 983 l.
1549 953 1633 989 κοινός

913 999 1034 1028 deesse.

956 1058 999 1063 -
1014 1041 1089 1071 ibid.
1109 1039 1264 1081 oredo-255⁹]
1291 1039 1426 1079 praetuli,
1447 1050 1632 1079 quamquam

913 1093 1019 1123 parum
1035 1084 1177 1120 interest,
1193 1082 1323 1124 *nebo-53¹,
1346 1083 1380 1113 id
1405 1087 1465 1120 est,
1490 1082 1630 1124 προσέτι.

913 1126 1011 1157 adhuc
1024 1133 1176 1166 praeterea.

958 1172 1031 1201 200.
1047 1171 1077 1201 6.
1094 1170 1173 1210 ὑμᾶς
1184 1168 1217 1198 ἄν
1229 1169 1288 1209 τις]
1303 1170 1340 1200 ad
1354 1169 1433 1209 ὑμᾶς
1444 1169 1518 1200 addi
1531 1170 1634 1204 αὐτοὺς

914 1217 998 1243 esset
1014 1224 1073 1243 non
1090 1213 1122 1243 vi
1134 1213 1311 1243 cariturum.

957 1274 1000 1279 —
1016 1258 1068 1287 15.
1090 1256 1214 1297 ἀτίμους
1226 1257 1276 1286 τοῦ
1293 1254 1512 1296 συμβουλεύειν]
1529 1255 1561 1285 id
1575 1259 1634 1293 est,

914 1301 1005 1339 τιμῆς
1018 1299 1068 1329 καὶ
1083 1297 1212 1339 ἔξουσίας
1225 1300 1275 1329 τοῦ
1290 1298 1387 1339 συμβ.
1403 1297 1612 1339 ἓστεξημένους.

956 1361 1000 1365 -
1015 1345 1068 1374 27.
1091 1342 1163 1373 καθ’
1178 1342 1203 1374 ἓν
1217 1342 1249 1373 ἂν
1265 1340 1389 1382 ζὲλτιον]
1406 1353 1462 1381 pro
1477 1342 1566 1372 tertio
1579 1353 1634 1372 vo·

914 1387 1025 1416 cabulo
1042 1386 1114 1417 dedi
1128 1384 1181 1417 ἀεί.
1198 1386 1300 1416 indies
1311 1386 1411 1425 magis
1426 1385 1597 1426 magisque.

253 1605 338 1648 AD
371 1603 741 1647 ORATIONEM
774 1603 897 1645 PRO
933 1602 1536 1645 MEGALOPOLITANIS.

213 1735 287 1765 202.
305 1735 334 1762 1.
356 1730 525 1772 ἀμφότεροι]
542 1730 625 1760 citat
639 1730 671 1759 h.
686 1731 707 1760 Ι.
723 1729 880 1760 Aristides

167 1776 208 1807 de
227 1779 266 1807 D.
282 1777 318 1806 C.
340 1787 375 1815 p.
387 1778 461 1806 264.
477 1775 536 1804 hoo
551 1773 706 1815 ἀμφότεροι
731 1773 881 1812 significat

168 1819 400 1850 Atheniensium
411 1829 476 1854 eos,
488 1828 616 1857 quorum
629 1817 681 1847 alii
695 1817 882 1852 Arcadibus,

166 1863 220 1893 alii
228 1862 470 1893 Lacedaemoniis
479 1862 655 1891 studebant.
664 1860 793 1890 alterum
807 1870 881 1889 vero

168 1905 334 1947 ἀμφότεροι,
361 1906 451 1946 paulo
474 1909 546 1943 post
567 1904 732 1943 insequens
748 1914 836 1933 versu
851 1904 882 1934 5.

167 1950 251 1979 redit
265 1950 304 1979 ad
315 1950 453 1980 Arcadas
464 1948 562 1988 ipsos,
575 1947 722 1987 ipsosque
735 1947 882 1977 Lacedae·

169 1992 300 2023 monios.
633 2004 638 2010 ·

212 2053 256 2060 ·--
270 2036 323 2066 13.
345 2033 401 2073 ἐγὼ
415 2032 439 2064 δ’
454 2034 502 2074 ὁςῶ
511 2033 569 2074 -]
588 2032 743 2062 Aristides
760 2042 791 2071 p.
809 2033 883 2063 254.

170 2076 364 2119 ἀξιοπιστίας
378 2077 426 2108 καὶ
442 2077 475 2107 τὸ
491 2074 683 2111 ἐνδείκνυσθαι,
702 2076 737 2108 ὡς
750 2077 883 2115 χαλεπὰ.

168 2121 226 2161 μὲν
239 2121 304 2151 ὄντα
319 2121 380 2162 περὶ
401 2118 437 2150 οἷν
457 2119 590 2162 ἐγχειρεῖ,
611 2119 657 2149 διὰ
674 2118 702 2148 δὲ
719 2118 751 2148 τὸ
767 2124 883 2148 λυσιτε-

169 2166 228 2195 λεῖν
239 2165 278 2207 τῇ
289 2165 381 2200 πόλει,
391 2163 517 2205 ῥηθῆναι,
531 2163 610 2193 αὐτὰ
621 2161 720 2200 λέγειν,
735 2159 786 2201 κᾷν
799 2161 884 2195 αὐτός

168 2219 199 2239 τι
214 2207 410 2243 κινδυνεύσειεν,
435 2207 470 2240 ὡς
491 2205 538 2236 ἐπὶ
561 2205 637 2244 κοινῷ
652 2204 838 2244 συμφέροντι,
852 2204 884 2234 ἃν

169 2249 214 2293 δὲῃ
235 2263 266 2283 τι
283 2251 332 2282 καὶ
346 2251 462 2286 παθεῖν,
476 2248 674 2290 «προῃρημένος.
689 2249 884 2288 «παράδειγμα

168 2293 196 2325 δὲ
213 2294 314 2325 τούτου
329 2293 355 2325 ἒν
369 2295 428 2328 τοῖς
443 2292 708 2332 συμζουλευτικοῖς.
723 2290 777 2330 ἐγὼ
793 2290 821 2321 δὲ
835 2291 883 2332 ὁρῶ

169 2336 234 2377 μὲν,
249 2338 285 2372 ὡς
293 2336 426 2379 χαλεπὸν
440 2335 473 2365 τὸ
487 2338 527 2366 τὰ
538 2335 686 2369 Βέλτιστα
703 2334 791 2373 λέγειν
805 2333 885 2366 ἐστὶν

169 2397 183 2404 -
193 2398 205 2405 ·
217 2397 230 2403 -
244 2382 281 2411 ad
298 2381 376 2420 ὑμᾶς
389 2378 574 2419 ἐξαπατῆσαι
588 2380 697 2420 (versu
715 2377 796 2417 20.).

212 2442 256 2447 —
272 2426 325 2454 17.
345 2422 586 2464 διαβεβλήσεται]
608 2423 692 2453 citat
713 2422 744 2453 h.
760 2422 781 2453 l.
799 2421 881 2451 Tho-

170 2477 235 2497 mas
251 2468 298 2498 M.
313 2476 344 2497 v-
358 2466 533 2499 διαβάλλειν.

211 2528 255 2534 --
270 2513 322 2541 21.
345 2509 536 2550 βουλομένοις]
561 2507 692 2539 subaudi
719 2506 773 2547 ἐμὲ
795 2506 886 2546 λέγειν

169 2554 247 2594 ὑμῖν.
263 2554 338 2584 alias
354 2553 474 2583 admitti
488 2557 593 2592 potest
607 2553 674 2583 sine
691 2551 882 2582 dubitatione

168 2597 274 2627 ἀκούειν
289 2607 325 2627 ex
338 2596 516 2636 Augustam,
533 2597 788 2635 supplementum.

213 2641 290 2671 903.
317 2641 364 2671 19.
387 2638 507 2679 ἐκείνοις]
535 2639 658 2678 praetnli
685 2637 797 2668 ἐκείνων.
825 2647 883 2667 non

170 2693 230 2723 quo
242 2683 319 2713 illud
332 2684 514 2723 improbem,
525 2684 579 2712 sed
595 2693 656 2721 quo
669 2682 807 2712 confusio
818 2681 884 2711 evi-

170 2731 252 2757 tetur
263 2737 331 2757 cum
346 2725 506 2766 praemisso
517 2725 638 2761 τούτοις,
654 2729 685 2755 et
698 2735 759 2763 quo
771 2724 885 2754 clarius

169 2775 332 2809 appareret
341 2769 446 2800 horum
455 2767 752 2801 differentianroxi'roic
760 2768 798 2797 ad
805 2768 885 2797 ’Πιε-

172 2814 269 2844 hunos
284 2813 430 2849 refertur,
451 2809 556 2842 ἐκείνων
571 2813 607 2842 ad
628 2811 886 2842 Lacedaemonios.

215 2873 257 2880 —-
272 2859 324 2887 20.
340 2855 389 2886 καί
403 2856 469 2897 μοι]
487 2856 610 2895 praetuli
624 2854 726 2896 »ια’μοῖ,
743 2859 773 2884 et
793 2865 886 2884 versu

173 2899 314 2938 proximo
329 2899 353 2928 δ’
367 2898 423 2936 ἔτι,
447 2909 503 2939 pro
522 2899 641 2939 vulgari
657 2899 685 2929 δέ
701 2910 742 2927 τι.
758 2898 812 2927 sed
829 2908 886 2927 non

174 2942 239 2972 sine
263 2942 321 2973 hac
343 2942 499 2973 clausula:
522 2943 627 2973 alteris
647 2941 748 2973 officio
772 2951 828 2971 suo
843 2953 888 2971 sa-

171 2984 312 3016 tisfacere
329 2986 535 3017 studentibus.

218 3045 261 3053 ·—
289 3030 342 3060 25.
378 3027 725 3070 συμπαραταξαμένους]
759 3028 889 3059 subaudi

914 1729 982 1767 ἦμῖν
999 1728 1079 1758 τότε.
1104 1729 1253 1759 adversus
1276 1740 1340 1764 eos,
1368 1729 1635 1770 [Lacedaemonios

914 1771 1017 1812 puta]
1037 1772 1090 1811 qni
1106 1777 1171 1801 tum
1186 1773 1334 1811 temporis
1349 1773 1508 1803 nobiscum
1522 1774 1551 1803 in
1566 1775 1633 1804 acie

915 1818 1046 1851 stabant,
1069 1817 1151 1854 apud
1175 1816 1363 1846 Mantineam
1387 1817 1537 1846 adversus
1553 1818 1635 1848 The-

914 1860 1011 1889 banos
1028 1864 1059 1888 et
1074 1860 1219 1889 Arcadas.

958 1921 1001 1926 —-
1017 1902 1095 1931 ibid.
1114 1903 1135 1931 οἱ
1151 1902 1222 1943 μὲν]
1240 1903 1479 1934 Lacedaemonii.

958 1964 1002 1968 —-
1017 1948 1068 1976 26.
1083 1945 1105 1975 οἳ
1121 1945 1165 1986 δὲ]
1183 1946 1329 1976 Thebani.

959 1991 1034 2019 204.
1051 1992 1102 2019 1‘2.
1118 1991 1167 2018 τοῦ
1183 1992 1225 2029 μὴ
1242 1987 1415 2028 ἐπιτξὲτσειν
1436 1989 1513 2027 ἡμᾶς
1531 1990 1634 2020 ἀδικεῖν

917 2030 1158 2072 Λακεδαιμονίοις]
1178 2032 1289 2061 sustuli
1311 2033 1400 2071 ἡμᾶς.
1424 2032 1545 2062 initium
1562 2044 1635 2072 pro-

917 2075 1042 2104 hibendi
1069 2075 1318 2104 Lacedaemonios
1343 2076 1382 2104 ab
1411 2076 1634 2107 exercitatione

916 2118 1116 2156 injuriaru1n;
1141 2118 1294 2154 universe,
1320 2128 1379 2147 non
1408 2129 1482 2157 erga
1503 2129 1560 2149 nos
1584 2131 1635 2150 so-

916 2161 990 2197 lum,
1008 2162 1062 2191 sed
1082 2172 1283 2200 quoscunque
1300 2162 1434 2190 tandem.

959 2221 1002 2227 ——-
1017 2207 1069 2235 93.
1093 2203 1295 2246 Βοηθήσοντας]
1318 2205 1368 2234 alii
1386 2205 1460 2234 dant
1483 2204 1635 2238 Βοηθήσαν-

917 2259 982 2282 τας.
1004 2248 1133 2287 perinde
1150 2253 1210 2284 est,
1227 2249 1266 2278 ob
1283 2248 1416 2278 additum
1435 2248 1477 2278 ἄν.
1492 2249 1636 2288 designat

917 2292 1180 2327 Lacedae=110nios,
1205 2302 1222 2321 a
1242 2291 1354 2330 quibus
1377 2292 1514 2330 adjutum
1540 2303 1573 2322 se
1594 2293 1634 2324 iri

917 2336 1083 2374 sperabant
1098 2335 1303 2365 Athenienses
1326 2335 1356 2364 in
1382 2336 1595 2374 recuperanda
1617 2347 1636 2367 a

917 2378 1071 2408 Thebanis
1097 2379 1213 2416 Oropo.
1245 2378 1428 2408 Morelliana
1457 2378 1504 2408 sie
1532 2379 1636 2410 locum

917 2422 1063 2452 exhibet:
1077 2422 1142 2455 τοὺς
1154 2421 1348 2455 Βοηὲἡσοντας
1363 2423 1441 2461 ἦμῖν,
1456 2420 1577 2464 ἐχθροὺς
1589 2422 1638 2454 ἐπ’

916 2464 999 2496 αὐτὸν
1015 2466 1057 2495 νῦν
1075 2464 1262 2505 κτησόμεθα.
1285 2475 1344 2503 ego
1365 2475 1440 2495 vero
1458 2467 1637 2504 transposui

917 2509 1066 2539 vocabula
1077 2509 1116 2538 ad
1128 2509 1206 2538 hunc
1219 2509 1360 2538 modum:
1378 2509 1443 2542 τοὺς
1453 2506 1640 2545 Εοηθήσοντας

917 2552 949 2582 Ξιν
972 2553 1038 2591 ἦμῖν
1066 2550 1113 2581 ἐπ’
1135 2551 1218 2582 αὐτὸν
1246 2550 1360 2592 ἐχθροὺς
1382 2553 1424 2582 νῦν
1451 2552 1640 2593 κτησόμεθα.

918 2595 1020 2626 Graeci
1051 2595 1158 2625 dicunt
1185 2594 1290 2628 Βοηθεῖν
1312 2595 1365 2625 τινὶ
1393 2594 1442 2625 ἐπί
1471 2608 1513 2632 τι,
1543 2597 1638 2627 alicui

918 2639 1040 2678 adjutor
1054 2649 1136 2674 esse,
1154 2649 1280 2678 operam
1298 2649 1422 2674 navare,
1439 2639 1478 2668 ad
1495 2639 1540 2676 id,
1555 2641 1638 2679 quod

919 2682 1040 2722 quaerit,
1055 2683 1317 2721 consequendum.
1363 2683 1417 2712 Est
1429 2693 1503 2722 ergo
1516 2689 1639 2713 seuten-

919 2727 962 2756 tia
977 2726 1059 2755 haec:
1078 2725 1103 2755 si
1118 2736 1195 2755 nunc
1208 2725 1398 2755 offendamus
1416 2735 1481 2761 eos,
1492 2737 1547 2765 per
1561 2737 1640 2765 quos

921 2780 1081 2808 speremus
1097 2770 1232 2808 Oropum
1260 2779 1456 2809 recuperare,
1470 2770 1559 2799 nobis
1576 2775 1639 2799 tum

922 2814 988 2843 fore
1006 2823 1112 2842 eorum
1122 2813 1270 2842 societate
1281 2815 1457 2842 carendum.

965 2857 1039 2887 2³05.
1057 2858 1087 2886 4.
1105 2858 1170 2890 τοὺς
1184 2855 1254 2896 μὲν]
1285 2856 1408 2895 praetuli
1432 2856 1548 2889 τούτους
1572 2855 1638 2895 μέν.

922 2900 1176 2930 Lacedaemonios
1193 2906 1275 2939 puta.

967 2961 1007 2966 -
1026 2945 1077 2973 QO.
1098 2942 1146 2973 καὶ
1162 2944 1261 2973 ταῦτα
1276 2942 1442 2982 Ιπράξομεν]
1468 2941 1599 2972 subaudi
1620 2942 1640 2971 ἃ

923 2984 979 3023 ἐγὼ
1000 2985 1115 3016 κελεύω.
1140 2992 1170 3016 et
1196 2987 1260 3016 haec
1280 2987 1305 3015 si
1330 2995 1467 3023 agamus,
1491 2996 1559 3025 quie
1583 2996 1641 3026 ego

923 3029 989 3059 lieri
1006 3029 1088 3060 volo.
