1931 3322
326 197 390 239 IN
421 196 599 239 ORAT.
622 195 706 238 DE
737 193 1039 239 RHODIOR.
1073 190 1426 235 LIBERTATE.

155 302 214 332 boc
228 302 340 334 bellum
355 303 386 334 in
404 305 525 335 Graecia
538 314 615 334 anno
629 303 720 334 tertio
737 303 864 342 Olymp.

156 355 218 382 cv„
231 350 261 376 et
276 357 352 377 anuo
367 348 488 378 demum
506 353 626 387 quarto,
641 347 702 376 viz.
716 356 792 376 anno
806 351 866 375 ter-

155 388 200 417 tio
225 388 351 429 Olymp.
373 392 447 426 cvi.‚
464 392 667 421 terminatum.
714 391 815 419 Voces
835 392 867 418 et

155 431 285 471 phrases
297 433 598 473 insigniores‚quaein
610 432 866 472 hoc-Argumento

155 481 331 511 occurrunt,
359 476 422 506 fere
442 477 503 517 jam
529 481 618 506 antea
638 476 809 510 habuimus,
834 478 867 502 ut

157 517 284 558 πόλεμον
309 519 450 559 ἄρασθαι,
473 520 643 559 πεποίημαι,
664 518 763 551 οἰκείως
781 516 865 557 ἔχειν,

156 560 224 600 πρός
238 572 300 590 τινα
313 562 530 599 συστήσασθαι,
554 569 586 593 ut
601 572 660 591 non
677 571 755 600 opus
771 560 811 589 sit.
827 559 866 588 iis

156 604 349 643 explicandis
362 605 525 635 immorari.
570 606 686 634 Sensus
707 608 738 632 et
754 612 866 641 scopus

156 647 326 686 argumenti
338 649 382 678 sic
396 659 430 678 se
444 649 547 683 babet,
564 652 597 676 ut
609 647 712 685 legere
727 650 774 675 est
785 645 864 683 apud

157 688 255 720 Diod.
268 691 364 721 Sic.l.
376 691 440 721 xvi.
456 691 502 731 [c.
519 690 567 730 7.]
584 690 634 729 qui
652 690 737 719 solus
754 688 866 730 (qnan-

155 737 219 762 tum
243 732 324 774 scio)
347 744 385 763 ex
409 733 497 764 Hist.
525 733 646 763 Graecis
675 733 765 770 hujus
796 731 866 760 belli

156 775 302 805 meminit.
347 775 383 806 In
400 777 457 806 hoc
480 777 562 807 bello
586 777 681 806 duces
698 774 865 805 Athenien-

155 817 234 848 sium
249 819 501 855 erantChabrias‚
516 820 702 859 Iphicrates,
719 824 749 848 et
765 817 866 847 Timo-

157 861 248 892 theus
272 862 407 892 Cononis
432 863 522 893 fitius.
568 861 739 901 Implicatis
766 866 865 891 autem

157 903 216 935 hoc
239 905 319 935 bello
335 905 587 941 Atheniensibus,
603 905 767 944 Philippus
791 904 865 934 Am-

155 948 295 987 phipolin
312 948 432 988 recipit,
445 955 475 978 et
489 949 647 979 Potideam
665 949 865 987 Pydnamque

157 996 188 1020 et
200 991 365 1030 Philippos
374 998 515 1031 occupat,
528 997 558 1022 et
573 992 722 1021 ad‘totius
738 990 865 1020 Graeciae

154 1033 315 1073 imperinm
350 1036 429 1066 viam
465 1035 585 1065 sternit.
631 1035 746 1064 Exitus
776 1034 865 1071 hujus

155 1077 228 1107 belli
242 1078 292 1108 hic
302 1078 358 1107 fuit
373 1090 380 1109 :
403 1077 593 1118 μηκυνομένου
607 1076 737 1116 πολέμου
753 1075 864 1117 (Ulp.)

155 1121 380 1159 ἦναγκάσθησαν
400 1121 437 1156 εἰς
457 1121 600 1154 συνθήκας
620 1119 708 1150 ἐλθεῖν
730 1118 795 1159 πρὸς
814 1119 866 1149 αὐ-

154 1165 219 1199 τοὺς
242 1164 264 1194 οἶ
287 1162 434 1200 Ἀθηναῖοι,
455 1165 523 1197 &sq-re
537 1163 704 1203 αὐτονόμους
725 1161 792 1193 εἶναι
817 1163 864 1192 καὶ

154 1204 323 1248 ἐλευθέρους.
344 1209 436 1238 cuncti
463 1213 533 1236 sunt
560 1206 745 1237 Athenienses
765 1215 864 1245 pacem

150 1248 253 1289 fucere
271 1261 339 1281 cnm
361 1250 524 1286 Ιηειιίαιιὶε,
541 1252 582 1280 sic
603 1256 637 1279 ut
662 1250 747 1279 liberi
768 1255 794 1279 et
819 1250 865 1278 sni

143 1293 231 1331 juris
243 1299 342 1324 essent.
387 1294 447 1323 Sed
462 1293 694 1333 progrediamur
711 1293 741 1322 in
763 1293 864 1331 Argu-

154 1342 267 1367 mento.
297 1338 435 1367 Durante
451 1337 510 1367 hoc
525 1337 618 1371 bellu,
637 1336 684 1365 vel
706 1341 788 1365 certe
805 1341 864 1365 sta-

155 1378 209 1409 tim
228 1380 324 1416 finito‚
341 1381 518 1416 Mausolus,
543 1380 642 1410 Cariae
664 1379 788 1418 regulus
811 1389 864 1408 seu

154 1423 380 1461 praefectussub
390 1421 866 1462 RegePersarum‚Rhodiorum‚

156 1466 209 1505 qui
227 1467 325 1496 Cariae
342 1466 458 1496 finitimi
475 1470 573 1502 erant,
586 1465 722 1496 libertati
738 1464 865 1495 insidias

157 1510 282 1545 struxit,
296 1515 326 1540 et
346 1515 461 1540 mutata
484 1509 629 1550 paulatim
653 1508 746 1548 Reip.
769 1509 866 1538 forma

155 1552 328 1583 libertatem
354 1558 528 1592 statumque
555 1552 731 1593 popularem
753 1551 792 1581 iis
809 1552 867 1581 eri-

156 1595 236 1634 puit,
253 1601 285 1627 et
300 1607 339 1626 ex
353 1596 548 1626 Democratia
565 1594 799 1625 Aristocratiam
817 1594 863 1624 vel

156 1639 246 1669 etiam
285 1640 490 1680 Oligarchiam
527 1639 698 1668 constituit.
757 1639 867 1668 Monet

155 1681 250 1721 igitur
264 1682 295 1712 in
311 1683 367 1713 hac
381 1683 519 1712 oratione
536 1681 770 1716 Demosthene&
782 1681 866 1710 nullo

156 1726 248 1756 modo
276 1726 431 1756 ferendum
465 1736 552 1763 esse;
589 1726 728 1763 adeoque
758 1725 866 1753 suadet

155 1768 399 1799 Atheniensibus
417 1768 605 1799 Rhodiorum
622 1767 748 1798 tutelam
766 1772 796 1796 et
812 1777 865 1808 pa-

156 1812 319 1843 trocinium
336 1812 506 1851 suscipere,
530 1822 642 1850 eosque
659 1811 689 1840 in
707 1810 865 1850 pristinam

155 1855 328 1885 libertatem
372 1865 512 1884 asserere
552 1859 643 1892 atque
687 1853 863 1883 vindicare:

156 1899 272 1938 quippe
290 1898 513 1928 Democratiam
530 1907 654 1926 nervum
673 1907 743 1926 esse
767 1896 864 1926 Athe-

157 1942 273 1972 niensis
298 1941 433 1981 imperii,
457 1941 650 1979 maximeque
677 1950 715 1969 ex
739 1940 864 1979 Repub.

156 1996 225 2015 esse
248 1990 282 2015 ut
313 1985 429 2014 Graecae
449 1984 590 2013 civitates
615 1982 755 2022 populari
784 1989 865 2013 statu

158 2029 338 2068 gauderent.
377 2027 516 2058 Maxime
529 2027 623 2066 igitur
636 2031 725 2065 urget
737 2025 771 2055 τὸ
784 2037 865 2065 συμ-

154 2070 242 2111 φέρον,
259 2073 370 2101 bonum
386 2082 429 2100 sc.
452 2070 605 2110 publicum
624 2074 655 2099 et
676 2079 864 2099 communem

155 2115 340 2145 utilitatem:
366 2115 423 2144 hoc
437 2113 516 2144 enim
527 2118 620 2152 eaput
635 2117 684 2142 est
696 2110 721 2142 ἓν
735 2112 778 2151 τῷ
787 2124 865 2151 συμ-

155 2157 331 2196 Βουλευτικςῖ
351 2167 406 2188 seu
431 2156 634 2187 deliberativo
665 2166 773 2194 genere
799 2166 866 2185 ora-

157 2201 261 2232 tionis.
285 2201 385 2232 Addit
406 2207 506 2230 tamen
530 2199 621 2229 etiam
638 2198 671 2229 τὸ
693 2198 796 2238 πρέπον
812 2209 864 2229 seu

157 2244 190 2274 τὸ
205 2242 300 2280 καλδν,
316 2245 474 2274 honestum
491 2249 521 2272 et
536 2245 679 2272 decorum
693 2253 701 2280 3
724 2243 863 2281 pulcrum

155 2288 270 2328 quippe
293 2293 324 2317 et
349 2288 530 2327 praeclarum
553 2287 618 2316 fore
640 2290 670 2315 et
689 2296 746 2325 pro
770 2286 866 2324 gloria

156 2331 382 2372 splendoreque
397 2329 528 2360 nominis
551 2329 751 2360 Atheniensis
773 2329 865 2359 mise-

151 2375 195 2405 ris
210 2374 270 2404 etsi
285 2374 363 2404 male
379 2373 494 2404 meritis
519 2382 696 2403 succurrere
711 2377 741 2402 et
763 2373 864 2411 opitu-

155 2417 234 2449 lari:
259 2427 316 2447 nec
343 2417 422 2446 enim
439 2416 605 2447 convenire
632 2415 708 2445 viris
735 2415 865 2445 sortibus

154 2466 244 2500 atque
267 2459 465 2499 magnanimis
489 2460 674 2497 μνησικακεῖν
698 2459 757 2492 τοῖς
771 2460 866 2499 ἁμαρ·

155 2503 349 2538 τᾶνουσι,εε(1
365 2508 502 2533 veterum
517 2503 578 2532 imo
594 2509 626 2531 et
637 2502 802 2532 recentium
819 2502 865 2531 in-

151 2547 299 2587 juriarum
326 2546 483 2580 oblivisci,
505 2555 618 2584 easque
636 2545 750 2575 Lethes
767 2551 796 2574 et
822 2546 865 2575 A-

155 2589 293 2620 mnestiae
308 2589 448 2619 barathro
459 2590 588 2628 quodam
602 2588 744 2627 sepelire.
762 2588 865 2627 Atque

154 2634 221 2664 haec
236 2633 300 2663 fere
316 2642 401 2662 mens
418 2637 466 2662 est
480 2632 570 2671 hujus
589 2631 796 2671 hypotheseos
815 2631 864 2662 Li-

154 2676 304 2711 banianae,
320 2676 457 2714 adeoque
474 2685 590 2705 summa
604 2680 635 2704 et
654 2684 767 2714 scopus
785 2675 866 2704 illius

154 2719 312 2754 orationis,
328 2729 397 2757 quae
409 2719 454 2748 sic
466 2718 585 2757 incipit.

197 2762 276 2800 Arg.
289 2774 319 2804 p.
332 2764 407 2793 298.
421 2761 476 2791 ult.
493 2760 693 2802 μνησικακεῖν]
709 2762 796 2795 mula,
811 2772 864 2790 seu

153 2806 293 2844 injurias,
322 2807 354 2836 in
377 2806 475 2834 animo
503 2811 531 2834 et
560 2806 696 2834 ‘memor-iu
730 2804 864 2834 retinere.

155 2848 303 2879 Pulcrum
329 2855 430 2878 autem
457 2848 513 2877 hoc
538 2846 684 2877 orationis
718 2852 811 2885 eaput
835 2853 865 2876 et

154 2895 365 2931 argumentum
391 2891 422 2920 in
448 2901 508 2929 quo
544 2889 656 2919 insistit
692 2890 865 2923 Demosth..

155 2934 287 2965 suadens
302 2934 416 2965 Athen.
439 2934 688 2974 μὴμνησικακεῖν
705 2943 761 2962 nec
782 2933 866 2963 refri-

155 2988 222 3008 sare
238 2977 412 3007 memoriam
435 2982 465 3006 et
491 2977 708 3015 cogitationem
726 2981 865 3006 veterum

153 3020 343 3060 injuriarum.
389 3020 481 3050 Certe
493 3024 539 3050 est
554 3019 698 3050 memoria
712 3019 864 3049 hominum

1527 186 1610 228 515

898 300 1076 340 injuriarum
1092 306 1196 332 tenax.
1242 299 1385 330 Scribunt
1403 298 1434 328 in
1459 303 1609 326 marmore

901 343 977 374 laesi.
1013 344 1134 382 Siquid
1156 344 1187 374 in
1209 354 1265 374 nos
1280 343 1407 382 ἧμάρτη,
1422 343 1525 378 manet
1547 337 1609 367 alta

900 392 999 417 mente
1016 392 1191 426 repostum:
1217 398 1233 416 e
1250 394 1354 416 contra
1375 385 1399 415 si
1423 383 1496 423 quid
1519 382 1610 411 bene-

901 429 1000 460 ficium
1018 430 1047 459 in
1064 440 1118 459 nos
1133 430 1290 465 collatum,
1302 430 1332 458 in
1349 432 1439 457 vento
1456 431 1487 456 et
1503 424 1610 463 rapida

901 483 979 512 aqua
1007 472 1168 501 scribimus
1197 473 1284 502 illud.
1338 471 1430 510 Aqua
1464 467 1611 498 beneficia

901 516 1075 545 scribuntur
1088 525 1096 552 ;
1119 515 1149 544 in
1163 521 1254 544 vento
1267 519 1317 544 aut
1328 514 1453 554 pulvere
1468 512 1609 552 τάχιστα

901 559 1034 598 γηράσκει
1057 559 1070 588 ἡ
1099 558 1182 598 χάρις
1209 557 1339 598 (Phil.),
1363 556 1437 586 nihil
1460 559 1521 585 tam
1548 553 1610 583 cito

902 602 1034 631 senescit
1057 611 1146 640 quam
1170 600 1361 630 beneficium.
1420 599 1464 629 At
1489 597 1609 631 vivunt,

902 644 964 674 imo
977 645 1081 674 valent
1094 649 1123 673 et
1141 644 1249 674 florent
1261 648 1292 672 et
1307 642 1503 671 revivescunt
1517 645 1547 669 et
1562 650 1610 668 re-

902 688 1074 727 pubescunt
1097 687 1126 716 in
1160 686 1269 716 animis
1295 685 1447 714 hominum
1480 682 1609 721 injuriae.

903 731 1029 761 Memini
1043 740 1090 760 me
1105 729 1221 769 legisse
1237 729 1275 758 de
1298 728 1428 768 quodam
1446 726 1493 766 (ni
1511 726 1610 759 fallor,

902 774 940 803 dc
957 772 1130 813 Augusto),
1147 783 1215 802 eum
1237 772 1310 802 nihil
1333 780 1461 811 unquam
1479 768 1608 798 oblitum

902 818 994 847 fuisse
1014 821 1127 858 praeter
1152 815 1296 855 injurias3
1321 819 1351 843 at
1373 823 1462 853 quam
1486 810 1609 851 plurimi

902 866 972 889 sunt
997 860 1091 901 (proh
1108 858 1224 899 pudor)
1250 858 1339 887 etiam
1366 854 1543 889 Christiani,
1557 853 1610 894 qui

901 904 975 933 nihil
1001 903 1082 933 aliud
1108 902 1319 932 meminerunt.
1364 899 1448 939 ’οργῆ
1472 903 1502 928 et
1524 896 1611 938 χόλος

901 948 1015 976 cadunt
1052 945 1142 976 etiam
1183 945 1212 974 in
1248 945 1348 974 virum
1380 944 1489 972 bonum
1505 950 1514 978 3
1553 940 1609 969 sed

901 1001 959 1019 non
977 989 1057 1023 κότος
1077 990 1121 1017 im
1137 989 1274 1026 reposita,
1297 998 1353 1017 nec
1376 987 1458 1025 μῗξνις
1480 985 1528 1014 ira
1544 992 1609 1022 per-

899 1042 1027 1062 manens.
1074 1033 1222 1061 Facessat
1237 1041 1276 1061 ex
1294 1029 1403 1060 animis
1419 1027 1612 1068 pectoribus-

901 1087 959 1115 que
985 1075 1169 1105 Christianis
1194 1074 1247 1104 illa
1270 1084 1345 1108 vox,
1368 1083 1428 1111 qua
1454 1071 1611 1100 Homerus

901 1130 987 1149 suum
1005 1118 1095 1158 prim.
1118 1118 1252 1157 incepit3
1271 1118 1384 1147 haereat
1401 1115 1504 1154 potius
1520 1113 1611 1143 nobis

900 1163 930 1191 in
954 1162 1066 1201 animo,
1083 1161 1179 1191 veluti
1194 1161 1303 1190 trabali
1320 1161 1378 1190 fixa
1399 1158 1488 1188 clavo
1505 1156 1612 1186 sedeat

900 1205 1004 1234 divina
1019 1205 1070 1234 illa
1088 1215 1149 1234 vox
1173 1204 1309 1243 ejusdem
1334 1213 1383 1242 pr.
1399 1209 1484 1241 poet.
1505 1199 1562 1240 [ll.
1575 1205 1609 1229 N.

902 1247 1006 1288 115.],
1018 1247 1141 1277 ἀκεσταί
1156 1259 1200 1277 τοι
1215 1246 1305 1287 φρένες
1321 1244 1446 1281 ἐσθλῶν,
1459 1243 1609 1274 etiterum

903 1291 960 1331 [[Ι.
978 1298 1013 1322 Ο.
1033 1291 1124 1332 203.]
1156 1290 1300 1331 στρεπταὶ
1327 1288 1382 1327 μέν
1409 1298 1441 1317 τε
1465 1284 1558 1327 φρένες
1581 1284 1610 1315 ἒ-

899 1334 1003 1371 σθλῶν,
1022 1341 1052 1364 et
1067 1335 1178 1364 iterum
1201 1334 1278 1373 [Od.
1295 1339 1330 1363 Θ.
1347 1332 1438 1372 408.]
1456 1330 1521 1363 ἔπος
1534 1328 1561 1358 δ”
1573 1328 1611 1358 εἴ·

900 1389 952 1418 περ
966 1390 996 1408 τι
1011 1377 1155 1410 Βὲβακται
1170 1376 1269 1413 Δεινόν,
1285 1381 1345 1406 etc.
1361 1386 1367 1404 :
1382 1385 1439 1405 nec
1450 1377 1567 1403 tantum
1585 1370 1611 1400 si

900 1422 972 1459 quid
989 1421 1068 1452 δεινὸν
1082 1421 1156 1454 ἔπος
1180 1420 1339 1455 Βεβακται,
1361 1418 1415 1448 sed
1438 1422 1469 1447 et
1486 1416 1511 1446 si
1534 1414 1610 1454 quid

901 1463 978 1494 δεινὸν
1001 1463 1075 1504 ἔργον
1104 1464 1283 1503 πέπρακται,
1306 1461 1426 1504 οἴχοιτο,
1449 1461 1550 1494 abeat,
1579 1457 1610 1487 in

900 1513 1046 1538 aeternum
1067 1508 1168 1542 abeat,
1189 1512 1219 1536 et
1235 1510 1412 1541 evanescat,
1428 1509 1459 1534 et
1473 1501 1614 1534 tenebris

900 1555 931 1581 et
945 1551 1067 1580 silentio
1090 1555 1121 1580 et
1145 1550 1299 1579 oblivione
1317 1549 1495 1589 sepeliatur.
1541 1546 1611 1575 Nec

900 1599 983 1624 certe
998 1594 1159 1624 fraudandi
1182 1599 1253 1623 sunt
1268 1593 1324 1622 bac
1340 1603 1395 1622 sua
1409 1590 1500 1620 laude
1515 1587 1613 1619 Athe-

901 1638 1035 1677 nienses,
1050 1638 1101 1677 qni
1126 1642 1197 1677 post
1214 1641 1343 1667 exactos
1359 1645 1437 1665 xxx.
1453 1638 1611 1673 tyrannos,

901 1681 1053 1710 communi
1091 1679 1223 1710 omnium
1259 1689 1421 1713 consensu,
1452 1677 1610 1706 decretum

900 1724 1049 1760 fecerunt,
1073 1729 1105 1753 ut
1130 1723 1311 1761 injuriarum
1345 1720 1611 1757 offensionumque

900 1767 1045 1803 omnium,
1060 1777 1126 1806 quae
1143 1766 1272 1796 durante
1289 1765 1342 1795 illa
1354 1763 1514 1804 tyrannide
1530 1762 1610 1791 ultro

900 1809 1038 1849 citroque
1060 1810 1153 1839 illatae
1177 1814 1374 1848 acceptaeque
1400 1811 1516 1842 essent,
1531 1806 1612 1834 foret

900 1852 1029 1889 oblivio,
1043 1863 1132 1892 quam
1156 1851 1317 1891 ἀμνηστίαν
1339 1855 1494 1880 vocarent.
1540 1849 1610 1877 Non

899 1895 995 1935 igitur
1006 1906 1116 1926 novum
1136 1896 1192 1925 hoc
1202 1895 1317 1925 Athen.
1332 1894 1413 1933 quod
1423 1893 1531 1923 suadet
1549 1893 1612 1920 De-

901 1940 1092 1975 mosth.‚viz.
1104 1938 1137 1968 τὸ
1146 1939 1341 1978 μνησικακεῖν.
1368 1936 1501 1975 Egregie
1511 1939 1539 1964 et
1551 1935 1614 1963 ele-

901 1987 1007 2020 ganter
1018 1983 1142 2012 Lucian.
1153 1981 1275 2021 [Prom.
1287 1980 1314 2020 ᾗ.
1325 1981 1372 2021 8.]
1385 1979 1411 2013 ἒς
1421 1979 1454 2009 τὸ
1463 1979 1550 2019 αὔριον
1559 1989 1612 2006 τα-

899 2024 1047 2064 μιεύεσθαι
1062 2025 1095 2055 τὸ
1104 2027 1192 2064 μῖσος
1208 2025 1255 2054 καὶ
1269 2024 1455 2064 μνησικακεῖν
1469 2023 1516 2052 καὶ
1530 2020 1614 2050 ἕωλόν

900 2080 964 2098 τινα
979 2069 1093 2108 μνήμην
1107 2068 1324 2108 διαφυλάττειν,
1340 2067 1452 2105 ἄπαγε,
1466 2066 1528 2096 οὔτε
1544 2063 1614 2099 θεοῖς

901 2111 1006 2151 πρέπον
1020 2113 1082 2142 οὔτε
1098 2113 1196 2147 ἄλλως
1221 2109 1380 2144 Βασιλικόν.
1427 2110 1496 2139 Non
1518 2108 1613 2146 igitur

899 2154 1003 2195 πρέπον
1014 2156 1156 2190 Athenis,
1168 2165 1234 2195 quae
1245 2153 1310 2183 θεῶν
1322 2153 1377 2187 ἕδος
1386 2153 1433 2182 καὶ
1447 2150 1614 2185 βασιλεύοι).

900 2210 941 2227 σα
955 2198 1048 2232 πόλις.
1103 2199 1271 2237 Postquam
1298 2197 1364 2227 dixi
1381 2196 1420 2226 de
1443 2206 1486 2230 re,
1511 2196 1611 2224 dicam

896 2243 958 2281 jam
972 2242 1083 2281 aliquid
1099 2243 1136 2271 de
1151 2252 1226 2271 voce
1238 2240 1355 2280 (dulcis
1368 2241 1446 2270 enim
1463 2239 1526 2268 haec
1538 2238 1611 2268 mihi

902 2296 959 2315 vox
977 2291 1034 2320 est,
1050 2291 1080 2315 et
1094 2286 1146 2315 vix
1163 2287 1199 2315 ab
1210 2294 1247 2314 ea
1259 2282 1405 2322 divellor)
1415 2282 1612 2322 μνησικακεῖν.

900 2328 989 2358 Κακέν
999 2329 1111 2368 ubique
1126 2340 1158 2358 se
1171 2328 1281 2366 ingerit
1295 2332 1325 2356 et
1341 2326 1511 2356 insinuatin
1529 2336 1611 2355 com-

901 2372 1072 2411 positione:
1098 2371 1182 2401 verbi
1204 2373 1327 2401 sormam
1347 2369 1394 2399 hic
1410 2369 1521 2404 induit,
1539 2379 1612 2398 con-

895 2417 1034 2454 junctum
1062 2426 1128 2445 cnm
1158 2415 1290 2450 nomine,
1316 2413 1395 2452 quod
1417 2413 1528 2443 bonum
1554 2422 1613 2441 non

899 2459 982 2488 facit.
999 2458 1185 2488 Prooemium
1202 2468 1239 2488 ex
1262 2456 1529 2496 praeoccupatione
1547 2467 1613 2495 προ-

899 2501 1128 2540 καταλαμβάνει
1167 2501 1213 2531 τόν
1245 2499 1392 2539 ἀκροατήν.
1460 2501 1612 2538 Quoniam

901 2546 978 2575 enim
995 2544 1148 2586 χαλεπόςὸ
1164 2544 1245 2582 λόγος
1259 2543 1301 2582 τᾷ·
1316 2541 1475 2582 συμβούλῳ
1491 2543 1613 2582 (Ulp,.),

900 2589 929 2618 in
946 2589 1064 2618 lubrico
1079 2593 1110 2618 et
1134 2587 1250 2617 difficili
1275 2592 1452 2625 argumento
1470 2592 1611 2616 versatus

900 2638 948 2661 est
965 2632 1127 2661 Demosth.
1151 2632 1252 2660 Grave
1276 2630 1355 2660 enim
1376 2634 1407 2659 et
1581 2636 1611 2659 et

901 2686 984 2714 susp.
1001 2675 1164 2704 videbatur
1177 2673 1369 2703 Rhodiorum
1386 2683 1507 2703 causam
1521 2683 1612 2711 agere

902 2725 953 2748 aut
982 2718 1013 2747 in
1040 2728 1145 2748 eorum
1178 2718 1314 2747 savorem
1345 2716 1459 2754 aliquid
1496 2716 1612 2751 dicere,

901 2762 1015 2801 quippe
1032 2761 1082 2800 qui
1104 2761 1238 2791 maxime
1257 2764 1287 2790 et
1306 2770 1368 2800 prae
1381 2759 1450 2788 aliis
1472 2759 1611 2798 injuriam

902 2804 1141 2835 Atheniensibus
1157 2804 1312 2838 fecissent,
1323 2811 1435 2840 eosque
1449 2802 1611 2842 plurimum

902 2847 1111 2878 lacessissent.
1170 2847 1246 2878 Ideo
1270 2846 1300 2875 in
1332 2845 1436 2874 limine
1465 2846 1612 2876 orationis

902 2892 1168 2930 praeoccupatione
1190 2890 1285 2919 utitur
1301 2899 1308 2925 ;
1333 2893 1423 2928 atque
1435 2889 1472 2918 ab
1489 2890 1614 2923 Athen..

903 2939 1057 2974 utcunque
1081 2934 1122 2964 ita
1146 2944 1180 2963 se
1207 2943 1255 2962 res
1282 2931 1470 2961 Rhodiorum
1499 2932 1612 2962 hahue-

901 2978 975 3013 rint,
993 2983 1027 3008 ut
1048 2978 1160 3008 Athen.
1180 2975 1270 3014 Reip.
1287 2974 1419 3005 maxime
1441 2975 1549 3006 infensi
1568 2977 1613 3005 in·

902 3021 1033 3060 festique
1055 3031 1122 3051 esse
1154 3019 1325 3053 videantur,
1366 3018 1483 3049 reniam
1514 3024 1612 3050 tamen
