1948 3322
199 199 284 240 AD
325 193 688 240 ORATIONEM
728 193 812 236 DE
844 193 1030 235 FALSA
1063 193 1431 235 LEGATIONE.

113 304 143 335 δὲ
165 305 371 345 κατηγοροῦντα
393 302 444 341 τίς
472 301 522 331 cni
545 301 692 331 Chremes
716 305 827 330 stoma-

114 350 208 378 chans
234 347 369 378 occurrit
393 325 645 385 ἔμβεβροντησθαι.
675 344 828 383 quomodo

118 392 226 421 Latine
247 390 434 421 reddendum
451 388 505 423 sit,
519 389 630 418 docere
654 387 744 426 hujus
768 386 829 416 loci

115 445 174 465 nou
184 439 241 465 est.
258 443 304 463 res
319 442 376 472 per
391 443 423 462 se
437 431 517 461 haud
527 431 632 460 ardua.
678 432 771 460 Hunc
784 431 830 459 lo-

116 488 184 508 cum
198 475 389 506 adumbravit
403 476 532 514 Sopater
550 474 586 503 ad
604 475 831 512 Hermogenem

116 531 146 560 p.
158 522 228 550 170.
239 520 307 558 (aut
317 518 344 548 si
354 518 446 548 alium
458 518 629 557 quempiam
640 517 739 546 locum
750 522 833 546 retu-

117 565 163 598 lit,
172 563 236 601 ejus
252 561 313 591 loci
328 561 402 592 mihi
416 572 496 591 nuuc
511 561 542 590 in
559 565 693 590 mentem
704 570 764 589 non
781 570 832 589 ve·

117 605 228 646 1111)τῇ
239 603 263 633 δ’
272 603 366 643 ἐνδόξῳ
377 608 555 644 argumento
569 614 585 633 a
600 604 678 633 fama
690 608 720 633 et
737 603 834 643 gloria

117 655 150 679 et
159 647 302 687 opinione
318 648 444 686 publica
459 648 600 677 desumta
611 646 707 676 utitur
719 648 835 676 Demo-

116 692 250 725 sthenes,
266 689 364 726 οὕτως,
381 691 415 725 ὡς
430 689 457 721 ἐν
468 702 509 729 τῳ
495 687 756 730 παραπρεσβείας
775 689 835 718 εἷο·-

117 734 178 774 ἧξεν
189 731 357 769 ἦθοποιΐοιν,’
347 744 374 763 εν
388 731 407 775 ᾗ
421 731 555 765 πεποίηκε
567 731 761 773 λογιζομένους
771 734 838 766 τοὺς

110 775 264 812 Ἓλληνας,
276 767 460 817 Φιλοκράτην,
473 775 618 817 Αἰσχίνην,
627 777 676 806 καὶ
689 776 795 806 ἑαυτόν.
805 773 839 805 τί

116 820 172 860 μὲν
181 818 318 871 Αἰσχίνης
326 821 375 850 καὶ
385 820 580 872 Φιλοκράτης
572 842 581 857 ,
593 818 795 861 ἐπρέωξευσαν.
807 818 838 848 τί

118 863 147 893 δε
163 861 360 902 Annon-&svam
381 863 429 893 καὶ
445 864 495 894 τὴν
520 861 602 894 πόλιν
622 865 671 894 τὲν
683 862 839 894 Ἀθηναίων

118 904 166 936 ἐπὶ
179 906 290 941 τούτοις
301 906 448 947 κρίνουσοιν.
474 906 524 937 Sic
538 906 647 937 omnia.
669 906 838 946 Egregium

116 950 344 985 documentum,
359 960 418 989 qua
429 954 496 979 arte
509 954 540 978 et
553 949 768 988 intelligentia,
779 959 840 988 qua

118 993 178 1022 fide
202 998 293 1032 atque
319 993 483 1032 diligentia
505 993 685 1023 Sclnoliastae
701 999 839 1023 veterum

119 1041 292 1071 anctorum,
317 1041 351 1067 ut
371 1046 399 1066 e.
417 1047 446 1066 e.
469 1036 651 1075 Lyricorum
673 1036 842 1075 fragmenta

124 1080 273 1115 referant,
286 1083 318 1109 et
332 1089 421 1118 quam
438 1079 605 1109 miserandi
627 1079 691 1109 sint
713 1079 758 1109 illi
782 1079 844 1109 cri-.

121 1121 188 1158 tici,
206 1122 303 1161 quiin
320 1122 383 1152 illis
398 1127 467 1152 tarn
483 1122 653 1158 dilaniatis,
667 1126 729 1152 tam
745 1121 842 1161 irnpe-

117 1165 189 1200 rite,
209 1169 271 1194 tam
288 1165 411 1204 supine,
428 1169 489 1195 tam
504 1169 649 1204 corrupte
661 1165 769 1195 relatis
781 1166 843 1195 fra-

120 1208 263 1247 gmentiS,
277 1208 376 1238 veluti
386 1208 503 1238 ossium
513 1208 715 1247 quorundam,
724 1213 843 1238 restau-

119 1251 224 1281 randis
235 1251 390 1291 ingenium
405 1256 550 1291 rumpant
563 1251 731 1289 incassum,
744 1253 844 1282 nulla-

120 1304 180 1333 que
195 1305 265 1324 cum
281 1294 389 1334 gratia.

162 1355 206 1360 —
218 1340 271 1369 27.
287 1337 402 1379 ταῦτα]
416 1337 559 1377 designat
570 1337 641 1374 ista,
657 1348 725 1378 quae
739 1338 845 1368 statim

121 1380 265 1411 nominat.
281 1379 397 1412 λύεσθαι
409 1385 440 1411 et
455 1380 589 1421 πεςιοςᾷν.

162 1441 207 1448 --
221 1434 293 1463 pen.
307 1422 432 1465 μηδένα]
448 1424 497 1457 hic
512 1429 560 1454 est
577 1425 760 1463 asyndeton.

164 1469 240 1498 413.
258 1470 288 1497 1.
307 1467 518 1508 αἰχμάλωτον]
543 1468 670 1506 praetuli
684 1467 847 1509 αἰχμαλώ-

121 1521 188 1541 των.
215 1520 277 1550 quo
305 1511 457 1547 admisso,
490 1511 758 1541 exterminandum
787 1511 847 1541 erit

122 1552 318 1595 ὑπαρχόντων.
342 1554 423 1592 quod
441 1554 468 1584 si
481 1560 631 1589 servetur,
642 1555 793 1594 legendus
806 1554 848 1584 sit

123 1598 210 1627 locus
229 1598 293 1628 sie:
318 1596 362 1627 δεῖ
377 1595 410 1626 ἐκ
432 1600 489 1629 τῶν
511 1596 697 1639 ὑπαξχόντων
712 1600 776 1628 τινὰ,
793 1600 848 1628 τῶν

123 1640 335 1681 αἰχμαλώτων.
352 1650 422 1670 nam
437 1641 622 1671 vocabulum
638 1642 697 1671 hoc
717 1641 848 1672 articulo

122 1694 227 1714 carere
239 1684 354 1723 nequit.
367 1683 552 1725 ὑπαρχόντων
563 1689 669 1724 potest
684 1695 847 1724 perperam

125 1737 143 1757 e
166 1737 260 1758 versu
287 1726 431 1767 proximo
457 1729 490 1758 3.
518 1738 537 1758 a.
567 1728 678 1768 supino
704 1728 848 1759 iteratum

126 1780 209 1800 esse.

169 1831 212 1836 —-
229 1816 260 1844 9.
270 1811 464 1853 εὖθηνεῖσθοιι]
489 1813 612 1844 videtur
626 1813 676 1844 1110
691 1815 779 1845 ποιεῖν
800 1815 850 1845 vel

126 1855 306 1888 πεποιηκέναι
319 1857 441 1887 deesse.
464 1857 669 1888 Athenienses
685 1859 850 1898 opinaban-

125 1905 188 1935 tur,
208 1900 423 1936 Philocratem,
437 1900 677 1941 AEschinemque
693 1912 762 1932 cum
779 1913 850 1932 con-

129 1944 266 1973 sortibus
289 1953 413 1982 sapere,
432 1944 600 1983 urbemque
621 1945 797 1984 opulentam
821 1950 852 1975 et

131 1987 249 2016 beatam
272 1985 461 2021 reddidisse,
486 1996 592 2017 aurum
616 1988 851 2018 Macedonicum

130 2030 267 2059 Athenas
282 2029 507 2059 transferendo.

172 2089 217 2094 —
230 2075 282 2102 10.
296 2071 343 2102 τᾶν
358 2071 387 2102 δὲ
403 2072 611 2112 κατηγοροῦντα
628 2072 715 2113 [5011.
729 2073 851 2115 τούτων]

129 2113 160 2146 τί
171 2116 196 2157 3]
221 2115 352 2146 subaudi
374 2113 514 2154 λέγουσιν.
529 2117 568 2146 de
583 2117 711 2148 istorum
728 2128 854 2148 accusa-

127 2163 194 2189 tore
211 2168 286 2188 vero
302 2159 530 2200 [Demosthene
547 2160 764 2202 Athenienses]
779 2161 854 2200 quid

118 2202 316 2242 spraedioant'!
329 2203 496 2242 respondet
505 2201 751 2244 ἐμβεβροντῆσθαι
768 2204 854 2245 [scil.

130 2245 261 2285 λέγουσιν
280 2244 380 2287 αυτὸν]
404 2246 528 2277 coelitus
543 2248 665 2287 objecta
679 2248 776 2278 menti
792 2258 854 2278 coe-

130 2290 226 2319 nitate
249 2289 509 2339 obstupefactum,
539 2290 749 2322 dementatum
773 2302 854 2328 esse,

131 2342 192 2362 non
209 2341 299 2362 nosse
315 2343 416 2363 mores
429 2333 544 2363 civium
556 2334 760 2374 degeneres,
752 2335 855 2365 mimi·

132 2385 188 2405 cos
208 2386 281 2406 suos
305 2374 489 2413 ornantium,
512 2378 590 2407 bene
609 2379 649 2409 de
672 2389 706 2409 se
725 2379 854 2409 meritos

133 2418 353 2458 abjicientium.

177 2460 376 2503 414.1.περῖ
393 2474 444 2496 της
455 2462 626 2506 ἑστιάσεως]
643 2465 683 2494 de
696 2464 751 2495 illo
767 2475 856 2504 argu-

133 2509 251 2541 mento,
281 2515 341 2545 quo
371 2505 537 2536 AEschines
567 2518 616 2537 me
653 2509 856 2548 oppugnabit,

132 2549 280 2585 clamans,
304 2559 337 2578 se
359 2559 418 2578 una
441 2559 509 2580 cum
527 2550 714 2588 Philocrate,
728 2552 857 2591 legatis-

133 2602 194 2631 que
211 2591 354 2632 Philippi
370 2592 508 2631 publicis
523 2594 625 2634 epulis
648 2594 677 2624 in
699 2597 856 2635 Prytaneo

133 2645 204 2665 esse
226 2640 399 2675 acceptum,
421 2635 495 2666 item
513 2636 543 2667 in
564 2638 702 2673 decreto,
718 2640 801 2678 quod
817 2639 857 2669 de

134 2678 306 2718 legatorum
330 2679 471 2719 Philippi
492 2681 628 2721 hospitio
651 2682 857 2721 scripsissem,

136 2731 181 2758 se,
195 2722 389 2758 AEschinem,
404 2722 604 2777 sodalesque
601 2725 742 2755 laudatos
757 2736 837 2756 esse.

178 2783 223 2788 —
237 2767 269 2797 3.
282 2775 323 2805 με
345 2765 403 2807 δεῖ]
427 2767 548 2798 correxi
567 2766 604 2807 μ’
623 2768 686 2798 ἔδει.
711 2779 754 2798 παι
755 2768 860 2810 ςὶῖλθον,

137 2818 198 2837 11011
215 2813 264 2838 est
279 2808 369 2839 tertia
381 2820 512 2848 persona
525 2811 668 2851 pluraliS,
685 2811 740 2842 sed
761 2813 860 2852 prima

136 2850 315 2891 singularis.
344 2863 432 2892 paene
462 2855 670 2893 praeterissem
699 2855 743 2891 id,
777 2856 860 2895 quod

140 2894 238 2934 primo
253 2895 322 2926 loeo
344 2897 383 2927 ad
405 2906 462 2927 vos
486 2896 595 2929 efferre
619 2909 669 2928 me
691 2899 861 2930 decuisset.

140 2937 244 2968 omnia
256 2938 375 2978 reliqua
388 2940 480 2979 hujus
495 2940 556 2971 loci
568 2946 653 2972 recta
661 2947 693 2972 et
703 2952 777 2972 vera
792 2953 862 2973 cum

144 2979 218 3016 sint,
243 2986 313 3011 sunt
335 2983 524 3022 planissima,
545 2990 580 3014 ut
601 2985 695 3015 mirer
713 2986 864 3017 Wolfium

144 3027 206 3054 tam
229 3029 408 3064 portentose
430 3026 481 3058 hic
505 3027 606 3059 omnia
628 3039 742 3069 susque
764 3030 864 3070 deque

1495 192 1574 235 111

863 302 994 328 vertere.
1037 298 1194 329 Aristides
1209 300 1247 329 de
1269 301 1310 330 D.
1326 302 1362 330 C.
1375 311 1406 339 p.
1424 301 1499 331 258.
1510 299 1588 339 ἇξιο·

862 340 983 375 mnia:
995 339 1022 371 δὲ
1037 341 1085 371 καὶ
1096 341 1131 371 τᾶ
1145 342 1181 375 ὡς
1192 342 1417 380 ἀναμνησθέντα
1440 354 1471 373 τι
1488 342 1586 375 εἰπεῖν

863 382 923 415 οιον·
937 385 1039 424 μικξοῧ
1051 396 1097 423 γε,
1112 397 1124 414 ο
1139 385 1281 424 μάλιστα
1293 384 1398 423 μέλλει
1416 386 1457 427 [l.
1472 398 1499 426 μ
1500 385 1588 428 Ἔδει]

864 427 929 468 orgi<
941 429 1020 467 ὑμᾶς
1035 428 1141 463 εἰπεῖν,
1158 427 1313 467 παρῆλθεν.

907 489 950 493 --
967 473 997 502 5.
1013 473 1081 504 ταῖς
1097 466 1260 504 &nausiam
1248 469 1275 509 fl]
1299 471 1381 499 idem
1401 477 1458 506 est,
1476 472 1587 502 nihilo-

866 524 925 553 que
942 514 1091 551 deterius,
1113 524 1203 553 quam
1226 513 1309 553 quod
1333 512 1367 544 in
1388 513 1456 543 aliis
1478 520 1538 550 est,
1561 513 1588 544 ἐν

866 558 935 592 ταῖς
948 555 1029 587 Eum..

908 619 952 623 —
962 602 994 631 7.
1003 600 1066 630 οὔτε
1078 599 1162 638 λόγου
1178 598 1236 639 ——]
1246 599 1328 629 idem
1345 604 1391 629 est
1406 609 1441 629 ac
1452 599 1478 629 si
1490 600 1589 630 dixis-

869 648 934 674 set:
952 644 1015 674 οὔτε
1031 642 1114 682 λόγου
1129 641 1233 678 ἀδίκου,
1250 643 1313 673 οὔτε
1329 642 1416 682 ἔργον.

911 704 954 709 -
970 690 1001 717 8.
1019 686 1066 717 τᾶν
1083 686 1164 726 νόμον
1186 685 1244 722 ’έθος
1266 687 1362 727 ποιῶν]
1387 685 1461 724 quid
1485 696 1524 716 ex
1541 685 1591 715 his

869 730 1011 765 efficiam,
1033 731 1112 760 haud
1137 731 1270 769 reperio,
1289 735 1497 769 praeterquam
1521 729 1593 763 1100,

869 775 951 814 quod
966 774 1029 813 ipsi
1050 773 1125 804 mihi
1148 774 1228 803 haud
1254 773 1418 808 satisfacit,
1431 771 1466 802 τὸ
1480 770 1538 806 ἔθος
1552 771 1594 801 νό·

869 828 924 858 μον
953 819 1054 847 «ποιῶν.
1082 827 1198 847 morem
1226 827 1416 847 communem
1441 825 1593 855 usurpans

871 871 927 900 pro
952 861 1034 901 lege,
1049 860 1129 900 legis
1142 860 1204 890 vim
1219 864 1250 890 et
1264 860 1432 900 potentiam
1454 859 1484 889 ei
1498 859 1594 888 tribu-

873 915 927 934 ens
942 914 991 940 en,
1009 904 1092 942 quod
1108 904 1203 933 istum
1224 914 1351 939 rnorem,
1372 903 1469 933 veluti
1490 902 1596 942 legiti-

872 950 959 978 mum'
971 953 1003 977 et
1017 949 1054 977 ab
1070 947 1210 977 omuibus
1225 948 1388 987 probatum
1404 956 1596 976 exercerem.

873 992 942 1022 vult
957 990 1080 1020 dicere:
1104 991 1228 1020 tametsi
1243 991 1314 1030 lege
1328 994 1521 1030 praeceptum
1535 999 1596 1018 non

874 1039 933 1070 est,
958 1039 993 1063 ut
1017 1044 1133 1070 eorum,
1160 1034 1343 1073 quibuscum
1375 1033 1507 1073 agimus,
1533 1032 1597 1062 nisi

874 1076 974 1118 aperti
988 1077 1106 1107 iniruici
1118 1077 1191 1113 sint,
1205 1077 1332 1107 auribus
1343 1077 1459 1116 aliquid
1475 1077 1598 1111 demus,

875 1121 1038 1160 laudemus
1075 1131 1140 1156 eOS,
1170 1126 1319 1160 quatenus
1349 1131 1405 1160 per
1435 1120 1598 1151 veritatem

876 1164 961 1199 licet,
985 1164 1055 1194 loco
1078 1168 1169 1202 atque
1194 1169 1333 1203 tempore
1355 1164 1401 1193 ita
1428 1163 1599 1199 suadente3

876 1212 977 1237 tamen
1004 1208 1049 1237 ita
1075 1207 1215 1246 Philippi
1244 1207 1365 1246 legatos
1389 1217 1426 1236 ea
1452 1206 1599 1237 comitate

878 1250 997 1290 accepi,
1012 1255 1120 1290 utpote
1136 1251 1189 1290 qui
1203 1251 1292 1290 pacis
1307 1250 1508 1280 coneiliandae
1524 1259 1599 1288 ergo

877 1295 1046 1329 venissent,
1064 1298 1096 1323 ut
1112 1293 1137 1323 si
1150 1295 1209 1324 ista
1223 1293 1353 1323 comitas
1369 1299 1401 1322 et
1412 1293 1601 1328 officiositas,

878 1348 938 1367 non
961 1349 979 1368 a
1001 1348 1086 1367 more
1110 1338 1214 1372 modo,
1240 1347 1309 1377 quae
1334 1337 1427 1366 tacita
1453 1340 1513 1370 est,
1540 1346 1600 1365 non

880 1380 997 1419 scripta
1013 1381 1065 1411 lex
1080 1385 1209 1416 naturae,
1225 1380 1279 1410 sed
1302 1380 1355 1409 lex
1371 1379 1486 1415 civilis,
1502 1379 1602 1409 literis

880 1424 1070 1463 consignata.
1115 1423 1295 1454 Simultates
1309 1422 1414 1462 itaque
1430 1423 1514 1462 quod
1526 1421 1601 1451 mihi

881 1478 949 1497 cum
966 1467 1116 1498 AEsehine
1141 1472 1172 1497 et
1194 1467 1327 1497 factione
1350 1472 1415 1497 tum
1437 1466 1529 1495 nullae
1552 1476 1601 1495 es-

881 1515 961 1547 sent,
975 1511 1090 1550 quippe
1110 1520 1187 1550 quos
1203 1510 1338 1540 nondum
1354 1515 1477 1549 apertos
1492 1508 1603 1549 patriae

880 1553 1023 1584 inimicos
1043 1554 1257 1590 noscitassem,
1278 1553 1348 1583 ideo
1369 1558 1498 1583 secutus
1520 1562 1604 1582 com-

880 1607 1002 1627 munem
1036 1596 1195 1627 civilitatis
1233 1607 1361 1632 morem,
1393 1601 1537 1635 tanquam
1565 1596 1606 1625 ab

882 1642 1024 1671 omnibns
1041 1640 1174 1680 agnitam
1191 1645 1283 1680 atque
1304 1641 1478 1679 probatam,
1493 1639 1525 1668 in
1548 1639 1604 1668 de-

882 1688 968 1714 creto
984 1695 1053 1714 meo
1074 1684 1273 1714 honorificam
1298 1694 1402 1713 eorum
1418 1683 1606 1713 mentionem

882 1728 952 1757 feci.
997 1728 1189 1763 Lectionem,
1206 1738 1260 1757 seu
1277 1728 1484 1766 conjecturam
1496 1726 1608 1762 mavis,

882 1769 916 1801 τό
931 1769 1012 1801 κοινὸν
1032 1770 1098 1805 ἔθος
1119 1773 1222 1806 ποιῶν,
1242 1781 1374 1810 sequens
1388 1780 1506 1800 morem
1521 1780 1606 1799 com-

883 1824 1017 1851 munem,
1046 1815 1119 1844 ideo
1147 1825 1208 1844 non
1233 1815 1331 1844 audeo
1361 1815 1505 1854 probare,
1534 1814 1606 1853 quia

884 1856 950 1892 ἔθος
966 1857 1053 1889 ποιεῖν
1070 1859 1131 1888 1100
1153 1857 1328 1897 significatu
1342 1857 1444 1888 minus
1461 1858 1607 1887 Graecum

885 1912 955 1931 esse
972 1902 1106 1932 videtur.
1129 1901 1232 1931 Graeci
1248 1906 1312 1932 tum
1322 1911 1469 1940 usurpare
1479 1900 1609 1936 malunt,

885 1945 929 1985 τῷ
942 1944 997 1975 ἔθει
1010 1944 1186 1981 ἀκολουθεῖν,
1201 1945 1251 1974 τοῦ
1267 1944 1349 1979 ἐ’ἓτους
1363 1943 1502 1985 ἔχεο-θαι.
1547 1944 1608 1973 Lo·

887 1999 957 2017 cum
973 1988 1066 2024 hunc,
1079 1987 1210 2018 aliumne
1227 1987 1447 2017 Demosthenis
1461 1987 1493 2016 in
1508 1990 1609 2016 mente

886 2031 1028 2061 habuerit
1048 2031 1237 2061 Scholiastes
1264 2029 1472 2070 Hermogenis
1496 2040 1528 2068 p.
1553 2031 1606 2060 28.

887 2077 940 2105 22.
956 2075 1037 2104 haud
1052 2075 1161 2113 liquet,
1181 2074 1229 2104 his
1246 2074 1350 2104 verbis
1364 2079 1470 2103 utens:
1487 2073 1610 2103 worm-

887 2129 931 2152 κις
944 2118 967 2148 οἶ
983 2118 1089 2158 ῥήτορες
1105 2116 1139 2147 τὸ
1155 2117 1221 2151 ἔθος
1235 2118 1299 2147 ἀντὶ
1315 2116 1435 2158 νομίμου
1447 2122 1611 2156 παραλαμ-

888 2161 1026 2197 Βάνουσιν,
1041 2162 1076 2196 ὡς
1094 2159 1292 2200 Δημοσθένης.

931 2223 975 2226 -
990 2207 1043 2234 14.
1064 2204 1189 2245 πρῶτος]
1216 2205 1319 2234 malim
1349 2204 1456 2243 utique
1481 2202 1611 2243 πρώτοις.

888 2247 919 2277 in
935 2248 984 2278 his
1000 2248 1078 2288 ipsis
1094 2248 1214 2288 primiS,
1233 2248 1291 2278 hoc
1314 2252 1375 2283 est,
1397 2247 1429 2277 in
1453 2246 1537 2277 nulla
1551 2246 1612 2276 alia

888 2302 922 2322 re
944 2291 1048 2328 citius,
1063 2301 1153 2330 quam
1169 2292 1198 2321 in
1213 2292 1282 2327 hac,
1304 2291 1425 2322 lautitia
1451 2290 1611 2330 epularum

888 2339 975 2374 puta,
997 2335 1120 2365 deliciis
1145 2340 1178 2365 et
1203 2335 1330 2366 raritate
1345 2339 1378 2365 et
1392 2333 1611 2374 prodigalitate

890 2379 1003 2418 dapum
1021 2383 1112 2418 atque
1128 2379 1280 2409 vinorum.

932 2440 976 2445 -—-
995 2425 1048 2453 15.
1066 2421 1248 2463 παρέξεται]
1273 2432 1332 2451 non
1353 2421 1508 2460 improbo,
1529 2419 1613 2468 quod

889 2466 999 2495 bonam
1022 2465 1128 2496 reddit
1150 2465 1347 2501 sententiam,
1367 2475 1467 2503 neque
1481 2462 1576 2493 loco·
1567 2473 1616 2492 ιιι·

891 2519 1069 2549 congruam.
1094 2514 1248 2548 proponet
1272 2508 1303 2537 in
1326 2508 1443 2546 medio,
1464 2507 1614 2547 proferet.

891 2558 939 2583 est
952 2558 1052 2583 tamen
1066 2562 1126 2582 non
1142 2552 1219 2582 nihil
1236 2552 1425 2591 languidum.
1442 2561 1535 2590 quare
1549 2560 1615 2580 ma-

891 2597 944 2626 lim
957 2595 1082 2636 ταιράξει.
1098 2605 1158 2635 quo
1176 2596 1264 2625 ducit
1279 2595 1373 2625 etiam
1391 2595 1487 2624 lectio
1504 2594 1615 2624 multo-

891 2650 960 2670 rum
974 2640 1123 2670 librorum
1138 2638 1249 2679 πράξει.
1285 2638 1365 2669 Haec
1379 2638 1477 2678 igitur
1492 2638 1615 2679 [incon-

892 2684 958 2715 dita
972 2688 1004 2713 et
1019 2682 1178 2721 indigesta
1192 2682 1282 2723 puta]
1300 2686 1384 2712 certo
1400 2682 1516 2711 certius
1532 2691 1616 2710 com-

892 2726 1046 2757 miscebit.
1070 2730 1124 2756 aut
1139 2727 1167 2756 si
1180 2726 1284 2761 malis,
1297 2727 1397 2755 ταῦτα.
1413 2726 1442 2755 δὴ
1459 2725 1492 2755 ἂν
1506 2723 1615 2764 ταξάξη

892 2782 935 2801 νυν
949 2782 1038 2806 ουτος,
1063 2769 1210 2810 (perinde
1236 2775 1296 2806 est,
1323 2769 1393 2800 sive
1420 2770 1520 2798 ταῦτα.
1546 2777 1616 2796 eum

892 2813 1021 2853 ταράξει,
1038 2813 1088 2844 vel
1111 2812 1232 2854 ταράξῃ,
1253 2813 1286 2843 in
1311 2812 1538 2843 constructione
1564 2821 1616 2840 00-

894 2858 994 2897 pules,
1017 2857 1085 2887 sive
1104 2867 1174 2886 cum
1197 2856 1316 2896 λέγων.)
1343 2861 1374 2886 et
1398 2855 1537 2895 profecto
1560 2853 1618 2882 mi-

894 2901 1000 2931 scebat
1014 2899 1179 2930 AEschines
1194 2905 1344 2939 tempora,
1356 2898 1390 2928 τὸ
1405 2898 1488 2932 πότε,
1500 2902 1532 2927 ut
1544 2907 1619 2926 mox

895 2949 998 2974 orator
1013 2944 1066 2978 ait,
1081 2944 1110 2974 οὗ
1125 2942 1327 2984 προσδιορίζων.
1374 2942 1452 2971 Addi
1468 2940 1502 2969 ἂν
1516 2945 1548 2970 et
1563 2951 1619 2969 τα-

897 2988 987 3029 ράξη“
980 2999 1009 3018 ιη
1026 2988 1223 3026 conjunctivo
1248 2986 1387 3026 praefenri
1409 2983 1514 3014 malim
1535 2984 1619 3019 ideo,

898 3031 982 3070 qnod
992 3031 1150 3079 diductior
1160 3031 1226 3061 haec
1237 3030 1384 3070 periodus
1395 3039 1451 3069 per
1463 3028 1620 3067 ambages,
