1931 3322
619 191 1106 237 ANNOTATIONES.

151 316 156 319 ·
187 319 230 326 ——
242 300 318 333 ibid.
332 299 421 342 ἔχειν]
436 299 547 336 habere,
565 299 684 330 scilicet
695 310 762 331 nos.
786 300 849 330 Sae-

142 354 186 386 pe
201 345 282 375 idem
297 344 379 374 valet
391 344 474 383 quod
488 341 567 373 εῖναι.
581 342 662 373 τοῦθ
677 342 762 377 οὕτως
777 342 850 384 ἔχει,

145 388 198 418 hoc
210 389 253 418 ita
267 387 360 422 hahet,
376 386 408 417 id
429 391 487 421 est,
503 396 553 415 res
566 385 608 416 ita
625 391 681 416 est.
701 385 850 426 προθύμως

147 428 220 471 ἔχω,
232 435 361 470 prompte
375 429 471 464 habeo,
482 429 513 459 id
528 434 585 465 est,
598 439 663 459 sum
680 435 851 468 promptuS.

145 472 302 502 Sententia
324 477 388 502 est:
412 473 528 503 Nescio
549 473 601 511 qui
619 473 680 508 fiat,
703 478 738 501 ut
755 473 850 501 simus

145 515 383 565 negligentiores
398 526 486 554 quam
503 526 557 554 par
572 519 630 545 est.

189 575 234 580 —-
248 561 279 590 9.
303 556 368 587 ἐστὶ
387 558 432 599 δὴ]
459 558 648 597 Propositio,
671 566 759 596 quam
778 555 852 595 Ulp.

147 600 260 640 γνώμης
274 600 431 640 ἀπόφανσιν
446 606 545 630 vocat.

189 660 232 665 —
245 643 320 673 ibid.
344 642 412 681 τάγ’
427 642 490 682 ἐμοὶ
507 641 652 682 &oman-a]
672 642 785 680 Magna
799 651 853 669 ve-

146 685 293 716 recuadia
315 687 472 716 orationis.
496 686 583 725 qnasi
610 686 708 715 dicat:
733 684 766 715 si
786 683 854 723 quis

147 727 261 768 aliquid
277 729 368 758 habet
380 729 502 764 melius,
520 729 607 758 facile
622 728 731 782 patior.

189 789 232 794 —
245 771 318 802 ibid.
335 773 375 802 τὸ,
390 771 535 812 δοκοῦντα]
556 773 597 801 τὰ
615 769 772 811 ἀξέσιιοντά
790 781 853 811 μοι.

147 811 220 845 αὕτη
237 814 251 845 ἧ
263 816 362 854 γνώμη
374 815 431 853 μού
445 814 522 851 ἐστι,
539 815 583 844 sic
595 825 718 844 censeo.

190 875 233 880 —
256 858 332 888 ibid.
363 856 567 899 ψηφίσασθαι]
592 858 666 893 Pro,
697 854 856 897 ψηφιστὲον

147 898 227 937 εἶναι,
240 899 283 930 ὅτι
300 900 344 931 δεῖ
355 899 561 941 ψηφίσασθαι.

191 961 235 966 -
249 944 325 974 ibid.
354 942 559 985 ψηφίσασθαι]
588 943 727 980 Quatnor
750 946 855 982 partes

147 987 321 1026 propositio
349 987 580 1027 complectitur:
615 987 782 1023 decretum,
811 985 856 1015 in·

148 1030 407 1069 structionemqne
423 1030 566 1066 celerem,
581 1034 612 1059 et
632 1029 744 1059 civium
761 1038 856 1068 expe-

149 1072 296 1103 ditionem
311 1075 376 1110 (est
390 1078 490 1102 autem
506 1072 536 1102 in
553 1071 661 1112 paucis
676 1072 780 1101 verbis
794 1081 857 1101 ma-

151 1125 209 1154 gna
226 1115 285 1152 vis,
300 1115 348 1146 ἤδη
363 1117 412 1146 τὴν
427 1114 585 1157 ταχίστην,
606 1114 721 1145 ἐνθένδετ
745 1115 856 1154 quibus

148 1157 320 1197 αἰτιολογίαν
335 1159 469 1197 subjicit,
486 1160 524 1188 ab
538 1158 674 1198 ipsorum
694 1158 858 1187 Athenien-

151 1201 232 1231 sium
247 1202 407 1241 exemplo)
421 1202 550 1240 denique
567 1202 761 1240 legationem,
777 1211 858 1231 eam-

150 1254 211 1283 que
223 1249 254 1275 et
268 1245 410 1276 disertam
427 1250 458 1274 et
479 1249 644 1275 strenuam.
687 1244 859 1274 Admirabi-

150 1287 191 1317 lis
207 1293 257 1318 est
275 1288 371 1319 oratio
394 1288 643 1324 Demosthenica,
663 1292 695 1317 et
716 1287 861 1328 pancissi-

150 1330 212 1360 mis
240 1332 344 1361 verbis
372 1331 525 1371 ingentem
555 1331 616 1362 vim
645 1332 879 1362 sententiarum·

152 1374 377 1414 complectitur.

195 1433 239 1440 —
255 1421 307 1447 10.
322 1417 385 1458 ἤδη]
410 1417 436 1448 ἒν
450 1417 543 1460 ταύτῃ
563 1430 598 1460 τῃ
620 1417 757 1459 ἐκκλησίᾳ
773 1415 862 1458 μηδὲν

153 1457 435 1499 ἄναςαλλομὲνους,“
423 1474 437 1492 η
453 1452 717 1503 προφασιζομένους.

195 1521 239 1526 -—
253 1504 328 1533 ibid.
351 1505 398 1534 καὶ
411 1504 653 1545 παρεσκευάσθαι]
672 1504 799 1535 Scilicet
813 1505 862 1535 τῆν

152 1545 238 1580 Bon&
240 1558 293 1581 ιαν,
305 1548 499 1585 comparanda
510 1557 563 1576 esse
572 1549 655 1577 auxi¹
658 1549 698 1582 ia,
713 1547 782 1577 vel‘
774 1549 861 1586 ημᾶς,

151 1599 203 1619 ‘nos
216 1590 324 1618 instrui
338 1594 466 1628 oportere
475 1590 513 1619 ad
527 1589 646 1624 bellum,
659 1593 691 1618 nt
706 1589 757 1623 sit,
769 1600 862 1626 παςα-

152 1632 348 1663 σκευασθῆναι
363 1632 400 1665 εἷς
413 1631 556 1671 πόλεμον.
600 1630 759 1661 Sententia
773 1630 863 1668 plana

154 1681 219 1705 est:
244 1676 299 1705 sed
320 1685 377 1712 ego
393 1676 456 1704 baec
472 1673 590 1712 inquiro
614 1678 645 1703 et
665 1678 761 1703 tracto
778 1683 862 1702 scru-

153 1718 304 1758 pulosius,
320 1724 382 1747 tum
406 1723 437 1746 ut
453 1721 599 1757 appareat
614 1727 662 1746 me
683 1716 713 1746 in
734 1726 862 1745 conver-

155 1761 240 1792 sione
262 1760 506 1801 praestantissimi
527 1760 661 1790 auctoris
683 1769 741 1789 nou
763 1759 862 1789 obiter

154 1814 213 1834 nec
236 1809 351 1834 temere
378 1808 530 1834 versatum
557 1814 636 1839 esse,
664 1803 716 1832 sed
743 1802 863 1841 singula

154 1857 233 1887 pene
249 1849 343 1876 verba
361 1847 397 1876 ad
419 1847 552 1876 libellam
571 1846 726 1875 aurificum
745 1855 863 1884 expen-

156 1890 260 1920 disse:
283 1895 346 1918 tum
363 1894 395 1918 ut
417 1889 570 1919 studiosos
588 1889 626 1918 ad
646 1888 775 1918 similem
792 1889 863 1917 dili-

157 1933 289 1972 gentiam
305 1931 440 1961 incitem.
485 1931 552 1961 Etsi
568 1932 645 1960 enim
658 1931 774 1972 justum
791 1931 863 1960 mihi

157 1979 281 2014 tempus
301 1974 397 2004 defuit
419 1974 458 2004 ad
482 1974 716 2004 Demosthenem
735 1983 863 2004 conver-

157 2018 299 2048 tendum:
321 2021 421 2047 tamen
435 2017 503 2057 ipsa
517 2017 693 2053 assiduitas.
710 2022 740 2046 et
754 2026 864 2056 perpe-

157 2065 219 2092 tuae
244 2061 481 2096 lucubrationes,
507 2060 588 2090 idern
614 2061 688 2090 mihi
711 2061 864 2099 praestite-

156 2108 240 2139 runt,
269 2104 350 2142 quod
377 2103 447 2133 aliis
478 2109 624 2142 praestare
655 2103 731 2132 solet
757 2104 864 2139 otium,

157 2147 324 2178 meditandi
347 2146 505 2182 videlicet,
528 2152 559 2176 et
583 2147 779 2186 expendendi
804 2146 865 2176 sin-

159 2190 230 2230 gula
255 2189 439 2219 facultatem.
483 2191 586 2219 Genus
613 2190 714 2229 ipsum
741 2189 864 2229 quidem

157 2232 304 2263 orationis
325 2232 431 2262 limare
460 2233 550 2262 simul
577 2233 656 2262 haud
679 2233 785 2262 licuit:
811 2233 866 2263 sed

155 2275 276 2312 licebit,
298 2280 332 2306 ut
357 2285 460 2315 spero,
482 2276 656 2316 aliquando,
684 2281 715 2306 et
742 2275 865 2315 quidem

158 2319 257 2350 brevi.

200 2379 245 2384 —
259 2361 334 2392 ibid.
354 2363 402 2392 τὴν
420 2361 580 2404 ταχίστην]
606 2364 686 2393 κατοὶ
707 2364 757 2394 τῆν
778 2360 865 2403 ταχί-

158 2415 229 2436 στην
243 2405 308 2435 ὁδόν.
351 2405 449 2444 Quasi
464 2406 557 2442 dicat,
575 2407 727 2436 celerrima
745 2407 804 2441 vio,
821 2406 866 2435 sic

159 2448 239 2479 enim
266 2454 422 2487 exponunt
451 2449 658 2479 Grammatici.
702 2451 866 2488 Utcunque

156 2492 213 2529 sit,
227 2491 307 2521 idem
330 2497 377 2521 est
393 2493 474 2530 quod
491 2492 527 2525 ὡς
540 2493 690 2533 τάχιστα,
706 2503 791 2532 quum
805 2493 868 2530 pri-

157 2545 253 2571 mum,
271 2534 364 2573 primo
377 2545 486 2574 quoque
499 2539 634 2573 tempore.
679 2535 867 2565 observabis

160 2578 250 2608 etiam
267 2578 316 2607 hic
332 2577 510 2616 particulae,
527 2577 585 2613 ἤδη,
601 2583 632 2608 et
645 2580 693 2609 τὴν
706 2578 866 2619 ταχίστηνε

159 2631 284 2661 quarum
307 2620 392 2659 prior
411 2621 447 2650 ad
469 2621 638 2657 decretum,
660 2623 812 2660 posterior
829 2621 867 2651 ad

161 2668 338 2704 apparatum
356 2663 428 2693 belli
441 2664 581 2694 refertur.
597 2665 763 2703 prudenter
773 2665 868 2694 omni·

157 2716 212 2737 no.
246 2707 349 2737 Rebus
364 2707 443 2736 enim
458 2707 496 2738 ab
509 2708 589 2737 omni
605 2714 690 2746 parte
707 2708 781 2737 satis
795 2718 869 2745 cog-

161 2749 247 2784 nitis,
274 2749 439 2779 decernere
468 2750 607 2789 proclive
643 2756 713 2781 est:
745 2751 801 2780 sed
838 2751 868 2780 in

150 2792 341 2822 -Atbeniensi
362 2793 521 2832 republica
540 2793 643 2824 multae
666 2804 757 2823 morae
776 2794 868 2823 inter-

162 2835 322 2871 cedebant,
355 2845 414 2874 quo
448 2836 548 2866 minus
576 2847 613 2866 ea
644 2847 712 2875 quae
746 2837 869 2866 decreta

164 2882 252 2907 erant
259 2878 323 2929 (nt
349 2887 387 2907 ex
412 2879 547 2909 oratione
571 2880 640 2921 περὶ
658 2880 798 2920 Στεφάνου
821 2880 869 2909 καὶ

156 2917 234 2949 1κατ’
259 2918 451 2960 Ἀνδρωτίωνος
479 2922 673 2962 intelligitur,
705 2928 796 2962 atque
828 2933 868 2953 ex

166 2961 237 2993 aliis
277 2963 434 3004 pluribus)
469 2970 589 2996 mature
625 2966 870 2997 absolverentur.

162 3001 268 3044 Quare
286 3005 340 3044 ait,
354 3007 632 3049 παρασκευάσασθαι
647 3011 697 3042 τὴν
711 3010 869 3051 ταχίστην,

1506 189 1589 233 327

882 308 940 328 non
956 296 1015 328 ἤδη.

925 358 968 363 -
987 343 1039 370 11.
1069 336 1183 379 ἐνθένδε]
1210 338 1243 378 ἐξ
1271 339 1358 374 αὐτῆς
1385 340 1437 380 ‘ric
1453 338 1588 375 arbem:

882 383 953 414 binc
974 382 1132 413 mittendis
1153 382 1286 419 civibus,
1301 393 1359 413 non
1380 383 1455 413 alibi
1473 392 1592 413 merce-

883 426 967 457 nario
979 426 1075 455 milite
1091 424 1322 454 conscribendo.

927 486 970 492 —
985 469 1062 498 ibid.
1087 465 1262 508 ξοηθήσητε]
1290 467 1410 498 §atesim
1435 467 1591 508 πέμψητε,

885 510 963 549 ἤγουν
977 513 1124 541 πολιτικὴν
1139 511 1264 550 δύναμιν,
1277 511 1344 540 ἀλλ’
1360 512 1388 541 οὐ
1401 511 1498 550 ξένους.
1531 511 1592 541 Mi·

885 561 990 585 serunt
1006 555 1126 584 tandem
1148 553 1350 583 Athenienses
1366 554 1520 593 Olynthiis
1539 564 1592 584 au-

886 598 975 635 xilio,
997 603 1030 627 ut
1046 597 1076 626 in
1097 597 1235 627 oratione
1250 597 1349 626 Falsae
1365 597 1525 635 legationis
1539 607 1593 626 au-

887 645 954 670 ctor
971 646 1019 670 est
1044 641 1278 675 Demosthenes,
1302 639 1406 668 decies
1424 640 1505 668 mille
1521 650 1594 668 cou-

887 684 1047 718 ductitios,
1057 688 1164 723 quater
1174 683 1257 713 mille
1268 683 1366 718 cives,
1377 682 1595 721 quinquaginta

888 727 1046 757 triremes:
1072 737 1139 765 quae
1155 731 1254 755 tamen
1271 726 1314 755 eis
1330 725 1442 761 omnia,
1458 725 1596 764 prodito·

887 781 954 800 rum
964 771 1093 806 scelere,
1102 770 1176 799 nihil
1192 769 1380 809 profuerunt.

930 831 973 837 —
985 813 1060 843 ibid.
1078 813 1126 843 καῖ
1141 815 1183 852 μὴ
1197 810 1323 853 πάθητε]
1340 817 1368 842 et
1383 821 1442 841 non
1455 811 1595 850 patiami-

887 858 929 892 πί,
952 856 984 886 id
1005 861 1064 892 est,
1079 855 1260 893 admittatis,
1275 855 1362 886 vobis
1376 854 1507 890 accidat,
1523 863 1593 884 eve-

887 900 962 930 niat.

929 960 973 966 -—
995 942 1073 973 ibid.
1102 943 1152 973 καὶ
1179 943 1222 983 μὴ
1251 940 1378 983 πάθητε]
1405 940 1598 971 Vaticinatur

889 986 1125 1016 Demosthenes.
1170 985 1292 1015 Accidit
1306 985 1398 1021 enim,
1414 990 1447 1014 nt
1461 984 1599 1014 exclusis

889 1030 998 1069 hyeme
1025 1028 1253 1059 Atheniensium
1280 1028 1420 1064 navibus,
1443 1027 1598 1067 Olynthus

890 1077 1068 1112 caperetur:
1104 1082 1171 1111 quae
1201 1072 1227 1101 si
1254 1071 1411 1101 venissent
1438 1071 1600 1107 maturius,

891 1114 1009 1145 servari
1024 1115 1187 1154 potuisset.
1222 1114 1326 1154 Usque
1342 1114 1421 1144 adeo
1436 1113 1511 1143 nihil
1527 1124 1601 1153 pro-

891 1157 995 1188 ficiunt
1010 1158 1119 1197 optimi
1141 1164 1172 1188 et
1191 1156 1423 1198 prudentissimi
1440 1156 1497 1186 viri
1517 1157 1599 1196 apud

891 1202 1075 1241 degenerem
1085 1202 1240 1241 populum.
1249 1207 1296 1231 est
1303 1198 1472 1238 αἰτιολογία,
1481 1204 1602 1240 sumpta

892 1246 931 1275 ab
946 1246 1089 1285 exemplo
1102 1245 1292 1285 superiorum
1309 1249 1491 1283 temporum.

934 1305 978 1311 —
995 1291 1045 1319 12.
1069 1299 1141 1329 οωερ
1156 1288 1203 1318 καῖ
1217 1287 1357 1328 πξότερον]
1379 1287 1459 1316 Infra
1476 1287 1603 1317 verbum

892 1331 1023 1370 repetit:
1045 1330 1118 1372 δ’ωες
1133 1331 1179 1363 ἤδη
1194 1331 1335 1365 πολλάκις
1348 1328 1519 1360 πεπόνθατε.

935 1393 978 1397 -
990 1375 1066 1405 ibid.
1082 1374 1222 1416 πρότερον]
1237 1376 1377 1405 Fortasse
1388 1383 1480 1413 quum
1493 1372 1605 1403 amissa

894 1422 941 1448 est
967 1418 1177 1458 Amphipolis,
1207 1419 1328 1458 Pydna,
1356 1417 1509 1453 Potidaea,
1537 1416 1605 1446 Me-

893 1463 995 1496 thone,
1011 1462 1156 1501 Pagasae:
1181 1472 1248 1501 quae
1263 1462 1332 1491 loca
1346 1460 1438 1500 paulo
1453 1464 1524 1499 post
1536 1458 1606 1498 ipse

893 1505 1079 1535 recensebit.

937 1565 979 1570 -—-
995 1547 1069 1578 ibid.
1095 1547 1246 1587 πξεσβείαν
1265 1547 1294 1577 δὲ
1317 1546 1459 1587 πέμπειν]
1482 1551 1510 1576 et
1526 1545 1606 1586 lega-

895 1591 1000 1619 tionem
1016 1591 1197 1620 mittendam.
1242 1590 1327 1619 Nihil
1343 1594 1436 1624 vetat,
1454 1599 1509 1628 pro
1528 1587 1607 1627 lega-

895 1632 970 1660 tione
986 1631 1089 1661 dicere
1107 1632 1221 1671 legatos.
1265 1633 1353 1661 Licet
1367 1633 1488 1661 nomina
1503 1641 1606 1662 rerum

896 1679 927 1703 et
942 1684 1136 1712 personarum
1154 1684 1237 1713 saepe
1252 1674 1331 1704 inter
1347 1685 1380 1704 se
1396 1679 1593 1705 commutare.

939 1734 980 1739 —
996 1717 1071 1746 ibid.
1091 1716 1105 1748 ii
1131 1729 1176 1750 τις
1196 1716 1281 1748 ταῦτ’
1303 1715 1373 1758 ἐρεῖ]
1402 1717 1538 1751 Scilicet,
1553 1718 1608 1748 de-

896 1764 981 1789 oreta
995 1770 1064 1789 esse
1080 1760 1209 1795 auxilia,
1231 1761 1372 1790 delectus
1388 1760 1493 1790 haberi
1512 1761 1608 1791 Athe·

896 1803 955 1838 nis,
969 1804 1107 1843 apparari
1122 1803 1244 1833 bellum.

939 1864 981 1868 —
998 1857 1067 1885 pen.
1091 1846 1140 1876 καὶ
1171 1846 1316 1887 παρέσται
1344 1847 1404 1880 τοῖς
1432 1847 1607 1889 πράγμασι]

897 1889 1038 1927 Quibus?
1056 1890 1329 1919 deliberationibus
1341 1890 1554 1929 Olynthiorum
1569 1891 1609 1920 de

897 1933 1105 1971 propulsando
1127 1933 1285 1973 Philippo,
1301 1939 1334 1963 ut
1349 1933 1480 1963 consilio
1496 1935 1609 1973 juvent

898 1975 1075 2016 Olynthios.

940 2035 983 2040 —--
998 2018 1073 2048 ibid.
1089 2019 1125 2052 ὡς
1145 2018 1210 2049 ἔστι
1233 2019 1388 2060 μάλιστα]
1411 2018 1556 2049 Declarat
1577 2019 1610 2049 id.

899 2061 980 2100 quod
997 2071 1089 2102 supra
1105 2061 1186 2092 dixit
1202 2062 1337 2097 brevius,
1353 2062 1400 2091 καὶ
1415 2064 1458 2101 μη
1479 2061 1607 2092 πάθητε;

898 2115 1022 2144 remque
1038 2115 1074 2134 eo
1090 2106 1226 2141 deducit,
1247 2110 1280 2135 ut
1296 2106 1412 2140 innuat,
1429 2106 1609 2136 societatem

899 2147 1112 2187 Olynthiorum
1127 2149 1222 2188 magis
1232 2148 1420 2178 ambiendam
1432 2159 1501 2178 esse
1514 2150 1610 2179 Athe-

900 2191 1065 2227 niensibus,
1081 2202 1170 2231 quam
1187 2191 1341 2232 Olynthiis
1356 2191 1610 2222 Atheniensium:

901 2234 964 2273 qui,
992 2235 1018 2264 si
1042 2245 1099 2264 non
1123 2237 1279 2273 juventur,
1305 2235 1426 2264 facilem
1450 2240 1610 2274 receptum

901 2277 1031 2307 habeant
1045 2278 1074 2307 in
1087 2278 1225 2318 Philippi
1238 2278 1363 2317 gratiam
1377 2283 1408 2307 et
1418 2278 1612 2310 societatem.

901 2321 1022 2350 Callida
1037 2321 1116 2351 enim
1133 2323 1210 2351 ratio
1226 2326 1274 2351 est
1290 2321 1447 2351 excitandi
1469 2327 1614 2352 cunctan-

901 2368 948 2394 tes
964 2370 994 2393 et
1015 2365 1266 2404 tergiversantes,
1282 2374 1436 2403 apponere
1457 2365 1612 2400 aemulum,

902 2412 934 2437 ut
945 2407 970 2436 si
985 2407 1045 2446 ipsi
1059 2414 1189 2444 cessent,
1203 2408 1293 2437 alium
1307 2412 1530 2447 praerepturum
1542 2418 1612 2438 esse

901 2450 1082 2488 intelligant.

943 2512 986 2516 —
1001 2494 1080 2524 ibid.
1097 2494 1180 2523 τοῦτο
1195 2492 1266 2535 δέος]
1284 2494 1345 2524 Pro
1356 2494 1441 2524 τοῦτο
1455 2492 1610 2531 φοβητέονε

902 2536 948 2567 hic
964 2544 1066 2572 metus,
1082 2547 1151 2576 pro,
1168 2536 1219 2565 huc
1234 2539 1356 2567 maxime
1370 2538 1523 2567 tuendum.

943 2598 985 2602 —
1003 2579 1056 2610 ult.
1071 2580 1235 2621 πανοῦςγος]
1261 2581 1272 2610 ὁ
1287 2582 1343 2609 πᾶν
1358 2579 1430 2621 ἔργον
1446 2583 1564 2620 τολμῶν
1579 2591 1612 2610 τε

901 2622 949 2652 καὶ
964 2624 1180 2664 μηχαναί-μενος,
1197 2625 1247 2664 qui
1262 2623 1336 2653 mhil
1352 2634 1406 2654 uon
1419 2625 1510 2654 nudet
1525 2630 1613 2664 atque

900 2668 1058 2706 aperitur,
1073 2667 1209 2702 callidus,
1225 2668 1378 2706 improbus,
1394 2673 1545 2697 veterator.

944 2727 987 2732 -—
1003 2710 1078 2739 ibid.
1105 2712 1147 2750 μῆ
1171 2711 1321 2749 πανοῦγξος
1345 2710 1393 2751 ὢν]
1422 2712 1490 2740 Non
1515 2709 1612 2748 Olyn-

903 2752 1034 2782 thiorum
1052 2753 1220 2789 levitatem,
1233 2754 1287 2783 sed
1308 2753 1446 2792 Philippi
1463 2751 1612 2781 callidita-

902 2799 963 2825 tem
976 2796 1112 2826 adducit.
1159 2798 1379 2835 Argumentum
1394 2798 1430 2825 ab
1447 2794 1569 2831 ingenio
1582 2799 1614 2824 et

903 2839 1038 2869 moribus
1056 2844 1222 2879 sumptum,
1238 2839 1344 2869 referri
1361 2844 1463 2878 potest
1479 2838 1516 2866 ad
1541 2847 1613 2866 can-

904 2891 968 2911 sam
984 2883 1177 2918 efficientem,
1193 2887 1245 2912 aut
1259 2882 1295 2911 ad
1313 2883 1481 2920 conjuncta,
1498 2880 1527 2909 iu
1546 2880 1613 2919 qui-

904 2925 961 2955 bus
978 2925 1074 2956 latent
1091 2927 1236 2955 attributa
1252 2934 1457 2963 personarum.

945 2985 988 2991 --
1003 2969 1078 2999 ibid.
1095 2968 1146 3008 ὢν]
1170 2967 1264 2999 ima&
1285 2966 1360 3002 ἔστι,
1377 2977 1466 3008 quum
1480 2966 1527 2995 sit.
1542 2967 1614 2995 eusi-

903 3016 975 3043 stere
987 3022 1044 3043 non
1057 3017 1105 3043 est
1117 3011 1195 3048 εῖναι,
1206 3011 1259 3041 sed
1270 3009 1444 3045 ανατέλλειν,
1454 3006 1614 3049 φαίνεσθαι,
