1931 3322
355 196 439 237 AD
473 194 842 238 ORATIONEM
880 194 940 234 ΙΝ
974 195 1346 237 STEPHANUM
1383 196 1444 237 ll.
1543 196 1625 237 ‘253

168 301 255 336 διδοὺς
277 301 292 332 ἢ
315 302 526 343 ἀναδεχόμενος.
559 303 615 332 hae
640 302 811 332 sententia:
844 301 879 330 Si

169 344 238 382 quis
249 350 384 374 senatum
395 346 642 383 quingentorum,
660 351 710 374 aut
725 344 879 374 Heliaeam

168 391 343 425 corrumpat
357 388 499 423 nummis,
514 398 600 426 quos,
613 393 666 416 aut
681 388 749 426 ipse
760 396 815 415 suo
826 396 879 415 no-

166 429 247 458 mine
261 434 428 468 praesentes
443 431 497 459 det
514 435 604 468 atque
621 429 718 464 dietat,
735 434 786 458 aut
801 428 879 457 alius

166 472 286 501 nomine
302 472 432 510 recipiat
448 477 518 511 post
534 483 596 502 rem
608 472 776 510 judicatam
791 471 829 499 ab
842 481 878 500 eo

167 518 251 543 certe
266 515 500 552 persolvendos,
521 515 547 544 si
563 515 731 544 secundum
750 523 818 542 eum
839 513 878 542 lis

167 556 239 586 data
249 557 353 586 fuerit.
368 568 435 596 quae
446 558 541 587 lectio
553 557 657 587 nescio
669 568 705 586 an
718 556 778 591 isti,
789 565 877 594 quam

167 609 207 627 ex
231 600 413 630 auctoritate
437 601 584 630 librorum
612 599 818 638 reposuimus,
848 604 880 628 et

167 652 255 679 quam
272 643 391 672 Petitus
407 654 528 682 quoque
543 643 602 673 l.c.
617 642 769 677 exhibuit,
787 641 878 671 etiam

167 684 207 713 sit
221 685 438 723 praehabenda.

207 745 251 749 --
266 730 297 758 5.
319 727 479 768 λαμβάνει]
503 727 628 757 correxi
642 726 792 767 λαμβάνῃ.
818 728 879 756 Re-

165 774 215 799 cte
231 781 322 809 porro
339 773 379 801 τὲ
400 771 547 813 χςῆματα
569 778 638 801 cnm
659 770 800 805 articulo,
825 771 878 805 ait,

164 822 224 842 non
238 813 384 854 χρήματα
403 814 547 853 simplex.
568 814 635 843 illas
651 815 799 852 pecunias,
823 813 877 842 de-

164 855 291 885 stinatas
304 857 464 895 judicibus
483 857 730 896 corrumpendis,
750 866 809 894 quo
826 866 877 886 eas

165 899 244 928 inter
259 899 330 929 illos
346 900 468 930 diribat.

164 965 166 967 -
207 959 250 964 —
267 945 318 972 10.
341 942 508 982 νομοθετεῖ]
531 947 604 981 post
626 941 778 981 νομοθετεῖ
792 941 877 971 vide-

165 989 215 1014 tur
231 985 340 1014 deesse
355 988 435 1015 κατὰ
447 988 511 1020 τοὺς
527 988 577 1020 τῆς
591 985 699 1020 πόλεως
714 983 812 1024 ἐρεῖτε.
827 984 877 1015 vel

165 1027 264 1057 simile
283 1028 366 1066 quid.

206 1088 249 1092 —
265 1071 342 1100 ibid.
365 1071 494 1111 τούτους]
512 1071 645 1100 cohaeret
659 1081 726 1099 uum
742 1068 876 1108 ἀμφοτέ-

164 1123 221 1152 ρους
239 1118 270 1143 et
291 1114 372 1144 redit
392 1115 431 1144 ad
452 1114 667 1144 Phormionem
693 1119 724 1143 et
748 1114 877 1152 stepha-

913 311 995 330 num.
1020 301 1120 333 αιίτοὺς
1140 308 1238 332 autem
1261 314 1289 332 v.
1306 308 1358 333 11.
1380 305 1478 333 resero
1503 303 1539 332 ad
1563 304 1629 337 τοὺς

913 343 1022 382 νόμους.

956 402 999 407 —
1015 386 1066 415 15.
1089 386 1138 413 τοῦ
1154 384 1347 427 ἐξγαστηρίου]
1367 389 1516 426 significat
1532 388 1627 417 offici-

914 437 982 456 nam
1000 427 1096 456 scutis
1115 428 1331 464 fabrificandis,
1354 430 1386 458 τὸ
1394 413 1590 468 δάσωιδοπηγι
1593 442 1627 460 ον.

914 471 1001 509 cujus
1027 470 1137 499 erebia
1161 472 1201 499 sit
1222 472 1338 500 mentio
1356 473 1387 501 in
1409 474 1543 502 oratione
1570 484 1627 512 pm

914 511 1110 542 Phormione.

956 573 998 578 —-
1028 557 1079 585 18.
1114 555 1268 596 διαθήκας]
1304 556 1427 584 correxi
1454 555 1583 586 διαθηκῶν
1610 570 1626 587 e

913 597 1048 637 margine
1062 599 1167 628 Lutet.
1184 608 1363 637 quamquam
1385 599 1424 626 de
1442 605 1566 628 auctore
1583 600 1626 629 le-

914 641 1024 670 ctionis
1041 641 1131 679 hujus
1147 641 1221 670 mihi
1237 651 1295 670 non
1313 646 1443 670 constat.
1466 641 1627 671 Verumta-

913 694 981 713 men
1005 683 1075 722 ipse
1101 684 1326 713 Demosthenes
1351 683 1425 713 salis
1446 683 1575 714 idoneus
1598 685 1626 713 ei

914 733 1020 757 auctor
1035 732 1094 762 est,
1110 738 1139 757 v.
1157 729 1209 757 ⁶20.

956 787 999 792 --
1013 772 1063 799 19.
1089 768 1131 799 ἵνα
1148 770 1255 810 εἰδῶσι]
1281 769 1348 799 scil.
1371 769 1392 798 oi
1414 766 1628 808 συμὲαλόμενοι
1669 768 1673 773 “

913 815 967 847 τὰς
983 811 1137 848 συνθήκας,
1154 813 1203 842 vel
1219 816 1274 846 τοις
1290 811 1470 851 συγγραφάς.

955 874 999 879 —
1016 858 1067 884 91.
1090 855 1167 885 ἕνεκα
1189 854 1427 894 καταλείπουσιν]
1453 858 1524 892 post
1548 852 1627 884 ἕνεκα

913 899 1037 929 videtur
1048 898 1156 929 deesse
1167 897 1488 937 κατασεσημασμένας,
1497 896 1563 926 scil.
1574 899 1629 931 τὰς

913 941 1054 976 διαθήκας.
1084 944 1146 972 ideo
1169 944 1246 972 enim
1270 946 1504 971 testamentorum
1529 941 1630 969 condi-

914 991 987 1014 tores
1010 995 1043 1015 ea
1070 986 1243 1025 relinquunt
1265 985 1426 1024 obsignata,
1450 993 1505 1023 quo
1528 992 1628 1012 eorum

912 1035 1122 1068 argumentum
1139 1030 1169 1067 ι’ί
1172 1034 1302 1057 moretur.

955 1089 997 1092 —
1015 1073 1065 1102 952.
1090 1072 1168 1111 ὑμεῖ
1160 1071 1187 1112 ]
1212 1076 1258 1106 tu,
1275 1069 1436 1105 Phormio,
1453 1073 1482 1099 et
1498 1073 1543 1105 tu,
1560 1069 1629 1098 Ste-

913 1113 1024 1152 phane.

385 1307 470 1348 AD
504 1306 873 1349 ORATIONEM
908 1306 971 1347 1N
1004 1305 1309 1348 EVERGUM
1343 1305 1417 1346 ET

676 1372 1110 1413 MNESIBULUM.

206 1495 433 1536 Harpocration
451 1507 481 1526 v.
494 1495 676 1536 ἐκαλίστρουν
694 1500 802 1526 auctor
818 1501 876 1533 est,

162 1540 270 1575 fuisse,
296 1539 350 1578 qui
375 1539 540 1570 orationem
571 1541 648 1569 hanc
672 1539 878 1569 Demostheni

163 1582 386 1621 abjudicarent,
406 1587 437 1612 et
460 1583 519 1620 ipsi
541 1582 602 1612 sibi
622 1583 722 1612 videri
746 1582 789 1612 ait
812 1592 877 1612 eam

163 1625 269 1664 potius
283 1625 429 1654 Dinarchi
445 1635 526 1654 esse.

208 1669 302 1698 1139.
317 1669 349 1698 3.
372 1669 427 1696 τῶν
442 1666 701 1707 ψευδομαρτυριῶν]
718 1666 819 1696 malim
832 1679 879 1697 τον

162 1708 242 1747 ψευδ.
260 1710 342 1740 redit
353 1710 433 1740 enim
446 1711 484 1739 ad
499 1711 605 1748 ἀγῶνα.
621 1712 703 1748 qnod
717 1711 818 1739 causis
834 1710 877 1738 fo-

163 1754 306 1782 rensibus
338 1754 500 1791 reliqnum,
532 1752 630 1782 veluti
665 1753 877 1782 subsessorem

164 1796 327 1834 quendam,
336 1797 492 1834 jusserunt
503 1805 571 1825 esse
582 1799 737 1824 certamen
749 1795 788 1824 de
801 1795 878 1824 salso

163 1838 351 1869 testimonio.
395 1839 457 1868 Seu
475 1839 559 1877 quod
579 1837 771 1867 formidinem
788 1838 879 1875 hujus

162 1881 279 1920 judicii
297 1881 448 1911 subeundi
471 1881 643 1920 injecerunt
660 1881 711 1915 iis,
727 1880 779 1919 qui
802 1881 878 1910 falso

165 1922 341 1954 testimonio
366 1924 497 1953 dicendo
513 1924 621 1953 malam
640 1933 762 1952 cansam
778 1923 879 1953 suble-

165 1972 250 1996 vant.

167 2036 169 2038 .
207 2027 251 2031 ——
267 2010 318 2039 10.
340 2008 387 2038 τὸν
403 2007 633 2050 προβαλόμενον]
658 2018 738 2043 eum,
756 2008 808 2047 qui
824 2007 880 2037 fal-

165 2062 216 2082 sos
241 2056 337 2082 testes
361 2052 537 2087 redemerit,
560 2051 743 2085 subornarit,
767 2051 880 2080 instru-

165 2095 259 2130 xerit,
280 2099 312 2124 et
332 2095 370 2124 ad
389 2096 512 2134 judices
528 2093 722 2134 produxerit,
741 2103 797 2131 per
812 2104 881 2123 eos-

167 2149 225 2176 que
238 2137 397 2175 judicibus
412 2137 605 2177 imposuerit.
623 2148 652 2167 v.
669 2147 699 2175 p.
717 2137 811 2168 1132.
827 2139 858 2166 5.

210 2182 304 2210 1140.
317 2183 346 2210 1.
362 2179 574 2221 ἀκξοάσασθαι]
591 2185 645 2210 ant
656 2184 727 2218 post
737 2189 766 2209 v.
779 2179 880 2219 &2504-

166 2222 282 2253 σασθαι
297 2229 350 2253 aut
364 2229 437 2263 post
452 2235 482 2253 v.
499 2223 618 2253 ἅπαντα
633 2223 742 2253 deesse
759 2222 881 2252 videtur

166 2263 354 2304 διηγουμένου,
370 2272 423 2296 aut.
437 2266 590 2305 διεξιόντος.

208 2326 253 2331 —-
264 2311 296 2338 7.
313 2309 336 2338 εἴ
351 2310 409 2350 μὴ]
428 2309 528 2340 malim
541 2319 610 2338 cum
623 2307 758 2348 margine
777 2309 880 2338 Lutet.

167 2350 194 2381 οἳ
205 2351 262 2390 μὴ,
283 2353 365 2390 quod
387 2352 479 2382 etiam
495 2352 596 2382 Wolf.
612 2351 644 2381 in
665 2351 802 2381 editione
825 2361 880 2381 sua

167 2394 318 2425 exhibuit.

210 2454 254 2460 —·
283 2438 334 2466 16.
372 2435 620 2477 προκαλέσασθαι
639 2455 681 2460 —
700 2435 879 2476 παραδιδόναι

169 2478 282 2519 ἕτοιμον
295 2479 374 2521 εἶναι]
388 2481 415 2510 si
427 2481 503 2509 bene
517 2480 610 2510 habet
625 2481 690 2510 haec
706 2479 811 2515 lectio,
828 2489 880 2508 ne-

168 2533 258 2552 cesse
273 2527 332 2558 est,
350 2528 381 2553 ut
403 2523 484 2552 idem
508 2523 661 2562 significet
684 2528 774 2562 atque
791 2523 818 2552 si
833 2523 880 2551 di·

167 2565 283 2596 xisset:
317 2565 461 2605 Θεόφημον
485 2564 511 2594 ἐν
535 2565 685 2606 προκλήσει
709 2567 812 2604 φῆσαι,
836 2563 880 2595 δ’τι

168 2607 282 2648 ἕτοιμός
301 2607 367 2638 ἔστι
383 2607 611 2649 παραδιδόναι-
622 2602 833 2647 Theophemum
848 2609 881 2637 in

167 2653 314 2690 spunsione
329 2649 498 2691 qffirmasse‚
514 2661 541 2680 se
559 2656 699 2690 paratum
715 2660 771 2680 esse
786 2651 880 2681 ancil-

169 2695 229 2724 lam
252 2695 377 2728 tradere.
407 2695 466 2724 fnit
489 2699 589 2724 tamen
614 2704 682 2723 cum
708 2693 881 2732 suspicarer

168 2736 230 2776 leg.
246 2747 315 2767 esse
331 2736 588 2778 πξοκαλεσάμενον.
613 2737 651 2766 de
667 2747 727 2776 quo
739 2737 882 2775 judicent

168 2780 344 2819 peritiore&
368 2781 417 2811 vel
433 2781 525 2810 etiam
546 2780 593 2809 καὶ
616 2778 729 2819 ἕτοιμον
747 2778 826 2815 εἶναι,
850 2786 882 2810 ut

169 2833 202 2862 p.
224 2825 317 2854 1144.
335 2825 365 2854 9.

215 2868 308 2896 1141.
334 2868 369 2899 1·.
393 2864 492 2906 παςόν]
520 2866 592 2896 dedi
619 2866 658 2896 de
685 2876 753 2895 meo
781 2866 883 2905 παρών.

171 2917 237 2939 nam
254 2911 345 2946 σῶμα
359 2909 494 2939 cohaeret
508 2919 577 2939 cnm
593 2910 774 2948 insequente
791 2919 883 2948 παςα-

174 2949 318 2989 διδόμενον.

211 3010 254 3017 ·-
272 2996 300 3027 9.
325 2993 440 3028 τούτους
454 2995 515 3027 τοὺς
531 2994 696 3036 μάξτυξοις]
715 2995 814 3024 tnai'nn
832 3002 882 3024 aut

912 1495 1055 1529 τοιούτους
1068 1497 1229 1537 μάρτυρας,
1240 1499 1293 1525 aut
1308 1496 1372 1530 τοὺς
1386 1493 1526 1528 τοιούτους
1535 1495 1628 1534 μάρτ.

911 1539 1052 1578 ejusmodi
1066 1545 1157 1570 testes.

956 1599 999 1604 --
1017 1584 1069 1612 13.
1091 1593 1136 1611 και
1152 1583 1201 1613 τὴν
1214 1580 1268 1621 μὲν
1283 1578 1441 1621 μαρτυρίαν
1457 1580 1541 1621 ἔργῳ]
1566 1591 1629 1610 ma-

913 1625 966 1654 lim
979 1623 1071 1654 καίτοι
1083 1627 1132 1655 τῆν
1146 1624 1201 1663 μὲν
1215 1623 1373 1664 μαρτυρίαν
1388 1622 1463 1652 ἔδει’
1452 1635 1531 1662 εργῳ.

956 1685 997 1689 --
1024 1668 1075 1697 15.
1099 1666 1267 1706 παραδοντος
1270 1666 1283 1705 ]
1307 1666 1408 1705 possit
1436 1665 1571 1700 detendi,
1600 1670 1631 1694 et

913 1709 950 1738 ad
981 1709 1214 1748 'Pheopliemum
1242 1709 1361 1738 referri.
1392 1708 1494 1737 malim
1527 1713 1628 1738 tamen

914 1761 982 1781 cnm
998 1752 1114 1781 Wolfio
1132 1750 1322 1792 παραδόντας.

957 1797 1051 1825 1142.
1067 1799 1097 1825 ⁶2.
1121 1793 1166 1824 τὸν
1180 1793 1313 1834 ἀδελφέν]
1339 1794 1507 1831 Evergum.

955 1855 999 1860 —-
1013 1837 1091 1867 ibid.
1115 1837 1164 1867 καὶ
1187 1836 1233 1867 τὸν
1254 1836 1406 1876 κηδεστὴν]
1431 1835 1545 1866 sororis
1568 1846 1630 1864 suae

913 1879 1307 1916 maritum‚.Mnesibulum.

956 1939 1000 1944 —-
1016 1925 1047 1954 9.
1075 1921 1219 1963 ἒξὲτεινον]
1245 1923 1289 1952 sic
1306 1926 1428 1951 veteres
1452 1921 1629 1955 exarabant,

915 1964 1004 1994 etiam
1021 1970 1097 2000 tum,
1113 1976 1183 1995 cum
1196 1965 1311 1994 vellent
1328 1965 1358 1993 id
1377 1965 1462 1999 dare,
1478 1963 1561 2002 quod
1574 1973 1630 1992 nos

915 2008 1005 2037 hodie
1028 2007 1154 2047 ἐξέτινον.
1181 2012 1390 2037 verumtamen
1413 2008 1470 2036 hoc
1495 2006 1632 2045 praetuli,

913 2061 952 2080 ne
969 2051 1208 2080 confunderetur
1223 2061 1291 2079 cum
1309 2048 1444 2083 ἐκτείνειν,
1461 2049 1621 2078 extendere.

957 2111 1000 2115 —
1016 2096 1069 2124 20.
1093 2093 1209 2124 δηλώσω
1225 2092 1308 2133 ὑμῖν]
1329 2092 1460 2122 subaudi
1476 2092 1574 2121 ταῦτα
1591 2093 1630 2121 τοὶ

915 2136 1067 2176 τεκμήρια.

957 2197 1000 2202 —
1017 2182 1069 2210 22.
1094 2179 1142 2208 καὶ
1168 2178 1364 2219 παραδιδόναι]
1389 2182 1441 2207 aut
1464 2177 1629 2206 delendum

914 2227 962 2251 est
977 2220 1035 2252 καί.
1052 2232 1081 2251 v.
1097 2232 1129 2261 p.
1148 2224 1243 2252 1249.
1257 2225 1308 2253 27.
1327 2227 1358 2251 et
1374 2220 1458 2250 aiibi.
1474 2223 1525 2249 ant
1540 2220 1631 2249 deest

914 2263 1110 2301 ἐξουληθησαν,
1125 2265 1173 2294 vei
1190 2264 1339 2300 ηθὲλησαν,
1356 2269 1407 2293 ant
1424 2268 1497 2302 post
1512 2263 1630 2302 παραδι-

915 2307 997 2344 δόναι,
1013 2313 1065 2338 ant
1080 2313 1154 2347 post
1167 2310 1217 2342 τῆς
1232 2307 1382 2348 ἀνθρώπου.

957 2368 1001 2373 -
1017 2353 1068 2382 26.
1093 2350 1204 2381 Οἶνηιδα
1220 2350 1269 2380 καὶ
1289 2350 1374 2391 Ἐξεχ
1374 2347 1468 2388 θηιδα]
1493 2349 1528 2378 ad
1554 2349 1630 2378 tite-

913 2404 975 2423 ram
1003 2394 1111 2423 harum
1142 2394 1275 2423 tribuum
1304 2392 1456 2423 referendi
1485 2391 1631 2421 videntur

913 2442 1010 2473 actor,
1025 2438 1114 2475 cujus
1127 2447 1235 2466 nomen
1246 2437 1319 2465 latet
1331 2435 1451 2476 (nescio
1466 2439 1577 2470 tamen,
1593 2445 1629 2464 an

914 2480 954 2509 sit
968 2479 1192 2519 Apoilodorns,
1206 2479 1347 2509 Pasionis
1360 2476 1468 2516 filins),
1485 2483 1517 2507 et
1530 2479 1630 2507 Theo-

913 2523 1054 2561 phemns.
1079 2523 1275 2560 Pythodorus
1288 2527 1384 2557 certe,
1395 2521 1509 2550 arbiter
1519 2521 1629 2550 abillis

914 2566 1067 2599 delectus.
1094 2565 1152 2594 snit
1173 2564 1205 2594 ἐκ
1227 2565 1328 2595 Κηδῶν.
1353 2576 1381 2593 v.
1402 2576 1432 2604 p.
1457 2566 1551 2594 1140.
1579 2566 1630 2593 17.

914 2608 1001 2638 Κηδαὶ
1015 2613 1117 2638 antem
1139 2613 1204 2638 erat
1223 2609 1332 2637 demus
1350 2607 1576 2637 Erechtheidis.
1600 2612 1631 2635 et

915 2651 1058 2682 videntur
1075 2651 1106 2680 hi
1124 2651 1294 2681 adversarii
1310 2650 1458 2681 arbitrum
1474 2661 1490 2680 e
1507 2660 1561 2679 sua
1577 2649 1630 2679 tri·

915 2694 957 2724 bu
974 2694 1140 2733 delegisse.

960 2755 1003 2760 --
1017 2748 1087 2776 pen.
1106 2736 1311 2789 προΐστανται]
1331 2736 1499 2766 Palmerins
1518 2736 1628 2764 Exere.

916 2790 946 2819 Ρ.
959 2778 1385 2828 644Λῐ13ναίῐωαξίστανται.
1402 2784 1449 2808 est
1462 2778 1493 2806 id
1506 2777 1629 2815 quidem

917 2823 1075 2853 sententia:
1097 2824 1125 2852 h.
1140 2824 1162 2853 l.
1177 2822 1421 2855 convenientius,
1440 2822 1512 2850 item
1534 2820 1629 2858 προσί-

917 2878 1055 2897 στανται.
1100 2866 1161 2895 Sed
1183 2867 1286 2895 obstat
1304 2864 1424 2902 utrique
1443 2863 1628 2899 conjectura:

918 2910 1073 2949 genitivus
1090 2909 1278 2948 praemissus,
1296 2909 1350 2936 τᾶν
1365 2905 1494 2934 τοιούτων
1510 2916 1546 2943 753-
1550 2904 1630 2933 οκλῆ-

918 2963 1000 2988 cem-s,
1022 2952 1072 2990 qni
1097 2958 1238 2981 constare
1262 2960 1329 2979 cum
1355 2960 1412 2987 ποις
1415 2947 1562 2980 “m-mm..
1580 2952 1632 2976 qut

920 2995 1023 3037 πςοσίσ
1006 3007 1126 3025 τανται
1144 3006 1179 3024 ιιι
1184 2995 1257 3033 μιίι.
1277 3002 1367 3031 quare
1380 2990 1635 3029 vulgatuxidetur
