1931 3323
348 208 431 249 450
464 205 971 248 AMERSFOORDTII
1008 207 1080 248 ET
1112 206 1454 249 SCHAEFERI
1488 208 1747 251 ANNOTT.

345 314 426 353 ὑμεῖς
440 313 508 344 τ’ἐίν
518 327 567 354 μοι
582 314 625 345 ἔτι
640 316 754 354 μᾶλλον
767 316 935 355 συγγνώμην
950 315 1056 357 εἴχετε.

347 357 417 386 adv.
433 358 547 388 Laerit.
560 369 590 397 p.
603 360 676 388 939.
694 360 745 388 12.
755 359 802 388 καὶ
815 359 870 397 εἴγε
884 358 1056 392 τιςο-ὲτόλ-

342 410 420 439 μησε
434 418 475 422 -
491 423 499 435 ,
517 398 546 429 εὖ
562 399 614 431 οἷδ’
628 400 671 430 ὅτι
688 401 838 438 wamia-rsa
856 401 889 431 ἂν
918 400 1005 435 οὗτος.
1016 418 1057 422 -—

343 442 420 471 Cum
455 444 531 481 perf.
564 444 657 473 indic.
694 444 783 473 initio
810 444 977 474 sententiae.
1003 443 1057 472 AE—

344 485 467 515 schines
485 496 511 515 c.
525 486 679 515 Timarch.
697 497 727 525 p.
742 489 793 517 29.
808 487 875 517 init.
893 485 922 516 εῧ
941 488 994 525 γᾶς
1010 485 1060 516 οἶδ’

343 526 388 556 δ’τι
405 529 518 562 πάντες
534 526 750 559 ἐκπεπλεύκατε
772 530 810 563 εἰς
835 530 998 568 Σαλαμῖνα.
1017 547 1059 551 --

343 570 419 599 Cum
437 571 493 600 fut.
520 571 614 601 indic.
637 573 859 601 Demosthenes
876 583 907 611 p.
935 573 1059 601 Phorm.

342 623 374 650 p.
393 615 467 644 945.
488 616 539 642 10.
558 614 658 643 media
671 615 838 644 sententia:
864 613 894 652 εξ
911 612 945 643 ὧν
961 613 990 643 εὖ
1007 614 1059 643 οἵδ’

342 654 386 684 ὅτι
397 655 410 686 ΐᾶ
428 667 460 685 τε
478 656 578 686 τούτου
593 656 770 695 συκοφαντία
787 664 853 695 φανε
857 659 888 695 ρὰ
900 657 1058 694 γενησεται.

342 708 369 726 c.
392 699 530 729 Pantaen.
552 710 583 739 p.
600 702 674 731 967.
701 704 727 730 1.
754 700 788 732 ὡς
803 700 851 728 καὶ
867 700 950 737 ὑμεῖς
966 703 993 727 εὐ
1010 698 1061 728 οἰδ’

343 739 386 769 ὅτι
401 741 519 778 φήσετε.
540 754 567 772 c.
585 743 716 772 Macart.
732 752 761 779 p.
781 743 874 771 1063.
892 744 920 770 6.
944 740 1015 770 ἀλλ’
1030 739 1060 770 εὑ

342 781 393 812 οἶδ’
411 783 454 813 δ’τι
471 784 579 817 ουδεῖς’
568 795 661 814 εσται.
676 795 703 813 c.
720 785 837 813 Conon.
850 794 879 820 p.
898 785 992 813 1256.
1008 786 1058 814 15.

340 826 387 855 καὶ
398 827 499 856 τούτου
515 827 682 865 συγγνώμην
692 825 770 865 ἕξετε
787 825 815 856 εὖ
825 825 875 856 οἶδ’
889 825 932 855 ἔτι
942 827 1058 860 πάντες.

341 868 563 922 Aristophanes
579 869 662 898 Plut.
679 872 731 899 72.
749 868 834 898 Ἀλλ’
845 881 872 899 ην
883 868 1008 899 πύθησθέ
1022 868 1058 908 μ’

340 923 422 944 οστις
436 910 508 949 εἴμ’,
532 909 561 940 εὖ
576 910 626 940 οῒδ
643 912 686 941 ότι
702 911 791 940 Κακόν
805 910 837 940 τί
850 911 886 950 μ’
905 911 1058 951 ἐργάσεσθε

341 954 407 983 κούκ
423 954 562 992 ἇφησετε.
578 959 608 983 et
624 965 654 983 v.
676 957 750 984 ¹216.
767 954 838 991 Ἐγὼ
859 956 923 994 γᾶς,
940 958 967 983 εὐ
981 954 1061 984 τοῦτ’

341 995 411 1032 ἶσθι,
426 995 477 1036 κᾷν
499 997 542 1026 δεῖ
561 996 597 1035 μ’
620 996 756 1026 &meave
730 1008 776 1032 ιν,
801 996 891 1030 Αὐτος
913 997 1058 1038 διαπράξω

341 1039 451 1068 ταῦτα.
469 1043 499 1067 et
515 1049 583 1068 cum
595 1038 712 1080 ἀκριέῶς
723 1040 949 1069 Demosthenes
961 1041 1058 1079 Epist.

340 1081 406 1110 111.
424 1092 455 1120 p.
471 1084 566 1113 1484.
583 1085 634 1112 27.
652 1083 700 1112 καῖ
716 1082 782 1112 τότε
798 1083 905 1121 φήσετε
921 1082 991 1112 δεινὰ
1005 1093 1057 1113 πε-

340 1123 463 1154 πονθέναι
477 1136 530 1164 με,
542 1123 658 1164 ἀκξιζῶς
673 1125 745 1161 οῖδα,
758 1125 803 1155 ὅτε
820 1137 849 1154 κ.
865 1137 894 1154 τ.
911 1131 940 1154 λ.
959 1126 1059 1164 Igitur

340 1167 390 1196 hio
412 1167 548 1197 occurrit
571 1169 635 1197 sine
651 1167 706 1197 δ’τι.
722 1186 765 1190 ——
778 1170 853 1197 Cum
880 1169 995 1198 aoristo
1012 1169 1055 1198 in-

340 1209 402 1239 dic.
424 1210 528 1240 addito
549 1209 592 1246 ἂν,
620 1211 721 1240 media
747 1211 908 1245 sententia,
942 1213 1055 1240 Demo-

343 1253 467 1282 sthenes
486 1253 564 1282 Phil.
589 1254 637 1282 ΙΙ.
654 1264 686 1292 p.
702 1256 758 1283 72..
771 1256 822 1283 ⁶24.
839 1253 899 1283 οὔτ’
915 1253 946 1283 ἂν
963 1255 1056 1293 ὑμεῖς,

340 1293 370 1324 εὖ
390 1294 441 1325 οἶδ’
464 1295 518 1332 ὅτι,
532 1295 700 1326 ἐπαύσασθε
716 1298 915 1336 πολεμοῦντες.
949 1297 1057 1326 Lucia-

341 1345 400 1367 nus
418 1338 502 1368 Dial.
519 1340 600 1368 Mar.
617 1339 667 1368 II.
692 1339 720 1368 οὗ
744 1342 798 1379 γὰρ
820 1340 863 1374 ἂν,
888 1337 917 1368 εὖ
932 1339 983 1368 οἶδ’
1001 1340 1058 1375 ὅτι,

340 1379 455 1411 ἐδυνήθη
472 1382 638 1411 ἀποκινῆσαι
655 1384 702 1412 τὴν
714 1381 821 1422 πέτξαν
829 1381 886 1412 ἀπὸ
897 1385 948 1416 τῆς
962 1382 1054 1421 θύξας,

343 1428 453 1452 etcum
471 1424 592 1465 ἀκριβῶς
610 1424 696 1453 ἰιιίίίο
710 1425 829 1462 periodi
847 1425 1012 1455 AEschines
1030 1437 1056 1455 c.

339 1466 493 1496 Timarch.
517 1477 547 1504 p.
563 1469 616 1496 47.
633 1467 755 1506 ἀκριβῶς
775 1467 825 1497 οἷδ’
839 1468 883 1497 ὅτι
899 1467 1059 1507 κατέγνωτ’

339 1508 371 1538 ἂν
388 1509 484 1539 αὐτοῦ.
496 1526 540 1531 —
553 1511 629 1539 Cum
646 1520 735 1550 praes.
762 1515 858 1550 optat.
882 1511 971 1540 initio
988 1522 1057 1541 sen-

342 1552 449 1581 tentiae
467 1553 694 1582 Demosthenes
715 1554 794 1582 Exn.
811 1554 880 1583 adv.
901 1554 1011 1584 [merit.
1028 1566 1057 1592 p.

342 1596 418 1625 938.
440 1597 492 1625 26.
512 1594 581 1623 ἀλλ’
593 1593 622 1624 εῧ
637 1594 687 1625 οἷδ’
698 1595 740 1625 δ’τι
757 1595 828 1626 οὐδὲν
843 1596 875 1625 ἒιν
889 1596 994 1627 τούτων
1008 1595 1058 1632 οἶός

341 1636 371 1665 τ’
385 1638 423 1668 εἴη
437 1637 557 1676 διδάξαι.
570 1655 613 1660 -
626 1640 702 1668 Cum
723 1639 838 1668 ariosto
850 1640 990 1679 optativi,
1006 1641 1057 1669 ad-

341 1679 407 1709 dito
424 1680 467 1716 ἂν,
483 1681 585 1710 media
613 1682 763 1712 sententia
790 1683 1013 1712 Demosthenes
1029 1695 1058 1722 p.

345 1723 473 1752 Phorm.
489 1734 521 1761 p.
536 1725 610 1754 954.
631 1727 682 1760 10,
696 1724 820 1764 χρηστὸν
835 1723 863 1753 εὖ
885 1724 936 1754 οἶδ’
947 1724 990 1754 δ’τι
1005 1726 1057 1765 φή-

340 1774 420 1798 σειας
435 1765 477 1795 ἄν.
493 1766 595 1804 Epist.
608 1767 652 1796 ΙΙ.
664 1777 694 1818 p.
713 1769 807 1818 1469.
822 1769 853 1796 7.
868 1767 901 1796 τὸ
913 1769 968 1806 γὰρ
982 1768 1060 1805 ὑμᾶς

340 1808 384 1846 τῷ
396 1807 511 1846 τοιούτῳ
526 1820 625 1838 τουτον
644 1809 690 1839 τὸν
704 1808 804 1848 τρόπον
820 1809 1003 1851 κεχρησθαι
994 1810 1058 1849 mot

340 1849 396 1888 μὲν
409 1851 452 1886 ἂν,
469 1848 498 1880 εἶ’]
522 1851 574 1881 οἶδ’
594 1851 649 1886 ὅτι,
672 1853 765 1890 φανείη
781 1853 929 1892 συμφοςίι
944 1863 970 1882 c.
989 1853 1058 1882 Ma-

342 1898 416 1922 oart.
434 1904 466 1933 p.
483 1896 578 1924 1065.
595 1896 646 1924 29.
663 1895 764 1923 media
777 1895 945 1924 sententia:
970 1896 992 1924 εἰ
1005 1897 1057 1935 γάρ

340 1946 387 1970 τις
402 1954 444 1958 -
461 1947 515 1971 ,ευ
531 1936 581 1967 οἶδ’
595 1935 638 1966 δ’τι
654 1937 828 1977 ἀποκρίναιτ’
843 1937 886 1967 ἂν.
916 1937 965 1967 lta
982 1943 1011 1968 et
1027 1939 1057 1968 in

340 1978 422 2013 loco,
439 1979 468 2008 in
485 1980 786 2018 cuiusexplicatione
798 1991 964 2010 versamur.
980 1982 1057 2010 Cum

345 2021 430 2060 σάφα
457 2023 539 2060 apud
563 2023 705 2062 Euripid.
729 2023 881 2053 Phoeniss.
905 2035 935 2053 V.
961 2026 1055 2054 1610.

341 2065 447 2117 OEdipi
466 2072 535 2094 sunt
550 2066 645 2095 verba
659 2066 696 2094 ab
715 2066 937 2103 l-Ioogeveenio
954 2067 1057 2098 citata:

341 2105 391 2140 Τίς
421 2108 531 2146 ἡγεμών
556 2119 607 2148 μοι
635 2106 724 2140 ’ωοδδς
737 2109 907 2159 ὁμαρτήσει
931 2112 1056 2148 ’τυφλους

336 2147 421 2178 ‘'‘HS’
413 2162 426 2179 η
442 2150 587 2188 θανουσα,
612 2150 694 2202 ζῶσά
717 2149 745 2187 γ’
769 2152 812 2188 ἂν,
835 2150 908 2191 σάφ’
929 2151 979 2182 οἷδ’
1003 2152 1057 2182 ὃ’.τι

340 2192 591 2222 subaudiendum
615 2194 777 2233 ὁμαρτήσαι
797 2195 844 2223 vel
870 2194 1057 2225 indicativus

341 2234 510 2275 ὡμάρτησεν
535 2236 578 2271 αν,
603 2243 636 2266 ut
667 2237 810 2276 Hoogev.
856 2237 919 2266 Sed
944 2238 1059 2268 rariora

341 2276 431 2316 hujus
449 2279 583 2308 formulae
601 2280 744 2318 exempla
761 2283 830 2308 sunt
846 2280 927 2318 apud
947 2280 1057 2320 Tragi-

341 2320 413 2358 c'os;
439 2323 521 2360 apud
537 2321 681 2351 Comicos
693 2332 765 2351 vero
779 2323 816 2351 iis
830 2322 904 2351 nihil
916 2323 1056 2361 frequen-

341 2363 402 2392 tius
421 2364 580 2394 occurrit.'
613 2365 763 2404 Exempla
787 2375 826 2395 ex
853 2365 976 2403 tragicis
991 2367 1054 2396 col-

339 2405 418 2444 legit
436 2407 480 2436 Io.
494 2407 678 2446 Lentingius
691 2409 731 2446 ad,
741 2408 900 2446 Euripidis
914 2409 1055 2438 Medeam

340 2452 371 2485 p.
400 2451 474 2479 165.
490 2467 534 2472 --
555 2450 698 2489 Denique
721 2451 862 2488 jungitur
889 2451 1055 2490 participio

339 2491 458 2520 aoristi.
476 2493 699 2522 Demosthenes
718 2493 795 2522 Phil.
813 2495 918 2531 111.p.
933 2497 1006 2523 110.
1024 2495 1056 2525 5.

339 2533 388 2562 καὶ
403 2535 516 2563 πάντων
541 2532 571 2564 εὖ
586 2535 636 2565 οἶδ’
658 2535 701 2565 ἔτι
730 2537 889 2574 φησάντων.
903 2554 946 2558 —
963 2537 1054 2573 Quod

340 2586 414 2605 vero
430 2577 539 2606 attinet
559 2578 596 2607 ad
620 2579 801 2608 contrariam
818 2580 990 2614 formulam,
1008 2580 1055 2610 οὐκ

338 2617 391 2648 οἶδ’
406 2618 463 2654 ὅτι,
483 2630 548 2649 eam
572 2621 742 2658 saepissime
766 2623 906 2661 sequitur
930 2624 1052 2652 verbum

339 2661 392 2696 δεῖ,
418 2667 450 2691 ut
473 2662 502 2690 in
529 2662 708 2692 orationum
736 2664 893 2694 clausulis.
939 2666 1055 2694 Demo*-

339 2704 461 2734 sthenes
487 2715 520 2743 p.
538 2705 662 2734 Phorm.
678 2716 709 2744 p.
727 2709 802 2737 963.
820 2710 851 2736 7.
867 2707 916 2736 οὐκ
931 2706 981 2736 οἶδ’
995 2707 1012 2737 5¹
1023 2720 1052 2738 τι

339 2746 382 2777 δεῖ
394 2745 490 2776 ωλείω
506 2745 608 2785 λέγειν,
626 2747 668 2776 uti
685 2754 716 2776 et
732 2749 760 2777 in
782 2751 900 2779 Conon.
913 2760 943 2788 p.
959 2753 1054 2781 1271.

341 2791 372 2819 6.
390 2800 417 2818 e.
430 2789 570 2820 Nausim.
584 2796 615 2820 et
632 2791 803 2829 Xenopith.
816 2803 848 2830 p.
865 2795 938 2823 993.
955 2796 1008 2823 15.
1025 2804 1050 2822 c.

341 2833 460 2862 Callicl.
474 2843 506 2872 p.
523 2835 616 2864 1281.
632 2836 687 2863 10.
710 2834 820 2871 quibus
836 2835 913 2864 locis
930 2836 1052 2866 duobus

338 2876 563 2914 posterioribus
580 2875 594 2906 ὅ
609 2887 638 2905 τι
648 2876 841 2906 scribendum
858 2883 903 2907 est
914 2889 969 2916 pro
986 2880 1052 2908 vul-

340 2915 411 2956 gato
436 2917 489 2952 ὅτι,
521 2920 602 2958 quod
630 2919 703 2948 item
732 2919 862 2948 Reiskio
884 2921 925 2950 ita
951 2921 1050 2952 visum

337 2960 395 2990 fuit
410 2961 439 2990 in
456 2961 563 2991 Indice
581 2962 705 2992 Graecit.
722 2962 760 2991 ad
778 2973 806 2991 v.
824 2961 911 2996 ὅστις.
958 2964 1007 2993 Ita
1020 2969 1051 2994 et

335 3014 362 3032 c.
375 3003 537 3035 Th‘eocrin.
562 3007 709 3044 p.*1340.
726 3007 877 3036 3.‘Serm.
894 3006 995 3037 Amat.
1019 3017 1049 3047 p.

1093 314 1252 344 1415.18.
1262 324 1288 343 c.
1299 315 1395 353 Spud.
1406 315 1445 344 de
1457 315 1529 345 dote
1539 315 1651 354 legitur
1666 325 1697 354 p.
1710 318 1807 346 1019:

1093 359 1122 386 2,
1138 356 1199 396 περὶ
1213 355 1244 390 ἧς
1258 356 1305 386 οὐκ
1316 355 1366 387 οἵδ’
1381 357 1395 386 δ’
1410 368 1439 386 τι
1453 358 1496 387 δεῖ
1508 358 1607 395 λέγειν.
1653 359 1807 388 Isocrates

1095 401 1206 437 Paneg.
1224 411 1251 428 c.
1269 402 1321 430 30.
1338 399 1506 435 ωολιτείαν,
1518 418 1559 423 -—
1574 400 1602 430 ἣν
1619 400 1666 430 οὐκ
1681 399 1732 430 οἶδ’
1746 399 1762 430 5*
1777 411 1806 430 τι

1094 442 1136 471 δεῖ
1151 442 1195 471 διὰ
1211 441 1389 482 μακροτέρων
1404 441 1535 472 ἐπαινεῖν.
1564 443 1612 473 Cf.
1632 448 1662 473 et
1681 444 1805 473 l’anath.

1094 495 1125 523 p.
1142 486 1215 516 439.
1234 485 1372 514 Herodis
1385 485 1525 515 Oranus.
1541 485 1691 520 Πολιτείας
1706 488 1806 516 Oratt.

1094 529 1197 556 Graeo.
1212 528 1275 557 vol.
1293 528 1386 557 VlII.
1402 538 1433 566 p.
1445 529 1498 558 38.
1513 528 1679 558 καὶτούτων
1694 529 1741 558 οὐκ.
1756 527 1808 559 οἶδ’

1093 569 1107 598 δ’
1128 582 1158 599 τι
1181 569 1224 598 δεῖ
1244 571 1361 609 σημεῖον
1383 569 1508 600 ἄλλοθεν
1529 570 1807 603 Rafiah—Paullo

1094 612 1227 642 diversae
1241 613 1354 642 indolis
1370 623 1439 642 esse
1454 613 1575 642 videtur
1591 614 1672 652 apud
1691 614 1808 643 Demo-

1101 656 1199 684 sthen.
1213 665 1240 684 e.
1253 657 1360 694 Steph.
1377 657 1415 684 de
1431 656 1451 685 f.
1465 659 1534 685 test.
1555 656 1580 685 Ι.
1594 666 1624 694 p.
1643 659 1738 686 1103.
1755 659 1808 687 20.

1094 697 1179 730 αὐτὸς
1195 698 1241 726 οὐκ
1253 698 1284 727 ἒιν
1300 697 1350 728 οἷδ’
1365 697 1380 727 δ’
1393 709 1422 727 τι
1437 698 1509 727 ἄλλο
1525 698 1601 739 εἶχον
1612 697 1808 738 ψηφίσασθαι,

1095 744 1126 768 et
1142 749 1209 768 cum
1228 741 1363 770 occurrit
1378 746 1522 779 sequente
1538 741 1613 775 ὅπως
1629 742 1677 771 vel
1700 741 1807 771 εἴποτε.

1096 783 1323 812 Demosthenes
1341 794 1369 813 e.
1385 783 1507 812 Phorm.
1525 794 1556 822 p.
1571 786 1644 814 919.
1661 786 1712 814 19.
1727 785 1750 813 εἶ
1766 783 1809 814 οὕ-

1092 836 1150 857 τως
1163 823 1283 855 ιἐδείκνυε
1301 824 1433 865 Φοξμίων,
1450 825 1496 854 οὐκ
1511 825 1560 855 οἶδ’
1576 826 1651 860 ὅπως
1665 826 1697 856 ἂν
1713 827 1810 862 ἄλλως

1091 885 1134 889 -
1146 868 1361 904 ἀπελογήσατο.
1405 868 1568 898 AEschines
1599 879 1627 898 c.
1656 870 1809 900 Timarch.

1094 921 1122 949 p.
1137 912 1190 940 33.
1206 910 1227 938 f.
1241 912 1288 949 μα
1304 910 1351 940 τὸν
1365 910 1502 946 Διόνυσον,
1525 911 1574 940 οὐκ.
1595 911 1646 941 οἶδ’
1667 910 1748 945 ὀίω-ως
1763 913 1809 941 δυ-

1091 953 1224 992 νήσομαι.
1239 958 1270 982 et
1289 953 1513 982 Demosthenes
1525 953 1563 983 de
1585 954 1687 983 Rhod.
1706 955 1810 985 libert.

1093 1006 1125 1034 p
1140 998 1264 1026 195.1.
1290 1006 1337 1025 ουκ
1361 994 1423 1031 οἶδ’,
1449 995 1548 1025 sawo‘r'
1571 1007 1603 1026 αν
1627 994 1656 1026 εὖ
1677 999 1808 1037 φρονῆσαι

1093 1037 1246 1069 ἦθελησαν
1274 1040 1550 1070 Amnspoonm.

1104 1091 1108 1093 ⁴
1136 1098 1179 1103 ——-
1195 1084 1224 1112 8.
1245 1092 1280 1115 εις
1296 1082 1427 1111 ὁστισοῦν
1453 1081 1563 1111 δύναιτο
1584 1081 1707 1123 διδάξαι]
1732 1083 1809 1113 Rei-

1095 1124 1183 1153 skins
1215 1125 1638 1163 Exord.V1.p.1423.16
1655 1126 1693 1155 de
1717 1136 1771 1155 suo
1798 1126 1812 1156 ὅ

1093 1179 1122 1195 τι
1138 1167 1277 1196 inseruit.
1322 1166 1444 1197 Ibidem
1461 1177 1518 1205 pro
1541 1179 1578 1201 εις
1600 1167 1730 1198 ὁστισοῦν
1743 1173 1810 1198 erat

1093 1209 1167 1239 olim
1196 1220 1242 1242 τις
1267 1210 1410 1240 ὁστισοῦν.
1454 1211 1515 1240 Sed
1546 1221 1591 1244 τις
1621 1210 1808 1249 ejiciendum

1093 1253 1237 1282 censebat
1251 1253 1397 1282 Wolfius.
1422 1252 1523 1283 Nobis
1540 1263 1660 1292 quoque
1677 1252 1714 1288 εἷς
1730 1265 1808 1293 prae-

1091 1296 1250 1325 serendum
1266 1295 1404 1330 videtur,'
1418 1306 1508 1328 ηετις
1517 1296 1629 1334 saepius
1640 1302 1808 1335 repetatur.

1092 1339 1201 1376 Neque
1226 1337 1347 1367 Reiskii
1372 1339 1475 1377 placet
1496 1340 1684 1377 conjectura.
1729 1340 1807 1369 Cum

1093 1382 1215 1420 vulgata
1230 1381 1362 1410 lectione
1371 1381 1516 1411 convenit
1528 1382 1647 1412 Exord.
1659 1382 1808 1412 XXVII.

1091 1434 1123 1462 p.
1149 1426 1244 1454 1437.
1269 1425 1300 1453 7.
1324 1423 1356 1452 ἂν
1378 1423 1434 1463 μὲν
1449 1428 1502 1465 γὰρ
1526 1424 1634 1463 διδάξαι
1650 1423 1808 1455 δυνηθῶσιν.

1092 1468 1174 1506 quod
1197 1466 1302 1506 paullo
1326 1466 1416 1496 aliter
1431 1467 1662 1505 pronunciatum
1679 1471 1726 1497 est
1742 1469 1807 1498 Ex-

1092 1510 1159 1538 ord.
1176 1510 1297 1539 XXII.
1317 1520 1349 1548 p.
1374 1511 1469 1540 1432.
1493 1512 1545 1540 28.
1570 1509 1598 1538 οὗ
1618 1512 1672 1549 γαρ
1688 1511 1710 1540 οἱ
1726 1512 1810 1562 ταχυ

1092 1551 1216 1586 εἰπόντες
1230 1552 1372 1592 μαλιστα
1389 1552 1426 1585 εἰς
1449 1564 1482 1581 το
1506 1551 1534 1581 δέ
1525 1563 1562 1581 Εον
1585 1551 1724 1589 λέγουσιν,
1740 1552 1810 1583 ἀλλ

1092 1607 1118 1628 ος
1141 1608 1173 1625 αν
1196 1595 1280 1635 δείξῃ,
1302 1594 1347 1629 τίς
1376 1593 1512 1634 wagio-95?
1510 1607 1550 1625 σα
1573 1598 1735 1634 παρασκευὴ
1759 1596 1810 1626 νυνὶ

1092 1637 1403 1677 διαμεῖναιδυνησεται.
1427 1641 1703 1669 AMERSFOORDT.
1742 1640 1808 1669 No-

1094 1685 1158 1709 stro
1189 1682 1259 1710 loco
1290 1678 1328 1714 εἴς
1348 1681 1527 1719 oppositum
1558 1685 1606 1710 est
1631 1686 1808 1721 antegresso

1093 1724 1233 1756 ἅπαντες.
1257 1725 1456 1759 SCHAEFER.

1107 1774 1109 1777 “
1136 1784 1178 1788 --
1205 1766 1284 1795 ibid.
1314 1766 1432 1806 πεῖσαι]
1469 1765 1578 1805 Φςάσαι
1607 1767 1669 1796 duo
1709 1768 1811 1798 Codd.

1093 1808 1341 1838 Amerst'oordtii.
1388 1809 1454 1838 Neo
1481 1809 1647 1847 displicet:
1681 1814 1716 1839 ut
1741 1811 1808 1840 haec

1093 1861 1214 1890 quoque
1239 1851 1279 1880 sit
1304 1851 1450 1881 orationis
1478 1851 1692 1888 redundantia,
1720 1855 1808 1892 cujus

1092 1897 1138 1922 tot
1154 1893 1300 1933 exempla
1314 1894 1345 1923 in
1362 1893 1613 1924 Demosthenieis
1629 1901 1807 1926 occurrunt.

1092 1936 1145 1965 Sic
1161 1947 1192 1975 p.
1205 1939 1278 1967 283.
1293 1946 1361 1974 pen.
1375 1936 1592 1977 ἐναργές-καῖ
1603 1937 1706 1976 σαφές.
1730 1939 1809 1968 Vul-

1093 1984 1163 2018 gata
1178 1980 1302 2018 quidem
1319 1980 1471 2019 scriptura
1481 1990 1586 2019 parum
1599 1980 1722 2011 videtur
1734 1991 1808 2011 oon-

1093 2033 1201 2061 gruere
1228 2033 1297 2052 eum
1323 2023 1535 2062 sequentibus,
1555 2021 1600 2056 τίς
1622 2027 1654 2052 et
1676 2023 1750 2055 πόση
1775 2028 1808 2054 et

1094 2064 1200 2096 πόθεν.
1226 2066 1333 2096 IDEM.

1136 2126 1178 2131 -—
1209 2111 1261 2138 10.
1292 2107 1428 2151 λελύται]
1468 2108 1630 2139 Λελῦσεται
1669 2109 1807 2140 Bekker.

1092 2149 1166 2180 Sive
1190 2151 1248 2181 hoc
1275 2153 1401 2190 probes,
1429 2150 1497 2181 sive
1525 2152 1700 2187 λυθήσεται,
1724 2152 1807 2182 idem

1093 2199 1141 2222 est
1157 2204 1282 2224 sensus:
1308 2195 1398 2224 ambo
1411 2194 1490 2224 enim
1502 2195 1604 2224 valent
1617 2196 1730 2225 solutus
1739 2196 1804 2225 erit.

1093 2236 1153 2265 Sed
1170 2237 1326 2267 λελύσεται
1336 2241 1384 2266 est
1399 2237 1491 2276 paulo
1505 2237 1701 2277 exquisitius.
1724 2238 1808 2268 λελύ-

1092 2290 1141 2308 ται
1171 2280 1309 2318 praetulit
1331 2279 1473 2310 Bremius
1502 2281 1541 2309 ad
1571 2291 1602 2320 p.
1626 2281 1680 2312 45.
1697 2282 1727 2310 8.
1755 2281 1810 2311 ed.

1094 2322 1338 2354 Reisk.ID13M

1135 2368 1231 2395 ——w-
1245 2365 1310 2405 πςός
1323 2363 1466 2404 Βασιλεα]
1479 2365 1572 2405 Vulg.
1585 2365 1651 2407 προς
1662 2364 1706 2395 τὸν
1715 2366 1803 2400 βασι-

1092 2406 1157 2437 λέα,
1189 2407 1235 2437 τὸν
1253 2409 1340 2438 abest
1356 2418 1372 2437 a
1394 2408 1496 2438 Paris.
1519 2410 1630 2447 primo,
1651 2409 1800 2445 seeundo,

1092 2451 1210 2488 quinto,
1229 2450 1389 2486 Bavarico,
1414 2451 1496 2489 Aug.
1521 2452 1670 2487 secundo,
1688 2462 1802 2491 appen-

1092 2493 1160 2522 dice
1177 2494 1425 2523 Franoofnrtana.
1442 2494 1616 2524 Articulum
1627 2495 1719 2533 ejecit
1729 2495 1804 2524 Rei-

1091 2535 1188 2565 skius.
1206 2537 1311 2566 Habet
1322 2542 1420 2566 tamen
1432 2547 1494 2575 quo
1507 2548 1540 2567 se
1556 2542 1688 2567 tueatur.
1719 2538 1804 2567 Infra

1089 2589 1121 2617 p.
1132 2581 1260 2609 17921.
1273 2579 1346 2609 item
1356 2579 1467 2619 legitur
1477 2580 1538 2619 περὶ
1554 2582 1610 2609 τῶν
1624 2579 1689 2620 πρὸς
1697 2579 1744 2610 τόν
1752 2578 1806 2608 ἔα-

1090 2621 1186 2651 σιλὲα.
1232 2623 1295 2651 Sed
1310 2622 1340 2651 in
1355 2632 1399 2656 re,
1412 2624 1499 2661 cujus
1511 2622 1661 2660 judicium
1676 2622 1801 2652 difficile

1090 2670 1148 2699 est,
1161 2669 1296 2694 nostrum
1312 2674 1369 2694 non
1382 2669 1429 2695 est
1438 2665 1646 2704 pronuntiare.
1661 2665 1803 2703 Simplex

1089 2707 1226 2742 βασιλεὺς
1237 2718 1320 2746 saepe
1333 2708 1371 2736 de
1384 2708 1547 2737 Persarum
1557 2717 1628 2746 rege
1638 2707 1805 2744 invenitur,

1089 2751 1171 2788 quod
1188 2751 1384 2780 notissimum
1406 2755 1464 2780 est.
1507 2751 1601 2789 Apud
1618 2750 1803 2781 Demosthe-

1089 2802 1155 2822 nem
1180 2793 1323 2831 exempla
1351 2797 1421 2822 sunt
1435 2793 1589 2832 plurima:
1615 2792 1646 2821 in
1664 2793 1750 2822 Orat.
1775 2804 1804 2823 c.

1088 2835 1222 2865 Timoth.
1238 2846 1269 2874 p.
1286 2837 1383 2866 1185.
1398 2838 1452 2866 20.
1474 2846 1506 2875 p.
1525 2837 1622 2865 1191.
1646 2838 1698 2866 20.
1722 2847 1748 2866 s.
1769 2847 1802 2875 p.

1090 2881 1184 2909 1192.
1209 2881 1261 2909 22.
1283 2879 1332 2908 ed.
1349 2878 1461 2908 Reisk.
1485 2877 1570 2908 alibi.
1595 2878 1802 2908 Philostratus

1087 2920 1127 2950 V.
1145 2921 1240 2959 Soph.
1253 2922 1278 2950 I.
1297 2921 1428 2951 XVIII.
1443 2929 1478 2961 p.
1490 2921 1566 2951 507.
1582 2921 1604 2950 οἱ
1618 2919 1674 2960 μὲν
1688 2919 1807 2951 Cae-1222·

1085 2961 1232 2994 ἐπιτήδειοι
1257 2962 1338 2994 ’ἦα-αν.
1382 2965 1428 2993 Ac
1451 2974 1519 2993 raro
1550 2963 1683 3002 simplex
1713 2963 1800 2996 βασι-

1085 3007 1150 3040 λεὺς
1161 3007 1201 3036 de
1221 3006 1280 3037 alio
1296 3016 1385 3046 quam
1401 3007 1440 3036 de
1457 3007 1621 3037 Persarum
1636 3015 1709 3046 rege
1721 3005 1799 3037 dici-
