1931 3323
335 190 418 231 280

336 294 435 324 malim
451 298 548 324 tamen
565 293 599 325 δι’
612 295 643 325 ἅ.

375 355 418 359 -
436 340 485 368 18.
509 338 632 379 orm-385]
649 338 714 368 scil.
731 340 780 369 τοῦ
795 337 938 378 ἦμετέςου.

376 398 419 402 -——
443 382 493 410 23.
531 380 634 422 λέγων]
663 387 693 412 et
716 393 744 412 v.
773 384 823 411 26.
859 380 1034 419 ψευδόμενος,

333 423 414 461 quod
429 427 476 451 est
496 423 609 453 dictum
636 423 660 454 ἓν
681 425 725 454 διὰ
750 425 830 460 δυοῖν,
852 435 907 462 pro
929 422 1034 460 ψευδῶς

333 463 432 503 λέγων,
448 466 485 494 ad
501 466 697 497 Theocrinem
715 468 803 497 redit.
849 468 949 496 Causa
969 467 1033 496 haec

333 507 508 538 Charidemi
524 510 610 548 plane
626 511 712 540 nobis
728 515 775 539 est
790 511 927 539 obscura.

378 552 472 581 1339.
486 553 536 582 13.
553 551 644 582 δίδωσι
657 552 714 593 ‘mgni
730 554 777 583 τῆν
792 552 882 592 λῆξιν]
898 551 1032 582 Wolfius

333 593 430 623 edidit
445 593 536 624 δίδωσι
552 597 661 636 πρώτην
680 595 764 634 λῆξιν.
788 597 869 634 quod
890 605 958 624 cum
981 594 1034 623 da-

332 643 448 666 mnaret
471 638 631 676 Taylorus,
653 645 749 668 tamen
771 638 801 667 in
826 638 960 668 editione
981 648 1034 666 sua

333 679 477 709 reddidit.
504 681 532 709 in
552 682 621 710 Ald.
637 686 668 710 et
685 682 796 710 Bavar.
814 685 860 709 est
877 679 952 719 πςός.
977 680 1034 708 du-

333 722 401 751 bins
413 733 504 757 mam,
515 734 584 752 num
599 724 685 762 plane
698 724 842 758 delerem,
854 722 1033 751 auctoritate

330 764 427 794 fretus
443 766 621 804 Augustani,
646 776 662 794 a
679 776 739 803 quo
765 765 850 804 plane
876 766 972 799 abest,
996 774 1033 793 an

331 817 483 837 servarem
511 807 584 848 πρός.
618 808 732 846 placuit
758 807 878 837 tandem
908 807 1033 842 servari,

332 851 387 880 sed
403 851 458 885 sic,
474 854 507 878 ut
523 851 608 880 uncis
622 850 819 880 includerem.
839 850 961 879 videtur
977 850 1033 878 du-

331 894 404 932 plex
425 893 453 922 in
481 893 567 922 libris
592 894 723 932 antiquis
739 893 810 922 olim
830 898 948 922 versata
964 902 1033 922 esse

328 936 358 965 h.
376 936 395 965 l.
415 935 516 965 lectio.
533 935 625 965 altera
638 937 718 965 haeo:
744 935 838 965 δίδωσι
854 937 971 976 προσιὼν
986 937 1034 966 τὴν

332 977 417 1016 λῆξιν.
442 979 545 1013 altera,
561 989 627 1017 quae
644 989 720 1009 voce
735 978 793 1008 ista
816 981 933 1020 προσιὼν
948 989 1033 1008 care-

332 1025 389 1050 ret.

374 1065 468 1095 1333.
487 1066 516 1094 6.
540 1065 603 1098 τοὺς
623 1064 789 1106 παξίινομα]
810 1075 873 1094 mos
889 1065 1032 1104 loquendi

328 1107 462 1145 postulat
476 1108 538 1139 τοὺς
554 1109 593 1137 τοὶ
607 1108 777 1147 παράνομα.

373 1167 416 1172 ——
441 1152 493 1180 14.
517 1149 687 1190 μαξτυξίοιι]
713 1151 812 1180 malim
839 1148 980 1191 μαρτυρία.
1002 1150 1032 1180 in

331 1192 489 1231 singulari.
514 1203 581 1222 nam
604 1194 692 1222 unius
716 1194 921 1223 Aristomachi
948 1194 1032 1223 testi-

329 1236 462 1265 monium
483 1237 639 1266 recitatur.
663 1240 694 1266 et
714 1236 758 1266 sic
773 1236 895 1275 reperio
912 1247 1031 1275 quoque

331 1278 451 1308 nuncin
465 1280 544 1316 Aug.
558 1284 721 1309 exaratum.
739 1290 831 1319 quare
844 1279 888 1309 sic
902 1279 1031 1309 restitui.

372 1339 416 1344 ——
433 1323 483 1351 17.
507 1321 620 1362 λαβεῖν]
635 1333 653 1351 α
673 1322 775 1362 quibus
795 1332 875 1352 ‘nemo
898 1323 966 1351 velit
983 1332 1032 1360 pe-

329 1366 446 1394 cuniam
460 1365 599 1403 accipere,
612 1369 643 1395 et
659 1376 694 1394 ne
710 1364 739 1394 in
756 1371 885 1395 mentem
909 1365 1031 1403 quidem

331 1406 388 1436 sibi
409 1407 512 1436 venire
535 1418 617 1446 spem
645 1408 759 1437 ferendi
785 1409 821 1437 ab
843 1408 882 1437 iis
904 1408 1031 1446 alicujus

330 1450 536 1485 emolumenti,
564 1451 645 1488 quod
671 1451 750 1480 inter
770 1461 875 1480 omnes
900 1455 1030 1484 constet,

329 1503 382 1522 eos
398 1503 455 1521 non
471 1493 545 1522 dare
561 1492 732 1531 pecuniam,
750 1494 803 1523 sed
819 1494 955 1532 exigere.

370 1553 413 1558 —
423 1538 473 1565 22.
490 1535 651 1577 Θουκυδίδῃ]
666 1536 744 1565 adde
759 1536 862 1572 tacite,
874 1537 903 1565 in
921 1539 1030 1572 mente,

329 1588 396 1608 cum
415 1578 504 1617 legis,
520 1580 563 1617 μὴ
580 1579 743 1609 πιστεύετε.
767 1580 857 1609 ‘notite
871 1580 994 1609 credere.

372 1624 465 1652 1334.
482 1624 512 1651 1.
536 1620 673 1662 πρόφασίς
700 1621 764 1651 ἐστι
790 1624 840 1656 τῆς
863 1620 993 1660 ἐνδείξεως
1017 1622 1030 1651 ἦ

327 1664 434 1704 γραφὴ]
480 1665 634 1694 Sententia
671 1664 795 1694 videtur
833 1675 901 1694 esse
940 1665 1003 1693 haec
1023 1675 1028 1693 z

327 1706 526 1736 Theocrinem
544 1717 601 1735 non
619 1707 679 1736 alia
694 1708 732 1737 de
752 1718 843 1736 causa
864 1707 1030 1745 majestatis

329 1759 488 1779 accusasse
521 1750 768 1785 Demosthenem,
797 1760 884 1788 quam
914 1754 946 1778 ut
973 1750 1030 1778 hoc

329 1792 455 1821 obtentu
472 1803 532 1821 suae
557 1792 701 1822 adversus
718 1802 786 1822 eum
809 1792 983 1827 simultatis,
1001 1797 1031 1821 et

327 1835 468 1872 jactanda
494 1835 530 1863 ad
559 1835 706 1873 populum
732 1845 786 1864 sua
815 1834 972 1872 vigilantia
1000 1839 1030 1863 et

330 1877 493 1906 acerbitate
525 1887 596 1916 erga
623 1888 735 1912 omues,
764 1877 814 1916 qui
843 1879 1031 1916 majestatem

329 1920 435 1958 populi
458 1920 643 1949 deminutum
668 1921 757 1956 irent,
779 1924 933 1950 averteret
954 1929 971 1948 a
998 1930 1030 1949 se

329 1962 491 1992 discrimen
508 1964 565 1992 hoc-
578 1965 629 1996 τῆς
644 1961 782 2002 ἐνδείξεως.

371 2023 414 2028 -—-
436 2008 467 2036 3.
506 2004 663 2045 ψήφισμα]
694 2006 815 2036 correxi
846 2004 1030 2045 ψηφίσματα

328 2058 397 2078 meo
408 2048 538 2087 judicio.
558 2053 627 2078 sunt
643 2048 722 2078 enim
739 2049 799 2078 duo
816 2049 1030 2087 psephismata,

328 2091 519 2132 Thucydidis
543 2102 645 2127 unum,
661 2091 788 2122 alterum
804 2092 1030 2121 Demosthenis.

328 2144 359 2163 v.
374 2144 405 2172 p.
422 2136 516 2164 1333.
530 2137 580 2165 20.
592 2140 623 2164 et
633 2146 662 2165 v.
676 2136 706 2163 3.
720 2140 751 2164 et
767 2135 893 2164 totidem
910 2145 1030 2173 quoque

327 2176 505 2206 Theocrinis
522 2182 607 2206 erant
622 2176 740 2216 γραφαὶ,
756 2187 814 2206 una
830 2182 935 2207 contra
949 2178 1030 2207 Thu-

328 2218 481 2258 cydidem,
499 2219 593 2249 altera
607 2224 711 2249 contra
728 2221 973 2249 Demosthenem.

371 2263 454 2291 -7.
481 2262 559 2302 οὔτε]
584 2266 636 2292 aut
660 2261 733 2292 οὐδὲν
756 2268 803 2292 est
827 2263 886 2301 leg.
903 2267 955 2292 aut
978 2262 1030 2293 illo

329 2310 461 2340 servato,
478 2306 579 2335 statim
597 2309 666 2344 post
682 2316 738 2344 pro
753 2307 836 2335 τοῦτο
850 2304 877 2335 δὲ
894 2305 950 2334 hoc
962 2305 1030 2344 ipso

328 2357 417 2377 versu
442 2347 502 2386 leg.
524 2352 571 2377 est
594 2347 679 2377 τοῦτο’
701 2360 744 2378 τε.
768 2349 822 2377 sed
838 2349 924 2387 prius
941 2348 1028 2377 malo.

328 2391 390 2419 Pro
415 2389 493 2423 ἐνίους
519 2391 625 2420 maluit
645 2391 735 2420 Wolf
752 2390 896 2426 Τενεδίους,
917 2391 1030 2430 Taylor

328 2438 426 2462 autem
454 2444 522 2462 cum
545 2434 650 2472 majori
680 2434 893 2472 probabilitate
918 2431 1029 2469 Αἰνίους,

331 2475 440 2511 Hirtius,
466 2476 583 2505 incolas
612 2476 696 2511 AEni,
725 2477 808 2506 urbis
836 2477 865 2506 in
892 2477 1029 2506 Thracia.

330 2518 427 2546 Etiam
446 2518 494 2547 hie
508 2519 607 2554 locus,
620 2524 652 2548 ut
666 2519 716 2548 alii
730 2520 849 2558 quidam
863 2520 924 2548 loci
941 2520 1029 2557 hujus

327 2560 483 2596 orationis,
498 2566 546 2590 est
561 2564 779 2600 perobscurus,
796 2567 921 2601 propter
944 2562 1029 2601 igno-

326 2603 470 2631 rationem
497 2614 607 2633 causae.
655 2606 817 2634 Nescimus
844 2605 934 2637 enim,
957 2605 1029 2643 quid

327 2645 521 2684 Thucydides
550 2657 604 2676 suo
633 2647 851 2687 psephismate,
872 2647 944 2686 quid
969 2648 1031 2676 De-

326 2688 499 2717 mosthenes
519 2699 571 2717 suo
588 2689 771 2726 decreverit,
794 2691 866 2729 quid
882 2691 1028 2720 Theocri-

327 2740 380 2759 nes
404 2735 509 2760 contra
534 2732 735 2761 accusaverit.
782 2734 875 2762 Haud
898 2733 972 2768 scin,
993 2743 1029 2762 an

327 2772 393 2802 haec
409 2774 550 2813 loquendi
564 2775 736 2803 obscuritas
754 2776 898 2813 ponderis
913 2776 1029 2814 aliquid

326 2824 428 2845 eorum
464 2817 622 2846 sententiae
652 2817 754 2851 addat,
782 2818 833 2855 qui
865 2818 1029 2848 orationem

325 2858 401 2887 hanc
420 2859 634 2888 Demosthenis
646 2869 712 2888 esse
728 2864 844 2898 negant.

368 2917 410 2923 -·
425 2904 455 2931 8.
479 2901 743 2940 συκοφαντούμενοι]
756 2907 785 2931 et
799 2902 984 2940 πυθανόμενοι
998 2914 1026 2932 v.

328 2946 378 2972 10.
396 2944 464 2973 scil.
479 2945 575 2979 AEnii,
588 2949 617 2973 et
634 2945 717 2974 τοῦτο
732 2944 865 2985 ἐ’πξαξαν,
880 2943 944 2985 ὅπερ
961 2946 1027 2974 ἀνα-

323 2987 418 3022 γκαῖον
432 2984 461 3016 ἦν
477 2987 582 3022 αὐτοῖς,
599 2998 625 3017 v.
643 2989 692 3016 17.
708 2987 785 3016 inter
803 2998 834 3018 se
851 2988 1011 3017 cohaerent.

716 190 751 230 l.
775 190 808 231 Ι.
832 189 1051 232 REISKE
1080 189 1163 230 AN
1168 189 1407 233 NOTATA

1109 311 1151 316 —-
1171 297 1222 325 16.
1246 295 1486 337 παραδεξάμενον]
1509 296 1542 326 id
1567 299 1624 332 est,
1645 295 1771 337 ὺποσχό·

1066 347 1158 376 μενον,
1172 343 1205 367 ut
1222 339 1363 368 Latinum
1383 341 1532 378 recepisse,
1547 339 1576 368 11.
1593 348 1620 369 e.
1637 348 1770 377 spopon-

1068 381 1162 410 disse.
1185 381 1280 410 rarior
1295 382 1358 411 haec
1377 382 1462 411 verbi
1479 381 1671 421 significatio.

1110 441 1152 445 —
1182 426 1233 453 17.
1267 424 1381 464 ταῦτα]
1411 425 1514 454 malim
1544 424 1651 454 ταῦτίν.
1679 434 1709 453 v.
1737 433 1768 461 p.

1068 467 1162 496 1335.
1178 469 1209 496 4.
1224 472 1328 505 partes
1348 467 1438 503 tueri,
1453 467 1555 498 studia
1576 467 1681 497 eadem
1705 465 1771 504 agi-

1067 513 1141 539 tare.

1110 553 1204 582 1335.
1221 553 1252 581 7.
1276 551 1482 593 ἓνδεκάζοντας]
1499 551 1622 582 diffinite
1638 561 1707 581 cum
1731 550 1772 580 sit

1067 594 1106 624 de
1123 594 1288 634 scriptione
1314 599 1344 624 et
1369 594 1589 634 significatione
1611 595 1701 633 hujus
1716 603 1770 623 vo-

1068 637 1168 666 cabuli
1198 638 1410 676 pronunciare,
1441 637 1693 678 acquiescendum
1724 641 1772 666 est

1069 681 1330 717 grammaticorum
1357 681 1395 710 de
1420 691 1457 710 eo
1484 680 1615 710 traditis.
1650 680 1771 710 videtur

1068 721 1216 762 ἔνδεκίιζειν
1249 723 1329 752 idem
1365 734 1432 753 esse
1467 728 1556 762 atque
1590 721 1772 762 συνδεκάζειν.

1068 763 1135 793 istae
1153 766 1221 794 duae
1236 766 1467 804 praepositiones
1483 765 1509 797 ἐν
1528 769 1559 795 et
1579 767 1628 795 σὺν
1643 775 1724 804 saepe
1740 765 1770 794 in

1068 807 1248 845 compositis
1266 809 1367 842 verbis
1382 809 1463 839 inter
1479 820 1512 839 se
1534 808 1690 840 alternant.
1713 807 1772 837 erit

1069 860 1143 889 ergo
1171 850 1350 888 significatio
1378 852 1468 890 hujus
1494 852 1591 886 verbi,
1619 862 1676 880 una
1702 861 1769 880 cum

1068 892 1127 921 alio
1155 894 1279 923 eandem
1304 894 1470 929 decuriam,
1486 895 1516 923 h.
1531 905 1558 923 e.
1581 894 1770 928 societatem,

1069 935 1256 971 sodalitium,
1293 936 1469 975 collegium,
1498 937 1701 975 frequentare.
1739 936 1770 965 in

1067 979 1243 1008 istiusmodi
1261 979 1361 1008 verbis
1379 983 1409 1007 et
1422 979 1512 1008 dictis
1528 979 1772 1017 proverbialibus

1068 1031 1125 1051 non
1151 1022 1229 1051 solet
1255 1021 1393 1061 analogia
1420 1021 1616 1060 grammatica
1643 1021 1771 1051 strictis-

1068 1065 1143 1094 sime
1170 1065 1347 1102 observari3
1372 1065 1539 1094 seeundum
1555 1075 1642 1104 quam
1666 1064 1769 1103 utique

1067 1106 1266 1148 συνδεκατίζειν
1279 1108 1388 1137 melius
1404 1107 1614 1138 conveniebat.

1110 1169 1151 1173 —
1169 1153 1219 1180 10.
1242 1151 1368 1191 τούτους]
1396 1150 1518 1180 correxi
1542 1149 1678 1186 ταύταις,
1701 1150 1769 1180 scil.

1066 1194 1133 1228 ταῖς
1147 1194 1316 1234 προφάσεσι.

1108 1254 1149 1259 —
1167 1239 1218 1266 17.
1240 1238 1303 1270 τοὺς
1325 1236 1426 1271 αὐτοὺς
1450 1237 1517 1275 ὑμῖν
1540 1236 1654 1270 τούτους
1677 1236 1769 1275 παρά-

1066 1280 1194 1320 σχηται]
1211 1280 1293 1308 dedi.
1316 1280 1425 1309 easdem
1442 1280 1516 1318 ipsas
1536 1279 1619 1319 leges.

1107 1340 1150 1344 —
1165 1326 1218 1353 18.
1240 1325 1294 1351 τῶν
1314 1321 1389 1356 ὅπως
1411 1321 1498 1362 ἔτυχε
1523 1320 1672 1359 λεγόντων]
1688 1320 1769 1350 idem

1066 1370 1113 1393 est
1139 1376 1173 1394 ac
1201 1366 1227 1394 si
1253 1365 1402 1395 dixisset:
1430 1364 1443 1395 ἢ
1468 1365 1531 1394 ὅταν
1556 1363 1628 1397 τινὲς
1651 1362 1770 1401 λέγουσιν

1066 1406 1139 1440 ὅπως
1154 1406 1252 1449 ἐ’τυχε.

1107 1468 1150 1472 —-
1165 1451 1241 1481 ibid.
1265 1451 1344 1480 ἀλλὰ
1360 1451 1426 1485 τοὺς
1440 1449 1554 1490 αὐτοὺς]
1572 1448 1601 1477 id
1619 1453 1676 1483 est,
1689 1449 1770 1479 ἀλλὰ

1066 1491 1109 1522 δεῖ
1121 1492 1238 1533 νομίζειν
1253 1493 1339 1532 ὑμᾶς,
1357 1494 1420 1527 τοὺς
1432 1491 1529 1531 νόμους
1545 1490 1609 1521 εῖναι
1633 1492 1698 1526 τοὺς
1720 1491 1771 1521 αὐ-

1065 1536 1139 1571 τοὺς,
1155 1535 1199 1565 ἐάν
1214 1535 1247 1565 τέ
1263 1548 1307 1570 ’τις
1328 1535 1427 1568 αὐτοὺς
1448 1535 1515 1574 ὑμῖν
1536 1534 1727 1575 παράσχηται
1741 1532 1771 1564 εὖ

1066 1579 1126 1612 τοῖς
1147 1578 1265 1619 ὀνόμασι
1290 1577 1478 1618 συμπλέξας,
1499 1576 1546 1606 ἐάν
1558 1588 1591 1607 τε
1609 1577 1677 1618 λέγῃ
1694 1577 1770 1611 ὅπως

1065 1619 1167 1662 ἔτυχε.

1108 1682 1150 1686 -—-
1165 1667 1217 1694 21.
1240 1663 1392 1694 τούναντίον
1404 1662 1484 1703 ἐστὶ]
1502 1664 1685 1693 contrarium
1706 1663 1771 1701 ejus

1065 1716 1165 1735 verum
1181 1713 1231 1742 est,
1248 1708 1321 1747 quod
1338 1707 1383 1736 hic
1407 1705 1546 1746 offirmat-
1567 1705 1693 1735 affirmat
1717 1716 1770 1735 au-

1066 1754 1125 1777 tem
1149 1749 1348 1784 Theocrines‚
1373 1759 1405 1778 se
1427 1760 1444 1778 a
1473 1748 1613 1778 sodalitio
1636 1749 1768 1787 quodam

1065 1791 1253 1821 inimicorum
1271 1792 1421 1830 superari,
1439 1792 1493 1821 sed
1509 1796 1613 1820 contra
1629 1796 1686 1821 est.
1711 1801 1769 1821 non

1065 1833 1128 1868 ille,
1141 1835 1191 1864 sed
1210 1844 1266 1875 ego
1283 1835 1320 1863 ab
1333 1834 1505 1864 istiusmodi
1522 1833 1655 1872 collegio
1669 1833 1769 1864 inimi-

1065 1887 1166 1906 eorum
1183 1882 1288 1906 contra
1303 1887 1351 1906 me
1375 1877 1617 1916 conspiratorum
1642 1876 1770 1907 afflictus

1066 1929 1142 1949 sum.

1108 1980 1146 1985 -
1165 1965 1215 1993 Qss,
1241 1962 1336 1996 ἐκεῖνος
1351 1961 1374 1991 δ’
1389 1963 1428 1998 οὐ,
1444 1961 1536 2002 δῆλος]
1560 1961 1681 1992 correxi
1701 1960 1768 1991 ἐκεί-

1064 2016 1124 2040 νως,
1144 2005 1231 2041 δῆλον,
1254 2006 1375 2035 caeteris
1398 2005 1531 2035 omissis.
1555 2004 1605 2035 hoc
1625 2005 1715 2040 modo,
1737 2014 1769 2034 ex

1066 2047 1120 2078 hac
1132 2049 1310 2083 narratione,
1325 2048 1465 2078 constabit
1480 2047 1567 2077 vobis.

1108 2093 1202 2122 1336.
1220 2095 1250 2122 4.
1274 2091 1386 2131 τοῦτον]
1406 2091 1650 2120 Demosthenem.

1107 2151 1149 2156 -·
1165 2136 1217 2164 12.
1241 2132 1490 2174 ἀνθυπωμόσατο]
1506 2133 1589 2163 Citat
1607 2133 1638 2162 h.
1652 2133 1671 2162 l.
1687 2132 1769 2162 Har·

1065 2187 1150 2216 poor.
1167 2188 1196 2206 v.
1213 2175 1450 2215 ἀνθυπωμόσατο.

1107 2237 1148 2241 -
1173 2219 1247 2250 ibid.
1272 2217 1457 2258 ἐπήγγελκεν]
1481 2228 1551 2247 1111111
1570 2216 1766 2255 ,eleimonem

1064 2262 1123 2291 nisi
1140 2262 1165 2292 si
1182 2261 1373 2300 ἐπαγγέλλειν
1387 2267 1445 2297 est,
1461 2261 1537 2290 diem
1553 2260 1658 2296 dicere,
1672 2262 1704 2290 in
1709 2261 1766 2299 ju-

1065 2305 1176 2334 dicium
1191 2315 1301 2335 vocare.

1106 2365 1148 2369 —
1166 2351 1216 2379 1¹2.
1239 2346 1333 2387 αὐτῷ]
1350 2346 1558 2377 Demostheni.

1107 2408 1149 2413 —-—
1165 2394 1216 2421 22.
1240 2387 1329 2429 οὗτοι]
1356 2389 1499 2420 advocati
1519 2389 1711 2425 Theocrinis,
1726 2389 1766 2419 si-

1065 2434 1205 2463 multates
1223 2443 1290 2462 cum
1307 2433 1514 2462 Demosthene
1535 2431 1722 2462 simulantes.

1109 2478 1202 2506 1337.
1216 2479 1268 2506 12.
1283 2475 1397 2505 κωλύειν
1408 2475 1440 2505 τὸ
1454 2474 1596 2515 πρᾶγμα]
1612 2479 1662 2504 aut
1678 2474 1766 2514 plane

1064 2519 1196 2548 delenda
1208 2523 1278 2548 sunt
1291 2519 1354 2548 haec
1367 2519 1472 2554 verba,
1485 2523 1536 2547 aut
1549 2518 1573 2547 si
1587 2518 1673 2546 locus
1688 2517 1765 2556 ipsis

1066 2572 1139 2591 suus
1154 2561 1370 2601 relinquendus
1387 2566 1486 2590 tamen
1504 2564 1561 2594 est,
1578 2559 1679 2589 malim
1703 2561 1768 2594 τοὺς

1064 2603 1222 2638 κωλύοντας
1249 2603 1282 2633 τὸ
1312 2605 1455 2645 πρᾶγμα.
1493 2608 1552 2632 tam
1582 2603 1766 2632 instituenda

1063 2649 1177 2677 actione
1193 2657 1225 2676 esc
1240 2657 1270 2677 eo
1284 2656 1400 2687 genere,
1415 2647 1464 2676 cui
1480 2655 1581 2674 nomen
1602 2651 1641 2674 est
1661 2647 1765 2684 γραφὴ,

1063 2700 1150 2729 quam
1165 2689 1362 2720 adscribendis
1373 2695 1398 2719 et
1410 2686 1591 2729 prtferemlis
1600 2686 1690 2716 verbis
1700 2688 1766 2726 ipsis

1063 2743 1164 2762 earum
1181 2732 1288 2772 legum,
1305 2742 1366 2771 quae
1380 2742 1440 2761 rem
1454 2729 1594 2768 ejusmodi
1605 2735 1712 2759 vetant.

1106 2793 1148 2797 ——
1164 2777 1214 2805 20.
1238 2774 1334 2814 οὐδεὶς]
1359 2778 1429 2812 post
1453 2771 1536 2806 οὐδεὶς
1552 2772 1638 2801 deest
1658 2769 1689 2802 τί
1713 2772 1765 2811 φή-

1062 2828 1169 2858 σωμεν,
1193 2817 1242 2847 vel
1267 2817 1364 2847 simile
1388 2816 1471 2855 quid.
1494 2824 1560 2843 nam
1584 2814 1659 2844 alias
1682 2814 1766 2844 labat

1062 2860 1259 2890 constructio.
1284 2859 1415 2898 pendent
1429 2857 1481 2887 isti
1503 2856 1641 2886 infinitivi
1659 2857 1765 2896 φροντί-

1063 2902 1116 2943 ζειν
1131 2906 1161 2931 et
1175 2902 1275 2940 ἀξιοῦν.

1105 2963 1146 2967 —-
1159 2947 1210 2974 27.
1228 2942 1432 2982 ἀγνοήσαντας]
1447 2942 1566 2971 correxi
1580 2941 1762 2979 ἀγνοήσοντας

1063 2987 1092 3016 in
1107 2988 1216 3017 futuro.
1233 2986 1314 3025 quasi
1327 2995 1372 3015 vos
1384 2986 1529 3025 ignoretis,
1545 2988 1596 3014 aut
1607 2985 1672 3014 sitis
1683 2985 1766 3025 ignu-
