1948 3322
283 207 366 249 AD
400 206 498 249 OR.
532 204 615 247 DE
646 201 973 246 CLASSIBUS
1004 203 1123 244 VEL
1152 203 1486 247 COLLEGIIS.

202 317 275 348 186.
290 316 321 345 6.
343 312 456 354 ἑκατὸν]
477 311 654 351 Wesseling
673 311 711 341 ad
736 311 866 341 Diodor.

158 358 219 389 Sic.
232 359 268 388 Τ.
283 358 309 388 1.
324 367 356 396 p.
367 358 443 387 413.
454 356 484 385 b.
494 360 600 385 auctor
615 355 659 390 fit,
677 359 710 384 ut
724 352 867 389 διακοσίας

159 402 288 439 legatur.
298 400 386 437 eujus
401 398 568 428 lectionis
559 408 628 438 ipse
642 398 866 428 Demosthenes

159 444 228 474 aliis
242 442 320 473 locis
330 442 429 471 factus
443 446 500 472 est.
536 441 676 471 Verum'
667 451 699 471 111
714 440 865 480 ejusmodi

158 486 244 522 locis,
265 495 324 515 non
347 484 422 514 fides
448 494 547 515 rerum
577 488 730 521 gestarum
757 494 866 513 severe

158 529 196 559 ad
211 527 406 558 auctoritates
419 528 629 558 memoriarum
645 532 692 557 est
701 526 865 565 exigenda,

157 571 210 601 sed
221 575 386 607 oratorum,
398 581 466 610 quae
481 571 522 600 sit
530 570 709 605 identidem,
724 574 866 610 spectan-

156 614 197 644 da
225 614 365 644 intentio.
411 615 559 644 Intererat
588 613 730 650 oratoris,
760 613 866 652 copias

156 656 390 687 Atheniensium
414 657 548 692 navales,
563 666 631 695 quae
645 661 706 686 tum
723 657 866 693 fuissent,

154 700 268 730 elevari
278 705 309 729 et
318 699 464 736 imminui,
476 701 638 730 Persarum
650 700 765 738 augeri.
786 701 864 729 Nam

154 743 198 772 sic
226 743 400 773 concludit:
433 743 464 772 Si
489 742 719 772 Atheniensium
743 742 864 778 classis,

153 795 242 825 quam
255 790 374 816 centum
391 787 483 815 modo
499 786 630 815 navibus
647 786 789 816 conclusa
802 791 863 815 tum

154 834 230 864 erat,
247 829 368 859 Xerxis
389 834 450 859 tam
468 839 658 859 numerosam
672 829 801 859 classem
819 829 865 859 vi-

154 871 214 910 cit3
238 877 349 911 quanto
365 872 545 902 credibilius
561 877 610 902 est
631 873 766 902 futurum
784 883 865 908 esse,

152 918 185 944 ut
202 914 310 945 classis
332 915 575 951 Atheniensium,
593 926 661 955 qnae
676 926 756 945 nunc
773 916 864 955 triplo

155 962 203 987 est
218 958 348 993 auctior,
358 958 487 988 classem
498 959 662 989 Persarum
676 958 785 994 vincat,
797 969 865 998 quae

153 1011 233 1031 nnnc
249 1006 298 1031 est
310 1001 405 1040 duplo
418 1001 525 1037 minor,
539 1012 628 1041 quam
644 1001 717 1031 olim
733 1008 807 1032 erat.

197 1061 241 1068 -—
251 1046 302 1076 15.
317 1047 374 1079 τὰς
383 1044 494 1085 κςήνας]
510 1044 630 1083 praetuli
646 1045 676 1075 αἰ
690 1047 792 1085 κρῆναι.
807 1056 864 1074 non

154 1098 214 1127 quo
232 1088 355 1126 vulgata
368 1087 537 1117 rationibus
552 1087 665 1127 lingua}
682 1089 797 1116 Graecae
813 1088 865 1117 ad-

155 1135 310 1167 versetur,
334 1140 401 1160 uam
425 1130 568 1160 convenit
590 1134 620 1159 et
643 1140 710 1159 cum
739 1140 807 1166 usu,
832 1135 863 1160 ut

150 1173 283 1212 πέφυκεν
303 1173 444 1203 absolute
463 1178 495 1203 et
516 1172 763 1212 impersonaliter
777 1183 865 1203 usur-

151 1222 243 1255 petur
256 1216 293 1246 ad
310 1216 550 1256 significandum,
567 1222 674 1246 natura
698 1226 798 1246 rerum
821 1217 865 1246 ita

152 1263 357 1298 comparatum
382 1265 442 1295 est,
465 1264 497 1289 et
524 1264 587 1289 tum
611 1263 695 1289 recte
718 1265 865 1299 sequetur

152 1303 347 1333 accusativus
374 1312 442 1332 cum
467 1302 632 1339 infinitivo,
657 1308 690 1331 nt
715 1303 813 1332 fontes
835 1308 866 1334 et

153 1345 239 1385 putei
262 1349 451 1381 exarescant,
467 1345 518 1376 vel
534 1346 732 1376 deficiant—
744 1356 864 1376 verum·

153 1394 252 1418 tamen
269 1389 365 1419 altera
378 1388 472 1419 lectio
486 1388 560 1419 mihi
586 1393 662 1425 tum,
678 1390 782 1419 nescio
799 1391 864 1429 qui,

155 1432 252 1471 magis
267 1433 464 1471 probabatur.

196 1493 239 1497 —
254 1477 305 1505 18.
320 1474 470 1515 ἀκούσετε]
495 1474 615 1505 correxi
633 1475 796 1506 ἀκούσεται.
815 1487 862 1506 re-

154 1518 201 1547 dit
216 1519 295 1548 enim
311 1519 350 1548 ad
361 1528 465 1559 regem
479 1519 656 1548 Persarum.

198 1563 270 1592 187.
289 1564 318 1591 1.
335 1561 440 1603 ἄλλην]
457 1562 485 1591 si
502 1567 651 1598 servatur,
660 1573 758 1603 accipi
771 1563 864 1592 debet

151 1614 207 1643 pro
222 1602 353 1640 5'7mv,vel
371 1607 479 1635 πᾶσαν.
494 1609 599 1635 eontra
612 1609 704 1635 totam
715 1606 863 1646 reliquam

151 1647 314 1683 Graeciam,
332 1653 462 1687 excepta
479 1649 575 1688 patria
591 1658 655 1678 sua.

193 1708 235 1713 --
248 1690 324 1720 ibid.
344 1690 453 1731 ἐλθεῖν]
477 1692 544 1722 scil.
560 1691 627 1722 sive
649 1693 863 1729 πολεμήσοντα,

150 1732 215 1763 sive
238 1733 497 1775 μισθοφορήσοντα.
543 1734 623 1765 Aliis
645 1735 674 1764 in
703 1735 790 1765 libris
815 1741 864 1765 est

150 1775 268 1807 ἐθέλειν.
295 1778 376 1816 quod
400 1778 426 1807 si
451 1778 609 1817 probatur,
632 1778 725 1807 tacite
750 1779 862 1808 iteran-

151 1819 223 1849 dum
240 1825 288 1850 est
301 1821 486 1861 μισθοφορεῖν
500 1832 517 1850 e
533 1831 566 1861 p.
584 1823 658 1851 186.
671 1823 723 1852 27.

195 1880 238 1885 —-
253 1866 305 1893 10.
318 1863 366 1905 ἂν]
393 1864 522 1894 de'meo
537 1864 656 1901 addidi,
682 1875 749 1893 nam
772 1864 863 1894 habet

151 1905 276 1945 quidem
293 1907 464 1937 Felicianea
486 1907 565 1937 hanc
587 1907 779 1947 particulam,
802 1918 861 1937 non

153 1954 252 1978 tamen
267 1950 325 1979 hoc
341 1950 421 1984 loco,
438 1951 492 1980 sed
507 1950 617 1986 alieno,
633 1955 665 1980 et
678 1950 862 1989 importuno,

153 1991 200 2021 sio
209 1992 301 2022 dans:
317 1993 394 2031 ἡμῶν
407 1992 611 2033 κρατήσαντες,
622 1991 719 2023 ἐκείνου
733 2004 766 2032 γε
775 1994 863 2023 πάλιν

151 2034 184 2064 ἃν
199 2034 341 2076 κρείττους
361 2033 442 2066 ἦσαν.
459 2036 612 2065 sententia
630 2036 689 2066 loci
705 2042 753 2065 est
767 2047 774 2065 :
798 2038 862 2066 No-

155 2077 198 2107 vit
214 2088 248 2107 se
265 2089 282 2107 a
307 2079 396 2108 vobis
411 2079 539 2113 victum,
554 2089 652 2118 eoque
676 2078 862 2110 inferiorem.

151 2121 231 2160 quod
244 2120 269 2151 si
285 2131 359 2160 ergo
378 2121 554 2152 mercenarii
579 2132 633 2151 vos
651 2122 807 2152 vincerent
819 2123 861 2162 (si

150 2164 242 2194 modo
257 2164 321 2193 fieri
337 2165 396 2194 hoc
414 2169 528 2204 potest,
543 2175 723 2204 quamquam
741 2176 798 2195 non
818 2166 863 2195 vi-

151 2207 242 2237 detur
266 2207 376 2257 posse)
395 2208 492 2237 multo
513 2208 616 2247 potius
635 2213 803 2244 vereretur,
825 2207 862 2238 rie

152 2250 333 2281 mercenarii
355 2251 386 2280 in
414 2261 446 2281 se
468 2250 614 2290 impetum
639 2252 762 2287 saciant,
777 2252 864 2281 locu-

152 2293 311 2333 pletiorem
326 2298 357 2323 et
371 2294 578 2330 infirmiorem,
590 2300 621 2324 et
636 2295 798 2334 profecto*
786 2306 864 2334 Jam-

152 2336 266 2367 dudum
291 2347 360 2366 euin
383 2343 488 2367 essent
511 2337 609 2367 adorti
634 2338 823 2375 mercenarii,
839 2339 863 2368 si

152 2384 266 2409 tautum
283 2380 432 2410 valerent.
445 2385 498 2411 aut
513 2392 586 2420 ergo
603 2381 723 2411 Persa
715 2392 801 2421 ipsos
818 2393 863 2412 re·

152 2422 318 2452 formidans
333 2423 398 2452 nil·
390 2424 430 2453 iis
445 2428 559 2460 utetur,
581 2429 634 2453 ant
654 2425 695 2454 nil
713 2424 802 2454 vobis
817 2431 864 2455 est

153 2475 207 2495 cur
223 2475 276 2495 eos
291 2466 445 2502 metuatis,
460 2467 562 2506 quine
578 2477 646 2497 eum
659 2468 780 2507 quidem
800 2468 865 2498 vin-

152 2518 223 2538 cere
238 2508 369 2548 possint,
381 2519 468 2548 qnam
486 2520 540 2540 vos
555 2510 670 2549 saepius
687 2510 819 2541 vicistis.

194 2554 268 2583 188.
279 2554 308 2582 Ξ.
321 2554 403 2591 μετὰ
415 2552 514 2591 αὑτῆς,
523 2551 604 2588 ὄντας
614 2565 644 2584 τ.
653 2565 687 2584 π.
697 2552 864 2596 κρείττους,]

152 2604 268 2625 comma
285 2596 369 2635 prius
386 2596 591 2635 addidi‚quod
607 2597 656 2626 hic
674 2599 746 2637 quia
759 2598 789 2627 vi
806 2608 863 2628 nou

153 2643 250 2675 caret,
269 2639 339 2669 ideo
355 2639 430 2668 duxi
447 2639 487 2669 de
510 2649 547 2669 eo
563 2641 797 2675 admonendum,
813 2642 864 2680 qui

151 2681 227 2712 alias
236 2682 274 2711 ad
283 2682 435 2720 ejusmodi
446 2682 587 2712 minutias
597 2684 676 2713 hand
688 2684 800 2713 soleam
812 2685 865 2714 de-

152 2725 311 2755 scendere.
327 2724 463 2765 προδότας
476 2726 611 2765 appellat
627 2727 797 2762 Thebanos,
812 2727 865 2767 qui

152 2768 247 2798 decus
263 2773 295 2798 et
311 2768 440 2799 salutem
457 2769 586 2799 Graeciae
602 2770 706 2800 Xerxi
723 2770 795 2800 oliui
818 2771 864 2801 (11-

151 2816 260 2841 cuntur
275 2811 461 2851 prodidisse.
506 2813 578 2842 Hos
594 2813 766 2851 proditores
781 2813 862 2843 vice-

150 2858 229 2889 runt,
255 2855 307 2893 qui
336 2859 399 2885 tum
425 2859 523 2891 erant,
548 2866 653 2886 eorum
681 2857 862 2892 adversarii,

151 2897 386 2934 Lacedaemonii,
405 2899 599 2934 Ptataeenses,
622 2909 679 2929 nos
696 2900 861 2929 Athenien-

152 2949 210 2974 ses,
225 2940 396 2980 quicunque
410 2942 568 2972 nobiscum
584 2947 614 2972 et
630 2953 698 2972 curn
709 2944 797 2982 justo
809 2944 862 2973 bo-

151 2987 296 3022 nestoque
308 2985 468 3015 faciebant.
512 2985 573 3024 Qui
590 2996 664 3026 ergo
677 2986 776 3016 Graeci
791 2987 862 3017 Per-

1560 205 1611 246 51

901 319 962 339 sam
980 313 1043 338 tum
1061 319 1130 338 curn
1146 309 1299 340 Thebanis
1317 317 1444 341 stantem
1463 310 1616 345 vicerunt,

898 353 1027 383 eundern
1056 353 1182 382 Persam
1217 363 1295 382 nunc
1323 365 1443 403 quoque
1477 354 1614 388 vincent,

898 395 1131 435 quibuscunque
1146 395 1268 425 tandem
1285 397 1377 425 sociis
1393 399 1514 427 fretum.
1553 397 1613 427 Ar—

899 443 1074 478 gumentum
1091 440 1170 468 haud
1188 438 1262 468 satis
1277 439 1440 478 stringens.

941 499 984 504 --
1001 485 1052 511 11.
1075 482 1221 523 διαφορῶν]
1245 482 1368 511 correxi
1384 482 1521 522 διαφόρων.
1545 493 1613 512 nam

899 528 948 554 est
964 535 980 554 a
996 525 1195 561 nominativo,
1212 535 1271 554 non
1290 526 1303 555 ἡ
1320 524 1437 564 διαφορὰ.
1449 525 1614 561 discordia,

900 568 952 597 sed
972 578 990 597 a
1006 578 1086 598 nom.
1110 570 1150 599 τὰ
1172 568 1300 608 διάφοςα,
1320 569 1372 597 das
1388 567 1527 597 Interesse
1551 567 1615 607 [the

898 612 1056 652 interests}
1075 612 1114 641 de
1138 622 1198 650 quo
1214 611 1326 650 agitur,
1344 611 1392 640 vel
1411 611 1615 646 contenditur,

899 665 967 694 quae
991 660 1021 684 te
1045 655 1111 685 sive
1135 654 1284 689 obtinere,
1308 654 1374 683 sive
1399 654 1551 688 amittere,
1577 655 1615 683 ad

900 698 1016 728 lucrum
1035 700 1226 732 damnumve.
1242 703 1295 726 tua
1309 697 1437 726 multum
1455 696 1594 726 interest.

942 758 984 763 ——
996 742 1072 771 ibid.
1090 740 1132 771 ὅό·’
1147 741 1178 771 ἂν
1193 739 1249 771 οὐδὲ
1264 740 1478 781 καταξώμενος]
1495 750 1562 778 quae
1578 750 1615 768 ne
1661 750 1665 755 ·

898 783 1044 814 diuturna
1071 785 1193 823 quidem
1222 784 1389 822 sedulaque
1416 783 1615 813 meditatione

899 827 1119 867 excogitasset,
1145 828 1170 857 si
1192 827 1261 866 quis
1285 827 1324 856 iis
1347 827 1427 856 mala
1449 826 1616 866 imprecari

899 871 1058 901 voluisset.

941 933 984 937 -
1001 918 1051 945 18.
1076 915 1153 954 ἡμᾶς
1167 912 1289 944 ἔθηκ’
1280 924 1386 943 εκεινον.
1404 911 1520 952 ἐπειδὴ]
1538 911 1615 942 sarsi

898 957 998 987 locum
1016 958 1096 987 huno
1112 958 1174 987 sic:
1203 958 1285 996 ἡμεῖς
1310 955 1415 991 ἐκεῖνον,
1443 953 1560 995 ἀδίκημ’
1583 956 1617 986 ἂν

897 999 1000 1031 ἔθηκα.
1015 1001 1045 1030 111
1063 1000 1250 1030 facinoribus
1275 1000 1399 1038 injustis
1422 1004 1453 1029 et
1476 999 1617 1029 nefandis

898 1044 1043 1093 equidem
1062 1044 1145 1073 haud
1163 1044 1300 1092 habeam,
1321 1053 1360 1072 ne
1373 1043 1399 1072 si
1418 1053 1473 1071 vos
1490 1042 1615 1081 quidem

898 1086 987 1124 primi
1003 1087 1132 1125 injurias
1147 1087 1176 1115 ei
1193 1085 1340 1116 offeratis.

940 1132 1049 1161 —23.
1074 1130 1224 1171 πράττων]
1241 1128 1359 1169 praetuli
1376 1128 1522 1168 πράττειν
1539 1127 1614 1157 L'wo-

898 1183 970 1206 πτος
981 1173 1130 1212 πράττειν,
1143 1173 1173 1201 1(1
1188 1179 1247 1208 cst,
1259 1170 1388 1205 ὕποπτος
1403 1173 1453 1201 τεῦ
1468 1172 1618 1212 πράττειν,

898 1216 973 1245 vel‘
963 1215 1008 1245 ότι
1022 1216 1166 1257 (πράττει.

939 1276 982 1282 --
998 1261 1050 1289 27.
1077 1257 1239 1298 πείσονται]
1260 1258 1293 1287 id
1314 1262 1374 1293 est,
1390 1257 1616 1287 ‘meto-&neowan

898 1312 965 1331 cum
993 1313 1052 1332 non
1079 1302 1340 1332 obsecundabunt.
1364 1300 1487 1339 praetuli
1514 1305 1616 1330 tamen

898 1344 1030 1376 welo-ere.

943 1391 1015 1420 189.
1032 1392 1062 1420 7.
1076 1389 1112 1418 ad
1131 1391 1160 1419 9.
1178 1385 1296 1428 εὔχεσθε
1309 1387 1347 1416 ad
1362 1387 1465 1427 αὐτοῦ]
1483 1387 1508 1415 si
1526 1386 1616 1425 plena

897 1436 957 1467 est,
970 1434 1047 1463 dura
1067 1432 1133 1462 haec
1156 1437 1205 1461 est
1229 1431 1337 1465 dictio,
1361 1431 1407 1459 sic
1423 1430 1614 1482 accipienda,

897 1480 1037 1514 tanquam
1056 1475 1081 1504 si
1105 1474 1254 1504 dixisset:
1278 1473 1403 1514 εὔχεσθε
1420 1473 1448 1503 δὲ
1463 1475 1538 1503 πᾶσι
1555 1473 1616 1505 τοῖς

897 1516 977 1556 Θεοῖς,
1004 1520 1101 1554 ποιεῖν,
1125 1519 1201 1548 ὥστε
1227 1515 1512 1556 καταλαμβάνεσθαι
1533 1515 1615 1546 αὐτὸν

898 1561 951 1591 ὑπὸ
967 1574 1017 1596 της
1028 1562 1115 1595 αὐτῆς
1127 1561 1286 1600 παρανοίας,
1299 1559 1347 1600 ὑφ’
1360 1573 1389 1594 ης
1401 1558 1531 1590 ἐποίησάν
1544 1568 1615 1589 ποτε

896 1616 962 1640 τους
999 1605 1086 1635 αὐτοῦ
1125 1602 1274 1644 ’ω’ξογόνους
1311 1602 1615 1643 καταλαμβάνεσθαι.

897 1649 967 1678 Non
992 1649 1070 1678 enim
1096 1649 1192 1678 Persa
1215 1647 1341 1685 corripit
1362 1647 1536 1680 amentiam,
1561 1647 1615 1675 sed

898 1692 1029 1721 amentia
1044 1691 1173 1730 corripit
1189 1691 1326 1721 Persam.

940 1738 1046 1765 ——12
1063 1733 1180 1773 σύνοιδε]
1206 1733 1334 1763 subaudi
1362 1733 1412 1762 σὺν
1434 1732 1531 1761 ἅπασι
1556 1732 1616 1765 τοῖς

897 1777 996 1812 ἄλλοις
1015 1779 1075 1812 τοῖς
1091 1779 1177 1807 τοῦτο
1191 1777 1285 1807 εἰδόσι.
1303 1786 1363 1806 una
1378 1786 1446 1805 cum
1464 1774 1532 1804 aliis
1550 1785 1614 1804 om·

897 1821 988 1851 nibus
1008 1822 1065 1851 hoc
1080 1821 1177 1857 novit,
1190 1821 1241 1860 qui
1258 1821 1340 1850 idem
1355 1824 1478 1849 norunt.
1495 1822 1617 1848 constat

897 1864 979 1894 enim
996 1866 1074 1894 inter
1090 1874 1207 1894 omnes.

943 1926 982 1930 —-
1000 1910 1050 1938 16.
1074 1905 1248 1946 ἢάκουσίου]
1276 1906 1398 1947 praetuli
1420 1905 1433 1936 ἢ
1455 1903 1612 1944 κᾴκουσίου,

897 1950 927 1979 id
943 1955 1001 1986 est,
1022 1950 1035 1981 ἢ
1062 1950 1109 1979 καὶ
1134 1949 1273 1980 ἀκουσίου.
1297 1960 1385 1988 quem
1411 1948 1514 1978 Graeci
1532 1948 1614 1977 ultro

898 1993 1002 2023 volent
1017 1998 1110 2033 atque
1127 1994 1314 2032 probabunt,
1330 1997 1381 2021 aut
1397 1992 1502 2026 etiam,
1519 1991 1544 2020 si
1562 2001 1614 2020 ue-

897 2047 983 2066 cesse
1011 2037 1063 2072 sit,
1085 2046 1175 2076 quem
1204 2035 1291 2065 inviti
1321 2040 1352 2064 et
1379 2034 1477 2064 eoacti
1505 2033 1617 2063 tolera.

897 2080 981 2109 bunt.

940 2140 982 2145 —
999 2122 1054 2151 ult.
1081 2123 1123 2151 νῦν
1147 2121 1342 2161 αμαξτόντες]
1375 2120 1545 2159 interposui
1576 2120 1614 2149 dc

897 2175 966 2195 meo
988 2165 1051 2206 οὐχ.
1077 2175 1154 2194 nunc
1171 2165 1250 2194 enim
1275 2165 1299 2193 si
1322 2164 1421 2194 minus
1437 2164 1559 2198 erretis,
1576 2164 1614 2192 ab

898 2208 946 2237 his
963 2209 1100 2247 decepti,
1116 2208 1311 2248 postmodum
1335 2207 1447 2237 iisdem
1469 2217 1527 2236 non
1544 2217 1613 2236 suc-

898 2251 1073 2281 censebitis.

940 2313 984 2317 —
999 2297 1051 2324 20.
1081 2296 1182 2335 μακροὶ
1204 2293 1295 2333 λέγειν
1319 2291 1396 2332 λίαν]
1422 2291 1615 2331 μακρολογίαν

898 2337 987 2376 λέγων
1003 2338 1084 2377 Aug.
1108 2339 1236 2376 primus,
1254 2337 1304 2367 ubi
1321 2338 1352 2366 S.
1370 2336 1541 2371 Fabricius,
1559 2346 1615 2366 seu

899 2382 1003 2420 potius
1026 2381 1070 2411 H.
1087 2381 1234 2415 Wolfius,
1257 2380 1424 2419 adscripsit
1446 2379 1524 2414 haec,
1546 2389 1613 2418 quae

900 2435 957 2454 non
974 2425 1114 2464 intelligo
1130 2424 1217 2458 satis,
1235 2423 1286 2463 [F.
1303 2428 1353 2452 aut
1370 2423 1424 2458 διὰ,
1440 2426 1491 2452 aut
1505 2433 1615 2462 μακρο-

898 2467 1013 2508 λογῶν].
1041 2468 1163 2497 videtur
1178 2467 1230 2496 ille
1249 2467 1425 2516 suspicatus
1440 2476 1522 2501 esse,
1538 2478 1554 2495 e
1569 2466 1614 2495 le-

899 2512 999 2541 ctione
1026 2511 1198 2550 Augustani
1224 2510 1329 2549 primi,
1357 2514 1407 2538 aut
1436 2510 1512 2538 hanc
1536 2509 1616 2538 effici

899 2565 989 2593 posse
1005 2555 1165 2584 lectionem
1180 2567 1223 2594 μη
1240 2554 1285 2582 δια
1294 2549 1484 2593 μακρολογίαν
1498 2550 1616 2593 ἐνοχλῶ,

900 2602 953 2627 aut
967 2598 1054 2628 istam
1066 2600 1108 2637 μὴ
1125 2599 1306 2638 μακξολογῶν
1322 2595 1436 2637 ἐνοχλω.
1452 2595 1506 2624 sed
1524 2595 1616 2625 etiarn

900 2641 975 2670 effici
993 2646 1113 2680 poterat
1139 2641 1177 2670 ad
1203 2639 1332 2679 vestigia
1357 2641 1511 2668 literarum
1528 2649 1618 2677 pres-

899 2685 962 2713 sius
977 2686 1020 2724 μὴ
1035 2682 1213 2724 μακρολογία
1226 2683 1314 2721 λέγων
1328 2682 1446 2723 ἐνοχλῶ.
1463 2682 1543 2720 quod
1562 2692 1615 2711 ne-

900 2727 966 2756 scio
980 2737 1015 2756 an
1033 2738 1050 2756 a
1066 2729 1271 2756 Demosthene
1288 2727 1329 2755 sit
1346 2726 1530 2765 prot'eotum.
1557 2734 1615 2753 non

899 2770 1025 2810 quidem
1048 2781 1116 2800 eum
1141 2770 1284 2800 dedecet.
1302 2781 1314 2798 ν
1334 2769 1410 2798 illud
1427 2768 1457 2797 in
1476 2769 1533 2797 fine
1561 2777 1615 2797 vo-

900 2814 946 2843 cis
962 2819 1119 2853 μακςολογ.
1135 2820 1238 2852 potest
1254 2824 1271 2842 e
1288 2813 1349 2842 icta
1362 2816 1465 2841 natum
1486 2821 1565 2845 esse,
1583 2815 1616 2840 ut

898 2867 982 2897 saepe
999 2867 1053 2886 usu
1073 2858 1172 2892 venit3
1191 2857 1272 2894 quod
1289 2856 1353 2885 iota
1369 2865 1436 2883 curn
1457 2864 1511 2883 nos
1538 2864 1614 2891 pun-

898 2906 947 2930 cto
980 2900 1155 2939 subscripto
1186 2900 1404 2938 exprimamus,
1438 2897 1501 2930 ille,
1532 2898 1615 2935 quod

899 2954 982 2981 saepe
1004 2945 1065 2981 jam
1093 2953 1311 2978 commemoro,
1328 2951 1447 2979 semper
1469 2940 1507 2970 ad
1535 2940 1615 2970 latus

897 2987 1052 3027 appictum
1070 2984 1214 3016 ostendit.
