1931 3322
457 216 523 258 IN
555 215 732 258 ORAT.
765 216 847 258 DE
878 214 1240 258 SYMMORHS.

130 320 267 362 positum
288 318 386 351 fuisse
400 325 521 351 constat
541 333 578 352 ex
598 322 718 359 fulgido
742 321 795 351 illo
813 326 844 350 et

130 364 264 404 glorioso
280 369 311 394 et
332 364 494 404 splendido
511 365 584 394 Dar.
611 365 735 405 [Quint.
753 366 840 394 Curt.

128 408 151 438 l.
168 407 214 438 iii.
238 410 270 438 2.
286 407 354 448 12.]
393 412 414 426 “
433 408 523 437 Nitet
543 418 680 447 purpura
694 418 840 445 auroque,

128 451 228 489 fulget
237 451 329 481 armis
338 454 370 480 et
379 451 546 490 opulentia,
556 456 696 490 quantam
707 450 758 489 qui
767 461 838 480 ocu-

127 494 167 524 lis
187 503 246 524 nou
269 495 439 533 subjecere,
461 494 568 523 animis
592 495 756 532 concipere
779 504 838 522 non

127 535 293 576 possunt.''
314 541 335 554 ‘¹
348 536 520 577 Argentum
533 537 614 566 istud
629 542 720 574 atque
733 546 838 565 aurum

129 579 169 609 ad
177 580 409 610 conducendum
421 580 548 610 militem
559 578 677 614 mitte,'’
686 578 783 617 inquit
794 578 838 608 ibi

129 622 332 653 Charidemus
351 623 558 659 Atheniensis,
573 622 733 651 immanem
755 621 836 651 illam

129 675 274 705 pompam
296 666 378 705 apud
399 665 525 695 Darium
548 665 643 694 libera
664 669 696 694 et
711 665 839 694 honesta

132 709 271 739 oratioue
301 708 521 749 perstringens,
552 709 605 747 qui
633 712 732 737 tamen
765 718 838 737 mox

132 750 287 792 παρῥησίαν
300 761 385 781 suam
398 751 499 789 capite
515 751 629 781 luebat.
673 751 792 781 Aurum
807 751 839 780 in

132 794 240 833 praelio
263 799 394 833 gestare,
420 804 494 823 auro
517 798 548 824 et
575 793 705 833 gemmis
728 795 840 834 ornari,

131 845 191 866 nou
202 837 325 867 fortium
342 837 478 867 virorum
494 841 525 866 et
539 837 681 873 militum,
693 837 747 866 sed
763 837 839 866 mol-

131 878 207 909 lium
217 884 248 910 et
255 879 497 911 effeminatorum
509 880 674 916 hominum,
683 880 744 910 imo
755 879 841 910 femi-

132 932 238 953 narum
261 928 294 953 et
314 922 497 962 puellarum,
521 928 586 953 est:
609 924 690 954 unde
712 923 842 962 Amphi-

132 966 272 996 machum
309 967 457 1005 quendam
489 966 587 995 Cariae
616 967 726 997 ducem
757 970 844 996 notat

133 1008 303 1045 Homerus,
319 1014 459 1048 tanquam
478 1007 620 1048 Θηλυδςίαν
635 1009 683 1040 καὶ
703 1008 845 1047 γυναικίαν

133 1050 183 1081 καὶ
201 1050 336 1092 μαλακον
359 1051 415 1091 [ll.
435 1058 468 1082 B.
472 1052 611 1105 87Ξ.Ι“]
614 1059 652 1086 Ος
671 1052 719 1082 καὶ
738 1051 843 1101 χρυσὸν

135 1092 210 1135 ἔχων
227 1094 405 1136 πόλεμόνδ”
392 1106 440 1131 ιεν,
454 1094 520 1127 ἦΰτε
542 1095 634 1134 κούρη,
648 1096 761 1130 Νηπιος,
786 1093 843 1125 οὐδέ

133 1136 166 1166 τί
175 1137 198 1167 οἴ
209 1138 244 1168 τό
254 1137 284 1178 y'
293 1137 429 1178 ἐπήςκεσε
438 1136 534 1179 λυγρόν
545 1137 656 1178 ὄλεθρον.
666 1140 698 1168 in
709 1138 844 1177 praelium

135 1181 197 1210 ibat
212 1191 323 1211 aurum
336 1187 464 1222 gestans,
479 1187 619 1221 tanquam
639 1181 750 1221 puella,
765 1191 800 1210 ac
817 1181 843 1210 si

136 1223 268 1254 Veneris
280 1225 383 1263 potius
397 1225 487 1263 quau't
501 1225 610 1254 Martis
623 1229 723 1254 castra
734 1234 844 1263 seque-

136 1271 244 1305 retur;
266 1268 418 1307 siquidem
439 1268 567 1309 χαλκεὺς
583 1273 631 1297 est
640 1266 737 1307 Ἄρης,
752 1268 846 1308 χρυσῆ

137 1306 297 1350 Ἀφροδίτη,
353 1312 499 1350 Ejusdem
529 1311 594 1341 fere
622 1311 726 1340 farinae
754 1310 844 1340 miles

137 1352 198 1382 fuit
211 1353 396 1394 Euphorbus
412 1354 464 1383 ille
477 1354 514 1383 de
529 1364 588 1393 quo
604 1354 685 1383 idem
700 1353 845 1393 princeps

137 1400 298 1435 poetarum
323 1395 377 1436 [ΙΙ.
402 1403 432 1427 Ρ.
460 1397 528 1438 51.]
557 1396 672 1436 Αἶμιιτί
694 1397 717 1426 οἱ
741 1396 845 1426 δεύοντο

138 1438 240 1478 umal,
266 1439 436 1480 Χαρίτεσσιν
464 1440 570 1480 ὁμοῖαι,
596 1438 734 1482 Πλοχμοί
759 1438 797 1477 Θ’,
823 1438 850 1470 οἳ

139 1482 240 1523 χςυσῷ
253 1493 286 1512 τε
300 1483 349 1513 καὶ
362 1483 468 1523 ἀργύρῳ
482 1483 654 1524 ἐσφήκωντο.

182 1543 225 1548 -
242 1528 293 1557 16.
308 1525 356 1556 καὶ
370 1529 425 1567 γᾶς
438 1528 494 1560 τὰς
507 1526 602 1567 κρήνας
619 1548 626 1557 .
645 1549 652 1556 .
667 1547 676 1556 .
691 1525 846 1567 λαμβάνῃ]

139 1567 276 1608 Insignis
298 1571 428 1600 Guome.
466 1571 546 1600 Nam
569 1576 600 1600 et
623 1570 790 1600 sententias
817 1574 850 1599 et

141 1611 332 1649 aphorismos
341 1613 372 1642 iu
380 1612 568 1642 orationibus
582 1612 646 1642 suis
658 1613 749 1642 habet
757 1612 848 1642 etiam

141 1654 305 1685 Demosth.
317 1666 327 1694 3
341 1655 402 1685 etsi
415 1656 494 1685 forte
506 1666 566 1686 non
581 1656 658 1686 adeo
674 1656 849 1694 frequentes

142 1707 180 1727 ao
195 1698 247 1727 alii
261 1704 415 1734 auctores,
426 1699 546 1728 Histor.
561 1698 735 1738 praesertim
746 1699 802 1729 Gr.
813 1709 849 1728 ac

142 1740 259 1771 Poetae.
304 1743 581 1781 Quantumcunque
604 1752 707 1771 aurum
735 1742 848 1771 habue-

142 1782 195 1819 rit,
209 1789 476 1823 quantumcunque
496 1784 634 1824 pecuuiae
651 1795 757 1814 secum
770 1789 849 1814 attu—

141 1825 216 1856 lerit
238 1828 309 1857 Rex
329 1827 391 1857 iste
413 1828 589 1863 Persarum,
604 1832 704 1858 tamen
726 1838 784 1857 non
805 1832 852 1857 est

142 1868 198 1899 ille
210 1869 333 1909 quidem
350 1877 461 1910 puteus
473 1871 685 1901 inexhaustus.
709 1872 851 1909 Magnam

144 1911 238 1943 habet
252 1913 318 1943 auri
332 1915 407 1954 vim,
417 1913 472 1943 sed
485 1919 516 1944 et
530 1924 647 1953 maguae
661 1913 808 1953 impensae
824 1913 852 1943 ei

144 1955 295 1986 faciendae
317 1962 401 1987 sunt:
433 1956 560 1987 multum
587 1957 680 1986 habet
701 1957 853 1996 pecuuiae,

147 1999 204 2028 sed
220 2003 252 2029 et
266 2000 379 2030 multos
391 2000 505 2030 milites
518 1999 628 2040 partim
645 2000 771 2029 alendos
783 2009 854 2039 par-

147 2041 202 2071 tim
218 2042 448 2079 conducendos,
464 2043 516 2082 qui
529 2043 607 2073 hanc
622 2053 726 2082 gazam
737 2043 853 2073 exhau-

147 2084 245 2115 rirent
260 2090 290 2115 et
301 2087 434 2116 camelos
446 2087 513 2126 ejus
525 2097 581 2116 suo
595 2096 687 2116 onere
698 2086 831 2115 levarent
843 2097 852 2117 .-

146 2129 342 2168 quantumvis
367 2130 480 2169 grande
503 2129 538 2159 id
562 2130 664 2166 fuerit,
692 2129 854 2160 multorum

148 2181 254 2202 manus
269 2177 301 2202 et
313 2178 435 2202 ventres
447 2172 522 2202 illuc
537 2173 696 2203 accedent.
725 2172 810 2203 Eccl.
825 2183 854 2202 v.

149 2217 202 2244 10.
246 2219 268 2234 “
281 2215 343 2246 Ubi
360 2216 461 2245 multae
475 2220 544 2246 sunt
560 2226 648 2254 opes,
663 2216 751 2245 multi
763 2216 853 2246 etiam

148 2264 219 2288 suut
245 2258 298 2298 qui
325 2260 489 2289 comeduut
513 2259 596 2289 eas.’'
640 2261 711 2298 Quo
736 2264 856 2299 spectat

149 2301 275 2341 egregia
285 2301 338 2332 illa
348 2302 525 2332 dissertatio
537 2303 611 2343 Cyri
626 2303 706 2343 apud
720 2303 806 2332 Xen.
820 2308 855 2332 K.

149 2350 188 2374 11.
200 2344 220 2374 Ι.
233 2344 298 2374 viii.
317 2343 360 2384 [c.
375 2347 405 2376 3.
422 2346 492 2387 41.]
509 2346 562 2375 ubi
574 2346 616 2376 ait
632 2356 665 2376 se
680 2346 773 2375 nihilo
786 2345 855 2375 feli·

149 2387 263 2417 ciorem
281 2398 358 2424 esse,
379 2390 460 2427 quod
481 2390 576 2419 multa
597 2389 775 2429 possideat3
801 2391 854 2419 sed

150 2430 209 2460 hoc
231 2435 346 2460 tantum
369 2432 525 2472 adeptum,
542 2438 575 2462 ut
592 2433 696 2472 plures
715 2438 856 2471 sumptus

150 2472 253 2509 faciat,
265 2478 297 2504 et
310 2474 416 2514 plures
431 2475 523 2505 etiam
539 2486 627 2505 curas
640 2475 790 2515 pluraque
804 2476 857 2505 ha-

150 2517 222 2546 beat
241 2517 374 2556 negotia.
395 2519 495 2548 πολλοὶ
510 2517 565 2558 μὲν
583 2517 690 2548 οἰκέται
711 2520 792 2549 σῖτον
809 2519 857 2549 αἶ-

151 2560 246 2595 τοῦσι,
255 2561 358 2591 πολλοὶ
369 2559 396 2591 δὲ
411 2563 495 2597 πιεῖν,
508 2562 608 2592 πολλοὶ
623 2561 675 2592 δὲ
667 2562 790 2601 ιμιίτιοι,
803 2568 857 2593 etc.

152 2607 185 2632 et
199 2604 320 2634 taudem
335 2604 490 2634 concludit
507 2604 548 2644 [ᾗ.
561 2605 630 2646 44]
647 2605 754 2643 ἀνάγκη
771 2604 800 2634 δέ
814 2604 858 2635 τοί

152 2645 218 2676 ἔστι
238 2645 284 2676 τὶν
306 2647 402 2678 πολλὰ
424 2647 529 2688 ἔχοντα
549 2650 647 2678 πολλὰ
666 2648 714 2677 καὶ
735 2648 860 2688 sam-av&

151 2689 200 2718 zai
213 2689 251 2723 εἷς
262 2689 343 2723 &teuc
354 2689 401 2719 καὶ
417 2691 455 2726 εἰς
465 2690 562 2730 φίλους
569 2691 616 2721 καὶ
628 2691 666 2724 εἷς
675 2691 796 2730 ξένους·“
786 2692 860 2726 σ’ςτις

102 2757 105 2759 .
152 2730 195 2762 οὖν
210 2732 333 2774 ἰσχυρῶς
347 2733 494 2774 χρήμασιν
506 2733 614 2769 ἥδεται,
629 2745 656 2763 ευ
672 2734 748 2769 ἴσθι,
763 2736 860 2764 τοῦτον

152 2775 201 2805 καὶ
227 2775 403 2806 δαπανῶντα
425 2777 548 2818 ἰσχυρῶς
571 2775 713 2807 ἀνιᾶσθαι.
766 2778 861 2807 Nulla

153 2823 237 2848 certe
245 2824 295 2849 est
308 2820 384 2849 adeo
394 2821 523 2859 abyssus
535 2821 700 2860 opulentiae
713 2821 861 2856 humanae,

155 2861 193 2891 ad
205 2861 294 2902 cujus
302 2863 426 2893 fundum
438 2864 592 2902 perveniri
605 2873 662 2892 non
674 2863 781 2900 liceat3
795 2864 859 2893 nul-

153 2903 204 2934 lus
218 2905 394 2935 divitiarum
408 2907 475 2936 fons
490 2912 548 2936 tam
565 2907 666 2945 largus
681 2912 734 2936 aut
750 2912 861 2945 puteus

154 2951 216 2977 tam
231 2948 411 2989 profundus,
426 2950 479 2988 qui
497 2960 555 2978 non
573 2950 676 2978 multis
693 2955 723 2978 et
742 2950 859 2988 magnis

155 2991 326 3030 sumptibus
357 2992 466 3022 siccari
498 2993 596 3032 possit
627 2999 657 3021 et
683 2992 837 3022 exhauriri
851 3015 858 3022 .

155 3034 242 3065 solus
263 3034 376 3066 divinae
395 3036 538 3066 bonitatis
561 3037 627 3065 sons
646 3036 789 3074 perennis
812 3041 858 3066 est

1489 217 1571 258 503

877 325 909 351 et
921 325 1032 360 puteus
1047 321 1260 356 inexhaustus,
1273 320 1322 359 qui
1334 321 1444 359 οὐδαμῆ
1456 321 1585 361 οἶδαμῶς

875 362 1019 393 ἐπιλιπεῖν
1039 363 1158 402 πέφυκε,
1175 365 1227 394 κᾶν
1247 376 1292 398 τις
1312 363 1365 393 ἀπ’
1386 364 1472 393 αὐτοῦ
1492 365 1582 404 ἀθρόα,

874 406 922 436 καὶ
938 409 1036 436 πολλὰ.
1052 407 1200 447 λαμβάνῃ.
1247 409 1286 436 Et
1306 415 1405 437 tamen
1428 409 1513 446 Papa
1530 419 1581 437 ne-

874 450 939 479 scio
956 449 1024 488 quis
1047 450 1187 488 Angliam
1204 451 1329 480 vocavit
1349 451 1478 479 Puteum
1495 451 1581 480 inex-

872 492 1023 527 haustum,
1047 492 1160 530 quippe
1193 494 1275 531 quod
1314 494 1426 530 exinde
1466 499 1580 523 tantum

874 534 1007 564 thesauri
1024 535 1184 573 quotannis
1198 542 1372 573 exsugeret.
1398 538 1442 566 Ut
1454 547 1513 566 non
1526 537 1584 566 mi-

872 588 938 607 rum
957 578 981 607 si
1003 577 1105 607 bolum
1123 582 1239 607 tantum
1256 579 1315 607 sibi
1332 585 1467 618 ereptum
1486 590 1502 608 e
1520 581 1585 609 sau-

872 621 960 650 cibus
980 620 1083 650 doleat
1099 620 1214 660 triceps
1230 631 1265 649 ca
1282 622 1391 651 bestia.
1415 622 1583 652 Cerberum

872 663 951 693 enim
967 663 1088 693 omnino
1107 663 1182 693 licet
1198 664 1444 701 Orcijauitorem
1461 677 1493 695 se
1514 676 1584 704 pro-

872 707 1003 736 fiteatur.
1029 707 1230 736 proverbium
1244 713 1291 735 est
1305 708 1384 745 apud
1399 708 1452 736 Gr.
1465 711 1505 738 τὰ
1519 707 1585 747 <pgi-

873 761 934 779 ατα.
946 750 1122 790 ἀντ-λούμενοι
1134 748 1240 783 βελτίω
1253 748 1372 788 γίνεται.
1383 751 1466 787 putei
1475 752 1498 780 si
1511 750 1585 781 hau-

872 794 995 823 riantur
1004 794 1227 832 melioresfiunt.
1252 793 1350 823 Clem.
1364 793 1457 821 Alex.
1471 794 1585 824 Strom.

874 835 896 866 l.
927 836 948 865 i.
970 837 1010 865 τιὶ
1032 837 1143 875 ‹pescia-a
1177 834 1385 875 ἐξαντλούμενα
1411 834 1587 876 διειδέστερον

874 877 943 918 ὕδωρ
959 878 1116 914 ἀναδίδωσι,
1126 878 1174 908 καὶ
1187 878 1235 908 τὸν
1245 877 1350 918 σίδηξον
1365 879 1378 908 ἦ
1389 880 1494 919 χρῆσις
1505 878 1586 908 καθε-

877 922 986 961 ρώτερον
1002 922 1158 960 φυλάσσει.
1178 923 1260 960 putei
1279 921 1376 951 hausti
1396 922 1587 960 limpidiorem

876 966 1013 994 emittunt
1028 975 1146 1005 aquam,
1157 971 1184 994 et
1191 964 1317 1004 serrum
1329 974 1398 994 usus
1410 966 1517 1003 purius
1531 976 1589 995 ser-

876 1013 938 1038 vat.
951 1013 984 1037 et
999 1007 1096 1037 Basil.
1111 1017 1161 1046 ep.
1172 1007 1220 1037 καὶ
1235 1007 1290 1046 γὰρ
1302 1009 1343 1037 τὸ,
1357 1006 1480 1047 φρέατα,
1490 1007 1588 1048 φασὶν,

879 1050 1056 1090 ἂντλούμενοι
1072 1049 1180 1083 βελτίω
1193 1049 1326 1088 γίνεσθαι.
1344 1057 1392 1079 est
1407 1049 1512 1080 ξελτίω
1527 1052 1587 1080 for-

878 1098 959 1123 tasse
967 1094 1103 1123 melioris
1111 1094 1231 1123 sednon
1239 1093 1386 1132 plenioris
1393 1094 1490 1132 putei:
1502 1095 1588 1133 putei

879 1142 949 1166 sunt
957 1136 1110 1176 profundi,
1120 1137 1174 1166 sed
1184 1137 1310 1166 fundum
1322 1137 1442 1166 habeut.
1466 1137 1590 1167 Habeat

878 1179 974 1219 igitur
995 1180 1066 1209 Rex
1092 1180 1181 1209 Pers.
1207 1190 1344 1218 maguam
1368 1180 1434 1210 auri
1457 1180 1591 1219 copiam:

879 1222 934 1252 sed
945 1224 1012 1262 ejus
1024 1223 1090 1252 auri
1099 1222 1165 1252 laus
1176 1223 1329 1262 liquescet
1341 1228 1371 1252 et
1381 1230 1590 1262 consumetur-3

879 1270 910 1295 at
930 1268 997 1305 ejus
1020 1276 1117 1306 penus
1140 1276 1197 1296 non
1220 1271 1268 1295 est
1289 1266 1509 1304 inexhaustus;
1532 1278 1589 1306 pu-

879 1313 962 1339 teum
993 1319 1098 1339 secum
1124 1309 1228 1345 habet,
1260 1320 1318 1339 non
1341 1311 1494 1348 abyssum.
1539 1312 1591 1341 Ait

879 1351 975 1391 igitur
991 1352 1166 1388 Demosth.,
1176 1353 1372 1392 quantumvis
1381 1354 1442 1391 jam
1457 1354 1590 1384 abundet

881 1405 954 1425 auro
977 1395 1051 1426 Rex
1078 1396 1177 1431 Pers„
1201 1395 1284 1425 illius
1307 1402 1405 1425 tamen
1428 1397 1591 1435 pecuniam

881 1438 971 1468 facile
987 1444 1199 1479 consumptum
1213 1439 1262 1473 iri,
1277 1449 1332 1468 nec
1348 1438 1470 1469 aliunde
1482 1450 1550 1470 eum
1561 1441 1590 1470 in

881 1491 1028 1521 processu
1055 1482 1228 1512 subsidium
1252 1482 1445 1512 habiturum:
1476 1482 1591 1514 Athen.

882 1534 969 1562 vero,
980 1525 1033 1564 qui
1049 1535 1065 1555 e
1077 1535 1131 1555 sua
1143 1525 1267 1564 regione
1283 1535 1338 1564 per
1349 1524 1433 1555 vices
1445 1530 1476 1555 et
1491 1532 1594 1566 partes

882 1568 1046 1607 accipiant,
1066 1568 1211 1609 pecunias
1234 1568 1370 1607 aliasque
1393 1579 1443 1598 res
1467 1570 1505 1598 ad
1529 1570 1592 1599 bel-

883 1610 945 1641 lum
1074 1621 1226 1651 nunqnam
1247 1612 1421 1648 defuturas;
1447 1613 1592 1651 quamdiu

883 1654 962 1684 enim
979 1664 1067 1684 suum
1086 1665 1191 1694 agrum
1212 1659 1335 1684 teneant
1352 1660 1383 1683 et
1401 1656 1592 1693 possideant,

885 1697 933 1726 vel
956 1697 1027 1727 dum
1052 1697 1220 1727 subsidium
1244 1697 1320 1726 illud
1340 1708 1379 1727 ex
1397 1708 1429 1727 se
1452 1699 1593 1734 habeant,

883 1739 949 1769 fieri
961 1750 1020 1770 non
1036 1750 1127 1780 posse
1144 1746 1177 1770 ut
1191 1740 1323 1779 pecnnia
1339 1741 1503 1779 indigeant.
1535 1742 1594 1773 Ul-

882 1783 967 1822 pian.
985 1782 1061 1822 [vol.
1079 1784 1119 1812 vi.
1136 1794 1168 1822 p.
1184 1785 1235 1814 69.
1238 1783 1251 1824 ]
1268 1782 1301 1813 τὲ
1315 1783 1370 1822 μὲν
1384 1782 1482 1814 ἐκεινου
1497 1785 1594 1826 ῥᾳδίως

884 1825 1129 1862 ἀναλωθησεσθαι,
1143 1837 1191 1855 και
1205 1826 1376 1866 μηδαμόθεν
1392 1826 1484 1866 ἕξειν’
1475 1838 1595 1859 εωικου-

884 1867 952 1907 ξίοιν·
975 1867 1136 1902 Ἀθηναίους
1148 1869 1188 1906 δὲ,
1201 1868 1234 1898 ἐκ.
1247 1871 1299 1903 τῆς
1312 1870 1406 1910 χώξας
1421 1873 1500 1901 κατὰ
1511 1872 1596 1912 μέρος

885 1911 1095 1951 λαμβάνοντας,
1109 1911 1254 1951 μηδέποτε
1275 1914 1330 1942 τῶν
1345 1912 1502 1951 ἀναγκαίων
1522 1916 1594 1945 ἀπο-

885 1966 984 1994 ςησειν.

929 2016 972 2022 —
992 1997 1047 2028 ult.
1068 2010 1089 2027 οι
1115 1997 1142 2028 ἐν
1166 1996 1327 2039 Μαξιιθῶνι]
1363 2000 1526 2029 Marathon
1564 2007 1595 2031 et

886 2052 988 2082 pugna
1009 2042 1197 2071 Marathonia
1212 2044 1382 2072 oratoribus
1396 2043 1508 2073 Atticis
1525 2053 1596 2082 pas-

888 2086 944 2115 sim
960 2085 989 2114 in
1008 2095 1060 2114 ore
1072 2089 1119 2114 est
1134 2090 1165 2114 et
1180 2090 1339 2124 utramque
1355 2086 1498 2125 paginam
1515 2089 1596 2126 apud

888 2138 942 2158 eos
951 2128 1042 2159 facit:
1056 2129 1120 2157 haec
1130 2132 1178 2157 est
1187 2139 1290 2158 eorum
1300 2129 1438 2158 Helena:
1454 2130 1503 2159 hic
1515 2131 1596 2160 serio

887 2172 1024 2201 exsultat
1039 2177 1070 2201 et
1085 2171 1252 2210 triumphat
1266 2182 1371 2201 eorum
1387 2173 1494 2202 oratio.
1526 2175 1595 2204 Mo-

888 2225 951 2245 rem
974 2215 1054 2244 hunc
1076 2214 1166 2244 Rhet.
1190 2215 1362 2244 Atticorum
1385 2216 1597 2247 Marathonem

888 2259 924 2288 ad
941 2268 1085 2287 nauseam
1098 2257 1270 2288 inculcandi
1413 2264 1444 2288 et
1459 2261 1598 2299 nequiter

889 2302 942 2343 (ut
957 2300 1053 2342 solet)
1065 2300 1161 2339 tangit
1171 2302 1298 2331 anian.
1317 2301 1400 2332 Dial.
1414 2302 1508 2332 Rhet.
1521 2314 1597 2343 prae-

889 2349 973 2384 cept.
992 2343 1033 2384 [§.
1051 2325 1134 2397 18.]τ5
1142 2342 1189 2374 ἐπὶ
1214 2346 1288 2374 πᾶσι
1311 2343 1341 2373 δὲ
1363 2345 1375 2374 ὁ
1397 2345 1533 2385 Μαξαθῶν
1547 2346 1596 2376 και

890 2387 902 2418 ὁ
918 2387 1093 2427 Κυναίγειςος,
1107 2398 1142 2417 ων
1158 2398 1205 2417 ουκ
1219 2387 1252 2417 ἄν
1265 2399 1296 2417 τι
1312 2386 1374 2417 ἄνευ
1387 2387 1503 2426 γένοιτο.
1519 2391 1597 2430 (γι-α’

888 2431 1021 2461 omnibus
1044 2431 1092 2460 vel
1117 2440 1206 2470 snpra
1228 2432 1334 2466 omnia,
1353 2432 1396 2461 ita
1418 2432 1497 2462 euim
1519 2434 1599 2463 verti

890 2475 1001 2511 dehet;
1039 2484 1097 2503 non
1122 2476 1156 2504 in
1183 2474 1324 2509 omnibus,
1354 2480 1386 2504 ut
1416 2475 1598 2516 interpres),

889 2522 958 2547 ante
988 2518 1084 2547 omnia
1115 2527 1150 2546 'ne
1177 2518 1332 2547 omittatur
1359 2517 1521 2549 Marathon
1544 2530 1599 2549 nec

893 2560 1076 2601 Cynaegirus,
1096 2561 1155 2590 siue
1178 2561 1281 2600 quibus
1308 2559 1384 2590 nihil
1397 2560 1470 2600 fieri
1498 2568 1598 2600 potest.

891 2604 996 2633 omitte
1012 2603 1089 2638 haec,
1113 2608 1143 2633 et
1158 2603 1264 2633 omitte
1280 2603 1391 2641 omnia,
1405 2605 1447 2634 uti
1463 2615 1518 2634 uos
1535 2606 1602 2635 vul-

892 2657 942 2686 go.
972 2647 1046 2676 Erat
1068 2652 1168 2676 autem
1194 2647 1373 2687 Cynaegirus
1396 2647 1523 2688 insignis
1548 2648 1602 2678 ille

891 2691 955 2719 dux
969 2689 1156 2730 Athen.‚qui
1168 2690 1196 2719 in
1214 2690 1270 2720 hac
1283 2701 1384 2730 pugna
1398 2691 1601 2726 Marathonia,

893 2733 998 2763 Persis
1009 2734 1073 2772 jam
1088 2733 1125 2762 ad
1142 2743 1222 2763 mare
1239 2739 1270 2763 et
1285 2733 1414 2763 classem
1434 2744 1517 2763 suam
1534 2735 1601 2773 pul-

893 2776 935 2805 sis
951 2781 982 2805 et
1001 2776 1125 2815 sugatis,
1142 2786 1249 2807 navem
1268 2777 1400 2806 hostium
1416 2776 1527 2806 dextra
1539 2779 1602 2815 pri-

893 2829 986 2855 mum,
999 2819 1109 2849 deinde
1127 2830 1162 2849 ea
1179 2820 1327 2858 abscissa,
1342 2819 1476 2854 sinistra,
1493 2820 1602 2856 tenuit,

894 2867 923 2891 et
932 2867 1058 2901 utraque
1068 2864 1189 2892 demum
1202 2873 1289 2892 manu
1300 2868 1464 2901 amputata,
1474 2863 1601 2893 eandem

893 2905 1038 2935 dentibus
1067 2907 1237 2945 praehendit
1266 2915 1429 2944 morsuque
1455 2906 1600 2937 detinuit.

893 2949 996 2978 Testis
1015 2955 1084 2987 post
1101 2949 1293 2978 Herodotum
1310 2948 1460 2983 Justinus,
1477 2949 1601 2987 aliique.

893 2991 1024 3021 Facinus
1041 2993 1096 3021 ltoc
1116 2992 1284 3030 Cynaegiri,
1299 2991 1446 3020 ambabus
1463 2994 1602 3022 manibus

893 3034 1035 3069 truncati,
1050 3039 1185 3065 oratores
1208 3035 1354 3065 ambabus
1371 3035 1508 3065 manibus
1527 3037 1604 3066 arri-
