1931 3322
339 180 424 221 AD
457 177 821 220 ORATIONEM

113 280 149 300 ne
166 269 341 307 denegaret.

156 329 199 335 —-
214 314 244 343 9.
259 311 392 352 ἐνθεῖναι]
416 310 537 340 correxi
559 310 708 341 εἷσελδεῖν.
733 311 820 340 vide-

111 359 163 385 tur
173 356 296 394 vulgata
306 355 447 384 eduabus
459 354 647 383 variantibus
658 353 821 388 coaluisse,

114 408 183 428 cum
199 402 282 428 esset
297 397 327 427 in
341 397 411 427 aliis
426 397 513 426 libris
527 398 654 426 vetustis
669 396 819 431 εἰσελθεῖν,

113 441 162 469 vel
178 445 210 470 et
222 439 316 470 ἐλθεῖν
329 440 469 478 simpleX.
481 439 513 469 in
525 439 594 469 aliis
610 438 734 470 εἰσιέναι.
758 440 820 468 Ne-

111 483 176 512 scio
187 483 287 518 etiam,
304 493 340 512 an
357 482 450 511 fuerit
466 483 496 512 in
508 483 691 522 quibusdam
706 483 819 517 ἀνεῖναι,

111 536 168 554 non
184 536 202 554 a
217 527 310 555 verbo
324 525 398 564 εῖμι,
415 526 467 555 sed
485 536 502 555 a
517 527 610 555 verbo
625 525 700 564 ἵημι.

150 586 194 590 —-
216 568 292 598 ibid.
317 566 374 609 οὖν]
400 568 523 598 correxi
546 569 586 598 οὗ.
619 578 688 597 num
713 568 820 597 videor

111 611 196 640 vobis
212 611 338 650 injurias
358 611 514 650 accepisse
539 621 596 641 non
616 622 752 652 magnaS,
776 611 818 640 le-

111 664 176 689 ves,
190 655 435 684 contemnendas.

153 715 194 720 —
211 700 261 727 11.
277 697 332 737 νῦν]
348 697 539 727 referendum
558 701 605 726 est
627 697 664 726 ad
684 696 818 730 βλάπτο·

108 752 177 779 μαι,
201 750 259 769 nou
283 740 320 770 ad
346 739 433 780 ζητῶ.
457 745 622 779 propterea
645 739 818 779 transposui

109 795 148 812 cx
168 784 348 813 auctoritate
364 783 550 821 Augustani,
572 789 602 813 et
623 787 695 822 post
719 782 819 816 λαβεῖν

108 826 270 861 collocavi,
291 831 407 855 mutata
427 837 548 865 quoqne
566 827 764 856 distinctione
780 826 818 856 ad

108 870 185 898 hunc
209 870 331 899 modum
345 879 352 897 z
385 868 462 909 ζητῶ
483 869 594 905 λαβεῖν,
608 870 651 899 νῦν
666 869 714 900 ὑπ’
728 870 819 899 αὐτῶν

105 912 294 952 Βλάπτσμαι.
316 913 445 952 opponit
460 912 541 943 enim
554 915 594 943 τὰ
609 911 641 952 ἐξ
653 914 744 954 ἀρχῆς
759 913 816 943 ἀδι-

104 955 228 996 κήματα
240 956 308 990 ταῖς
321 957 362 985 νῦν
378 955 518 991 Βλάβαις.

856 177 920 218 ΙΝ
951 178 1259 221 APHOBUM
1294 179 1351 221 ΙΙ.
1492 177 1572 220 195

898 284 940 289 -
967 269 1016 296 13.
1045 266 1110 306 πρὸς
1133 268 1170 307 τῇ
1196 268 1275 308 οὐσίᾳ.
1300 268 1337 310 τῇ
1364 266 1574 308 παραδοθείσῃ

855 310 951 339 πλεῖον
970 309 983 340 ἢ
1002 308 1070 338 δεκα
1094 311 1242 341 ταλάντων
1264 323 1291 339 τ»
1291 323 1311 343 ν
1334 310 1402 350 ἐμὴν
1420 310 1569 341 τοσαύτη*

855 350 937 381 οὐσαν
961 352 1227 404 προσγεγενημένην]
1249 355 1369 383 videtur
1393 359 1496 383 orator
1520 354 1568 383 si⁰

855 395 1036 434 reliquisse.
1059 394 1125 434 πξᾶς
1138 396 1176 435 ‘ff‘
1189 395 1269 425 οὐσία
1284 409 1319 427 τη
1336 396 1414 435 'traieci
1429 397 1478 426 τοῦ
1498 407 1560 426 πα·

854 437 915 478 τξὸς
929 439 1007 478 αὐτ-ῳ
993 428 1214 479 ”παςαδοθεῖσῃ,
1226 440 1322 469 πλεῖον
1332 438 1346 469 ἢ
1362 439 1566 471 δεκαταλάντφ

853 482 899 520 (ιη
925 481 1045 514 dativo.
1069 486 1100 510 et
1125 491 1184 510 uuo
1211 481 1387 516 vocabulo).
1412 483 1460 512 τὴν
1483 480 1567 519 {pam

855 528 913 553 etc.
936 525 986 564 qui
1001 525 1100 554 videat
1119 525 1159 553 ad
1181 524 1272 563 hujus
1292 523 1402 563 Aphobi
1422 525 1564 562 patrimo-

856 568 948 601 nium,
963 578 979 595 a
997 573 1083 605 patre
1101 567 1200 596 adhuc
1222 568 1374 606 superstite
1393 567 1446 604 ipsi
1469 568 1562 596 tradi-

855 616 930 644 tum,
951 611 1026 649 qnod
1049 611 1144 648 majus
1163 616 1202 639 est
1222 611 1316 640 decem
1336 610 1466 644 talentis,
1487 608 1563 639 hanc

856 663 946 682 meam
963 653 1165 687 substantiam,
1177 663 1238 692 qnoe
1253 658 1337 683 tanta
1351 653 1563 687 ‹asnaa-cessisse.

895 714 937 718 ——
955 698 1006 726 18.
1023 695 1090 725 εἴτι
1106 695 1138 725 ἂν
1149 695 1238 736 ἄλλο]
1252 695 1356 726 addidi
1373 695 1414 725 ἄν.
1460 695 1496 724 In
1510 694 1566 723 ἆλ-

854 744 897 773 λο,
915 740 995 777 quod
1011 740 1178 778 respondet
1192 739 1300 769 Latino
1309 740 1410 774 secius,
1421 737 1565 767 subaudi-

853 787 902 811 tur
919 782 932 813 ἢ
949 783 1091 822 προσήκει,
1107 787 1158 812 aut
1177 781 1191 813 ἢ
1208 783 1290 822 ἡμεῖς
1304 780 1436 821 ἐθέλομεν
1455 780 1504 810 καὶ
1520 779 1568 810 ἐλ-

853 824 987 865 ωίζομεν.

896 872 970 899 84⁶2.
981 871 1011 899 5.
1027 867 1146 898 σώσατέ
1157 878 1209 908 με,
1226 866 1272 897 ἒλε
1274 879 1366 897 ησατε
1380 867 1437 907 με]
1454 876 1567 906 prono-

853 923 921 942 men
944 923 984 951 με
1007 916 1168 951 utrumque
1188 911 1302 941 delevi.
1323 921 1384 951 quo
1406 910 1515 966 sortior
1537 915 1569 939 et

852 955 1058 985 miserabilior
1076 955 1107 984 sit
1122 954 1232 985 oratio.

123 1082 204 1123 AD
237 1080 605 1124 ORATIONEM
639 1080 884 1122 CONTRA
918 1082 1226 1125 APHOBUM
1257 1081 1548 1124 TERTIAM.

150 1182 184 1210 ln
208 1181 298 1210 titulo
320 1181 411 1220 hujus
434 1180 581 1211 orationis
602 1180 707 1211 addidi
725 1181 819 1210 verba

105 1223 182 1263 ὑπὲρ
199 1224 294 1255 Φάνου.
338 1225 462 1254 Phanus
479 1224 560 1254 euim
581 1231 628 1254 est
650 1224 715 1260 ille,
730 1226 818 1263 cujus

105 1278 226 1297 causam
243 1270 344 1297 orator
362 1267 419 1297 hac
441 1267 578 1298 oratione
601 1267 675 1307 agit.
720 1268 818 1296 Causa

106 1311 169 1340 haec
182 1314 241 1340 est.
286 1310 407 1341 Phanus
420 1315 486 1341 erat
502 1315 642 1347 testatus,
657 1311 818 1349 Aphobum

104 1353 209 1383 verbis
225 1353 411 1391 declarasse,
425 1353 554 1393 Milyam
575 1365 643 1384 esse
666 1354 817 1384 hominem

105 1397 245 1427 liberum.
277 1397 381 1438 Hujus
397 1397 563 1427 testimonii
579 1408 671 1427 causa
683 1398 816 1427 Phanum

104 1439 257 1479 Aphobus
272 1440 340 1469 salsi
359 1441 435 1471 dicti
451 1440 619 1470 testimonii
638 1451 722 1470 reum
746 1451 817 1480 ege-

103 1487 160 1513 rat.
192 1483 340 1513 Defendit
354 1494 427 1523 ergo
440 1484 580 1514 Phanum
595 1481 817 1514 Demosthenes

103 1527 160 1556 hac
180 1526 328 1556 oratione.
351 1537 380 1556 v.
400 1538 432 1567 p.
448 1527 523 1558 851.
540 1530 593 1558 21.
613 1531 645 1557 et
667 1529 740 1559 861.
763 1529 817 1557 26.

105 1569 250 1599 Fueritue
270 1580 378 1599 nomen
399 1571 535 1602 Atticum
547 1571 683 1606 Phanas,
698 1581 734 1600 an
751 1571 819 1600 nul·

103 1612 180 1649 lum,
195 1613 225 1642 in
237 1613 339 1643 medio
354 1613 533 1652 relinquam.
570 1613 677 1644 Facile
692 1614 818 1653 quidem

105 1661 153 1685 est
165 1657 331 1695 suspicari,
342 1667 399 1696 pro
415 1658 500 1687 Φάνου
510 1657 571 1696 leg.
582 1667 650 1687 esse
665 1657 816 1697 Στεφάνου.

104 1699 166 1729 Sed
182 1699 240 1729 hoc
250 1700 386 1729 admisso
396 1700 577 1736 cavendum,
591 1711 630 1730 ne
644 1701 817 1739 Stephanus

104 1741 166 1778 hic,
179 1753 269 1782 quem
288 1744 513 1773 Demosthenes
533 1743 590 1774 hac
609 1743 746 1774 oratione
761 1744 816 1774 de-

104 1785 212 1821 rendit,
224 1796 282 1824 pro
296 1787 403 1817 eodem
420 1787 575 1827 Stephano
590 1787 748 1823 habeatur,
764 1798 817 1817 cu-

100 1830 152 1867 jus
167 1828 320 1868 nequitias
333 1830 520 1860 orationibus
539 1830 658 1860 duabus
674 1841 706 1869 p.
722 1833 816 1861 1100.

104 1881 189 1910 seqq.
206 1877 238 1902 et
253 1873 282 1902 in
298 1873 436 1902 oratione
455 1880 561 1903 contra
581 1873 724 1904 Neaeram
744 1884 818 1904 exa-

104 1914 192 1953 gitat..
223 1916 291 1954 Ego
307 1926 381 1946 vero
396 1921 500 1955 putem
511 1916 597 1946 Φάνου
609 1918 685 1947 bene
695 1917 818 1947 habere.

104 1958 184 1987 Nam
195 1957 220 1987 si
235 1960 312 1988 Φανὼ
322 1969 429 1988 nomen
446 1960 635 1990 foeminiuum
647 1960 717 1996 fuit,
728 1960 817 2000 quid-

107 2000 137 2030 ni
154 2001 238 2034 Φίινος
252 2001 292 2031 sit
306 2002 523 2032 masculinum.
517 2002 528 2020 ²

149 2046 222 2074 344.
237 2046 266 2075 2
285 2043 398 2086 συνήθη]
420 2050 467 2075 est
487 2046 590 2075 Attice
613 2045 741 2081 dictum,
763 2056 818 2085 pro

108 2085 226 2117 συνήδειν
237 2097 299 2128 quo
312 2089 352 2117 de
370 2088 529 2126 idiotismo
549 2088 706 2118 admonuit
723 2089 818 2119 Scho-

104 2119 211 2160 nastes
235 2131 452 2171 Aristophanis
475 2132 512 2162 ad
537 2132 674 2161 Plutum.
699 2131 820 2173 συνῄδειν

102 2172 255 2213 ἐξελέγξας
278 2173 360 2204 idem
376 2180 422 2204 est
437 2180 529 2214 atque
549 2173 697 2205 συνήδειν’
687 2176 818 2214 εμαυτῷ,

101 2214 146 2246 δ’τι
162 2215 312 2256 εξήλεγξα.
327 2217 384 2247 uisi
401 2218 544 2248 conscius
559 2207 631 2248 mi'hi
645 2228 756 2254 essem,
770 2230 818 2248 me

98 2259 163 2301 jam
179 2260 306 2290 antehac
327 2261 490 2300 Aphobum
505 2261 680 2292 convicisse
695 2262 818 2291 menda·

103 2303 232 2333 ciorum.

142 2363 186 2368 -—
199 2347 230 2376 3.
245 2345 362 2387 τούτου]
372 2347 494 2377 correxi
508 2346 625 2377 τούτων.
641 2348 738 2377 multo
755 2358 817 2377 ma-

97 2391 202 2431 jorum
227 2394 258 2419 et
274 2391 459 2420 atrociorem
474 2391 712 2426 mendaciorum,
728 2402 816 2430 quam

102 2437 172 2462 sunt
188 2432 265 2468 haec‚
277 2442 345 2470 quae
360 2443 438 2463 nunc
450 2432 560 2474 jactat.

142 2493 186 2498 --
197 2477 227 2505 6.
243 2474 286 2516 πῇ
296 2474 525 2516 παρακρούσεταί
538 2475 600 2508 ποθ’
609 2475 724 2507 ἕκαστα
740 2477 818 2516 ὑμῶν

102 2517 210 2558 αὐτῶν]
227 2517 328 2548 Locus
343 2525 519 2558 corruptus,
541 2530 629 2559 quem
655 2531 752 2559 neque
769 2521 818 2550 Si-

103 2562 203 2591 monis
230 2560 374 2598 Fabricii,
404 2567 457 2592 aut
483 2563 667 2602 Hieronymi
696 2563 817 2599 Wolfii,

102 2603 254 2635 divinatio
265 2604 387 2636 videtur
401 2615 593 2646 persanasse,
604 2616 702 2646 neque
715 2611 819 2637 nostra

103 2647 195 2678 nobis
210 2646 371 2679 satisfacit.
414 2649 574 2680 Fabricius
585 2659 601 2678 e
616 2649 759 2689 vestigiis
775 2650 818 2679 le-

104 2689 226 2726 ctionis,
242 2701 332 2730 quam
346 2691 378 2722 in
394 2691 505 2722 codice
528 2693 709 2732 Augustam.
724 2693 818 2732 proli-

104 2737 187 2763 tetur
212 2744 230 2764 a
252 2744 285 2764 se
310 2740 461 2774 repertam
487 2735 685 2776 (quamquam
712 2745 742 2774 p
736 2746 818 2765 arum

105 2775 238 2807 fideliter
260 2787 328 2807 eam
357 2779 621 2819 repraesentavit),
651 2777 820 2817 colligebat

103 2818 266 2859 legendum
282 2830 352 2850 esse
367 2819 501 2852 ἑκάστοθ’
515 2822 593 2861 ὑμας
608 2823 739 2853 ἀπατῶν.
766 2832 821 2852 eur

106 2862 186 2892 enim
201 2863 436 2904 παρακρούεσθαι
455 2870 487 2895 et
506 2865 628 2906 ἅπατξίν
643 2865 822 2904 copularet?

105 2905 193 2934 nobis
215 2905 408 2946 aliquando
399 2918 430 2938 in
453 2913 586 2938 mentem
610 2909 704 2942 venit,
723 2907 823 2948 δεῖξαι,

79 2987 83 2990 .
105 2947 170 2988 εἴπῃ
192 2949 429 2990 παςακρούσετιιι,
442 2949 489 2990 ἐφ’
505 2950 621 2981 ἕκαστα,
642 2964 721 2992 υμας
737 2950 821 2990 ἄγων.

106 2990 230 3022 videtur
243 2991 353 3031 dictio,
364 2993 390 3025 si
399 3004 436 3025 ea
447 2995 558 3026 Graeca
567 3000 628 3034 cst,
641 3005 823 3036 quamquam

853 1192 911 1210 non
930 1182 1050 1211 memini
1067 1181 1140 1211 alibi
1155 1182 1271 1221 legere,
1283 1181 1361 1220 ἄγειν
1375 1183 1439 1211 τινὰ,
1454 1179 1511 1211 ἐπὶ
1525 1191 1567 1216 τι,

852 1224 1023 1263 significare
1033 1235 1119 1264 paene
1129 1225 1209 1255 idem
1221 1230 1310 1264 atque
1322 1225 1444 1259 Latina,
1459 1226 1492 1254 in
1503 1233 1565 1253 rem

849 1274 1017 1306 pmcsentem
1027 1269 1142 1298 ducere.
1172 1269 1233 1298 Sed
1251 1268 1378 1297 meliora
1391 1272 1421 1297 et
1432 1267 1564 1297 certiora

852 1311 987 1350 requiro.
1032 1312 1124 1340 Venit
1138 1311 1199 1340 alio
1223 1319 1360 1351 tempore
1382 1310 1413 1340 in
1430 1315 1563 1340 mentem

851 1354 1015 1393 suspicari,
1030 1355 1091 1393 leg.
1107 1365 1193 1384 esse:
1212 1353 1278 1395 πρὸς
1293 1354 1410 1385 ἕκαστα
1424 1354 1566 1389 ὑπαντῶν,

851 1403 903 1427 aut
918 1398 1002 1432 εὐθὺς
1019 1399 1162 1428 ἀπαντῶν.
1183 1398 1223 1428 ad
1244 1398 1363 1438 singula
1383 1407 1500 1438 qnaeque
1518 1406 1564 1426 oc-

850 1451 981 1471 currens.
997 1442 1078 1481 quod
1094 1442 1267 1481 praeferam,
1281 1442 1378 1471 donec
1392 1440 1519 1471 meliora
1533 1444 1566 1469 et

851 1485 982 1514 certiora
1005 1490 1127 1525 reperta
1151 1485 1222 1515 sint.
1247 1490 1301 1515 aut
1324 1484 1464 1518 ἑκάστους
1486 1484 1566 1524 ὑμῶν

852 1528 996 1567 παράγων.

893 1589 936 1593 -
952 1574 1004 1602 14.
1030 1570 1089 1611 περὶ
1113 1571 1205 1612 ἡμῶν]
1230 1570 1302 1600 Siue
1325 1569 1420 1600 dubio
1439 1573 1567 1609 praestat

849 1613 944 1644 lectio
972 1615 1119 1653 marginis
1149 1615 1250 1644 Latet.
1281 1613 1342 1654 πεςῖ
1369 1614 1458 1652 ἡμᾶς.
1501 1612 1564 1641 Sed

850 1657 922 1696 quia
947 1658 986 1686 de
1009 1657 1092 1687 illius
1117 1658 1300 1687 auctoritate
1325 1656 1399 1686 mihi
1427 1655 1563 1686 nondum

850 1705 982 1736 constat,
996 1701 1066 1730 ideo
1083 1711 1140 1729 non
1151 1711 1244 1730 ausus
1256 1710 1324 1730 sum
1335 1710 1401 1730 eam
1415 1699 1566 1739 recipere.

891 1761 935 1766 ν·-
952 1747 1002 1774 17.
1020 1744 1083 1785 οὐχὶ
1098 1743 1155 1784 τῷ]
1179 1744 1260 1773 idem
1276 1747 1325 1773 est
1338 1754 1374 1773 ac
1388 1741 1415 1773 si
1432 1742 1568 1772 dixisset

850 1787 942 1825 paulo
967 1787 1148 1822 inornatius,
1177 1787 1232 1816 sed
1258 1786 1397 1826 planius:
1426 1785 1490 1827 οὖχῖ
1517 1795 1564 1815 πι-

850 1830 958 1861 στεύων
972 1830 1017 1870 τᾷἱ
1031 1829 1187 1871 ἐξελέγξειν
1201 1831 1276 1867 τινὰ,
1291 1828 1336 1860 δ’τι
1355 1831 1397 1860 ‘re
1413 1827 1502 1868 ψευδῆ
1515 1828 1567 1859 αὖ·

849 1875 900 1903 τοῦ
916 1874 1223 1914 καταμεμαρτύρηκεν.

895 1917 968 1948 845.
987 1921 1037 1947 14.
1062 1916 1162 1957 οἰκίαν]
1186 1915 1238 1946 alii
1264 1914 1409 1946 συνοικίαν,
1431 1914 1566 1954 ambigo,

852 1964 951 1989 utrum
971 1965 1110 1999 praestet.
1121 1959 1278 1990 dubitatur
1288 1959 1378 1989 etiam
1394 1958 1435 1989 de
1446 1958 1568 1988 nomine

850 2003 976 2044 proprio
1003 2001 1127 2043 ’Acp6Gq->‚
1154 2002 1237 2041 quod
1263 2002 1433 2041 probumne
1455 2001 1506 2037 sit,
1529 2011 1568 2030 an

850 2056 990 2086 pravum,
1005 2056 1110 2086 parum
1123 2045 1197 2076 mihi
1211 2045 1316 2084 liquet.
1346 2043 1468 2086 Aphobi
1481 2048 1567 2074 certe

850 2090 955 2127 hujus,
977 2094 1082 2119 contra
1104 2099 1195 2129 quem
1217 2088 1298 2118 aetio
1321 2093 1382 2124 est,
1405 2087 1486 2118 filins
1507 2096 1567 2117 uon

852 2131 975 2162 videtur
991 2132 1103 2170 suisse3
1123 2131 1245 2162 tametsi
1268 2142 1326 2161 non
1345 2135 1432 2162 extra
1450 2140 1565 2161 morem

853 2180 935 2206 esset
948 2175 1090 2211 Athenis,
1115 2180 1148 2204 ut
1169 2174 1250 2205 filius
1266 2175 1366 2215 patris
1387 2184 1498 2204 nomen
1514 2183 1568 2213 ge-

853 2222 952 2258 reret3
975 2221 1057 2258 quod
1073 2218 1102 2248 iu
1118 2218 1188 2258 ipso
1204 2219 1415 2257 Demosthene
1434 2221 1567 2249 constat.

853 2262 932 2292 Nam
955 2261 1034 2292 infra
1060 2273 1091 2302 p.
1114 2263 1189 2292 860.
1208 2264 1240 2292 3.
1271 2261 1494 2292 Demosthenes
1524 2259 1568 2290 ait

847 2306 1060 2344 jusjurandum
1085 2315 1102 2334 a
1126 2315 1160 2335 se
1183 2315 1252 2335 esse
1274 2305 1409 2344 Aphobo
1430 2303 1567 2334 delatum

851 2350 931 2378 κατὰ
947 2350 998 2382 τῆς
1011 2347 1165 2388 θυγατρός.
1184 2358 1240 2378 cur
1260 2348 1323 2378 tilia
1346 2348 1411 2378 sola
1432 2356 1568 2377 comme-

853 2397 1032 2427 moraretur,
1048 2390 1075 2422 si
1090 2391 1170 2421 filius
1185 2391 1214 2420 ei
1227 2391 1356 2421 fuisset'!
1372 2391 1494 2421 videtur
1507 2390 1567 2420 ita-

852 2445 912 2474 que
928 2434 979 2464 hic
1002 2435 1080 2464 alter
1102 2434 1252 2474 Aphobus
1266 2433 1310 2475 (si
1333 2433 1391 2464 hoc
1410 2433 1440 2464 ei
1457 2442 1567 2463 nomeu

852 2477 1074 2517 fuit)Ap1·obi.
1095 2477 1255 2508 fraudibus
1275 2477 1381 2507 tutelae
1403 2475 1569 2513 nobilitati,

851 2521 949 2551 fuisse
965 2531 1004 2550 ex
1018 2521 1111 2551 fratre
1127 2531 1237 2560 nepos.
1281 2521 1400 2550 Onetor
1414 2519 1472 2551 fuit
1487 2519 1571 2550 filius

854 2564 1029 2594 Philonidis
1054 2563 1242 2600 Melitensis,
1264 2570 1297 2594 et
1318 2562 1416 2594 affinis
1436 2563 1573 2603 Aphobi.

853 2608 930 2638 Nam
947 2618 1035 2637 soror
1051 2606 1197 2637 Onetoris
1213 2611 1279 2637 erat
1295 2617 1374 2637 uxor
1389 2606 1524 2646 Aphobi.
1539 2617 1572 2637 v.

853 2662 885 2691 p.
900 2653 974 2682 831.
991 2653 1021 2681 8.
1068 2652 1150 2680 Num
1168 2649 1257 2690 Αἰσίῳ
1279 2650 1341 2690 leg
1356 2661 1386 2680 v.
1400 2660 1433 2689 p.
1448 2652 1525 2682 849.
1539 2652 1571 2680 2.

896 2712 939 2716 —
952 2695 1004 2726 15.
1020 2692 1131 2736 ἐκείνου]
1146 2693 1270 2724 correxi
1286 2692 1406 2728 ἐκείνους.
1420 2690 1573 2732 significat

855 2737 1017 2776 Aphobum
1033 2737 1116 2766 illum
1134 2737 1297 2767 obscurum
1312 2741 1345 2767 et
1354 2737 1534 2766 onerarem.

899 2798 941 2802 ——
954 2782 1004 2811 19.
1018 2778 1161 2820 Μεγάςιιδ’
1173 2778 1307 2821 ἐξῴκηκι]
1322 2779 1485 2820 Aphobum
1502 2778 1572 2808 Me-

857 2833 957 2861 garam
980 2823 1152 2854 habitatum
1177 2823 1383 2858 concessisse,
1403 2822 1445 2851 nil
1466 2821 1572 2851 miror.

856 2867 916 2897 Sed
948 2867 1007 2897 hoc
1035 2867 1140 2902 miror,
1163 2867 1215 2906 qui
1240 2865 1378 2905 potuerit
1408 2864 1435 2894 is
1464 2867 1572 2893 contra

859 2909 996 2940 Phauum
1012 2914 1044 2940 et
1059 2909 1150 2940 simul
1167 2917 1272 2939 contra
1289 2907 1549 2938 Demosthenem·
1542 2917 1573 2936 nn

857 2953 925 2982 soro
947 2953 1051 2984 Attico
1073 2954 1144 2992 jure
1168 2963 1270 2991 agere,
1292 2951 1346 2990 qui
1370 2949 1574 2979 voluntarium

859 2995 927 3036 ipse
947 2995 1007 3028 sibi
1032 2995 1178 3027 exsilium
1203 2994 1381 3031 indixisset,
1396 3003 1494 3034 eoque
1509 2992 1576 3024 foto
