1964 3323
352 213 432 255 178

352 319 507 350 lenitatem
530 321 710 352 connivendi
732 327 762 353 et
784 322 1010 358 dissimulandi,
1032 323 1059 352 si

350 362 421 401 quis
447 363 583 400 aerarius,
609 370 677 395 ante
702 366 891 405 persolutum
916 367 993 405 reip.
1018 376 1058 395 ms

351 405 502 442 debitum,
516 406 546 436 in
562 408 628 437 soro
646 414 817 439 versaretur
832 415 862 439 et
872 419 978 439 causas
991 419 1060 446 age-

352 453 410 482 ret,
430 448 459 478 id
484 450 565 489 quod
588 461 645 489 per
667 452 752 491 leges
778 463 835 481 non
860 453 982 486 licebat,
1006 451 1058 481 sed

353 490 544 531 Aristogiton
561 493 649 532 hujus
665 494 800 524 criminis
815 505 884 524 reus
900 495 1011 533 agitur.

396 551 439 556 —-
455 537 506 565 ¹202.
522 535 578 575 δεῖ]
604 537 688 567 uncis
715 538 835 568 inclusi.
857 542 961 577 potest
982 537 1061 566 enim

354 576 444 607 facile
456 588 472 607 e
489 589 516 608 v.
531 581 582 609 18.
597 581 743 610 memoria
757 581 848 610 tacite
865 580 977 619 repeti.

396 637 441 642 —
459 623 512 652 26.
536 623 718 664 καταδείξας]
744 625 870 653 verbum
896 624 925 652 in
950 624 1006 652 hac
1030 633 1063 652 re

355 663 525 701 proprium,
551 670 585 694 ut
608 666 644 695 ad
674 666 841 696 Aristidem
871 677 981 701 meum,
1004 676 1064 695 non

354 704 504 745 ἐπιδεῖξαι,
516 713 610 746 prout
622 719 638 737 e
655 709 799 738 memoria
813 710 912 738 loc-um
923 710 1001 738 bunc
1017 719 1064 738 re-

355 748 452 779 citans
467 751 519 779 dat
533 750 744 780 'I'heodoretus
761 751 791 780 in
805 753 962 781 curatione
978 753 1063 781 Grae-

356 801 459 821 carum
486 793 693 830 affectionum,
720 804 750 832 p.
780 796 810 823 70.
842 797 894 825 13.
921 795 970 824 ed.
997 793 1066 833 Syl-

356 834 469 874 bun-gii.

398 895 442 899 —
459 878 512 906 ult.
525 875 680 916 νομίσαντα
696 877 727 907 ἂν
740 876 866 914 βλέπειν,
881 876 952 908 οὕτω
965 878 995 910 δὴ
1012 877 1066 915 ψη-

356 919 510 960 φίζεσθαι]
531 922 607 950 duas
623 921 788 960 particulas
804 921 835 951 ἂν
854 927 885 951 et
901 922 930 952 δὴ
951 921 1066 951 addidi.

356 963 459 991 malim
482 967 581 993 tamen
606 974 662 1002 pro
688 963 721 993 En(
741 964 865 1000 Βλέπειν,
890 974 948 993 nno
973 966 1066 994 verbo

358 1003 524 1044 ἐμβλέπειν.
538 1011 609 1046 post
623 1007 654 1037 δὴ
671 1007 709 1036 de
724 1018 791 1037 meo
809 1007 850 1036 δεῖ
858 1006 974 1038 addidi.

399 1050 474 1079 773.
488 1051 520 1079 4.
529 1050 698 1090 φυλάττων]
708 1050 834 1080 mirifice
848 1051 909 1086 hic,
924 1051 978 1080 sed
990 1060 1067 1090 prac-

356 1094 405 1120 ter
432 1102 508 1127 rem,
533 1097 668 1123 aestuant.
695 1104 731 1123 ne
755 1094 844 1123 litera
868 1093 991 1132 quidem
1018 1093 1068 1122 hio

356 1133 435 1163 male
452 1134 552 1165 babet.
595 1136 753 1167 Sententia
767 1142 832 1167 est:
857 1137 884 1166 E
899 1137 987 1175 cujus
1003 1137 1069 1166 deae

358 1174 443 1210 Δίκης
458 1188 511 1208 seu
525 1179 661 1209 Justitiae
674 1180 794 1209 nomine
807 1180 990 1219 appellatur,
1002 1179 1068 1218 qui-

357 1229 477 1259 cunque
503 1221 582 1252 forte
611 1223 722 1252 ductus
744 1223 875 1262 judicat,
901 1223 1069 1262 φυλάττων,

358 1264 546 1300 custodiens,
561 1265 590 1295 h.
608 1276 635 1295 e.
660 1266 685 1295 si
704 1267 794 1296 modo
810 1266 975 1301 custodiat,
996 1266 1068 1295 dum

361 1312 475 1343 servet,
491 1308 547 1337 hac
562 1308 631 1347 lege
647 1308 673 1338 si
689 1314 801 1344 servet,
818 1309 940 1344 decora,
957 1314 987 1338 et
999 1309 1070 1347 jura

360 1353 391 1378 et
420 1351 623 1381 emolumenta
649 1352 738 1391 hujus
765 1351 913 1388 civitatis,
940 1351 1071 1390 εἰληφὼς,

360 1391 475 1432 quippe
487 1404 555 1433 quae
576 1396 728 1425 servanda
748 1401 839 1434 atque
855 1394 969 1425 tuenda
982 1405 1069 1424 acce-

359 1436 451 1473 perit,
487 1447 543 1475 pro
572 1438 729 1477 deposito,
757 1438 806 1468 vel
833 1437 1070 1474 fidecommisso‚

360 1479 417 1507 sub
428 1479 792 1519 religionejurisjurandi.
816 1481 968 1510 Praeterea
980 1481 1070 1519 paulo

358 1526 427 1551 ante
443 1522 534 1553 ταύτη
552 1524 636 1553 uncis
658 1524 780 1554 inclusi.
795 1524 869 1554 citat
885 1524 914 1554 b.
935 1525 956 1554 l.
972 1525 1072 1562 Phry-

358 1564 465 1595 nichus
483 1576 514 1604 p.
531 1568 605 1596 138.
622 1567 670 1596 ed.
682 1567 788 1598 Pauw.
833 1568 900 1606 Ego
915 1572 1013 1597 tamen
1033 1567 1072 1596 de

359 1617 430 1638 meo
447 1609 520 1638 dedi
539 1609 568 1639 οὗ
583 1611 749 1648 φυλάττων.
765 1621 802 1640 ne
822 1611 917 1640 foedet
932 1615 964 1640 et
978 1611 1072 1640 dede-

359 1656 456 1687 coret,
481 1670 523 1674 —-
548 1663 595 1688 eo,
618 1654 700 1692 qnod
726 1664 784 1683 non
815 1653 969 1684 custodiat
990 1654 1073 1692 jura,

360 1704 429 1733 quac
445 1705 481 1724 eo
498 1695 547 1724 die
562 1696 741 1735 accepit—.

403 1755 446 1760 —-—
462 1741 513 1768 12.
528 1738 615 1776 μηδὲν
630 1740 744 1777 μᾶλλον
759 1738 856 1778 ὑμεῖς]
873 1738 1003 1769 mediam
1021 1749 1074 1768 vo-

362 1790 427 1810 cem
438 1781 554 1811 addidi.
573 1792 672 1821 neque
686 1792 914 1821 supervacanea
930 1786 988 1816 est,
999 1786 1074 1810 tarn-

362 1823 422 1853 etsi
449 1825 513 1862 jam
543 1825 762 1863 praeoessisset.
824 1825 980 1855 Sententia
1007 1830 1073 1854 est:

362 1866 406 1901 Si,
422 1877 477 1906 quo
492 1869 584 1908 magis
598 1878 647 1897 nos
662 1869 953 1898 demonstraverimus
968 1869 1074 1906 impro-

361 1910 481 1939 bitatem
496 1912 550 1946 rei,
565 1921 611 1940 tos
632 1911 677 1940 nil
691 1921 722 1940 eo
737 1912 830 1951 magis
842 1912 924 1950 pensi
939 1910 1075 1940 habeatis.

405 1971 448 1975 —
463 1955 513 1982 14.
521 1953 627 1983 τούτων
636 1954 732 1995 ἱκανὰ]
747 1955 848 1984 malim
860 1954 965 1984 τούτων
978 1955 1076 1983 ταῦτα.

364 1993 430 2035 [vel
447 1996 595 2037 τοο-αὔτα]
611 1997 704 2026 ῖκοινίι.

404 2043 453 2062 --“
465 2041 516 2069 19.
531 2039 578 2069 οὐκ
592 2037 759 2079 ἐζουλόμην]
777 2039 845 2069 scil.
863 2040 939 2079 ὑμᾶς
955 2038 1008 2078 ἐμὲ
1024 2050 1075 2068 κει-

361 2082 522 2112 armata-‘rm
539 2081 588 2111 καὶ
612 2081 853 2124 προχειρίζεσθαι.
876 2083 925 2113 vel
950 2082 1076 2113 brevius

363 2136 459 2155 τουτο.

406 2185 449 2190 ——
463 2171 515 2199 ⁰20.
530 2168 649 2202 ποιήσοις
663 2180 692 2198 τι
708 2169 829 2199 τοιοῦτον
844 2167 910 2209 παρ’
926 2169 1006 2210 ἡμῖν]
1024 2169 1076 2208 qui

363 2211 446 2250 apud
459 2222 512 2241 nos
528 2222 610 2251 saepe
621 2213 675 2241 hoc
689 2212 981 2248 actitat‚utaccuset
991 2218 1074 2251 puta.

361 2258 468 2284 notum
481 2265 496 2283 e
508 2255 666 2284 Ciceronis
680 2255 778 2284 Bruto
789 2260 979 2291 accusatore,
989 2266 1077 2294 quam

364 2298 504 2327 odiosum
518 2298 590 2328 olim
607 2298 698 2328 fuerit
713 2303 921 2328 accusatorem
938 2308 1040 2337 agere.

406 2358 450 2363 --
466 2344 519 2371 21.
535 2341 582 2371 καὶ
598 2341 716 2382 παθὼν]
742 2342 871 2371 subaudi
888 2351 906 2370 a
925 2341 1077 2371 communi

363 2395 405 2414 τι.
420 2383 472 2413 ille
488 2384 579 2414 etiam
596 2384 659 2414 abit
675 2395 743 2413 cum
759 2384 871 2414 damno
887 2384 1000 2423 aliquo.

406 2444 450 2449 -—
465 2429 516 2457 23.
536 2425 724 2467 γνωθήσεται]
748 2428 817 2457 scil.
837 2427 939 2457 παθών
959 2439 1000 2457 τι.
1016 2432 1077 2458 sta-

363 2469 419 2498 tim
439 2470 613 2509 intelligent
636 2481 753 2506 omnes,
768 2481 836 2500 eum
856 2471 966 2500 (lamna
982 2471 1077 2500 mole—

363 2512 498 2552 stiasque
515 2513 574 2542 sibi
590 2513 792 2543 contraxisse.
835 2514 887 2543 Sic
904 2514 979 2542 satis
1002 2516 1077 2544 bene

362 2560 468 2594 potest
490 2556 615 2594 vulgata
634 2557 762 2595 exponi.
785 2566 844 2585 non
866 2556 1014 2595 displicet
1032 2561 1077 2586 ta-

361 2609 431 2629 men
446 2599 538 2628 lectio
550 2599 696 2637 marginis
707 2601 810 2629 Lutet.
823 2601 976 2638 γνώσεται,
988 2600 1078 2640 paulo

358 2647 423 2682 post
435 2643 493 2680 ipse
505 2641 663 2682 intelliget.
680 2647 710 2671 et
725 2642 848 2681 praetuli
861 2643 947 2673 hanc.

407 2702 451 2708 --
467 2685 518 2716 ⁶25.
543 2683 591 2712 καὶ
606 2686 661 2713 τῶν
675 2685 763 2723 νόμων
783 2683 892 2726 δίκαιοι]
911 2685 1011 2715 malim
1028 2684 1076 2714 καὶ

363 2729 404 2758 τὰ
421 2730 476 2757 τῶν
490 2738 511 2757 ν.
530 2727 556 2756 δ.
573 2737 640 2757 nam
656 2729 696 2757 τὰ
709 2728 834 2768 περὶτῆς
850 2727 993 2767 ἐνδείξεως,
1009 2728 1077 2758 scil.

362 2770 505 2810 γενόμενοι,
515 2775 583 2800 sunt
597 2781 645 2799 res
656 2771 691 2799 nd
704 2772 751 2800 τὴν
760 2770 866 2809 ἔνδειξιν
879 2773 1076 2809 pertinentes.

363 2819 395 2844 at
414 2814 507 2854 pauiu
531 2812 638 2843 durius
657 2815 696 2843 τοὶ
714 2813 775 2853 περὶ
794 2817 849 2843 τῶν
864 2814 952 2852 νόμων
975 2814 1078 2843 δίκαια.

363 2867 454 2887 nemo
471 2857 516 2887 sic
528 2855 673 2895 loquitur,
690 2856 742 2885 sed
754 2858 795 2886 τοὶ
807 2859 860 2885 τῶν
876 2857 964 2895 νόμων
973 2856 1076 2886 δίκαια.

357 2903 429 2941 Jura
443 2901 560 2940 legum,
576 2909 623 2935 ea,
634 2909 701 2938 quae
716 2899 800 2939 leges
816 2900 956 2930 sanciunt
972 2907 1002 2929 et
1020 2901 1076 2929 im-

361 2947 488 2983 ponunt.

406 3005 448 3009 —
464 2988 515 3016 27.
533 2984 648 3025 τούτου]
668 2985 748 3015 redit
763 2985 803 3014 nd
826 2985 1075 3027 Aristogitonem,

360 3031 459 3060 τοῦτον
475 3035 575 3060 autem
587 3029 625 3060 ad
640 3030 826 3069 Lycurgum.

721 215 754 257 Ι.
788 215 823 257 Ι.
856 214 1078 258 REISKE
1111 213 1445 257 ANNOTATA

1134 340 1176 346 ——-
1193 322 1248 352 ult.
1267 323 1314 353 καὶ
1329 323 1432 365 νόμων]
1451 323 1552 354 malim
1570 322 1618 353 καὶ
1636 324 1691 353 τῶν
1707 322 1807 364 νόμων.

1134 367 1209 395 774.
1224 368 1275 395 10.
1290 366 1384 408 κοινὸν]
1399 367 1466 397 soil.
1482 379 1514 396 'rt
1526 368 1643 408 χρῖμα..

1136 426 1178 431 -
1195 411 1245 438 12.
1265 407 1445 451 Βουλεύεται]
1466 411 1543 440 bene
1565 411 1665 440 babet.
1682 419 1808 448 respon—

1093 452 1147 480 det
1164 451 1307 481 Latinum
1321 452 1469 491 designat.

1137 511 1180 516 —
1196 497 1248 525 28.
1271 495 1443 534 ἀμφοτέροις
1457 495 1581 536 τούτοις]
1599 500 1630 525 et
1645 494 1811 535 patrationi

1096 537 1258 572 scelerum,
1275 543 1360 576 puta,
1378 542 1408 567 et
1423 538 1582 577 punitioni.

1139 582 1215 612 775.
1233 584 1260 610 1.
1277 580 1405 621 τούτους]
1423 581 1547 611 correxi
1561 579 1682 618 τούτοις,
1696 584 1812 611 mutata

1094 622 1219 661 insuper
1228 634 1322 661 prava
1332 624 1526 655 distinctione
1537 624 1575 654 ad
1584 624 1662 653 hunc
1671 624 1814 654 modum:

1096 664 1144 695 ἐπὶ
1167 665 1188 695 δ’
1213 664 1250 700 οῖς
1273 667 1320 696 οὐκ
1343 665 1461 706 ἐμμένει
1486 666 1604 700 τούτοις.
1627 668 1726 696 νῦν-
1740 667 1813 696 ideo

1097 719 1170 738 vero
1184 709 1266 748 quod
1279 719 1338 739 non
1354 715 1455 740 manet
1471 709 1501 739 in
1518 709 1566 739 bis
1583 710 1716 746 mulctis,
1731 719 1812 739 nunc

1097 752 1136 780 ad
1165 757 1297 782 vestram
1322 753 1510 792 punitionem
1534 752 1708 783 adducitur.
1730 752 1761 782 h.
1783 762 1813 781 e.

1098 795 1180 832 quod
1201 805 1258 824 non
1279 800 1369 835 paret
1392 796 1493 834 legum
1510 806 1620 835 poenae,
1640 795 1728 835 eique
1751 804 1814 824 non

1099 837 1257 872 satisfacit,
1281 848 1378 877 neque
1400 839 1518 877 patitur
1542 848 1607 868 eam
1628 837 1659 867 in
1681 849 1714 868 se
1735 837 1813 867 vali-

1099 879 1168 908 dam
1193 884 1223 909 et
1245 885 1339 910 ratam
1366 881 1444 916 fieri,
1469 886 1559 920 atque
1583 881 1706 913 effectui
1725 880 1812 919 dari3

1100 922 1171 951 ideo
1186 923 1225 952 ad
1237 929 1373 952 vestrum
1383 924 1568 962 pertrahitur
1577 923 1738 962 judicium,
1752 933 1813 962 qno

1100 975 1170 994 eum
1196 965 1236 995 de
1259 965 1434 1005 pervicacia
1458 971 1492 996 et
1512 966 1640 996 audacia
1661 968 1729 1006 ejus
1753 976 1812 1005 pu·

1101 1007 1203 1037 niatis.

1143 1068 1187 1073 —
1198 1051 1226 1082 5.
1241 1050 1421 1092 ἀπόλλυται]
1434 1051 1554 1082 correxi
1563 1051 1816 1090 &waniranprae-

1102 1096 1187 1123 terea
1202 1098 1285 1124 recte
1302 1094 1381 1126 vidit
1401 1094 1498 1130 Wolf,
1519 1094 1575 1132 ἐγὼ
1595 1105 1664 1124 curn
1685 1094 1761 1125 ἐάσω
1782 1104 1813 1123 v.

1103 1138 1154 1166 16.
1176 1137 1338 1167 cohaerere.
1358 1138 1441 1177 quod
1461 1141 1578 1173 tenere,
1599 1147 1697 1177 neque
1719 1138 1756 1167 ab
1778 1147 1815 1166 eo

1101 1180 1261 1210 discedere
1274 1181 1430 1210 debuerat.
1443 1181 1522 1210 ratio
1535 1181 1616 1211 enim
1632 1182 1699 1220 ejus
1711 1183 1815 1220 poste—

1101 1223 1165 1252 rior
1177 1233 1324 1262 perversa
1340 1229 1399 1254 est.

1144 1283 1187 1288 —-
1203 1268 1255 1296 14.
1275 1266 1390 1308 ἀφίετε]
1408 1266 1475 1297 scil.
1491 1268 1531 1297 τὰ
1545 1265 1719 1307 ὀφλήματα.
1735 1265 1816 1295 bene

1103 1307 1196 1338 habet
1212 1309 1242 1338 11.
1255 1308 1276 1339 l.

1143 1369 1186 1374 —-
1203 1352 1255 1382 25.
1273 1351 1468 1392 πληροῦσθαι]
1490 1352 1544 1382 dat
1564 1353 1674 1382 bonam
1695 1355 1817 1382 senten-

1103 1394 1187 1430 tiam,
1200 1395 1310 1430 fateor,
1323 1395 1424 1425 malim
1440 1399 1541 1425 tamen
1555 1394 1741 1435 κληροῦσθαι,
1757 1404 1817 1424 sor-

1104 1438 1156 1467 tito
1172 1439 1322 1467 committi.
1525 1461 1527 1467 ι

1146 1482 1220 1510 776.
1237 1483 1268 1510 7.
1287 1480 1451 1522 πληρωταὶ]
1476 1480 1560 1514 Citat
1575 1480 1605 1510 11.
1625 1480 1648 1510 1.
1664 1480 1819 1519 Harpocr.

1106 1534 1137 1554 v.
1161 1523 1319 1565 πληρωτῆς.
1335 1524 1388 1563 qui
1402 1523 1551 1566 ἐρανάρχην
1569 1533 1623 1553 seu
1638 1523 1818 1563 magistrum

1107 1567 1191 1596 erani
1208 1567 1353 1607 appellat.

1149 1626 1192 1632 -—
1207 1613 1257 1640 17.
1272 1608 1429 1649 κιγκλίδος]
1444 1609 1520 1639 citat
1536 1610 1689 1648 Harpocr.
1707 1618 1738 1639 v.
1752 1619 1819 1647 κιγ-

1107 1651 1179 1687 κλίς.
1210 1653 1291 1683 idem
1315 1653 1395 1682 bunc
1416 1653 1517 1682 locum
1540 1652 1570 1682 in
1591 1656 1693 1682 mente
1713 1651 1820 1682 hahuit

1108 1696 1144 1725 ad
1159 1706 1190 1725 v.
1205 1695 1360 1736 ἀπόρρητα.

1149 1755 1193 1761 —
1209 1741 1261 1769 24.
1279 1738 1454 1778 μετάστητε
1475 1736 1544 1778 ἔξω]
1570 1737 1636 1768 scil.
1654 1737 1676 1767 οἱ
1700 1738 1744 1777 μὴ
1767 1743 1821 1767 λοι-

1107 1791 1219 1822 χοντες.

1151 1841 1193 1846 --
1207 1822 1283 1853 ibid.
1300 1824 1356 1853 τῶν
1372 1822 1459 1863 νόμων
1476 1822 1602 1863 κρατεῖν]
1620 1824 1695 1852 bene
1717 1823 1822 1854 babet.

1108 1870 1266 1906 compotes
1282 1871 1354 1896 sunt
1368 1867 1481 1906 legum,
1497 1867 1554 1895 boc
1573 1869 1633 1901 est,
1651 1876 1744 1904 penes
1766 1876 1820 1896 eos

1109 1915 1157 1939 est
1173 1910 1221 1939 vis
1238 1913 1270 1939 et
1284 1911 1428 1949 majestas
1443 1909 1557 1948 legum,
1573 1909 1621 1939 vis
1641 1908 1824 1947 imperandi,

1110 1958 1141 1982 et
1153 1952 1279 1983 vetandi
1294 1962 1333 1982 ex
1352 1952 1533 1991 praesoripto
1549 1951 1665 1991 legum,
1678 1957 1708 1981 et
1718 1951 1822 1982 edicta

1109 1995 1211 2035 legum
1228 1996 1406 2031 exercendi,
1429 2000 1520 2034 atque
1544 1995 1574 2024 in
1597 1994 1742 2025 effectum
1764 1995 1822 2025 du-

1109 2039 1209 2074 cendi,
1237 2039 1416 2069 criminosos
1441 2037 1599 2078 puniendi,
1626 2037 1820 2077 refractarios

1109 2082 1250 2122 cogendi.

1151 2143 1195 2148 —-
1209 2125 1284 2155 ibid.
1301 2123 1346 2164 ἐφ’
1362 2122 1414 2165 οἷς]
1432 2134 1558 2163 quarum
1574 2123 1675 2162 legum
1694 2124 1822 2154 tuenda-

1111 2179 1176 2198 rum
1192 2172 1222 2198 et
1238 2168 1477 2198 exercendarum
1493 2176 1596 2202 cansa,
1613 2170 1644 2195 et
1657 2168 1713 2196 sub
1729 2177 1764 2196 ea
1776 2167 1821 2196 le-

1111 2222 1159 2250 ge,
1176 2211 1350 2241 conditione
1368 2215 1399 2240 et
1419 2209 1628 2250 stipulatione,
1647 2213 1682 2239 ut
1698 2220 1750 2240 eas
1765 2220 1821 2240 ex-

1110 2255 1266 2284 erceretis.

1152 2299 1228 2328 ¹774.
1249 2300 1280 2328 4.
1306 2295 1458 2337 τολμηρὸν]
1481 2295 1688 2326 memorabilis
1709 2299 1768 2332 est,
1791 2300 1824 2326 et

1111 2341 1214 2370 nescio
1232 2350 1269 2370 an
1295 2350 1367 2370 vera
1390 2340 1482 2370 lectio
1507 2339 1626 2369 codicis
1651 2339 1824 2378 Augustani

1109 2383 1206 2422 τομόν.
1231 2388 1262 2413 et
1286 2383 1330 2412 sic
1357 2383 1441 2413 dedi.
1464 2383 1558 2421 digna
1579 2386 1663 2411 certe
1686 2387 1735 2412 est
1756 2383 1822 2412 haec

1110 2426 1207 2456 dictio
1228 2431 1258 2456 et
1273 2427 1330 2456 hoc:
1349 2427 1429 2461 loco,
1445 2431 1476 2456 et
1498 2425 1620 2465 ingenio
1635 2425 1823 2465 Hyperidis,

1111 2471 1198 2508 cujus
1213 2470 1278 2499 haeo
1294 2469 1404 2505 oratio,
1419 2469 1499 2508 quod
1511 2471 1574 2508 jam
1590 2468 1706 2508 Taylor
1729 2478 1822 2498 anno-

1111 2513 1200 2549 tavit,
1221 2512 1409 2543 dictionibus
1427 2511 1571 2542 masculis
1588 2515 1620 2542 et
1634 2511 1822 2547 efficacibus,

1111 2559 1142 2585 et
1154 2556 1190 2585 ab
1204 2567 1260 2586 usu
1274 2555 1427 2586 communi
1440 2554 1682 2588 abhorrentibus,
1694 2564 1778 2593 quas,
1790 2559 1825 2584 ut

1110 2599 1227 2629 diversi
1244 2603 1316 2629 sunt
1332 2609 1439 2629 sensus
1455 2598 1620 2634 hominum,
1631 2596 1686 2626 atii
1701 2597 1825 2626 damna-

1111 2647 1181 2672 runt
1196 2643 1276 2678 vitii,
1290 2642 1352 2679 alii,
1367 2652 1436 2671 cum
1452 2641 1563 2680 quibus
1577 2641 1709 2680 ipsemet
1733 2640 1824 2676 facio,

1110 2685 1142 2714 in
1167 2685 1331 2716 luminibus
1353 2684 1501 2714 orationis
1522 2684 1705 2713 habuerunt.
1724 2682 1825 2722 τομὸν,

1112 2732 1171 2764 est,
1182 2739 1262 2764 acre,
1273 2738 1399 2763 saevnrn,
1410 2732 1572 2766 penetrans
1584 2731 1616 2756 et
1626 2735 1826 2765 perrumpens

1112 2771 1212 2801 omnia
1228 2770 1397 2806 obstacula,
1416 2780 1483 2800 cum
1503 2769 1534 2800 vi
1556 2769 1696 2808 quadam,
1713 2774 1745 2798 et
1763 2769 1825 2798 fer-

1113 2812 1186 2844 vore
1203 2820 1292 2853 atque
1308 2813 1481 2852 rapiditate.
1627 2812 1629 2816 ⁴

1154 2875 1197 2879 —-
1212 2859 1275 2890 τοὺς
1298 2856 1395 2895 νόμους
1418 2853 1460 2885 οὖν
1481 2855 1523 2884 δεῖ
1544 2853 1646 2894 τηρεῖν]
1669 2853 1756 2884 idem'
1777 2859 1824 2884 est

1111 2911 1147 2929 ac
1158 2901 1184 2929 si
1196 2900 1344 2929 dixisset:
1362 2898 1492 2939 προσήκει
1506 2898 1566 2931 τοῖς
1577 2895 1719 2937 δικάζουσι
1735 2898 1825 2937 τηρεῖν

1111 2943 1176 2977 τοὺς
1190 2942 1288 2982 νόμους
1301 2941 1349 2971 καὶ
1363 2940 1608 2983 ἶσχυρουςοιῦτοὺς
1620 2941 1716 2970 ποιεῖν.

1121 3002 1124 3005 ·
1153 3003 1195 3008 ·——
1209 2989 1238 3017 9.
1257 2984 1409 3025 ἀνέῳκται]
1422 2984 1650 3024 aperiuntur,et
1664 2983 1824 3022 profanan-

1112 3034 1161 3058 tur
1183 3039 1230 3066 ea,
1255 3039 1323 3068 qnae
1348 3029 1462 3064 clausa,
1481 3037 1574 3064 sacra,
1601 3030 1729 3066 augusta
1754 3035 1824 3054 esse
