1931 3322
438 191 505 234 IN
539 190 951 235 PHILIPPICAM
986 192 1069 233 DE
1100 193 1276 237 PACE.

117 310 191 330 cum
203 299 338 331 dixisset
349 304 463 336 orator,
478 300 607 330 arrectis
629 299 771 339 judicum
786 309 840 329 au-

116 343 208 373 ribus
222 343 396 374 descendit.
412 344 536 382 judices
547 348 650 373 autem
665 343 756 381 hujus
770 353 838 373 nar-

115 386 302 416 ratiunculae
319 387 426 426 lepore
443 386 536 427 capti,
560 387 746 416 revocabant
769 396 838 416 eum

117 434 148 460 et
165 440 289 459 causam
312 440 459 469 perorare
474 432 644 470 jusserunt.
687 430 766 459 Tum
783 429 837 459 ille

115 482 224 502 rursus
255 473 467 503 adscendens:
501 472 570 512 {mig
596 471 651 513 μὲν
673 477 728 502 ὄνου
751 474 836 507 σκιᾶς

115 515 237 552 ἀκούειν,
257 528 278 545 ω
295 515 399 557 ἄνδρες,
423 515 605 556 ἐπιθυμεῖτε,
635 514 782 554 ἀνθξώπου
806 515 834 545 δὲ

114 558 306 593 κινδυνεύοντος
325 560 388 600 mgr
399 558 507 602 ψυχῆς,
524 558 582 590 οὐδὲ
598 560 650 592 τῆς
668 559 760 598 φωνης
773 557 833 589 ἀνέ-

114 602 224 644 χεσθε.
248 603 293 633 510
311 613 367 633 suo
389 613 474 633 more
502 601 761 642 ἐνθυμηματικῶς.
784 601 832 631 1115

113 645 199 675 addit
216 645 320 677 Schol.
334 646 418 676 ἄλλοι
432 645 460 676 δὲ
482 644 622 684 λέγουσιν,
637 657 680 675 οτι
694 643 834 675 Ἀθηνηθεν

112 688 152 724 εἷς
168 690 296 728 Δελφους
313 689 359 720 ‘rav
372 700 424 720 ονον
439 688 643 729 ἐμισθώσατο.
663 687 731 725 ὅθεν,
746 688 832 727 φασι,

114 732 164 762 και
176 731 261 766 αὑτὸς
278 732 292 762 ὅ
307 731 486 774 Δημοσθένης
500 744 564 773 πεςι
587 733 639 765 τῆς
661 731 687 762 ἐν
708 733 833 771 Δελφοῖς

113 776 198 808 σκιᾶς
223 773 317 816 φησίν.
363 777 423 807 Sed
449 787 505 807 nos
522 777 654 806 allusum
674 786 743 806 esse
759 785 830 805 cen-

113 828 216 848 semus
231 819 270 848 ad
284 820 495 858 proverbium,
520 830 579 849 non
594 819 696 859 ipsum
712 820 832 850 directe

109 861 258 901 positum.
315 863 395 893 Haec
423 863 573 893 divinatio
611 867 716 892 nostra
752 866 830 899 erat,

112 915 202 944 quam
219 906 258 935 ab
285 905 532 946 Harpocratione
555 907 702 936 firmatam
722 911 831 945 postea

113 948 262 984 vidimus,
285 950 373 988 cujus
400 951 465 980 haec
493 953 575 979 sunt:
601 947 728 989 Δίδυμός
757 957 829 989 φησι

112 992 163 1022 τῆν
179 991 242 1033 περὶ
263 993 314 1026 τῆς
334 991 388 1022 ὄνου
413 994 500 1026 σκιᾶς
522 992 675 1031 memma
697 1003 828 1032 παμπε-

112 1033 247 1066 ποιησθαι
270 1033 325 1066 ὑπο
336 1037 386 1065 τοῦ
405 1035 511 1077 ῥήτοξος
530 1033 668 1073 λέγοντος,
690 1037 754 1075 πεξι
777 1048 830 1071 της

109 1075 137 1106 ἐν
161 1079 286 1118 Δελφοῖς
305 1079 400 1113 σκιῖις.
422 1079 506 1118 quod
532 1088 606 1108 sane
631 1079 828 1109 verissimum

112 1124 171 1150 est.

155 1165 193 1194 P.
211 1166 286 1196 149.
307 1167 339 1196 4.
363 1176 427 1206 προς
441 1164 580 1198 ἑκάστους
595 1163 667 1193 καθ’
685 1163 747 1207 ε’να]
759 1167 823 1197 ,Ne

110 1207 184 1246 quid
210 1212 336 1238 ornatus
366 1208 438 1238 buic
466 1208 663 1238 oratiunculae
686 1209 826 1245 deesset,

110 1250 238 1281 mirifice
264 1251 421 1281 concludit
442 1262 509 1293 eam
535 1252 762 1291 enthymemate
778 1252 824 1281 in-

110 1293 212 1333 signi:
244 1296 335 1334 cujus
359 1305 426 1334 quae
455 1295 502 1324 vis
527 1299 558 1325 et
580 1295 660 1324 ratio
685 1295 736 1332 sit,
758 1306 826 1335 quae

110 1337 218 1376 gratia,
233 1348 386 1378 exponam
401 1338 542 1378 pluribus
555 1349 561 1368 :
586 1344 619 1368 nt
630 1343 699 1368 ante
714 1339 821 1369 oculos

108 1379 240 1410 habeant
259 1382 482 1418 adolescentes,
509 1382 592 1421 quod
609 1382 774 1413 observent
794 1382 825 1413 in

108 1422 169 1453 hoc
181 1428 302 1455 oratore
315 1430 407 1465 atque
423 1425 490 1455 aliis
508 1436 577 1455 cum
601 1425 736 1455 maximo
762 1426 824 1455 fru-

107 1470 171 1498 ctu.
195 1467 287 1498 Dem.
303 1469 347 1509 [c.
365 1469 445 1499 Mid.
458 1479 488 1508 p.
504 1471 579 1500 532.
591 1469 633 1498 R.
649 1479 673 1498 s.
689 1479 758 1508 cap.
772 1471 824 1500 16.

108 1509 159 1540 ed.
175 1511 354 1561 Spalding]
384 1511 450 1542 εἶτα
470 1511 517 1542 τὸν
539 1524 580 1552 με
583 1523 595 1541 ν
614 1514 746 1553 χορευτὴν
771 1511 825 1543 οὐδ’

106 1552 120 1582 ὅ
135 1553 340 1593 πξοσκαλέσας
351 1567 433 1585 κατα
447 1554 492 1584 τὸν
505 1554 585 1596 νόμον
595 1555 742 1596 ἀζημιος”
730 1567 824 1591 εσται,

108 1595 158 1636 [p.
177 1600 250 1629 191.
266 1598 316 1628 ed.
333 1599 390 1639 D.]
416 1596 463 1629 τὸν
476 1598 505 1629 δὲ
517 1598 634 1640 χορηγὸν
652 1598 736 1628 αὐτον
747 1597 824 1629 οὐδ’ε
812 1611 824 1628 ο

106 1639 260 1679 συγκόψας
273 1643 353 1681 παρὰ
367 1642 479 1676 πάντας
489 1643 554 1675 τοὺς
567 1641 666 1680 νόμους
679 1652 752 1671 ουτω
766 1649 823 1681 φοι-

104 1685 194 1724 νερῶς,
210 1695 240 1714 ου
254 1684 336 1714 δώσει
354 1684 445 1722 &lanu
468 1686 650 1725 προσκαλεῖν,
667 1686 762 1723 injus
775 1695 824 1716 vo-

106 1736 185 1757 care.
229 1728 287 1757 Est
306 1731 338 1758 et
353 1728 410 1757 hoc
434 1738 494 1757 non
520 1727 620 1756 minus
634 1727 756 1765 insigne
770 1739 822 1758 00-

107 1769 264 1808 thymema
286 1770 485 1805 rhetoricum,
508 1771 559 1800 cui
579 1770 739 1800 consimile
764 1776 822 1809 est,

106 1822 206 1851 neque
221 1813 378 1853 egregium
402 1814 501 1843 minus
516 1813 593 1843 illud
614 1813 705 1842 Pauli
731 1813 820 1853 [Act.

108 1856 244 1886 XXIII.
260 1859 290 1887 3.
294 1857 308 1898 ]
325 1856 374 1885 καὶ
391 1858 426 1886 σὺ
441 1855 518 1897 κάθῃ
528 1867 616 1897 κρινων
627 1866 667 1895 με
682 1858 762 1885 κατὰ
777 1855 823 1885 τόν

105 1898 198 1937 νόμον,
209 1911 256 1929 και
273 1902 438 1950 παρανομῶν
450 1898 569 1934 κελεύεις
583 1909 624 1936 με
636 1897 821 1929 τύπτεσθαι·
813 1921 822 1936 ,

105 1942 154 1972 και
170 1942 294 1982 ponitur
308 1937 380 1973 ἀντι
388 1954 437 1972 του
453 1942 531 1972 εἶτα.
578 1941 688 1971 Latina
704 1941 783 1971 enim
799 1951 817 1970 a

106 1986 218 2016 Graeca
239 1986 364 2016 ducitur
378 1985 568 2025 conjunctio.
587 1984 672 2023 Virg.
690 1984 820 2024 [Georg.

107 2029 153 2059 11.
170 2040 219 2060 vs.
234 2029 327 2070 453]

151 2092 174 2106 “
191 2090 231 2120 Et
245 2088 388 2119 dubitant
401 2086 538 2118 homines
549 2097 652 2117 serere
664 2086 821 2127 0111110101-

277 2132 413 2171 pendere
428 2141 531 2161 curam
542 2129 574 2160 ?''

104 2199 174 2231 εῖτα
201 2199 455 2240 ἀμφιβάλλομεν,
491 2199 571 2229 Haec
597 2198 822 2238 enthymemata

105 2243 307 2274 conficiuntur
327 2254 366 2274 ex
376 2242 547 2273 contrariis.
561 2242 592 2272 in
602 2242 820 2272 Demosthenis

105 2291 206 2318 autem
219 2287 308 2327 plura
316 2291 386 2317 sunt
397 2285 558 2317 contraria.
566 2287 682 2325 majora
691 2286 771 2316 enim
788 2290 820 2316 et

104 2331 224 2361 minora
239 2335 329 2369 atque
344 2330 437 2360 etiam
448 2330 544 2360 relata
554 2330 726 2369 praesertim
737 2330 817 2369 apud

103 2374 245 2404 rhetores
256 2383 314 2413 pro
322 2374 484 2403 contrariis
496 2374 658 2403 habentur.
666 2373 820 2403 contraria

106 2421 176 2448 sunt
185 2419 266 2448 κατὰ
274 2415 320 2447 τᾶν
332 2416 412 2456 νόμον
423 2416 472 2446 καὶ
482 2418 570 2456 παρὰ
580 2417 693 2451 πάντας
703 2417 768 2451 τοὺς
779 2416 819 2447 νό-

103 2472 188 2500 μους,
204 2460 301 2491 relata
314 2461 447 2501 χορευτὴς
461 2459 510 2489 καὶ
524 2459 652 2501 χορηγὸς,
661 2461 778 2490 minora
788 2464 820 2490 01

103 2504 243 2544 majorari
258 2501 460 2544 προσκαλέσας
471 2503 518 2533 καὶ
534 2501 720 2542 ὅσυγκόψας.
766 2503 819 2533 Sic

105 2547 194 2578 vides
209 2547 239 2577 in
256 2547 327 2583 hoc,
339 2547 418 2586 quod
430 2546 578 2576 habemus
589 2558 653 2586 prae
663 2546 818 2583 manibus,

103 2592 198 2632 συχνὰ
211 2592 253 2621 τὲ
263 2589 385 2626 ἐναντία,
397 2590 546 2620 videlicet
559 2589 593 2620 τὸ
604 2589 669 2631 πρὸς
681 2590 820 2624 ἑκάστους

103 2633 176 2663 καθ’
190 2633 247 2670 ἕνα,
269 2634 318 2663 καὶ
341 2632 374 2664 τό
396 2632 462 2673 πρὸς
477 2632 623 2670 ἅπαντας,
638 2633 672 2663 τὸ
687 2635 749 2674 περὶ
764 2636 819 2663 τῶν

102 2676 204 2707 οἰκείων
225 2677 273 2707 καὶ
292 2677 536 2715 ἀναγκαιοτάτων,
559 2676 606 2706 καὶ
627 2676 661 2706 τὸ
684 2677 746 2716 ‘fregi
769 2679 821 2712 τῗίς

102 2718 131 2755 ἐν
141 2721 264 2760 Δελφοῖς
282 2722 376 2754 σκιᾶς.
393 2720 466 2749 item
481 2719 516 2750 τὸ
531 2719 580 2751 ἤδη
596 2719 644 2750 καὶ
657 2719 690 2749 τὸ
705 2721 758 2750 νῦν.
782 2721 818 2750 il·

102 2763 158 2794 lud
174 2764 254 2794 enim
270 2763 419 2803 praeteriti
435 2763 584 2802 temporis
597 2767 656 2799 est,
673 2768 705 2793 ut
722 2774 820 2802 gram-

103 2806 209 2836 matici
225 2807 348 2838 docent.
364 2811 522 2846 postremo
539 2806 573 2836 τό
587 2806 692 2837 οὑτωσὶ
707 2817 819 2847 προσεν-

105 2849 239 2891 ηνέχθαι,
252 2849 284 2879 id
301 2855 359 2887 est,
380 2856 442 2881 tam
461 2850 596 2890 pacifice,
616 2850 665 2880 καὶ
682 2852 819 2890 «πολεμῆ-

105 2904 168 2922 σαι.
192 2892 400 2930 Quintilianus
423 2893 496 2934 [lib.
514 2894 610 2924 VIII.
636 2903 704 2932 cap.
725 2894 764 2923 V.
789 2904 820 2933 p.

104 2937 181 2966 721.
198 2946 226 2966 s.
242 2936 291 2966 ed.
309 2936 434 2978 Burm.]
457 2937 688 2976 '‘Enthymema
699 2947 821 2976 quoque

105 2983 155 3009 est
168 2989 258 3009 omne
277 2980 359 3018 quod
372 2985 474 3011 mente
489 2980 677 3019 concipitur:
695 2979 821 3020 proprie

104 3026 204 3053 tamen
220 3021 335 3053 dicitur
351 3033 420 3063 quae
445 3028 495 3054 est
521 3024 671 3055 sententia
692 3034 731 3054 ex
749 3034 823 3054 con-

149 3075 227 3096 1101.
246 3076 277 3096 ν.

1509 197 1592 239 417

873 297 988 333 trariis,
1019 303 1184 337 propterea
1207 301 1288 341 quod
1312 299 1446 333 eminere
1467 300 1594 333 videtur

875 340 957 370 inter
969 345 1093 377 oaetera,
1110 348 1143 371 ut
1158 343 1315 374 Homerus
1327 349 1430 384 poeta,
1442 346 1513 376 urbs
1523 347 1590 376 Ro-

871 394 931 413 ma.
946 394 1002 422 pro
1019 383 1152 423 Ligario,
1181 386 1319 422 Quorum
1341 388 1436 427 igitur
1454 388 1588 428 impuni-

872 431 929 466 tas,
951 427 1066 463 Caesar,
1093 428 1261 459 clementiae
1282 437 1343 460 tnae
1353 412 1435 462 olaus
1452 438 1510 469 est,
1535 443 1588 462 eo·

869 480 937 499 rum
961 475 991 499 te
1021 469 1160 507 ipsorum
1193 473 1231 501 ad
1255 475 1470 505 crudelitatem
1493 480 1586 506 acuet

869 512 1010 542 oratio‘!”
1035 514 1100 542 haec
1112 514 1239 544 Fabius.
1282 517 1383 555 Atque
1398 519 1504 548 eadem
1517 519 1583 549 fere

868 556 914 585 M.
928 555 1049 586 Tullius
1066 556 1112 597 [in
1129 556 1269 595 Topicis,
1286 569 1312 588 0.
1330 561 1403 601 13]
1428 562 1508 591 “Ex
1525 562 1584 592 1100

866 598 920 630 illa
942 600 1097 629 rhetorum
1121 608 1191 630 sunt
1212 611 1251 630 ex
1275 604 1435 633 contrariis
1457 605 1584 635 conclu—

867 653 912 679 sa,
927 653 996 682 quae
1018 643 1064 673 illi
1085 644 1311 683 enthymemata
1326 647 1492 686 appellant.
1511 658 1585 684 non,

866 687 949 726 quod
962 697 1023 716 non
1039 686 1137 717 omnis
1153 687 1302 718 sententia
1316 688 1443 728 proprio
1460 690 1584 721 nornine

866 731 1059 770 enthymema
1086 730 1222 761 dicatur:
1260 730 1409 770 [p.192.
1439 732 1488 762 ed.
1520 733 1581 774 D.]

865 774 919 804 sed
928 780 963 804 ut
973 773 1128 804 Homerus
1138 778 1265 815 propter
1272 775 1488 805 excellentiam
1499 785 1584 805 com-

864 828 955 847 mune
971 823 1132 857 poetarum
1150 828 1259 848 nomen
1276 818 1367 848 efficit
1389 819 1471 859 apud
1495 820 1581 849 Grae-

865 871 918 890 cos
935 872 1042 900 suum3
1065 861 1110 890 sic
1132 872 1223 901 quum
1240 861 1337 891 omnis
1354 861 1505 892 sententia
1529 873 1583 892 en-

864 904 1019 943 thymema
1031 904 1162 942 dicatur,
1174 905 1245 944 quia
1260 904 1384 935 videtur
1400 915 1447 941 ea,
1457 914 1525 945 quae
1541 916 1582 936 ex

864 949 1026 979 contrariis
1067 949 1256 984 conficiatur,
1297 948 1486 984 acutissima,
1514 949 1581 979 sola

863 992 989 1030 proprie
1002 1002 1111 1021 nomen
1125 1001 1285 1022 commune
1299 990 1475 1031 possidet.''
1489 992 1578 1022 Bene

863 1035 1049 1065 acutissima.
1059 1036 1105 1065 bis
1122 1036 1213 1070 enim,
1228 1045 1318 1074 quum
1331 1036 1400 1065 1000
1411 1040 1580 1075 ponuntur,

862 1078 937 1107 011111
948 1079 1102 1115 festivius,
1112 1078 1186 1108 nihil
1197 1079 1326 1109 acutius.
1342 1077 1576 1118 Hermog.[1n-

863 1122 1007 1152 vent.lib.
1019 1122 1196 1161 111.cap.1.
1207 1132 1236 1160 p.
1255 1124 1307 1152 68.
1322 1123 1370 1152 ed.
1384 1121 1516 1162 Sturm.]
1528 1121 1580 1152 καὶ

860 1165 918 1203 μὴν
939 1165 988 1194 καὶ
1002 1167 1057 1196 τῶν
1072 1164 1127 1195 ἐπὶ
1149 1165 1259 1199 τούτοις
1281 1163 1497 1205 ἐνθυμημάτων
1511 1164 1580 1205 ἐμοὶ

860 1207 1096 1248 παρευρεθέντων,
1129 1208 1174 1249 ἐφ’
1202 1207 1238 1239 ὧν
1267 1207 1301 1237 τὸ
1338 1208 1495 1249 ἄκξότατον
1525 1209 1580 1241 τῆς

860 1250 1030 1290 δριμύτητος
1052 1253 1132 1292 wag&
1155 1253 1216 1286 τοῖς
1243 1252 1431 1293 ἀρχαιοτέςοις
1453 1250 1578 1293 εὑρίσκε-

860 1305 921 1324 ται.
947 1295 991 1325 510
1013 1296 1098 1335 lego,
1119 1306 1177 1326 non
1201 1293 1255 1335 ἀφ’
1269 1293 1315 1325 οἷν.
1331 1295 1480 1336 δριμύτης,
1504 1305 1578 1325 ασα-

859 1347 936 1373 men,
965 1340 1139 1370 acrimonia.
1183 1339 1246 1369 Sed
1276 1349 1370 1378 quum
1402 1339 1512 1369 Cicero
1545 1342 1577 1368 et

859 1381 976 1412 Fabius
1010 1387 1080 1412 ante
1115 1393 1184 1413 eum
1213 1383 1279 1412 haec
1310 1386 1466 1417 notarunt,
1498 1392 1580 1421 quos

859 1428 980 1455 constat
1003 1426 1191 1466 antiquiores
1208 1426 1314 1462 fuisse,
1339 1426 1492 1464 quomodo
1507 1425 1576 1463 glo-

857 1467 956 1499 riatur
987 1479 1075 1499 suum
1105 1480 1172 1499 esse
1195 1469 1252 1499 1100
1276 1468 1458 1510 νιιάιρεύςεμοι.>
1504 1469 1577 1498 Non

857 1511 928 1551 ipsa
942 1513 1170 1552 enthymemata
1186 1513 1401 1552 Hermogenes
1413 1511 1493 1552 apud
1511 1521 1580 1542 ora-

860 1558 944 1585 tores
976 1557 1094 1595 primus
1126 1556 1353 1586 animadvertit.
1382 1565 1451 1585 nam
1475 1565 1574 1594 neque

858 1598 1042 1629 Aristoteles
1072 1609 1109 1629 ea
1137 1598 1307 1636 nesciebat,
1329 1602 1364 1629 ut
1386 1609 1460 1628 mox
1483 1598 1579 1628 doce-

858 1640 969 1671 bimus.
1002 1642 1056 1672 sed
1088 1643 1146 1673 hoc
1168 1642 1330 1673 Tarsensis
1352 1642 1407 1672 ille
1431 1640 1577 1681 princeps

858 1686 993 1714 omnium
1015 1686 1107 1722 vidit,
1131 1696 1190 1716 non
1213 1696 1282 1715 esse
1306 1686 1371 1715 haec
1399 1683 1574 1725 ἐνθυμήμα·

857 1739 909 1764 τα,
933 1726 1152 1769 ἒπιχειςῆματα
1173 1728 1236 1767 (510
1259 1728 1338 1758 001111
1354 1728 1511 1768 appellant
1526 1738 1575 1758 ar-

858 1772 1018 1812 gumenta)
1047 1773 1100 1802 sed
1131 1769 1336 1812 ἒπεξεργασίας
1357 1773 1412 1801 τῶν
1435 1769 1575 1812 ἐπιχειξη·

855 1813 971 1851 μάτων,
1003 1826 1072 1852 quae
1100 1816 1254 1844 ducuntur
1277 1815 1328 1844 vel
1351 1815 1390 1844 ab
1414 1815 1574 1854 exemplo,

857 1855 905 1885 vel
930 1866 947 1884 a
970 1858 1096 1895 majore,
1123 1858 1170 1886 vel
1194 1856 1322 1893 minore,
1346 1857 1397 1887 vel
1421 1857 1499 1897 pari,
1524 1857 1576 1888 vel

857 1898 960 1935 simili,
978 1900 1027 1929 vel
1051 1899 1213 1929 contrario.
1260 1900 1353 1937 Quod
1372 1910 1479 1930 verum
1494 1910 1575 1936 esse,

856 1940 943 1970 locus
967 1941 1021 1971 ille
1046 1947 1153 1972 eontra
1183 1941 1315 1973 Midiam
1339 1943 1503 1974 evidenter
1526 1954 1577 1974 os-

855 1985 965 2014 tendit.
988 1997 1029 2025 τῳ
1054 1988 1107 2028 γὰρ
1123 1985 1188 2016 ἀωό
1209 1987 1258 2016 τοῦ
1282 1985 1434 2021 ελάττονος
1456 1985 1573 2028 ἐπιχει-

853 2038 964 2066 ξηματι
988 2019 1066 2059 illud
1089 2031 1282 2069 enthymema
1306 2029 1476 2068 subjunxit.
1509 2031 1573 2060 Sed

856 2071 1073 2111 11010108.τᾶ
1100 2071 1319 2115 ἐπιχειρηματα
1351 2073 1429 2103 sumi
1455 2072 1552 2103 vult’
1541 2084 1575 2103 εκ

857 2116 912 2144 τῶν
941 2116 1146 2154 πεξιστάσεων,
1176 2127 1243 2155 quae
1273 2121 1345 2146 sunt
1365 2117 1425 2152 hae,
1449 2115 1506 2153 τίς,
1530 2115 1573 2154 τί,

857 2155 937 2188 ἕνεκα
957 2158 1039 2195 τίνος,
1062 2162 1134 2196 πῶς,
1158 2159 1239 2196 πότε,
1264 2160 1329 2190 ποῦ.
1350 2158 1518 2201 ἐργάζεσθαι
1544 2159 1575 2190 δὲ

857 2210 897 2230 ex
920 2201 984 2231 illis
1006 2202 1098 2238 locis,
1129 2213 1207 2243 quos
1228 2203 1416 2233 enumeravi.
1439 2208 1505 2234 tum
1528 2202 1576 2233 in-

854 2244 928 2274 ferri
951 2247 992 2276 τοὶ
1006 2244 1211 2286 ἐνθυμήματα.
1245 2245 1298 2276 Sic
1319 2246 1397 2276 enim
1420 2246 1476 2276 ille
1499 2246 1575 2276 arti-

854 2288 907 2318 fex
932 2287 1012 2328 [111.
1034 2290 1074 2319 de
1105 2290 1168 2320 inv.
1198 2301 1230 2330 p.
1254 2291 1328 2320 114.
1359 2289 1409 2320 ed.
1440 2290 1575 2343 Sturm.]

854 2328 1004 2372 ἐργάζεται
1028 2332 1058 2363 δὲ
1080 2335 1138 2363 πὲίν
1160 2331 1337 2384 ἐπιχείρημα,
1362 2332 1429 2362 &wo
1452 2332 1573 2368 τούτων,

855 2373 874 2403 ἃ
897 2374 1004 2405 δοκουσί
1026 2386 1098 2411 τινες
1113 2376 1182 2407 εῖναι
1198 2375 1428 2417 ἐπιχειρηματα,
1450 2388 1472 2406 ο.
1475 2387 1499 2406 ον
1513 2376 1573 2406 avr&

854 2418 1040 2459 ’ωἀραβολης,
1061 2419 1119 2449 ἀπὸ
1142 2419 1387 2459 παςαδείγματος,
1404 2417 1461 2449 ἄπο
1472 2431 1573 2461 μικρο-

854 2460 943 2502 τὲςου,
974 2461 1032 2493 ἀπὸ
1062 2461 1195 2502 μείζονος,
1227 2461 1284 2492 ἀπὸ
1313 2462 1385 2499 ἴσου,
1409 2462 1476 2493 &wo
1500 2462 1572 2493 ἔναν-

853 2503 924 2535 τίου.
970 2506 1033 2536 Sed
1057 2507 1125 2536 sive
1151 2507 1215 2536 baec
1238 2510 1416 2546 argumenta
1438 2506 1572 2537 dicenda.

855 2548 926 2584 sint,
950 2549 1018 2579 sive
1034 2549 1246 2580 exornationes
1262 2554 1523 2589 argumentorum,
1539 2550 1569 2579 in

854 2602 887 2621 re
918 2591 991 2621 nibil
1018 2592 1154 2628 interest,
1178 2593 1218 2622 de
1241 2592 1365 2623 nomine
1382 2593 1481 2623 omnis
1499 2604 1574 2623 con-

854 2636 1007 2665 troversia
1036 2636 1171 2666 exsistit.
1204 2637 1252 2677 [p.
1276 2638 1350 2667 193.
1373 2637 1422 2666 ed.
1447 2637 1506 2678 D.]
1534 2637 1570 2666 In

854 2677 909 2707 illo
933 2680 1057 2718 quidem
1080 2684 1187 2710 contra
1210 2680 1338 2710 Midiam
1363 2680 1446 2715 loco,
1464 2680 1489 2709 si
1506 2679 1572 2718 pla-

855 2726 904 2751 cet
925 2722 1091 2761 inquirere,
1114 2723 1230 2753 nullum
1253 2734 1293 2753 ex
1317 2723 1420 2762 aliqua
1442 2724 1572 2752 circum-

855 2766 966 2795 stantia
982 2767 1180 2804 praecessisse
1194 2772 1405 2807 argumentum
1423 2764 1572 2804 reperies,

855 2809 942 2847 cujus
972 2807 1090 2848 ἐξγασία
1114 2810 1154 2840 sit
1177 2810 1234 2840 ἀπὸ
1256 2811 1305 2839 τοῦ
1329 2809 1491 2843 ἐλάττονος,
1515 2808 1570 2837 sed

856 2862 894 2881 ex
911 2855 959 2887 00,
976 2853 1057 2892 q'uod
1082 2854 1183 2883 minus
1200 2859 1277 2890 erat,
1293 2851 1462 2892 principale
1480 2861 1571 2890 urgu-

855 2900 990 2925 mentum
1011 2897 1101 2927 trahi.
1126 2897 1238 2927 deinde
1262 2895 1412 2929 subnecti,
1429 2901 1572 2933 tanquam

855 2936 1070 2980 ἐπεξεργασίάν,
1099 2939 1133 2969 τὸ
1155 2939 1326 2980 ἐνθύμημα,
1352 2937 1435 2977 quod
1464 2938 1572 2967 retuli-

856 2992 936 3012 mus.
979 2983 1118 3013 Novisse
1149 2988 1252 3013 autern
1281 2981 1481 3012 Aristotelem
1511 2981 1570 3011 hoo

856 3035 978 3065 quoque
988 3027 1193 3066 enthymema,
1209 3036 1268 3056 non
1279 3025 1378 3056 solum
1388 3024 1477 3062 illud,
1488 3024 1570 3064 quod
1601 3053 1605 3057 ,

857 3070 878 3099 3
894 3079 915 3098 11
