1931 3323
333 221 417 264 326

332 326 371 367 ςᾷἱ
397 326 496 356 πάντα
522 324 659 364 πρόσεστι
685 326 774 356 καλά.
818 325 930 355 Suidas
955 323 1045 364 καιρὸν

310 379 316 386 ·
333 369 453 405 definit,
465 366 498 397 τὲ
510 367 556 408 ἐφ’
565 367 689 399 ἑκάστου
699 369 873 410 πράγματος
884 367 981 407 καίριον
994 367 1042 397 καῖ

334 412 570 453 χρησιμώτατον,
594 413 624 442 id
650 418 709 448 est,
736 413 992 451 opportunitatem,
1015 416 1043 440 et

332 456 589 485 commodissimum
607 455 747 495 cujusque
763 456 805 484 rei
821 456 951 494 gerendae
973 459 1042 483 tem.-

330 508 403 537 pus:
423 499 504 537 quod
527 508 585 527 non
612 499 693 527 aliud
723 502 769 527 est
794 508 882 537 quam
908 495 1042 534 εὐκαιρία,

332 542 452 577 occasio,
477 541 530 571 sed
554 545 585 570 et
607 543 655 572 τὴν
673 540 799 580 ἀκαιρίαν
817 540 1041 578 complectitur,

332 595 369 615 ‘rr
387 583 508 624 εὐκαιρίᾳ
529 584 721 613 contrariam.
747 593 782 612 ac
800 582 980 621 simpliciter
997 582 1041 612 sic

333 617 498 666 usurpatur
509 629 603 662 varie,
616 631 649 655 ut
663 625 782 656 Latinis
794 631 914 664 tempus
938 626 1041 662 Quare

334 680 423 709 quam
441 669 574 700 Cicero
566 680 595 698 in
612 668 728 699 Officiis
749 668 880 698 nominat
897 669 1042 698 inscitiam

333 714 478 752 temporis,
499 715 606 743 Graece
627 711 718 740 fuerit
739 711 836 749 ἄγνοια
859 712 907 740 τοῦ
929 711 1040 749 καιςοῧῑ

334 766 504 795 quanquam
521 761 552 785 et
566 752 747 793 ἀπειροκαλία
760 754 822 783 dici
840 758 948 792 queat:
967 754 1040 782 Pot-

335 804 384 829 est
397 799 492 838 igitur
512 798 523 827 ὁ
547 799 647 836 wagan
666 796 757 836 καιρὸς
775 795 901 834 exponi,
921 795 979 825 haec
995 806 1041 825 oc-

333 843 423 877 casio,
440 846 472 871 ut
487 842 634 870 reseratur
648 840 684 868 ad
702 839 916 878 Olynthiorum
933 838 1042 868 auxilii

333 884 524 924 petitionem.
583 883 695 912 Potest
724 882 813 911 etiam
842 881 972 919 intelligi
1002 882 1041 911 de

334 928 511 957 conditione
527 925 723 965 praesentium
738 935 836 954 rerum
851 925 994 960 omnium,
1009 929 1042 954 ut

332 970 480 1009 respiciat
496 979 554 998 non
571 969 661 998 modo
678 968 889 998 Atheniensem
904 968 1041 1008 rempub.

335 1014 391 1043 sed
407 1013 444 1042 ad
460 1012 555 1042 totius
576 1011 702 1041 Graeciae
724 1016 847 1046 statum,
864 1016 895 1041 et
915 1012 951 1040 ad
969 1011 1041 1040 Phi-

335 1056 414 1095 lippi
427 1055 630 1095 grassationes
643 1060 734 1093 atque
750 1055 894 1084 insidias:
912 1054 941 1083 id
959 1055 1039 1093 quod

334 1099 408 1129 mihi
421 1099 517 1137 magis
532 1098 642 1137 placet.
671 1098 779 1137 Neque
792 1102 891 1127 tamen
906 1108 972 1127 eum
990 1097 1042 1136 qui

333 1144 507 1173 occasionem
522 1142 749 1180 interpretetur,
759 1141 1041 1180 reprehendendum

335 1191 422 1225 puto.
459 1186 537 1215 Nam
554 1195 644 1224 quum
659 1194 713 1213 nec
728 1184 758 1213 in
772 1195 860 1214 sensu
877 1183 1040 1223 quicquam

335 1228 533 1259 absurditatis
550 1232 608 1264 est,
621 1231 652 1257 et
666 1232 770 1257 natura
786 1227 927 1257 vocabuli
940 1227 1042 1256 multi-

332 1273 444 1313 plicem
475 1271 711 1310 explicationem
740 1271 870 1311 patitur:
909 1271 1040 1300 liberum

336 1325 424 1346 suum
455 1315 564 1354 cuique
590 1314 739 1354 judicium
768 1325 837 1344 esse
861 1315 962 1343 debet.
1007 1314 1040 1343 Is

335 1364 435 1389 tamen
463 1359 593 1389 maxime
622 1358 797 1396 probandus
827 1357 897 1393 erit,
928 1356 979 1395 qui
1010 1361 1041 1386 et

335 1402 438 1432 Graeci
469 1400 628 1441 scriptoris
655 1400 835 1430 sententiam
866 1398 1040 1429 acutissime

332 1445 514 1485 perspiciet,
529 1450 560 1474 et
576 1444 677 1474 verbis
689 1444 821 1473 maxime
843 1442 977 1482 propriis
996 1447 1041 1473 at-

334 1499 394 1528 que
411 1488 523 1518 ornatis
539 1488 710 1526 eloquetur.
754 1488 791 1516 In
816 1497 876 1526 quo
894 1491 976 1516 tanta
994 1491 1042 1516 est

333 1532 508 1567 difficultas,
529 1535 561 1560 ut
577 1541 594 1560 a
609 1530 800 1570 paucissimis
817 1532 872 1570 (ne
890 1529 979 1559 nullis
995 1529 1041 1559 di-

334 1574 419 1616 cam)
442 1579 602 1613 utrumque
618 1573 740 1603 videam
764 1572 921 1612 praestari:
947 1577 976 1602 et
992 1583 1041 1603 me

333 1628 403 1650 cum
419 1617 519 1653 venia,
535 1622 565 1647 et
580 1617 658 1646 citra
677 1620 778 1646 notam
795 1615 1042 1655 ignominiosam,

333 1661 417 1691 inter
443 1665 572 1691 caeteros
595 1669 687 1699 posse
711 1660 894 1698 interpretes
918 1658 1043 1689 tolerari

332 1704 517 1734 existimem.

377 1765 420 1769 -—
430 1746 506 1776 ibid.
517 1744 676 1786 μονονουχὶ]
693 1746 763 1775 Hoc
775 1744 911 1781 additur,
921 1755 957 1774 ne
966 1755 1042 1784 poe·

334 1795 394 1820 tam
411 1789 513 1829 potius
528 1799 617 1827 quam
630 1793 780 1818 oratorem
791 1797 880 1826 agere
891 1787 1042 1817 videatur.

335 1833 446 1863 cicero
462 1835 514 1862 10.
532 1831 634 1871 Epist.
648 1835 670 1849 “
682 1832 724 1861 Et
743 1835 902 1870 postquam
919 1831 957 1859 de
973 1840 1041 1860 meo

333 1887 425 1906 cursu
453 1874 647 1914 Reipublicae
672 1884 736 1903 sum
762 1883 838 1902 voce
866 1877 1041 1909 revocatus,

333 1929 483 1959 nunquam
499 1928 555 1958 per
572 1918 615 1946 Μ.
630 1917 791 1947 Antonium
808 1916 929 1954 quietus
944 1915 1020 1945 fuiss’

378 1980 421 1985 —-
438 1964 468 1992 6.
484 1960 563 2002 οὐχὶ]
586 1960 738 1995 Dicimus,
753 1971 792 1994 ου,
809 1970 867 1995 oon,
884 1959 950 1999 οὑχ,
965 1958 1041 2000 οὐχὶ,

334 2009 428 2045 prout
447 2013 628 2038 consonans,
650 2008 701 2033 aut
725 2002 853 2038 vocalis,
874 2012 969 2040 eaque
992 2002 1042 2032 vel

335 2048 449 2083 tennis,
476 2048 525 2078 vel
553 2046 689 2086 aspirata
715 2045 861 2084 sequitur.
906 2046 985 2075 Nam
1011 2045 1040 2075 in

331 2090 508 2131 hujusmodi
530 2089 699 2124 vocabulis,
717 2099 783 2128 quae
806 2087 945 2127 pluribus
967 2087 1043 2118 scri-

335 2135 448 2164 buntur
463 2133 573 2169 modis,
589 2143 647 2162 non
662 2137 723 2162 tam
745 2132 908 2161 discrimen
925 2130 1042 2171 signifi-

334 2177 474 2212 cationis,
504 2187 594 2216 quam
631 2174 862 2215 compositionis
890 2173 1042 2214 elegantia

330 2221 555 2250 consideratur.

376 2281 419 2288 —
434 2263 509 2293 ibid.
532 2260 609 2300 λέγει
631 2262 716 2301 φωνὴν
740 2260 846 2301 ἀφιεὶς]
871 2259 1041 2290 Occasione

331 2307 401 2346 ipsa
424 2307 584 2340 clamante,
600 2306 669 2344 quis
685 2303 867 2333 cunctetur?
890 2303 958 2342 quis
973 2313 1040 2333 ora-

329 2355 430 2381 torum
460 2348 620 2389 perplexis
650 2346 909 2387 disputationibus
935 2346 1039 2385 potius

330 2393 509 2423 moveatur?

373 2435 506 2466 —ibid.
519 2433 624 2476 ἆφιεῖς]
649 2442 796 2473 praesenS,
818 2431 909 2471 ἀφεὶς,
928 2431 986 2474 ἀόρ.
1006 2431 1038 2466 Β.

328 2479 367 2510 ab
384 2477 502 2517 ἀφίημι.

371 2521 507 2551 —ibid.
530 2520 589 2560 ότι]
614 2519 701 2560 quod,
725 2519 805 2558 quio,
822 2528 852 2548 eo
870 2519 962 2559 quod:
985 2518 1038 2548 sed

328 2564 508 2604 plerumque
527 2564 633 2593 Latine
657 2572 712 2601 per
731 2561 913 2592 infinitivum
933 2561 1040 2591 reddi-

329 2613 391 2638 tur.
420 2607 512 2646 Apud
527 2605 739 2645 philosophos,
750 2603 783 2633 τὸ
796 2603 849 2640 δ’τι,
862 2604 944 2634 nuda
958 2615 1038 2654 prae-

330 2655 432 2690 cepta,
447 2649 480 2679 τὸ
495 2648 563 2679 διότι
576 2658 685 2678 causas
696 2652 931 2687 praeceptorum,
942 2647 1039 2687 sigui-

330 2694 418 2723 ficat:
441 2697 472 2723 et
498 2692 524 2722 si
545 2691 652 2722 dubito
676 2701 711 2720 an
736 2701 793 2730 pro
817 2700 853 2720 eo
876 2690 1039 2721 dicendum

332 2736 384 2773 sit,
399 2736 445 2767 διὰ
459 2734 499 2771 τί,
510 2735 591 2774 quod
607 2744 664 2763 nec
676 2734 770 2763 Petro
781 2733 958 2769 Cortomeo,
969 2733 1038 2764 viro

328 2779 522 2815 doctissimo,
536 2782 566 2807 et
581 2775 716 2816 principi
732 2780 903 2814 poetarum,
918 2776 971 2816 qui
985 2787 1038 2806 no-

330 2828 393 2854 stra
406 2826 496 2852 aetate
506 2831 614 2851 versus
625 2820 751 2849 Graecos
766 2819 964 2858 scripserunt,
976 2819 1038 2850 dis-

327 2866 435 2906 plicet.

372 2925 416 2932 —-·
428 2907 505 2938 ibid.
531 2916 588 2936 των
596 2903 793 2959 ..πραγμάτων
821 2904 890 2943 ὑμῖν
918 2902 1036 2957 ἐκείνων]

327 2951 481 2989 Quarum?
504 2951 556 2983 τῆς
571 2951 626 2979 τῶν
639 2945 790 2979 Ὀλυνθίων
811 2945 1036 2988 συμμαχίας,η

326 3007 378 3029 της
407 3005 462 3024 των
488 2993 624 3023 Ἐλληνων
653 2992 752 3033 ἀρχῆς.
802 2990 837 3019 Si
867 2989 968 3020 ἐκείνων
997 2991 1034 3021 ad

325 3037 489 3078 Olynthios
507 3037 650 3073 refertur,
671 3034 799 3075 respicit
820 3044 878 3064 non
900 3033 937 3064 ad
954 3044 1032 3074 prae

592 221 649 262 H.
672 219 890 263 WOLFII
925 220 988 262 IN
1021 219 1056 261 Ι.

1087 217 1528 262 OLYNTHIACAM

1078 327 1193 352 sentem
1209 323 1472 361 deliberationem,
1489 325 1543 355 sed
1565 325 1602 354 ad
1627 323 1718 356 situm
1732 333 1782 356 ur·

1077 366 1143 396 bis:
1168 365 1280 405 alioqui
1296 366 1401 397 τούτων
1414 367 1578 398 dicendum
1593 367 1711 398 suisset.

1117 426 1161 431 ——-
1176 409 1252 439 ibid.
1267 410 1334 449 ὑμῖν
1348 410 1459 452 αὐτοῖς]
1478 410 1574 447 Quasi
1591 411 1692 441 dicat:
1706 409 1781 441 Non

1077 458 1146 481 sunt
1179 452 1247 482 istae
1277 452 1454 482 occasiones
1484 454 1691 493 negligendae3
1724 463 1782 484 nec

1076 496 1257 534 sperandum
1275 501 1384 525 caetera
1401 497 1479 526 ultro
1494 501 1577 526 recte
1594 497 1744 526 habitura.

1118 555 1160 561 —
1169 537 1246 567 ibid.
1261 540 1328 578 ἡμῖν
1339 537 1441 568 ἐκείνων
1452 539 1562 580 αὐτοῖς]
1573 539 1669 576 Quasi
1680 539 1778 569 dicat:

1075 581 1146 610 Non
1161 587 1208 610 est
1223 583 1301 620 quod
1318 582 1448 620 speretis
1465 582 1540 612 deos
1559 580 1782 612 dormientibus

1076 623 1164 653 vobis
1177 625 1276 654 omnia
1293 625 1497 655 confecturos.

1116 668 1200 696 --7.
1212 667 1413 707 ἀντιληπτέον]
1430 669 1479 698 ΑΙ)
1494 666 1783 707 ἀντιλαμβάνεσθαι,

1075 707 1242 748 defendere,
1259 712 1411 749 suspicere,
1427 711 1552 749 juvare,
1572 710 1627 744 uie
1651 709 1781 750 §athen

1077 750 1282 792 angteiffen

1116 811 1160 816 ——
1175 795 1250 824 ibid.
1268 795 1342 835 ειπερ
1357 794 1440 836 ὑπὲρ]
1461 795 1649 826 Gravissima
1667 806 1782 836 appen-

1075 835 1140 870 dix,
1153 836 1219 867 sive
1233 843 1265 867 ut
1278 838 1437 877 Ulpianus,
1452 841 1614 870 κατασκευὴ
1629 850 1676 868 και
1691 837 1782 869 εἰσ-ξο-

1076 880 1110 909 λῆ
1127 880 1176 908 τοῦ
1192 879 1391 920 συμφέροντος.
1428 882 1497 911 Non
1510 881 1615 920 igitur,
1631 886 1664 912 ut
1680 882 1784 918 video,

1075 932 1125 951 res
1141 923 1355 962 Olynthiorum
1377 924 1431 953 sed
1451 925 1534 953 salus
1550 925 1781 954 Atheniensium

1076 965 1186 1003 agitur.
1212 966 1279 1005 quis
1302 966 1352 996 hic
1375 977 1433 995 non
1453 966 1580 1007 vigilet?
1602 967 1671 1006 quis
1694 968 1723 997 in
1748 978 1782 997 se

1076 1008 1237 1048 quicquam
1261 1009 1429 1039 desiderari
1451 1010 1602 1048 patiatur?
1635 1010 1784 1050 Proposi-

1076 1052 1135 1081 tio:
1169 1052 1233 1081 Res
1256 1057 1377 1082 strenue
1404 1054 1544 1091 gerenda.
1568 1053 1678 1083 Ratio:
1710 1053 1783 1093 quia

1076 1104 1134 1124 non
1152 1095 1292 1134 poteritis
1308 1096 1420 1135 alioqui
1437 1096 1697 1126 esseincolumes.

1117 1155 1161 1160 -—-
1176 1138 1253 1167 ibid.
1277 1137 1345 1178 ὑπὲξ
1360 1137 1498 1179 σωτηρίοις
1513 1138 1619 1179 αὐτῶν]
1636 1139 1738 1175 αὐτῶν,
1755 1138 1782 1169 si

1075 1180 1159 1210 tenui
1185 1181 1293 1220 spiritu
1315 1181 1444 1221 legatur,
1468 1182 1656 1222 subintelligi
1680 1186 1784 1222 potest

1075 1225 1268 1263 πραγμάτων,
1287 1228 1321 1253 ut
1343 1225 1490 1255 reseratur
1513 1225 1578 1255 sive
1599 1226 1637 1255 ad
1659 1236 1782 1255 conser-

1076 1267 1224 1297 vationem
1241 1266 1432 1307 principatus
1444 1268 1585 1302 Graeciae,
1597 1268 1662 1298 sive
1679 1269 1716 1298 ad
1728 1268 1784 1298 de-

1074 1310 1238 1340 fensionem
1255 1310 1482 1349 Olynthiorum,
1497 1315 1531 1340 ut
1552 1311 1593 1340 sit
1612 1311 1782 1341 sententia:

1075 1352 1106 1382 Si
1128 1355 1172 1383 rei
1189 1353 1256 1383 bene
1272 1354 1408 1394 gerendae
1428 1355 1604 1384 occasionem
1620 1364 1677 1383 non
1692 1355 1783 1385 vultis

1074 1396 1219 1426 omittere.
1237 1397 1288 1426 sed
1300 1396 1380 1426 malo
1391 1397 1495 1433 αὑτῶν,
1506 1407 1574 1426 cum
1587 1397 1784 1436 aspiratione,

1075 1444 1110 1468 ut
1125 1439 1162 1469 de
1179 1439 1256 1478 ipsis
1272 1439 1509 1469 Atheniensibus
1530 1439 1730 1479 intelligatur,
1745 1450 1782 1470 ac

1075 1492 1133 1522 pro
1146 1483 1224 1522 ὑμῶν
1233 1482 1325 1513 αὐτῶν
1336 1482 1516 1522 accipiatur.

1117 1542 1160 1548 —
1176 1528 1206 1556 8.
1232 1526 1315 1565 ἡμεῖς
1329 1524 1353 1555 δ’
1367 1525 1416 1556 οὐκ
1430 1524 1496 1566 οἵδ’]
1522 1525 1664 1556 Modesta
1679 1536 1782 1556 socor-

1075 1567 1134 1598 diae
1160 1569 1370 1608 reprehensio,
1399 1569 1539 1608 mitigata
1564 1570 1693 1608 primum
1717 1580 1782 1599 suae

1075 1621 1214 1651 personae
1228 1612 1427 1642 admistione:
1450 1611 1560 1642 deinde
1580 1612 1783 1649 dubitatione,

1076 1664 1132 1684 seu
1149 1653 1406 1689 dissimulatione,
1418 1665 1506 1694 quam
1523 1655 1715 1686 ὑποσιώπησιν
1731 1666 1784 1685 vo-

1075 1701 1124 1726 cat
1139 1697 1303 1737 Ulpianus.
1347 1699 1516 1728 Germanus
1536 1703 1638 1728 orator
1652 1699 1782 1728 fortasse

1075 1739 1223 1770 dixisset:
1250 1740 1312 1770 Sed
1327 1740 1480 1779 flagitiosa
1495 1745 1543 1770 est
1560 1745 1662 1770 vestra
1677 1751 1784 1771 socor-

1075 1783 1134 1813 dia.
1180 1784 1337 1813 Sententia
1357 1788 1440 1813 certe
1463 1790 1527 1812 est:
1558 1783 1598 1813 Et
1622 1783 1704 1814 salus
1727 1794 1782 1813 no·

1075 1830 1138 1855 stra
1160 1831 1190 1856 et
1215 1836 1351 1865 praesens
1374 1826 1530 1866 negotium
1559 1836 1665 1865 parum
1690 1827 1780 1857 nobis

1075 1879 1156 1898 curae
1172 1873 1236 1898 est:
1262 1868 1494 1904 securisumus,
1519 1874 1551 1899 et
1571 1869 1781 1908 negligentes:

1074 1921 1132 1940 non
1144 1911 1323 1942 exaudimus
1335 1921 1441 1943 vocem
1452 1911 1617 1942 excitantis
1629 1922 1684 1942 nos
1692 1922 1782 1943 occa-

1075 1954 1180 1985 sionis.

1117 2015 1160 2021 -—
1173 1998 1249 2029 ibid.
1273 1997 1321 2029 οὐκ
1334 1997 1398 2039 ow]
1413 1999 1478 2029 Vos
1493 2003 1594 2029 autem
1610 1998 1697 2030 scitis
1717 2009 1782 2029 me-

1074 2040 1153 2070 lius:
1179 2052 1234 2072 vos
1250 2052 1309 2072 non
1324 2041 1483 2081 ignoratis,
1498 2042 1594 2072 otium
1613 2047 1644 2072 et
1662 2042 1783 2082 privata

1074 2084 1188 2114 lucella
1204 2084 1294 2114 vobis
1310 2095 1379 2114 esse
1393 2084 1499 2123 majori
1512 2095 1604 2120 curae,
1621 2096 1709 2124 quam
1721 2085 1782 2115 rei-

1074 2129 1149 2167 pub.
1164 2127 1342 2168 dignitatem
1359 2131 1391 2157 et
1405 2128 1542 2158 salutem.
1576 2129 1717 2158 Observa
1731 2138 1782 2158 or·

1074 2170 1189 2206 dinem,
1219 2171 1348 2211 primum
1375 2170 1515 2210 exponit,
1541 2171 1613 2210 quid
1641 2175 1783 2210 oporteat

1073 2213 1151 2244 fieri.
1195 2211 1315 2244 Deinde
1337 2213 1534 2252 reprehendit
1558 2213 1649 2244 officii
1675 2214 1782 2252 negle-

1074 2260 1167 2286 ctum.
1210 2257 1314 2295 Vulgo
1328 2256 1407 2286 inter
1422 2257 1517 2287 verba
1531 2260 1563 2286 et
1581 2267 1630 2287 res
1652 2257 1781 2287 multum

1072 2299 1222 2330 interesse
1238 2300 1370 2329 dicitur:
1394 2299 1486 2338 idque
1500 2309 1605 2329 verum
1621 2303 1679 2330 est.
1710 2300 1782 2330 Ple-

1072 2342 1160 2381 rique
1185 2342 1266 2373 enim
1291 2341 1373 2372 aliud
1397 2352 1461 2381 prae
1484 2352 1517 2372 se
1539 2343 1642 2372 ferunt
1664 2343 1782 2379 verbis,

1073 2395 1161 2424 quam
1181 2385 1279 2415 animo
1299 2386 1434 2415 clausum
1451 2389 1572 2425 gerunt.
1614 2386 1664 2415 Ita
1679 2385 1783 2423 etiam,

1073 2428 1099 2458 si
1122 2439 1177 2468 per
1199 2439 1304 2459 omnes
1324 2429 1461 2458 humanae
1484 2428 1554 2458 vitae
1579 2428 1714 2460 actiones
1729 2439 1782 2459 va-

1073 2472 1167 2510 geriS,
1186 2482 1223 2502 ea
1244 2471 1369 2502 minime
1387 2471 1451 2501 fieri
1467 2471 1692 2511 deprehendes,
1711 2481 1780 2511 quae

1071 2514 1139 2544 fieri
1154 2515 1286 2545 maxime
1298 2515 1476 2554 oportebat.
1500 2520 1532 2545 et
1543 2519 1659 2545 contra.

1113 2575 1156 2580 -—
1171 2558 1247 2588 ibid.
1271 2556 1297 2588 ὃ’ν
1317 2569 1381 2588 τινα.
1399 2556 1504 2598 τρόπον
1518 2557 1608 2599 ἔχειν]
1631 2556 1781 2588 ἒλλειπτι-

1070 2603 1125 2635 κῶς
1140 2611 1197 2640 pro
1211 2598 1275 2630 καθ’
1295 2611 1321 2630 ον
1338 2611 1402 2631 τινα
1417 2599 1535 2641 τρόπον,
1550 2610 1606 2640 pro
1628 2611 1707 2636 πως,
1723 2611 1779 2640 quo

1067 2650 1164 2683 pacto,
1186 2645 1335 2685 quomodo,
1355 2647 1407 2673 aut
1432 2643 1545 2679 active,
1569 2642 1644 2684 ἔχειν
1667 2642 1780 2683 τςόπον,

1066 2689 1193 2726 praebere
1212 2697 1249 2718 se.
1293 2685 1397 2716 Nescio
1405 2685 1503 2726 quales
1523 2695 1573 2716 nos
1590 2685 1781 2725 praebeamus,

1070 2731 1208 2770 quomodo
1221 2732 1308 2760 simus
1321 2729 1457 2764 animati,
1468 2725 1567 2769 offecti
1576 2738 1647 2769 erga
1660 2730 1781 2769 negotia

1071 2772 1144 2803 haec.
1189 2774 1239 2804 Ex
1255 2773 1304 2803 his
1319 2772 1420 2802 verbis
1440 2775 1578 2811 apparet,
1593 2781 1714 2801 causam
1735 2773 1780 2802 Ο-

1069 2815 1252 2855 lyntbiorum
1276 2814 1512 2846 Atheniensibus
1533 2823 1593 2843 non
1615 2814 1780 2845 admodum

1069 2859 1166 2890 fuisse
1182 2858 1280 2889 cordi.
1323 2858 1415 2896 Quod
1430 2856 1480 2886 bic
1495 2860 1578 2887 tecte
1590 2867 1625 2886 ac
1634 2857 1780 2888 dissimu-

1069 2901 1177 2938 lanter,
1186 2902 1239 2932 id·
1229 2912 1259 2932 m
1269 2903 1300 2931 4.
1313 2899 1489 2947 Philippica
1502 2899 1600 2929 libere
1613 2900 1780 2940 eloquitur,

1069 2945 1117 2975 his
1130 2944 1252 2975 verbis·
1269 2941 1366 2974 οὐδέν’
1355 2953 1433 2979 εστι,
1445 2946 1466 2971 ω
1481 2941 1510 2972 ἄ.
1524 2940 1569 2972 Ἀ.
1575 2945 1652 2979 ,τῶν
1666 2943 1781 2974 πάντων

1068 2988 1283 3019 δυσκολώτατον
1296 2986 1336 3020 εἶς
1355 2985 1389 3016 τὸ
1406 2985 1501 3026 παρὸν,
1525 2984 1540 3016 ἢ
1557 2984 1601 3016 ἔτι
1618 2996 1686 3020 ταις
1709 2987 1779 3024 ssai-

1066 3042 1140 3072 μαις
1155 3032 1239 3073 ὑμεῖς
1249 3029 1436 3070 ἀφεστήκατε
1449 3031 1503 3060 τῶν
1514 3029 1707 3070 πςαγμᾰτων,
1718 3028 1777 3061 &c.
