1931 3322
430 201 494 243 IN
527 198 935 243 PHILIPPICAM
971 199 1054 241 DE
1087 198 1260 241 PACE.

118 309 217 341 secuti
238 313 321 346 sunt,
336 318 405 339 cum
425 313 536 338 caetera
551 307 680 338 Graeciae
699 307 830 337 delubra

115 352 318 388 incendisset,
343 353 402 382 hoc
415 362 537 392 quoque
551 353 655 381 fanum
673 350 829 390 spoliave-

117 402 198 428 runt.
214 396 261 436 [p.
275 398 350 427 123.
366 396 416 426 ed.
428 396 485 437 D.]
529 397 610 426 Tum
625 394 829 429 Philomelus,

116 439 275 479 ducesque
300 439 506 470 Phocensium
531 439 655 478 penitus
682 437 831 476 compila-

117 488 200 514 runt.
257 483 419 513 Postremo
452 484 596 513 Brennus
627 492 694 511 cum
733 479 831 510 Gallis

117 530 192 566 post
211 527 340 556 Romam
361 530 482 566 captam
505 532 536 555 et
563 535 638 554 auro
653 525 832 558 redemtam,

118 580 153 599 se
167 570 299 599 contulit
313 570 345 599 in
369 569 531 604 Graeciam,
547 573 579 598 et
592 568 664 598 huic
678 568 747 596 sano
769 566 830 596 vim

119 612 234 643 attulit.
256 611 366 652 ἔμελλε
388 613 417 643 δὲ
440 612 495 651 ἄρα
522 610 580 641 οὐδὲ
606 612 658 644 τῆς
678 609 792 652 Νέρωνος
806 607 834 642 ἐς

119 655 227 686 πάντα
255 654 400 696 ὅλιγωρίας
428 654 591 694 ἀπειράτως
619 653 706 695 ἔχειν,
735 653 835 692 inquit

119 699 305 735 Pausanias,
317 698 370 738 qui
380 698 566 738 quingentas
578 697 716 737 Apollini
730 697 833 726 Deum

121 745 215 781 atque
230 742 387 772 hominum
402 741 553 783 imagines
578 751 678 771 aeneas
694 741 832 770 abstulit.

120 786 207 816 Bene
234 785 332 824 igitur
354 785 576 825 Geographus:
600 782 744 824 ἐπίφθονος
767 783 802 814 ὢν
821 783 834 813 ὁ

122 829 248 862 πλοῦτος
262 827 464 868 δυσφύλακτός
476 827 555 865 ἔστι,
566 827 618 858 κᾶν
633 827 697 867 ἱερὸς
709 825 737 868 ᾗ.
749 828 791 856 νῦν
801 825 834 866 γέ

123 883 167 902 τοι
181 871 357 903 πενέστατόν
371 870 483 902 ἔστιτὸ
499 870 526 902 ἒν
541 872 663 912 Δελφοῖς
678 871 750 912 ἱερόν.
767 869 834 911 πρό-

122 926 199 956 τερον
210 915 240 946 δὲ
255 915 480 957 πολυχρήματον
493 913 533 946 ἦν.
551 916 620 956 [lib.
637 916 701 945 IX.
714 925 746 954 p.
762 916 838 945 644.

121 959 225 1000 Alm.]
242 959 333 990 Vixit
352 964 454 990 autem
482 959 594 989 Strabo
613 959 671 989 sub
694 958 837 998 Augusto

122 1006 155 1032 et
176 1001 314 1032 Tiberio.
359 1003 432 1032 Non
452 1001 550 1041 igitur
573 1002 838 1041 Amphictyonum

122 1045 269 1085 collegio,
282 1046 334 1085 qui
348 1045 398 1076 bis
411 1046 444 1076 in
459 1056 539 1076 anno
560 1046 694 1076 fortasse
715 1056 752 1074 eo
765 1055 839 1075 con-

123 1089 303 1125 veniebant,
324 1089 380 1119 sed
405 1089 537 1119 militum
552 1089 702 1129 praesidio
719 1088 838 1118 tutandi

123 1137 211 1163 erant
239 1131 397 1171 Apollinis
419 1133 567 1163 thesauri.
623 1134 664 1163 Et
691 1132 746 1162 illa
775 1135 842 1162 erat

124 1176 296 1206 daemonum
311 1174 433 1215 religio.
477 1175 541 1213 Qui
559 1181 663 1206 sancta
675 1174 839 1206 Ecclesia?

126 1219 282 1259 quondam
297 1219 417 1258 etipsa
442 1224 510 1250 erat
535 1219 650 1260 ubique
674 1220 841 1258 opulenta:

126 1272 208 1293 nunc
223 1262 317 1302 inops
339 1267 370 1292 et
385 1262 498 1293 misera
522 1267 570 1292 est
595 1262 746 1304 πολλαχῇ.
792 1263 842 1292 De

127 1316 190 1345 qua
210 1305 277 1335 dici
301 1305 441 1336 solitum:
467 1305 644 1336 “Ecclesia
665 1305 772 1345 copias
787 1315 843 1344 pe-

126 1349 228 1388 perit:
265 1348 450 1379 filiaexitio
474 1347 536 1378 fuit
562 1347 685 1378 matri.''
729 1349 788 1378 Jus
813 1351 845 1376 et

126 1395 314 1432 potestatem
335 1390 597 1430 Amphictyonum
627 1392 737 1421 Strabo
769 1391 845 1420 satis

127 1435 176 1466 his
201 1435 304 1466 verbis
321 1434 450 1465 indicat.
493 1433 718 1469 Conveniebat,
732 1433 845 1472 inquit,

126 1479 187 1509 hoc
201 1478 368 1518 collegium
384 1479 423 1509 de
435 1478 527 1508 rebus
543 1477 758 1507 communibus
773 1486 847 1506 con-

129 1523 294 1553 sulturum.
337 1521 398 1552 Sed
424 1521 554 1552 Tacitus
583 1520 696 1550 clarius
727 1518 846 1559 [Anna-

125 1566 203 1596 lium
218 1566 278 1596 IV.
292 1565 362 1606 14.]
376 1569 398 1582 “
411 1563 506 1594 Samii
522 1564 649 1594 decreto
663 1563 848 1602 Amphicty-

128 1619 220 1640 onum
243 1608 432 1644 nitebantur,
458 1606 548 1646 queis
575 1606 769 1648 praecipuum
787 1607 849 1637 fuit

127 1662 233 1683 rerum
255 1650 390 1682 omnium
401 1650 570 1690 judicium,
584 1660 644 1689 qua
659 1654 846 1689 tempestate

129 1695 244 1732 Graeci,
270 1693 405 1725 conditis
427 1704 482 1735 per
501 1693 607 1725 Asiam
633 1692 776 1729 urbibus,
795 1703 849 1723 ora

129 1739 223 1770 maris
252 1735 482 1779 potiebantur.''
525 1738 634 1768 Samus
659 1742 762 1767 autem
788 1747 850 1767 nna

132 1787 200 1813 erat
219 1792 261 1813 ex
283 1781 349 1812 illis
375 1781 568 1812 civitatibus.
612 1781 692 1811 Tum
714 1784 815 1810 antem
832 1790 850 1810 a

133 1827 256 1856 Caesare
279 1825 438 1864 petebant,
462 1828 498 1854 ut
521 1828 679 1855 vetustum
696 1824 774 1863 asyli
795 1825 849 1864 jus

134 1868 196 1899 sibi
211 1869 393 1904 firmaretur,
415 1867 499 1907 quod
514 1867 589 1897 olim
604 1868 850 1907 Amphictyones

133 1912 347 1942 decreverant.
400 1911 500 1951 Origo
541 1910 665 1941 diverse
707 1911 849 1940 traditur.

133 1955 247 1986 Strabo
261 1954 338 1996 [loc.
351 1953 450 1995 laud.]
475 1952 615 1993 Ἀκρίσιος
628 1953 787 1995 (Acrisius
803 1958 851 1984 est

133 2000 259 2029 Danaes
273 1996 378 2037 pater)
395 1997 425 2028 δὲ
440 1998 498 2028 τῶν
511 1995 760 2037 μνημονευομένων
775 1999 852 2038 πρῶ-

134 2053 185 2078 τος
198 2041 336 2081 διατάξαι
361 2040 437 2072 δοκεῖ
454 2042 496 2071 τοὶ
518 2040 580 2081 περὶ
603 2041 668 2074 τοὺς
686 2039 853 2081 Ἀμφικτύ-

135 2096 207 2122 ονας,
221 2084 270 2115 καὶ
285 2083 391 2118 πόλεις
410 2082 542 2124 ἀφορίσαι
561 2085 618 2118 τοὶς
636 2083 854 2126 μετασχοῦσας

135 2129 186 2160 τοῦ
201 2126 345 2168 συνεδρίου·
357 2126 507 2166 ἀποδεῖξαι
517 2126 603 2158 δὲκαὶ
617 2129 673 2162 τὰς
683 2126 853 2167 Ἀμφικτυ-

137 2173 227 2205 ονικὲς
247 2170 337 2207 δίκας,
361 2169 426 2200 δ’σαι
447 2169 553 2201 πόλεσι
573 2169 648 2211 πρὸς
673 2169 773 2207 πόλεις
786 2169 854 2201 εἷο-ί.

136 2215 227 2247 Lites
255 2213 338 2245 enim
365 2213 529 2244 civitatum
563 2217 595 2244 et
623 2215 856 2245 controversias

136 2258 374 2298 componebant,
398 2257 447 2298 [p.
464 2260 540 2289 124.
565 2257 615 2287 ed.
637 2257 697 2299 D.]
723 2257 856 2298 injurias

137 2302 346 2341 corrigebant.
362 2304 395 2330 at
410 2300 578 2331 Pausanias
593 2300 650 2341 [de
660 2302 754 2331 rebus
770 2301 856 2331 Pho-

137 2344 289 2382 censium,
299 2344 345 2374 X.
357 2343 403 2385 8.]
413 2343 673 2375 καταστήσασθαι
685 2343 714 2375 δὲ
727 2343 859 2386 συνέδριον

137 2387 268 2419 ἐνταῦθα
288 2385 439 2424 Ἑλλήνων,
467 2388 491 2417 οἱ
515 2386 571 2427 μὲν
594 2386 796 2428 Ἀμφικτύονα
810 2387 858 2420 τὸν

138 2429 327 2464 Δευκαλίωνος
334 2427 488 2471 νομίζουσι,
499 2430 549 2461 καὶ
558 2431 612 2462 ἀπ’
620 2432 708 2463 αὐτοῦ
722 2433 783 2467 τοῖς
793 2443 859 2463 συν-

139 2475 275 2506 ελθοῦσιν
295 2471 444 2504 ἐπίκλησιν
464 2473 679 2515 Ἀμφικτύονας
706 2474 857 2514 γενέσθαι·

137 2517 297 2560 Ἀνδροτίων
308 2516 349 2553 δὲ,
365 2518 402 2552 ὡς
415 2516 575 2558 τοεξαρχῆς
586 2516 721 2558 ἀφίκοντο
733 2519 771 2554 εἷς
781 2525 859 2551 Δελ-

139 2563 208 2603 φοὺς
221 2561 302 2602 παρὰ
315 2562 372 2592 τῶν
395 2561 611 2603 προσοικούντων
623 2561 860 2603 συνεδρεύσοντες.

141 2609 175 2636 et
189 2605 261 2636 inde
277 2605 524 2645 cognominatos3
547 2605 629 2645 quod
653 2615 725 2636 sane
747 2607 858 2637 verisi-

140 2648 256 2680 milius.
289 2658 359 2678 nam
385 2652 459 2688 post
483 2648 703 2680 diluvium ad
732 2648 859 2690 longum

140 2697 267 2732 tempus
279 2690 403 2722 Graecia
424 2702 487 2722 non
509 2692 613 2732 potuit
637 2702 698 2723 non
722 2702 791 2723 esse
803 2694 860 2724 de-

143 2740 237 2766 serta.
279 2734 371 2765 Unde
384 2734 480 2775 igitur
491 2735 693 2766 Deucalionis
707 2736 788 2766 filius
803 2747 860 2776 po-

144 2778 206 2810 tuit
217 2779 300 2808 hunc
312 2777 485 2810 instituisse
499 2783 698 2810 conventum.
729 2783 761 2809 at
781 2780 859 2811 viei-

143 2832 201 2852 nos
214 2826 247 2852 et
257 2821 404 2852 finitimos
414 2821 585 2865 περικτίονας
599 2826 692 2854 vocat
703 2822 863 2854 Homerus

146 2864 231 2907 [Οὐ.
240 2865 286 2895 Π.
301 2866 354 2897 65.
368 2866 445 2907 etc.]
469 2877 548 2907 quos
568 2866 751 2897 Eustathius
765 2865 861 2898 inter-

145 2910 298 2960 pretatur,
310 2908 377 2942 τοὺς
390 2907 471 2950 πέριξ
492 2908 654 2946 κτίσαντας
673 2909 804 2946 οἰκήσεις·
832 2914 864 2941 et

133 2960 314 2997 'respue-crat
335 2956 418 2989 sunt,
433 2953 545 2993 inquit,
563 2953 710 2996 περίοικοι.
733 2963 863 2985 consen-

147 2995 189 3027 tit
200 2994 423 3034 Geographus:
436 2994 573 3038 συνῄεσάν
587 3007 621 3028 τε
643 2994 740 3039 ῥᾳδίως
760 2996 864 3028 ἐκεῖσε·

148 3038 293 3079 μάλιστα
316 3036 345 3070 δὲ
365 3038 388 3070 οἱ
414 3037 546 3078 ἐγγύθεν.
569 3046 601 3072 et
624 3041 791 3082 collegium
807 3042 865 3073 hoc

176 3113 179 3155 f
219 3132 230 3149 e.

1493 199 1575 240 897

864 317 901 337 ex
920 305 967 336 his
984 305 1170 343 institutum,
1187 305 1323 337 finitimis
1346 304 1479 342 scilicet,
1504 305 1576 336 inde

866 348 1075 390 Ἀμφικτύονας
1103 346 1311 390 appellabant,
1332 355 1475 390 tanquam
1503 359 1579 391 περι-

864 392 980 427 κτίονας.
997 403 1065 422 nam
1087 404 1096 422 ι
1111 398 1143 423 et
1159 406 1175 423 υ
1196 394 1321 424 vocales
1349 399 1420 424 sunt
1441 403 1580 423 commu·

865 437 988 467 tabiles.
1033 436 1145 475 Itaque
1161 439 1242 474 apud
1261 438 1453 467 Herodotum
1469 446 1580 466 nomen

866 485 913 510 est
923 479 1144 520 appellativum
1173 480 1242 521 [lib.
1259 481 1354 510 VIII.
1371 483 1443 510 104.
1459 491 1491 520 p.
1507 482 1582 510 667.

866 524 916 552 ed.
932 523 1055 564 VVess.]
1083 521 1168 553 ἐπεὰν
1189 523 1265 552 τοῖσι
1290 523 1474 562 ἇμφικτύοσι
1497 525 1582 553 «πᾶσι

865 567 942 596 τοῖσι
957 565 1038 606 ἀμφὶ
1060 566 1169 602 ταύτης
1184 565 1303 597 οἰκέουσι
1327 566 1423 601 πόλιος
1438 566 1535 607 μέλλῃ
1551 578 1583 595 τι

866 608 941 644 ἐντὸς
955 609 1049 651 χρόνου
1064 609 1187 639 ἔσεσθαι
1199 608 1330 651 χαλεπὸν
1345 609 1439 640 τότεὴ
1454 608 1516 649 ἱρείη
1533 609 1584 639 αὖ·

866 652 926 683 τέθι
949 656 1000 688 τῖς
1015 652 1164 687 Ἀθηναίης
1181 654 1243 693 φύει
1259 654 1381 691 πώγωνα
1405 652 1509 692 μέγαν.
1525 653 1585 683 hoe

867 697 991 727 videtur
1004 707 1093 726 unum
1107 708 1175 727 esse
1185 708 1201 726 c
1213 696 1474 736 splendidioribus
1485 696 1588 725 Hero-

868 741 935 770 doti
951 740 1134 770 mendaciis.
1159 740 1213 770 sed
1232 740 1387 775 Pedasus,
1409 739 1450 768 de
1466 749 1525 778 qua
1539 739 1587 768 l'o-

868 785 984 825 quitur,
1008 790 1055 814 cst
1082 783 1193 814 civitas
1209 783 1241 814 in
1256 783 1333 813 Asia
1351 782 1461 821 procul
1476 792 1493 811 a
1510 782 1586 811 Del-

869 828 939 868 phis
956 834 985 858 et
1001 827 1230 867 Thermopylis.
1251 826 1420 867 Euripides
1447 825 1589 867 [Oreste‚

873 871 983 912 1621]

892 929 916 961 ὦ
929 932 1000 970 γαῖα
1016 933 1144 968 Δαναῶν,
1160 929 1262 962 ἱππίου
1277 928 1307 960 τ’
1319 928 1441 971 ’Ἄργους
1454 926 1568 959 κτίται.

872 1000 1074 1036 Scholiastes,
1097 999 1241 1041 οἰκήτορες.
1267 998 1348 1029 unde
1363 998 1448 1037 apud
1473 998 1593 1027 Home-

872 1055 940 1075 rum
969 1042 1128 1084 ἐϋκτίμενον
1153 1041 1331 1082 πτολίεθρον,
1359 1042 1500 1080 oppidum
1524 1041 1594 1070 bene

873 1088 1016 1128 repletum
1032 1087 1142 1117 incolis.
1152 1085 1239 1116 ταῦτ’
1254 1083 1498 1124 ἔπισψραγίζεται
1511 1084 1596 1114 Har-

873 1131 1045 1173 pocration,
1053 1130 1158 1169 priore
1166 1129 1248 1160 enim
1259 1129 1410 1158 sententia
1418 1127 1597 1167 repudiata,

875 1185 964 1215 quam
981 1185 1021 1204 ex
1037 1175 1239 1214 Theopompo
1253 1171 1413 1208 retulerat,
1438 1172 1525 1201 addit
1541 1181 1597 1201 au-

876 1225 994 1249 ctorem
1009 1217 1195 1247 adumbrans
1211 1215 1371 1246 meliorem
1389 1216 1434 1257 [p.
1452 1215 1527 1245 125.
1545 1215 1598 1245 ed.

877 1262 936 1302 D.]
956 1260 970 1291 ἢ
990 1259 1056 1291 ἀπὸ
1076 1261 1126 1290 τοῦ
1144 1257 1294 1300 περιοίκους
1316 1258 1384 1289 εῖναι
1409 1260 1465 1289 τῶν
1479 1259 1601 1296 Δελφῶν

876 1306 941 1338 τοὺς
957 1302 1161 1346 συναχθέντας,
1181 1304 1217 1337 ὡς
1242 1301 1426 1342 Ἀναξιμένης
1449 1300 1476 1331 ἐν
1491 1301 1597 1342 πρώτῃ

876 1350 934 1377 τῶν
953 1348 1130 1383 Ἑλληνικῶν,
1144 1346 1224 1377 dicti
1239 1350 1310 1377 sunt
1326 1346 1449 1376 scilicet
1464 1344 1597 1384 Amphi-

877 1393 1020 1429 ctyones.

924 1432 981 1473 [P.
998 1435 1071 1463 127.
1087 1434 1137 1463 ed.
1155 1433 1214 1475 D.]
1232 1449 1276 1456 --
1292 1434 1322 1462 6.
1347 1431 1419 1470 Ἐγὼ
1431 1433 1496 1472 γὰρ,
1510 1431 1533 1460 εἶ
1549 1429 1599 1469 γέ-

878 1475 948 1506 νοιθ’
960 1476 1020 1517 —-]
1045 1476 1171 1506 Summa
1191 1477 1258 1506 haec
1275 1478 1323 1504 est
1337 1475 1428 1514 hujus
1440 1474 1601 1504 orationis.

878 1520 952 1549 Non
968 1530 1037 1549 esse
1056 1521 1236 1558 cujusquam
1253 1518 1343 1548 unius
1358 1517 1480 1557 populi,
1500 1528 1601 1557 neque

879 1563 980 1602 ipsius
1006 1562 1146 1602 Philippi
1169 1562 1231 1593 vim
1258 1572 1315 1601 per
1339 1571 1372 1591 se
1394 1561 1602 1591 metuendam.

880 1606 962 1637 Illud
979 1606 1128 1636 horribile
1139 1616 1208 1636 esse
1222 1609 1254 1635 et
1265 1604 1560 1644 pertimescendum,
1574 1604 1603 1635 si

881 1650 913 1680 in
941 1660 998 1679 nos
1022 1648 1170 1685 universi,
1192 1648 1306 1688 inquit,
1329 1648 1433 1678 infesti
1460 1648 1547 1678 velut
1570 1658 1602 1678 a·

883 1693 986 1733 gmine
1000 1693 1083 1723 facto
1098 1693 1283 1723 cooriantur.
1300 1692 1334 1721 id
1357 1696 1553 1728 eventurum,
1577 1691 1604 1722 si

882 1738 1009 1767 decreto
1033 1737 1294 1777 Amphictyonum
1319 1735 1553 1766 intercedimus.
1569 1739 1605 1765 ut

882 1780 933 1810 hic
959 1784 1169 1820 opportunum
1193 1780 1236 1810 sit
1263 1779 1436 1809 exclamare
1451 1778 1496 1815 id,
1522 1779 1606 1818 quod

884 1824 1000 1854 Noster
1016 1823 1130 1854 alicubi
1154 1824 1228 1865 [pro
1250 1824 1370 1854 Corona
1384 1833 1416 1862 p.
1434 1821 1528 1862 275]
1551 1821 1604 1853 πό·

883 1872 972 1906 λεμον
986 1867 1111 1905 εἰσάγεις
1130 1867 1168 1900 εἷς
1191 1868 1339 1903 Ἀττικὴν,
1360 1865 1494 1907 Αἰσχίνη,
1517 1865 1605 1896 πόλε-

883 1921 937 1950 μον
952 1909 1200 1950 Ἀμφικτυονικόν.
1230 1910 1342 1948 Neque
1361 1920 1443 1945 esse,
1456 1914 1490 1939 ut
1506 1909 1607 1939 socios

885 1958 977 1992 atque
994 1952 1109 1982 amicos
1126 1953 1261 1983 hostium
1277 1951 1490 1982 formidemus.
1529 1952 1606 1982 Illas

885 1997 966 2027 enim
979 1995 1144 2026 societates
1155 1997 1272 2032 valere,
1284 2000 1315 2025 et
1324 1994 1515 2025 firmissimas
1525 2005 1608 2030 esse,

886 2050 963 2080 quas
978 2038 1164 2081 συμμαχίας
1188 2039 1338 2069 dicimus:
1367 2049 1436 2078 quae
1463 2039 1524 2072 τοῖς
1545 2038 1606 2069 ἅδι-

886 2082 1029 2123 κουμὲνοις
1050 2084 1173 2114 adsunt.
1193 2084 1233 2113 ad
1247 2082 1362 2113 bellum
1377 2081 1449 2112 aliis
1473 2082 1608 2112 inferen-

887 2129 960 2158 dum
976 2127 1055 2157 nulli
1067 2130 1139 2157 sunt
1154 2127 1231 2157 socii
1247 2137 1348 2165 neque
1364 2124 1456 2155 amici
1471 2125 1592 2156 fideles.

931 2172 1021 2201 -—'7.
1047 2170 1106 2201 ἔτι
1121 2171 1246 2201 τοιοῦτον
1270 2169 1408 2210 ’ἔγκλημα
1432 2168 1510 2210 ἴδιον]
1536 2169 1608 2200 Non

889 2214 1040 2245 debemus
1059 2214 1110 2244 hic
1133 2216 1244 2245 crimen
1267 2219 1403 2244 vertere.
1427 2213 1483 2243 sed
1503 2213 1534 2243 id
1551 2217 1611 2248 est,

890 2259 974 2298 quod
990 2268 1046 2288 nos
1062 2257 1195 2288 dicimus
1217 2269 1236 2288 α
1256 2258 1375 2297 private
1391 2256 1522 2296 qum-rel.
1538 2257 1606 2287 Cic.

892 2301 1016 2343 [contra
1032 2301 1202 2338 Vatinium,
1224 2311 1253 2332 c.
1269 2301 1318 2342 5.]
1341 2301 1533 2330 “Teneasne
1546 2309 1612 2329 me-

890 2346 999 2382 moria,
1026 2344 1085 2376 tibi
1110 2345 1141 2375 in
1165 2348 1319 2375 conventu
1344 2343 1483 2374 Puteolis
1501 2352 1612 2373 manus

892 2401 960 2420 esse
975 2388 1106 2420 allatas!
1130 2389 1170 2419 ad
1185 2399 1234 2419 me
1249 2388 1407 2418 consulem
1424 2387 1611 2417 Puteolano-

890 2443 959 2464 rum
976 2433 1117 2473 querelas
1130 2442 1200 2463 esse
1217 2430 1376 2462 delatas‘2’'
1399 2432 1441 2461 τὰ
1457 2428 1610 2470 ἐγκλήμα-

891 2489 944 2508 τα.
960 2476 1116 2508 Martialis
1130 2475 1201 2518 [lib.
1216 2475 1275 2506 VI.
1290 2475 1361 2516 19.]

914 2540 937 2554 “
951 2537 1022 2567 Nou
1039 2537 1078 2567 de
1091 2535 1136 2572 vi,
1151 2545 1251 2574 neque
1267 2534 1367 2571 caede,
1381 2544 1438 2564 nec
1455 2542 1587 2569 veneno,

936 2580 998 2611 Sed
1009 2579 1051 2610 lis
1067 2583 1116 2609 est
1126 2578 1201 2608 mihi
1215 2578 1254 2610 de
1264 2578 1367 2608 tribus
1383 2576 1525 2617 capellis.

937 2623 1044 2653 Vicini
1056 2632 1168 2708 ⁹3¹⁶?OE
1179 2622 1235 2653 has
1254 2622 1365 2653 abesse
1380 2619 1493 2651 furto.'’
1514 2617 1581 2661 (ἐγ-

978 2668 1070 2697 καλῶ.

895 2733 989 2771 Quod
1003 2733 1131 2764 verbum
1147 2731 1301 2773 significat
1311 2741 1371 2762 non
1385 2730 1488 2761 solum*
1500 2728 1614 2758 crimen

894 2778 1022 2813 inferre,
1047 2786 1156 2806 verum
1178 2775 1271 2806 etiam
1293 2774 1457 2816 pecuniam
1484 2776 1534 2801 aut
1550 2781 1613 2801 rem

896 2822 986 2852 aliam
998 2819 1121 2860 judicio
1144 2824 1264 2859 petere,
1278 2820 1361 2849 unde
1385 2821 1415 2848 et
1431 2814 1614 2846 calumniam

896 2864 960 2895 dici
975 2864 1073 2895 Festo
1087 2863 1204 2904 placet.
1219 2863 1267 2904 [p.
1283 2864 1359 2893 128.
1375 2861 1425 2890 ed.
1441 2858 1498 2899 D.]
1524 2859 1615 2888 Deru.

896 2907 928 2940 τί
942 2906 1058 2950 ἔχοντες
1072 2906 1223 2948 ἔγκλημα,
1245 2904 1292 2936 καὶ
1311 2903 1345 2935 τί
1356 2901 1553 2944 μεμφόμενοι.
1565 2899 1615 2938 ἐγ-

897 2955 992 2984 καλῶν
1005 2963 1064 2983 non
1079 2956 1245 2986 accusator,
1263 2949 1316 2979 sed
1331 2949 1452 2986 petitor.

940 3013 984 3020 —
1001 2999 1032 3028 9.
1048 2993 1098 3026 καί
1111 3006 1162 3034 μοι
1185 2995 1228 3033 μῆ
1255 2991 1391 3032 θορυβήσῃ
1417 2987 1529 3029 μηδεὶς,
1553 2985 1616 3028 πρῖν

898 3038 932 3072 ἂν
962 3039 1084 3080 οἰκούσῃ]
1111 3038 1284 3077 ὑποστροφὴ,
1312 3035 1433 3074 qualem
1458 3034 1520 3072 jam
1544 3035 1615 3062 ante
