1931 3323
324 194 411 235 496

320 311 391 330 cum
415 300 494 330 dixit
519 299 647 329 Athenis
673 299 817 340 χρῆματα
842 298 935 329 ἐνεῖναι
963 298 1037 337 ωςός

320 343 444 378 ἄποια-ας
459 345 514 377 τὰς
527 342 623 377 ἄλλοις
639 343 743 377 πόλεις.
787 342 875 373 Vixit
890 344 967 373 sorte
983 342 1035 372 ille

320 387 350 416 iu
368 392 516 425 argenteo
532 386 650 422 secuto,
667 397 734 416 cum
756 388 824 426 ejus
846 386 1035 425 temporibus

321 435 382 459 tam
401 431 476 459 bene
501 434 652 460 nummata
672 428 762 459 suerit
784 431 893 460 Athen.
912 429 1035 465 civitas,

320 474 400 502 unde
417 481 444 503 et
462 474 642 514 ἀξγυςάγχην
656 473 829 512 aliquando,
841 474 870 503 h.
886 484 913 502 e.
929 483 1035 512 argen-

321 517 488 556 tanginam,
515 526 625 556 passus
650 521 706 546 est.
750 517 849 547 Novit
872 521 955 546 certe
984 516 1035 546 ille

318 561 395 599 νεῦρα
411 561 460 589 τοῦ
481 559 612 599 πολέμου
626 558 693 590 εῖναι
708 561 747 590 τὰ
767 559 922 601 χρήματα,
938 569 1038 589 nervos

320 602 390 632 belli
414 609 442 632 et
466 604 583 642 imperii
606 604 760 642 pecuniam
787 613 863 633 esse.-
894 603 953 632 huc
978 603 1035 641 igi-

318 650 369 675 tur
395 646 541 675 orationis
567 646 657 676 etiam
681 657 791 676 nervos
818 647 958 676 intendit.
1003 646 1036 675 Si

319 688 417 728 igitur
433 689 521 719 (idem
544 695 665 729 superet
682 690 738 719 hoc
754 688 869 719 dictum
889 691 978 718 Deru.
996 689 1036 718 de

319 732 432 763 Athen.
448 743 567 762 suarum
593 733 750 772 opulentia
772 732 904 773 (tantam
921 742 964 761 sc.
982 741 1036 770 pe-

320 775 419 805 cuniae
436 775 495 805 vim
515 777 642 805 Athenis
658 776 766 811 fuisse,
783 780 922 814 quantam
940 775 1036 804 omni-

320 819 378 848 bus
393 819 462 848 aliis
476 819 594 849 Graecis
610 818 823 858 civitatibus),
844 818 879 847 sit
898 819 972 859 (per
988 828 1035 847 me

318 861 411 902 licet)
425 862 606 901 Hyper-bole
617 862 664 891 vel
795 862 843 892 vel
855 861 972 900 qumvis
985 865 1036 891 aut

319 904 397 946 [sic]
421 910 451 935 et
468 906 563 944 figura
582 903 760 934 Rhetorica.
782 910 927 944 quantum
949 915 1036 934 num-

319 959 436 978 morum
458 948 579 978 invenit
594 947 735 984 Athenis,
756 952 872 977 tantum
895 948 984 978 habet
1005 953 1036 978 et

320 992 403 1021 fidei.
415 991 528 1021 Credat
541 991 670 1030 quisque
682 996 827 1031 quantum
844 991 939 1026 volet,
953 992 1035 1030 quod

320 1035 450 1066 Athenis
466 1045 524 1064 uon
535 1040 599 1064 erat
616 1034 665 1064 hic
679 1045 791 1065 nervus
807 1034 892 1073 belli,
905 1041 935 1064 at
951 1041 1036 1064 certe

319 1082 386 1108 erat
398 1083 512 1107 tantum
528 1077 731 1108 Demostheni
747 1088 858 1109 nervus
871 1078 1034 1107 orationis:

321 1122 379 1151 etsi
395 1121 432 1151 iis
444 1121 542 1151 defuit
556 1126 606 1150 aut
620 1132 695 1151 vena
705 1127 756 1151 aut
772 1123 889 1160 argenti
903 1121 993 1163 [sic]‚
1006 1127 1035 1151 at

319 1164 366 1194 illi
391 1175 450 1194 non
474 1164 571 1194 defuit
596 1175 673 1194 vena
695 1165 882 1201 Rhetoricae‚
904 1176 963 1204 qua
985 1176 1035 1194 res

321 1218 433 1246 parvas
449 1214 480 1238 et
495 1208 623 1237 humiles
641 1208 787 1238 extollere
804 1209 906 1247 potuit
920 1214 951 1237 et
971 1219 1034 1237 am-

321 1251 468 1289 plificare.
520 1251 701 1290 Quanquam
732 1250 826 1289 ὄλίγου
855 1250 906 1281 δέω
937 1251 1035 1287 εἰπεῖν,

318 1295 372 1325 itta
388 1294 508 1334 phrasis
524 1296 664 1335 μειωτικῆ
679 1305 734 1324 seu
747 1295 874 1325 formula
888 1294 1036 1335 θεραπευ-

321 1339 398 1373 τικὴ,
415 1343 499 1367 sanat
515 1339 715 1378 hyperbolen,
729 1344 756 1367 et
771 1338 889 1367 emollit
903 1339 1036 1377 mitigat—

321 1392 381 1420 que
407 1381 539 1420 rigorem
564 1381 651 1411 dicti.
674 1392 755 1420 paene
770 1382 904 1416 dixerim,
921 1382 968 1411 vel
985 1392 1036 1421 pa-

320 1435 391 1454 rum
405 1425 484 1454 abest
501 1426 571 1465 quin
586 1425 692 1456 dicum.
738 1426 967 1464 Qualiscuuque
983 1427 1037 1454 de-

319 1478 402 1498 mum
419 1468 512 1498 suerit
535 1469 621 1498 urbis
636 1469 749 1498 Athen.
768 1472 864 1498 status
888 1469 943 1498 hoc
960 1473 1036 1498 tem-

319 1519 396 1550 pore
421 1523 481 1551 quo
507 1512 666 1542 Demosth.
691 1512 767 1541 banc
793 1512 960 1541 orationem
985 1513 1037 1542 ha-

322 1555 399 1591 buit,
415 1560 445 1585 at
462 1565 533 1584 saue
549 1555 578 1585 iu
593 1554 682 1585 initio
698 1555 767 1584 belli
786 1555 955 1594 Pelopoun.
969 1556 1037 1595 opi-

321 1598 379 1628 bus
396 1603 427 1628 et
443 1599 581 1638 potentia
593 1598 725 1628 maxime
737 1599 885 1628 florebant
899 1600 1037 1629 Athenae:

322 1642 402 1671 unde
414 1642 539 1672 Archid.
553 1653 610 1673 rex
624 1642 883 1681 Lacedaem.apnd
897 1643 1037 1681 Thucyd-

320 1684 502 1715 dehortatur
514 1685 600 1716 cives
618 1696 690 1715 suos
703 1696 719 1715 a
730 1685 810 1715 bello
826 1696 893 1716 cum
912 1686 1037 1716 Atheni-

324 1729 451 1758 ensibus
480 1730 626 1768 gereudo,
652 1729 768 1768 quippe
791 1729 874 1768 quod
903 1739 939 1758 ea
962 1740 1037 1767 gens

322 1775 406 1801 esset
427 1772 567 1811 pecuniis
582 1776 614 1801 et
629 1772 720 1802 armis
743 1776 774 1801 et
790 1773 919 1802 navibus
942 1773 1037 1802 omni-

322 1815 442 1853 busque
465 1815 563 1853 copiis
593 1815 713 1845 bellicis
740 1815 978 1845 instructissima
1001 1815 1037 1855 [i.

323 1857 392 1898 80.]
409 1857 457 1887 καὶ
473 1860 532 1891 τοῖς
553 1858 652 1892 ἅλλοις
666 1859 777 1889 ἅπασιν
790 1858 894 1899 ἄριστα
911 1857 1038 1898 ἐξήξτυν-

322 1913 385 1935 ται,
401 1900 517 1941 πλούτῳ
536 1913 568 1932 τε
584 1900 641 1941 ἰδίῳ
657 1902 702 1932 καὶ
722 1901 859 1941 δημοσίῳ,
877 1901 924 1930 καὶ
944 1902 1039 1938 ναυσὶ,

322 1943 370 1973 καὶ
383 1943 494 1981 ἵπποις,
511 1945 559 1974 καὶ
577 1945 684 1980 ὅπλοις,
697 1944 744 1974 καὶ
764 1945 858 1987 ὄχλῳ,
876 1945 938 1979 ὅσος
954 1946 1001 1975 οὔκ
1015 1944 1040 1975 ἐν

323 1987 406 2027 ἄλλῳ
422 1987 458 2017 ἑνί
479 1999 511 2027 γε
527 1987 620 2030 χωρίῳ
635 1988 787 2028 Ἑλληνικῷ
805 1987 893 2020 ἐστίν.
910 1989 1041 2019 omnibus

322 2032 409 2061 rebus
424 2032 463 2061 ad
484 2033 590 2061 beleum
606 2033 768 2062 necessariis
785 2034 889 2071 optime
907 2037 974 2062 sunt
992 2034 1039 2062 in-

323 2075 438 2110 structi,
456 2080 481 2104 et
495 2076 618 2114 privatis
634 2081 659 2105 et
676 2075 801 2114 puhlicis
816 2076 928 2115 opibus,
940 2081 968 2105 et
984 2087 1039 2104 na-

323 2118 414 2153 vibus,
437 2123 463 2147 et
483 2120 572 2158 equis,
594 2124 623 2148 et
644 2120 745 2154 armis,
768 2124 880 2159 quanta
901 2121 933 2149 in
956 2120 1042 2149 nulla

322 2160 386 2191 alia
400 2161 520 2191 Graeciae
533 2167 618 2201 parte
631 2167 684 2192 aut
698 2164 815 2202 regione
829 2168 880 2192 est.
926 2164 967 2193 Et
983 2163 1040 2193 flo-

324 2203 515 2234 rentissimus
538 2205 661 2244 quidem
680 2210 743 2235 tum
764 2206 823 2235 suit
844 2207 980 2246 populus
1000 2209 1040 2236 A-

324 2247 408 2277 then.
422 2247 452 2277 iu
464 2247 553 2277 initio
566 2248 638 2278 belli
650 2250 820 2288 Pelopouu.
846 2250 925 2279 Post
934 2254 1041 2289 captas

324 2296 426 2321 autem
437 2301 454 2320 a
468 2292 626 2331 Lysandro
638 2293 773 2322 Athenas
785 2294 829 2333 (is
842 2293 922 2322 enim
934 2295 1040 2323 exitus

323 2339 390 2364 erat
404 2335 489 2364 illius
508 2334 599 2375 belli)
619 2340 680 2365 tum
697 2347 769 2366 vero
786 2337 912 2366 multum
929 2337 1040 2366 aecisae

325 2383 358 2407 et
370 2378 483 2407 attritae
493 2389 543 2408 res
559 2379 789 2409 Atheniensium
804 2380 921 2409 fuerunt
934 2391 941 2418 3
965 2391 1042 2419 pau-

326 2420 411 2450 latim
436 2422 634 2452 reflorescere
655 2427 685 2451 et
707 2433 864 2461 emergere
886 2423 989 2453 denuo
1011 2428 1042 2452 et

326 2469 418 2502 caput
442 2465 561 2505 erigere
583 2470 614 2494 et
635 2466 716 2495 vires
740 2471 769 2496 et
796 2476 870 2505 opes
895 2477 1042 2506 recupare

326 2513 488 2546 coeperunt
511 2512 622 2547 postea
642 2513 741 2538 tamen
764 2515 836 2548 post
861 2511 975 2547 ejectos
1000 2513 1043 2541 30

325 2554 483 2590 tyrannos.
506 2557 537 2580 ut
557 2552 661 2589 legere
685 2557 732 2581 est
756 2553 837 2590 apud
859 2554 943 2583 Xen.
966 2552 991 2582 ἐν
1012 2566 1042 2582 τ.

321 2593 330 2602 ‘
340 2600 411 2623 Ελλ.
429 2594 541 2623 virtute
553 2605 595 2624 sc.
606 2595 739 2624 Cononis
752 2602 781 2624 et
793 2596 957 2631 Timothei,
970 2597 1043 2626 alio-

326 2648 454 2677 rumque
475 2637 585 2666 ducum
603 2639 936 2676 praestantissimorum.
982 2641 1042 2669 Po-

326 2685 441 2710 strema
463 2690 535 2719 pars
557 2687 733 2720 apparatus,
757 2682 834 2711 ratio
858 2683 1043 2721 pecuniaria.

330 2726 407 2754 Haeo
421 2723 499 2753 enim
516 2725 654 2763 syntaxis
671 2725 781 2754 bellica
797 2725 863 2755 sive
879 2731 1043 2765 apparatus

328 2767 357 2797 in
370 2769 389 2797 7
406 2767 541 2796 membra
555 2778 607 2797 seu
625 2772 725 2806 partes
741 2778 757 2796 a
774 2769 864 2797 Deru.
877 2774 924 2798 est
939 2769 1042 2799 distri-

327 2811 411 2845 buta,
425 2811 463 2840 de
479 2810 592 2850 quibus
609 2811 739 2850 siugulis
755 2811 901 2840 distincte
918 2817 949 2841 et
961 2813 1044 2852 sigil—

326 2853 410 2884 latim
425 2854 454 2883 in
465 2854 521 2883 hac
537 2854 672 2883 oratione
687 2854 760 2893 agit.
806 2855 908 2884 Prima
919 2860 949 2884 et
964 2867 1043 2895 prze-

326 2897 416 2936 cipua
441 2907 511 2936 pars
536 2902 702 2937 apparatus
728 2897 831 2927 bellici
855 2902 917 2927 erat
942 2909 1043 2937 prom-

326 2940 450 2979 ptitudo
465 2940 647 2976 animorum,
663 2951 700 2970 ne
717 2940 926 2980 unusquisque
942 2952 1042 2980 prom-

326 2988 379 3022 pte
390 2983 571 3013 etalacriter
579 2995 703 3014 munere
719 2995 773 3014 suo
789 2984 874 3020 fungi
885 2985 961 3014 velit
977 2987 1041 3016 sine

324 3027 589 3066 tergiversatione.
605 3029 634 3058 Q„
643 3038 788 3059 numerus
798 3030 851 3058 τῶν
860 3034 963 3059 λειτου.
973 3029 1040 3059 sive

626 191 672 232 T.
707 190 986 232 STANLEII
1021 189 1497 233 ANNOTATIONES

1071 297 1266 328 trierarchiae.
1297 300 1328 328 3.
1353 298 1518 329 multitudo
1544 297 1724 330 triremium.
1749 301 1781 330 4.

1071 348 1210 380 sumptus
1227 342 1362 377 navales,
1378 341 1443 371 sive
1460 342 1600 381 pecuuiae
1616 343 1653 372 ad
1670 343 1783 373 instru-

1071 384 1167 414 endas
1192 384 1343 415 triremes.
1386 388 1416 416 5.
1443 386 1673 416 armamentaria
1697 386 1780 416 navir

1071 438 1132 457 utu.
1157 430 1186 458 6.
1204 428 1279 458 ordo
1296 435 1325 458 et
1342 429 1419 459 ratio
1434 429 1600 465 navalium,
1615 429 1681 460 sive
1697 429 1781 459 stati·

1071 481 1144 500 oues
1161 471 1282 501 navium
1305 473 1334 501 in
1353 472 1482 502 Piraeeo.
1527 472 1576 501 De
1592 473 1704 512 quibus
1721 472 1784 502 sin-

1070 514 1152 552 gulis
1169 525 1224 544 suo
1240 515 1346 545 ordine
1361 515 1516 545 disseruit.
1543 517 1647 545 Restat
1657 518 1720 555 jam
1738 516 1784 545 ul-

1070 558 1155 593 tima,
1183 558 1236 587 sed
1264 569 1322 588 nou
1350 558 1486 593 minima,
1512 569 1584 598 pars
1609 564 1785 598 apparatus,

1070 611 1137 640 quae
1155 608 1202 631 est
1224 601 1263 631 de
1279 612 1311 631 re
1329 601 1515 641 pecuniaria.
1558 602 1708 639 Quoniam
1731 613 1785 632 ve-

1069 655 1104 673 ro
1127 645 1276 682 ingratam
1300 646 1364 674 fore
1386 646 1502 684 populo
1524 646 1686 684 praesensit
1709 647 1784 675 hanc

1070 692 1187 726 partem
1209 688 1366 724 orationis,
1390 689 1460 718 ideo
1476 689 1553 718 miro
1570 689 1700 719 artificio
1725 689 1786 718 uti-

1072 735 1132 765 tur,
1152 736 1183 759 et
1198 731 1330 761 insinuat
1345 743 1376 761 se
1391 732 1537 772 paulatim
1553 732 1581 762 iu
1599 732 1714 762 animos
1731 742 1786 762 au-

1072 773 1234 810 dientium,
1249 779 1280 803 et
1290 774 1402 804 sensim
1420 781 1449 804 et
1460 781 1550 806 cauto
1562 776 1642 815 pede
1658 775 1786 811 incedit,

1071 818 1280 856 progreditur,
1293 822 1324 847 et
1338 817 1424 857 quasi
1441 819 1564 858 obrepit
1575 819 1675 848 tenaci
1688 820 1787 848 avari-

1071 859 1134 889 tim.
1178 860 1254 890 Cum
1288 871 1361 900 ergo
1390 861 1513 892 videret
1539 861 1663 891 immani
1692 862 1785 892 colle-

1072 903 1171 933 ctione
1197 914 1275 943 opus
1299 914 1379 940 esse,
1407 910 1439 934 et
1462 906 1577 943 majore
1603 905 1782 935 facultatum

1071 952 1168 986 parte,
1193 957 1282 986 quam
1312 952 1374 977 tum
1402 948 1548 987 populus,
1572 949 1708 978 noudum
1731 949 1786 977 ad-

1073 997 1164 1020 ventu
1189 991 1285 1020 hostis
1309 991 1502 1030 perterritus,
1524 991 1658 1021 libenter
1673 993 1785 1021 contri-

1072 1034 1196 1072 tmen-eg
1226 1034 1296 1063 ideo
1330 1036 1358 1064 in
1390 1039 1548 1074 posterum
1585 1035 1784 1065 differ-endam

1072 1078 1177 1106 suadet
1204 1078 1456 1107 deliberationem
1478 1079 1517 1108 de
1537 1079 1732 1108 conferendis
1748 1080 1784 1108 act

1073 1121 1185 1150 bellum
1210 1121 1361 1160 pecuniis,
1383 1132 1438 1150 nec
1460 1122 1724 1161 inpraesentiarum
1747 1123 1787 1152 de

1072 1174 1108 1193 ea
1123 1164 1369 1196 consultandum:
1394 1175 1475 1194 nuuc
1491 1165 1571 1195 enim
1588 1166 1660 1194 dum
1677 1165 1787 1195 incerti

1071 1211 1186 1237 tantum
1218 1218 1355 1237 rumores
1382 1214 1566 1247 sparguntur
1583 1209 1621 1238 de
1649 1209 1781 1238 adventu

1071 1251 1165 1288 regis,
1184 1250 1235 1280 vix
1255 1256 1307 1280 aut
1324 1262 1361 1280 ue
1381 1252 1431 1280 vix
1453 1252 1615 1281 inducetur
1638 1252 1784 1291 populuS,

1072 1299 1104 1323 ut
1120 1295 1281 1333 quicquam
1299 1295 1454 1324 conferant.
1471 1294 1623 1335 ἀξιόλογον,
1639 1296 1783 1334 quamdiu

1072 1348 1116 1366 sc.
1133 1338 1242 1367 intuto
1255 1338 1313 1367 sibi
1326 1348 1395 1367 esse
1408 1339 1578 1369 videantur.
1593 1339 1673 1377 quod
1686 1338 1709 1367 si
1724 1349 1784 1367 non

1071 1381 1170 1410 inanis
1186 1382 1235 1411 hic
1255 1387 1356 1411 metus
1375 1381 1477 1417 suerit,
1501 1386 1680 1421 certumque
1704 1382 1786 1421 peri-

1072 1425 1174 1454 culum
1192 1424 1358 1459 immineat,
1371 1432 1538 1464 urgentque
1547 1435 1601 1455 eos
1617 1435 1652 1454 ac
1669 1432 1787 1464 premat

1074 1467 1145 1496 belli
1160 1467 1414 1503 necessitas‚.tum
1428 1468 1636 1508 unusquisque
1651 1469 1688 1498 ad
1707 1479 1741 1497 se
1757 1473 1788 1498 et

1073 1521 1123 1540 res
1136 1516 1168 1540 et
1177 1512 1313 1541 fortunas
1325 1522 1395 1541 suas
1410 1511 1604 1541 redimendas
1617 1511 1787 1541 liberaliter

1074 1555 1257 1594 prolixeque
1275 1554 1460 1591 contribuet,
1475 1566 1512 1585 ex
1524 1555 1612 1585 malis
1629 1555 1785 1585 minimum

1073 1609 1119 1632 τις
1133 1599 1188 1638 γὰρ
1203 1597 1350 1637 αἱρήσεται
1367 1603 1426 1628 ete.

1115 1659 1159 1664 ——-
1174 1645 1225 1672 18.
1271 1643 1378 1676 πάντες
1412 1642 1435 1672 οἱ
1473 1639 1611 1672 ἐνταυθοῖ
1642 1640 1787 1683 λέγοντες]

1073 1695 1168 1714 omnes
1181 1686 1273 1715 nostri
1286 1691 1421 1721 oratores,
1434 1695 1530 1715 omnes
1543 1689 1680 1726 quotquot
1690 1687 1722 1714 in
1738 1685 1789 1715 hot·

1074 1727 1133 1757 loco
1146 1729 1233 1758 verba
1243 1727 1351 1769 fucere
1365 1734 1392 1758 et
1407 1729 1551 1758 orationes
1569 1727 1672 1758 habere
1686 1728 1786 1758 sotem.

1072 1768 1209 1801 ἐνταυθοῖ
1220 1772 1347 1801 adverb.
1357 1771 1467 1807 locale,
1479 1771 1559 1801 idem
1571 1772 1652 1810 quod
1666 1769 1788 1801 ἐνταῦθα

1073 1824 1113 1844 ex
1144 1825 1181 1844 eo
1210 1815 1382 1845 formatum.
1429 1814 1579 1844 Doricum
1607 1814 1787 1844 adverbium

1073 1857 1188 1897 (inquit
1204 1858 1316 1888 Eusth.
1332 1857 1377 1898 [p.
1397 1857 1541 1898 1839.])‚
1554 1857 1611 1887 etsi
1628 1857 1720 1888 etiam
1734 1858 1789 1887 At-

1074 1901 1143 1931 ticis
1156 1901 1309 1931 usitatum.
1322 1901 1524 1941 δοκιῖΔωςικὸν
1535 1900 1615 1937 εῖναι,
1625 1900 1647 1930 εἰ
1663 1901 1711 1931 καὶ
1722 1900 1791 1941 ‘trag'

1074 1941 1218 1978 Ἀττικοῖς
1231 1944 1404 1985 τὲτξιπται.
1452 1945 1558 1975 Utitur
1574 1945 1666 1974 etiam
1683 1945 1789 1981 Hom„

1073 1998 1243 2027 quanquam
1257 1989 1404 2019 Dorismo
1418 1999 1484 2028 prae
1496 1988 1567 2017 aliis
1576 1988 1718 2018 dialectis
1731 1998 1788 2018 nou

1075 2032 1236 2061 admodum
1255 2037 1405 2062 assuetus.
1423 2030 1559 2062 ἐνταυθοῖ
1573 2032 1618 2062 νῦν
1638 2029 1690 2062 ἧσο
1708 2031 1790 2064 κύνας

1074 2085 1107 2104 τε
1119 2075 1191 2109 σύας
1203 2074 1233 2104 τ’
1249 2075 1402 2115 ἀπερύκων.
1415 2076 1475 2106 Od.
1492 2080 1523 2105 Σ.
1535 2074 1642 2116 [104]
1657 2079 1688 2105 et
1703 2075 1788 2105 alibi.

1074 2120 1124 2148 Ab
1148 2117 1278 2148 ἐνταῦθα
1299 2117 1428 2149 ἐνταυθοῖ
1448 2119 1594 2149 circumfl.
1613 2124 1647 2148 ut
1662 2119 1700 2148 ab
1722 2117 1791 2148 ἔνδον

1074 2160 1155 2201 ἒνδοῖ,
1169 2163 1250 2201 quod
1267 2162 1358 2192 etiam
1371 2164 1571 2202 Syracusanae
1585 2161 1651 2191 sive
1668 2161 1790 2192 Doricae

1073 2205 1267 2235 dialectiest.
1312 2207 1361 2236 De
1372 2205 1532 2236 adverbiis
1547 2204 1642 2244 igitur
1657 2205 1686 2234 in
1700 2216 1721 2234 οι
1737 2206 1791 2235 de-

1076 2248 1246 2279 sinentibus
1258 2250 1305 2278 hae
1321 2250 1401 2289 Reg.
1418 2250 1629 2279 observantur.
1653 2247 1708 2289 (1)
1723 2249 1788 2278 Ad-

1075 2292 1182 2322 verbia
1203 2293 1377 2322 desinentia
1397 2293 1427 2322 in
1449 2304 1471 2322 οι
1491 2291 1674 2331 diphthong.
1690 2292 1790 2321 omnia

1075 2339 1147 2365 sunt
1159 2336 1207 2364 vel
1223 2336 1334 2365 localia
1350 2336 1398 2365 vei
1411 2335 1591 2375 temporalia
1601 2339 1636 2364 ut
1647 2336 1708 2371 ποῖ’,
1723 2346 1790 2375 quo,

1075 2379 1258 2419 ubi‚a12·qno,
1268 2379 1377 2408 alicubi
1388 2391 1399 2417 ‚-
1415 2379 1490 2415 οἴκοι,
1506 2378 1583 2408 domi
1592 2389 1602 2414 ,·
1619 2379 1719 2419 ἀςμοῖ,
1733 2389 1792 2408 nu-

1072 2431 1137 2462 per,
1155 2422 1237 2462 jum,
1262 2421 1382 2460 νεωστί;
1416 2421 1495 2457 ἒνθοῖ,
1520 2423 1602 2451 intus
1611 2432 1621 2458 ,·
1653 2420 1790 2458 ἐνταυθοῖ,

1077 2464 1135 2495 liic.
1189 2465 1241 2506 (2²)
1263 2465 1421 2496 Adverbia
1443 2465 1615 2496 desinentia
1637 2464 1665 2494 in
1688 2476 1709 2494 οι
1731 2465 1777 2495 cir

1077 2509 1310 2539 cumssectuntur
1331 2509 1362 2538 in
1386 2510 1441 2539 ult.
1466 2509 1596 2547 (praeter
1617 2507 1693 2544 οἴκοι,
1709 2509 1791 2547 quod

1077 2558 1124 2581 est
1139 2552 1264 2593 penae.)
1288 2557 1320 2582 ut
1335 2553 1433 2593 ἀςμοῖ,
1452 2550 1530 2586 ἒνδοῖ,
1544 2550 1681 2585 ἐνταυθοῖ,
1702 2552 1745 2581 ita
1760 2556 1791 2581 et

1078 2597 1130 2625 ποῖ
1143 2606 1210 2625 curn
1225 2596 1383 2633 interrog..
1393 2596 1482 2625 aliter
1492 2595 1571 2625 enim
1585 2605 1652 2624 cum
1669 2594 1791 2625 indefin.

1077 2638 1205 2668 inclinat
1220 2649 1257 2668 ex
1274 2650 1339 2678 reg.
1352 2645 1385 2669 ut
1396 2650 1462 2679 mv,
1477 2649 1535 2677 πω,
1551 2643 1610 2668 etc.
1656 2637 1712 2678 (3)
1729 2638 1790 2667 Ad-

1079 2683 1185 2712 verbia
1199 2682 1311 2712 localia
1330 2681 1360 2711 in
1377 2693 1399 2712 οι
1415 2682 1562 2712 circumss.
1578 2682 1654 2711 fiunt
1668 2682 1705 2711 ab
1721 2681 1791 2712 aliis

1078 2725 1235 2755 adverbiis
1257 2727 1356 2765 baryt.
1381 2727 1526 2756 mutando
1550 2725 1683 2754 ultimam
1701 2734 1792 2754 voca-

1078 2769 1135 2798 lem
1154 2769 1182 2798 iu
1206 2769 1365 2805 circumss„
1386 2774 1420 2799 ut
1442 2769 1479 2798 ab
1498 2766 1630 2807 ἐνταῦθα,
1655 2765 1793 2804 ἐνταυθοῖ,

1078 2813 1115 2840 ab
1136 2812 1214 2847 ἔνδον,
1230 2811 1308 2852 ἒνδοῖ,
1328 2818 1359 2842 et
1373 2814 1465 2851 juxta
1482 2813 1568 2842 Eunt.
1593 2811 1630 2840 ab
1652 2809 1716 2849 ἔξω,
1735 2810 1795 2851 ἔξοῖ

1077 2854 1264 2896 (quanquam
1281 2856 1370 2895 hujus
1385 2855 1536 2889 adverbii,
1550 2853 1615 2893 ἐξοῖ,
1634 2855 1730 2883 fateor
1746 2866 1793 2885 me

1078 2899 1252 2938 exemplum
1268 2898 1470 2938 desiderare).
1494 2899 1574 2927 Dico
1587 2897 1732 2928 adverbia
1746 2899 1792 2927 lo-

1077 2942 1166 2977 calia,
1188 2952 1254 2972 nam
1281 2942 1356 2972 illud
1385 2942 1476 2982 ἀςμοῖ
1497 2942 1663 2981 temporale
1685 2941 1793 2971 adver-

1077 2985 1157 3014 bium
1174 2985 1330 3024 peculiare
1351 2989 1411 3020 est,
1433 2995 1489 3014 nec
1511 2986 1549 3014 ab
1572 2984 1630 3015 alio
1646 2984 1793 3014 adverbio

1076 3029 1245 3059 sontiatum.
1292 3028 1347 3070 (4)
1369 3027 1529 3059 Adverbi'a
1552 3028 1618 3058 haec
1644 3027 1793 3058 circumss.
