1931 3322
396 532 653 575 BENIAM.
701 527 1026 573 GOTTHOLD
1070 528 1319 572 WEISKII

606 635 1103 690 DISSERT‘ATIO

185 761 436 811 SUPER
489 762 889 812 ORATIONE
941 763 1040 812 DE
1094 761 1524 812 HALONESO.

790 899 918 906 ——-.

176 972 263 1005 Sicut
277 975 378 1014 aliqua
390 975 437 1005 vel
453 974 483 1005 ei
498 974 618 1005 medico
629 974 759 1005 habetur
771 985 840 1014 gra-

134 1018 187 1053 tia,
211 1019 262 1057 qui
289 1019 425 1048 morbum
448 1018 594 1048 leviorem
615 1019 698 1057 justa
720 1019 840 1048 medela

134 1061 321 1100 persanarit3
339 1072 445 1101 magna
458 1071 533 1091 vero
549 1066 580 1090 et
595 1061 722 1100 insignis
732 1061 772 1097 ei,
787 1061 839 1100 qui

135 1109 187 1133 aut
202 1105 378 1144 praeclaram
394 1104 532 1144 corporis
542 1109 672 1143 partem,
686 1115 774 1144 quam
786 1104 838 1133 alii

133 1147 273 1177 scindere
292 1153 382 1187 atque
404 1158 492 1177 urere
514 1147 651 1186 cupiunt,
673 1153 725 1177 aut
745 1147 838 1176 vitam

135 1189 266 1220 hominis
295 1201 314 1220 a
343 1190 454 1220 ceteris
482 1191 674 1230 desperatam
703 1191 840 1230 potuerit

134 1243 336 1263 conservare:
359 1234 402 1263 ita
426 1234 565 1272 profecto
588 1234 619 1262 in
643 1233 703 1269 his,
726 1233 837 1273 quibus

133 1286 189 1305 nos
204 1276 404 1312 delectamur,
419 1276 531 1306 studiis
553 1277 697 1306 nonnulla
715 1277 838 1316 quidem

133 1325 164 1349 et
179 1321 244 1358 ejus
260 1320 318 1349 erit
332 1320 410 1356 laus,
423 1321 475 1359 qui
487 1320 663 1359 particulam
677 1319 837 1359 scriptoris

133 1362 261 1401 antiqui,
272 1373 360 1393 naevo
373 1364 570 1399 laborantem,
581 1364 739 1393 commode
750 1373 837 1392 cura-

132 1405 191 1443 rit3
214 1407 310 1444 major
325 1411 424 1436 autem
441 1411 470 1436 et
483 1406 676 1446 praestantior
691 1408 768 1444 ejus,
784 1406 837 1445 qui

132 1459 210 1487 opus
223 1449 347 1488 aliquod
358 1449 547 1485 universum,
559 1450 597 1479 ab
607 1450 724 1489 egregii
734 1455 836 1479 aucto-

132 1492 176 1522 ris
196 1490 260 1522 arte
281 1493 463 1533 profectum,
479 1504 497 1523 a
518 1492 694 1523 criticorum
711 1493 837 1522 levitate

132 1539 276 1566 vexatum
300 1541 332 1565 et
355 1537 598 1572 condemnatum,
617 1535 733 1566 salvum
758 1546 838 1575 prae-

133 1578 258 1608 stiterit.
303 1579 373 1616 Quo
387 1579 488 1609 studio
504 1580 552 1609 vel
569 1579 767 1619 impugnandi
785 1590 837 1610 ve-

131 1626 230 1652 terum
246 1632 342 1661 opera
357 1623 406 1653 vel
428 1623 532 1652 tuendi
550 1628 687 1652 nostrum
705 1622 837 1653 maxime

131 1665 347 1696 inflammatum
372 1666 496 1696 videtur
517 1671 649 1705 tempus.
694 1666 836 1705 Namque

131 1713 167 1738 nt
183 1708 215 1738 in
232 1708 290 1738 hoc
311 1709 406 1739 totius
422 1709 505 1739 orbis
523 1714 672 1739 terrarum
694 1709 837 1739 conflictu

131 1762 192 1782 non
208 1751 326 1782 urbium
341 1753 524 1792 quarundam
535 1753 757 1791 civitatumque
769 1753 837 1783 exi·

132 1805 272 1834 guarum,
289 1796 343 1826 sed
363 1795 564 1836 imperiorum
585 1796 670 1826 salus
689 1795 837 1826 maximo-

134 1848 201 1867 rum
216 1839 328 1878 agitur,
340 1849 443 1878 quum,
460 1849 527 1877 quae
543 1839 635 1869 hodie
650 1839 767 1875 florent,
783 1839 837 1869 de-

127 1881 284 1920 jiciantur,
304 1892 371 1921 quae
395 1882 509 1911 dudum
533 1882 702 1921 perierunt,
723 1883 838 1920 majora

132 1930 311 1964 exsurgant,
335 1925 378 1954 ita
402 1925 567 1965 philologis
590 1924 702 1955 nostris
725 1926 838 1964 cupido

132 1967 257 1997 videtur
270 1968 453 2004 invassisse,
464 1969 526 2006 jam
540 1979 598 1998 non
613 1969 652 1998 de
668 1967 760 1998 rebus
773 1968 838 1998 exi-

132 2011 213 2051 guiS‚
226 2012 283 2041 sed
296 2011 338 2041 de
353 2011 505 2047 maximis,
521 2021 581 2040 non
593 2013 632 2041 de
649 2010 680 2040 vi
697 2021 732 2040 ac
749 2021 838 2041 sensu

134 2055 295 2084 verborum
311 2054 514 2094 quorundam,
531 2054 585 2083 sed
600 2055 639 2083 de
655 2053 839 2091 scriptorum

133 2097 329 2137 optimorum,
364 2097 574 2134 librorumque
609 2095 840 2125 laudatissimo-

133 2151 199 2170 rum
220 2141 412 2176 auctoritate,
433 2139 567 2175 nomine,
588 2138 687 2169 salute
703 2138 783 2168 inter
806 2149 840 2168 se

131 2184 332 2224 digladiandi.

176 2228 239 2258 Sed
264 2228 516 2268 quemadmodum
542 2237 643 2268 nuper
667 2226 840 2266 Ciceronis,

135 2271 182 2301 sic
197 2271 312 2301 dudum
329 2271 548 2302 Demosthenis
563 2271 674 2310 aliquae
685 2270 839 2300 orationes

71 2328 81 2335 ·
133 2315 164 2344 in
180 2314 304 2345 dubium
321 2321 390 2345 sunt
406 2319 534 2350 vocatae,
549 2313 592 2344 ita
607 2319 642 2343 ut
660 2313 741 2343 inter
756 2313 839 2343 viros

135 2358 245 2388 doctos
257 2368 315 2388 non
327 2362 490 2394 constaret,
500 2358 588 2388 hicne
600 2367 636 2387 an
647 2357 724 2387 alius
737 2367 840 2386 earum

135 2401 176 2431 sit
186 2405 302 2432 auctor.
348 2402 551 2440 Quamobrem
572 2411 640 2430 cum
658 2401 840 2430 Demosthe·

134 2454 203 2475 nem
227 2449 260 2474 et
280 2455 360 2480 euru,
383 2444 448 2473 sine
472 2455 532 2483 quo
551 2444 603 2473 ille
628 2443 758 2483 intelligi
780 2454 837 2473 non

134 2492 248 2527 potest,
275 2487 450 2518 AEschinem
475 2487 653 2527 delegerim,
672 2487 703 2517 in
726 2487 838 2526 quibus

134 2541 199 2570 prae
219 2531 331 2561 ceteris
348 2541 443 2571 opera
463 2541 530 2561 mea
547 2535 731 2566 versaretur,
753 2530 839 2560 illinc

134 2575 262 2614 hujusce
281 2584 401 2613 quoque
413 2574 510 2605 libelli
525 2578 735 2614 argumentum
751 2579 838 2613 pete-

133 2628 167 2647 re
178 2617 314 2648 decrevi.
340 2618 449 2657 Neque
465 2617 545 2647 enim
560 2617 663 2646 mirari
679 2617 754 2646 satis
766 2627 838 2656 pos·

135 2670 213 2696 sum,
230 2660 350 2697 videns,
367 2660 438 2690 illos
461 2666 613 2690 oratorum
632 2664 766 2690 veterum
783 2660 840 2689 du-

135 2704 272 2734 umviros
297 2714 375 2733 nunc
399 2704 462 2733 fere
484 2705 521 2734 ab
544 2703 684 2734 omnibus
707 2703 838 2742 negligi,

135 2747 287 2777 orationes
302 2752 401 2777 autem
418 2747 588 2781 Ciceronis,
601 2747 653 2786 qui
664 2746 702 2776 ad
717 2746 839 2776 illorum

135 2800 167 2820 se
196 2790 369 2830 exemplum
401 2791 614 2825 conformavit,
637 2789 784 2820 dominari
808 2790 837 2819 in

137 2833 252 2863 scholis
280 2837 311 2863 et
337 2833 366 2863 in
391 2834 529 2864 manibus
553 2833 685 2863 omnium
714 2832 837 2862 versari.

135 2875 239 2912 Quare
254 2876 279 2905 si
295 2876 515 2912 adolescentes,
530 2877 560 2906 id
580 2877 661 2916 quod
680 2886 761 2915 saepe
776 2875 840 2905 uni-

128 2919 297 2955 -madverti,
325 2924 474 2950 oratorem
510 2920 682 2950 Romanum
712 2919 839 2948 summis

134 2961 245 2992 studiis
267 2962 504 3001 amplectuntur,
526 2968 692 3003 propterea
706 2962 789 3001 quod
810 2962 840 2992 in

132 3004 190 3034 hoc
215 3014 324 3043 genere
345 3006 474 3036 oratorio
499 3007 653 3046 juveniles
675 3005 766 3035 animi
792 3006 839 3035 vel

873 975 1019 1005 orationis
1033 975 1061 1005 vi
1079 976 1252 1011 trahuntur,
1262 974 1311 1004 vel
1324 973 1471 1004 varietate
1480 982 1581 1003 rerum

873 1018 1076 1053 delectantur,
1092 1018 1142 1048 vel
1167 1023 1414 1056 argumentorum
1430 1016 1583 1055 gravitate

873 1060 1012 1090 aluntur:
1036 1061 1089 1100 qui
1111 1060 1189 1090 illud
1205 1060 1305 1090 minus
1324 1060 1461 1089 futurum
1483 1064 1530 1089 est
1548 1059 1581 1089 in

874 1104 1082 1133 Demosthene
1100 1108 1189 1143 atque
1205 1102 1375 1133 AEschine?
1407 1103 1486 1132 Nam
1503 1102 1579 1132 nihil

873 1146 1005 1186 denique
1025 1147 1071 1176 his
1093 1147 1204 1177 deesse
1227 1146 1332 1181 video,
1355 1145 1414 1175 nisi
1435 1145 1582 1184 aliquem,

872 1190 924 1229 qui
940 1190 1100 1220 nonnullas
1115 1200 1219 1219 eorum
1236 1190 1402 1224 orationes,
1414 1189 1496 1219 lectu
1513 1198 1578 1229 prae

872 1233 993 1263 caeteris
1010 1233 1162 1272 jucundas
1178 1237 1210 1262 et
1226 1233 1328 1268 utiles,
1344 1232 1373 1262 in
1391 1243 1481 1262 unum
1497 1232 1580 1261 redi·

873 1282 924 1315 gat
939 1287 1063 1315 corpus,
1083 1281 1113 1306 et
1134 1280 1380 1315 argumentorum
1396 1275 1579 1315 descriptio-

871 1330 920 1354 ne,
948 1320 1059 1350 tabeila
1085 1319 1242 1353 historica,
1270 1319 1358 1348 brevi
1385 1318 1578 1348 annotatione

871 1363 1039 1393 illustratas
1052 1363 1291 1393 adolescentium
1304 1361 1370 1391 usui
1385 1362 1579 1391 commendet

871 1415 906 1435 ac
922 1407 1031 1436 tradat.
1057 1407 1155 1445 Quam
1170 1405 1290 1435 laudem
1308 1409 1393 1434 tanto
1408 1405 1474 1434 fore
1489 1405 1578 1434 iutel-

870 1448 934 1488 ligo
947 1451 1105 1489 majorem,
1115 1459 1174 1489 quo
1185 1449 1325 1489 pluribus
1340 1452 1370 1478 et
1383 1449 1580 1488 gravioribus

870 1503 935 1522 rem
946 1492 1098 1533 implicari
1116 1493 1205 1523 video
1220 1491 1460 1531 impedimentis.

913 1537 956 1566 At
977 1546 1036 1576 ego
1060 1546 1138 1566 nunc
1162 1535 1286 1575 quidem
1307 1535 1347 1565 de
1370 1535 1507 1565 oratione
1529 1545 1577 1571 ea,

871 1589 939 1618 quae
968 1578 1003 1609 cle
1031 1578 1173 1610 Haloneso
1202 1578 1391 1614 inscribitur,
1420 1578 1579 1618 disputare

871 1623 1009 1662 quaedam
1025 1623 1162 1659 decrevi,
1184 1632 1310 1661 eamque
1330 1621 1496 1652 orationem
1515 1622 1578 1651 De·

870 1666 1033 1702 mostheni,
1050 1666 1098 1696 cui
1116 1677 1133 1696 a
1148 1665 1356 1706 compluribus
1375 1664 1579 1704 abjudicatur,

870 1719 926 1749 pro
941 1714 1028 1747 parte
1040 1709 1122 1739 virili
1139 1709 1306 1740 vindicare.
1351 1708 1446 1747 Cujus
1456 1712 1578 1738 contro·

871 1753 982 1783 versiae
994 1757 1028 1783 ut
1038 1753 1128 1789 ratio,
1140 1757 1172 1782 et
1189 1753 1242 1793 qni
1255 1752 1379 1788 dicitur,
1397 1755 1495 1781 status
1504 1760 1577 1781 cau-

871 1806 913 1826 sae
926 1801 1082 1835 appareat,
1098 1806 1198 1837 pauca
1213 1800 1283 1825 sunt
1294 1795 1461 1835 praefanda.

916 1840 1094 1879 Philippus,
1125 1840 1316 1869 Macedoniae
1352 1849 1421 1873 rex,
1450 1838 1579 1878 Olymp.

871 1881 962 1912 CIX.
988 1893 1036 1913 an.
1062 1886 1092 1914 2.
1124 1883 1268 1912 archonte
1294 1882 1484 1921 Pythodoto‚
1509 1886 1579 1911 ante

872 1924 987 1956 Christ.
1003 1931 1064 1955 nat.
1081 1936 1129 1955 an.
1146 1928 1220 1957 343.
1238 1925 1356 1965 legatos
1371 1925 1507 1954 Athenas
1519 1924 1577 1953 mi-

873 1973 954 1998 serat
970 1968 1130 2008 epistolam
1146 1969 1292 2002 serentes,
1314 1968 1345 1998 in
1368 1977 1428 2006 qua
1447 1967 1576 2006 primum

872 2011 911 2041 de
925 2012 1083 2042 Haloneso
1098 2012 1197 2041 insula
1210 2011 1356 2049 loquitur,
1366 2020 1492 2049 eamque
1508 2021 1579 2050 pro-

872 2054 975 2084 fitetur
992 2066 1024 2084 se
1045 2053 1285 2085 Atheniensibus
1303 2053 1492 2084 redditurum
1514 2054 1579 2093 qui-

873 2097 956 2133 dem,
966 2097 992 2127 si
1008 2098 1174 2136 postulent,
1186 2107 1243 2126 non
1257 2106 1338 2133 esse,
1353 2097 1406 2126 sed
1423 2096 1580 2133 daturum,

874 2139 899 2168 si
917 2145 1022 2178 orent3
1045 2140 1186 2180 expulsis
1211 2140 1289 2170 enim
1310 2150 1327 2169 a
1345 2150 1379 2170 se
1401 2140 1581 2176 latronibus,

873 2183 925 2223 qui
940 2183 1182 2214 Atheniensibus
1198 2193 1263 2213 eam
1280 2183 1478 2222 eripuissent,
1495 2194 1579 2213 suam

874 2236 944 2257 esse
957 2227 1077 2257 factam.
1107 2227 1230 2257 Deinde
1240 2226 1299 2256 alia
1310 2227 1446 2266 quaedam
1458 2227 1581 2262 scribit,

875 2269 914 2299 de
940 2271 1051 2309 quibus
1073 2274 1137 2300 tum
1160 2281 1229 2300 cum
1252 2270 1488 2300 Atheniensibus
1508 2280 1582 2299 con-

875 2314 1036 2344 tendebat:
1054 2313 1093 2342 de
1107 2314 1234 2353 judiciis
1247 2319 1447 2344 mercatorum
1464 2313 1579 2343 consti-

873 2357 996 2387 tuendis
1009 2367 1017 2394 ζ.
1032 2358 1070 2386 de
1091 2358 1167 2388 mari
1185 2361 1291 2386 contra
1314 2356 1428 2396 piratas
1444 2357 1579 2395 tuendo;

872 2411 912 2430 ue
939 2400 1082 2439 primaria
1109 2399 1191 2439 pacis
1216 2399 1391 2429 conditione
1414 2401 1580 2438 mutandam

873 2444 911 2473 de
925 2444 1058 2483 captivis
1073 2443 1259 2481 reddendi53
1279 2443 1318 2473 de
1334 2443 1512 2483 Amphipoli
1528 2444 1580 2473 de-

873 2486 965 2525 nique
993 2492 1024 2516 et
1050 2486 1171 2523 Cardia,
1199 2496 1273 2525 quas
1301 2486 1391 2516 nrbes
1416 2497 1486 2516 suas
1509 2497 1578 2517 esse

872 2530 1087 2565 Athenienses,
1110 2534 1239 2569 negante
1267 2529 1426 2570 Philippo,
1451 2529 1580 2560 affirma-

872 2574 953 2604 bant.
986 2575 1120 2612 Qnarum
1134 2583 1236 2603 rerum
1251 2573 1398 2603 rationem
1411 2583 1492 2603 nunc
1508 2583 1578 2613 per-

873 2617 959 2656 sequi
980 2618 1067 2647 nolo:
1085 2617 1121 2646 ad
1139 2622 1272 2646 nostram
1289 2617 1368 2646 enim
1383 2627 1502 2647 causam
1520 2627 1578 2646 non

872 2671 1058 2699 magnopere
1075 2660 1248 2699 pertinent3
1267 2660 1321 2690 sed
1336 2664 1435 2689 tamen
1452 2660 1580 2689 nonnul-

872 2703 902 2733 la
917 2704 1022 2733 horum
1038 2704 1162 2739 deinde,
1178 2703 1337 2733 occasione
1353 2704 1466 2741 oblata,
1481 2703 1580 2741 expli-

872 2746 1184 2785 ‹tammum—Legati
1201 2751 1299 2777 autem
1316 2746 1372 2781 illi,
1390 2745 1442 2785 qui
1458 2746 1510 2774 has
1528 2745 1580 2774 lit-

873 2794 954 2819 teras
969 2790 1118 2825 serebant,
1134 2790 1223 2820 simul
1245 2790 1304 2819 alia
1323 2790 1473 2827 quaedam,
1490 2788 1579 2817 nobis

872 2833 987 2872 ignota,
1000 2833 1135 2873 Philippi
1151 2834 1270 2863 nomine
1284 2832 1474 2861 nunciabant.
1495 2831 1579 2867 Qua·
1624 2826 1628 2832 ”

872 2886 905 2906 re
921 2882 1058 2907 oratores
1072 2875 1302 2907 Atheniensium
1321 2880 1351 2904 et
1370 2874 1407 2903 ad
1424 2873 1528 2903 literas
1541 2873 1579 2903 il-

873 2919 918 2950 las
933 2921 1012 2950 etad
1026 2920 1196 2958 legatorum
1212 2927 1392 2956 sermonem,
1402 2916 1578 2956 priusquam

874 2963 1029 2993 decretum
1057 2962 1164 3002 populi
1188 2962 1286 2996 tieret,
1310 2960 1498 2990 orationibus
1522 2970 1580 2999 pro

875 3006 1021 3036 concione
1038 3006 1148 3036 habitis
1165 3004 1396 3043 responderunt.
