1931 3323
301 174 386 215 218
678 174 1020 218 I.1.REISKE

308 284 435 309 tremam
451 290 571 311 manum
589 281 756 321 imponere,
771 293 901 322 eumque
921 284 957 313 ad
975 283 1019 312 lo-

307 333 377 352 cum
392 324 574 362 perducere,
592 330 624 355 ut
636 326 787 356 aurifabro
802 326 930 366 aliisque
947 326 1021 356 arti-

309 365 417 395 ficibus
435 367 472 396 ad
494 368 591 407 sigua,
610 380 680 399 vasa
700 369 898 405 conficienda,
913 370 1017 400 autad

309 418 449 439 nummos
462 412 620 442 cudendus
633 413 711 442 tradi
726 414 834 451 possit.

352 454 425 482 975.
442 455 473 483 3.
497 452 529 483 τό
551 453 686 496 ἔγκλημα
709 455 824 497 ἐφεξῆς]
853 455 1018 486 Bavaricus

307 495 359 524 dat
376 496 508 534 simplex
523 497 584 537 ἑξῆς
601 509 655 537 pro
669 505 822 538 postrema
835 509 923 536 voce,
936 500 1017 538 quod

307 538 418 568 melius
434 545 518 577 puto.
562 541 722 581 Significat
737 543 815 572 enim
835 543 900 572 haec
925 543 1016 578 lectio

307 582 351 616 id,
364 583 446 621 quod
463 587 612 614 sententia
634 596 739 615 secum
761 587 838 616 fert:
862 586 956 615 recita
968 585 1017 627 ju-

307 625 429 655 dicibus
454 627 642 667 insequentia
664 629 703 658 de
725 629 832 659 libello
847 630 1017 659 accusatiu-

306 668 364 698 nis.
389 669 516 708 vulgata
539 677 651 707 autem,
667 672 696 702 ni
718 672 815 706 fallor,
838 673 1016 702 sementiam

305 711 363 741 fert
380 712 520 749 alienam,
539 715 614 744 hanc
629 721 726 754 puta:
750 716 846 744 recita
860 720 956 745 totum
981 716 1016 745 li-

307 754 418 784 bellum
444 757 646 787 accusationis
670 768 686 786 a
702 758 803 797 capite
827 757 864 786 ad
889 759 1016 789 calcem.

306 808 411 828 verum
433 799 463 828 id
489 811 547 829 non
566 801 632 830 vult
656 800 839 836 Nicobulus,
854 802 907 830 sed
923 802 1017 837 istud,

306 843 386 879 quod
410 843 500 871 modo
516 844 670 879 dicebam,
688 849 721 874 ut
737 844 839 873 scriba
861 844 1018 874 recitando

303 892 460 924 pergeret,
478 891 508 916 et
524 897 592 926 quae
613 888 713 917 adbuc
734 887 890 917 recitanda
910 898 1018 927 super-

304 934 421 964 essent,
439 934 673 970 exsequeretur.

346 989 390 992 —
406 975 457 1001 11.
480 973 526 1002 καὶ
550 973 625 1002 ἄλλο
648 973 736 1014 οὐδὲν]
760 973 827 1003 scil.
842 971 1018 1014 ἐποιήσαμεν

303 1013 381 1043 τότε.
399 1015 573 1046 locabamns
589 1017 645 1046 tibi
659 1017 806 1046 officinam
823 1017 1016 1053 metallicam,

304 1067 372 1094 quae
388 1063 491 1088 nostra
507 1064 571 1089 erat
591 1062 781 1101 (emeramus
798 1060 878 1090 enim
896 1070 912 1089 a
928 1061 1017 1090 Mne-

303 1100 406 1138 sicle),
428 1112 464 1131 eo
482 1108 583 1141 pacto,
605 1108 640 1133 ut
654 1109 687 1134 tu
712 1104 800 1133 nobis
817 1104 901 1134 locar
917 1104 1018 1140 dures,

301 1144 383 1181 quod
396 1155 460 1175 mos
473 1151 504 1176 et
514 1146 599 1185 leges
610 1148 720 1177 ferunt.
736 1147 819 1177 aliud
831 1147 904 1177 nibil
916 1152 1017 1177 tecum

299 1187 586 1225 depeciscebamnr.

345 1248 387 1253 —
404 1234 456 1263 15.
479 1231 539 1274 ἐ’τι]
558 1240 587 1264 te
603 1244 662 1264 non
677 1235 741 1273 jam
759 1234 856 1264 solum
876 1235 1017 1273 jubente,

299 1278 333 1302 ut
350 1279 419 1304 ante
435 1275 565 1313 feceras,
580 1279 636 1308 sed
651 1279 754 1313 etiam,
773 1279 854 1317 quod
875 1284 945 1308 ante
958 1288 1016 1307 non

299 1316 428 1354 feceras,
443 1320 646 1358 supplicante,
664 1326 697 1351 ut
710 1323 889 1351 faceremus.

342 1378 387 1382 —-
404 1364 454 1392 17.
478 1361 614 1403 ἐνταῦθα]
630 1365 703 1403 quid
722 1365 771 1393 hio
783 1364 856 1398 loci,
868 1365 924 1393 hoc
941 1369 1017 1393 tem-

301 1413 387 1441 pore,
405 1406 463 1434 sibi
481 1407 586 1436 volunt
601 1407 665 1435 illae
680 1405 762 1444 pacti
784 1406 916 1435 tabulae?
941 1407 1015 1445 quid

300 1447 338 1476 ad
353 1458 404 1477 eas
422 1449 597 1487 provocas?
617 1459 672 1478 cur
685 1458 736 1478 eas
752 1451 993 1479 commemoras?

341 1508 383 1513 -—
395 1491 469 1521 ibid.
487 1493 586 1533 τοῦτο]
602 1492 669 1521 scil.
679 1491 712 1521 τὸ
725 1491 786 1531 πεξῖ
803 1494 858 1521 τῶν
868 1490 1015 1523 συνθηκῶν.

341 1552 383 1557 -
399 1537 451 1564 22.
476 1534 645 1575 ἐωνήμεθα]
663 1537 861 1574 Augustanus
886 1546 939 1576 pro
960 1537 1016 1566 hac

299 1586 374 1606 voce
384 1578 436 1607 dat
446 1578 622 1618 ἀπεδόμεθα.
637 1579 760 1608 videtur
773 1583 934 1618 utrumque
947 1589 1015 1608 sen-

297 1620 400 1650 tentiae
417 1622 622 1652 necessarium
635 1632 713 1652 esse.
739 1633 833 1661 quare
850 1622 895 1651 sic
912 1623 1014 1652 malim

298 1663 371 1702 legi:
383 1663 401 1693 ἃ
411 1667 464 1705 γὰρ
479 1667 562 1704 ἡμεῖς
576 1664 675 1695 ἑκατὸν
689 1665 737 1695 καὶ
752 1664 836 1695 πέντε
852 1667 927 1704 μνῶν
939 1663 1015 1696 ἔοι-νή-

295 1706 381 1745 ,ntea
402 1708 450 1737 καὶ
476 1707 650 1748 ἀπεδόμεθα,
675 1707 759 1738 ταῦθ’
774 1706 1014 1748 {hugota—nam

297 1760 360 1789 quae
375 1757 490 1781 centum
505 1757 531 1781 et
548 1753 674 1792 quinque
696 1752 782 1782 minis
797 1757 824 1781 et
843 1762 1015 1789 emeramus,

296 1798 323 1822 ec
345 1804 449 1824 rursus
464 1796 685 1825 vendideramus
706 1795 858 1831 tantidem,
882 1807 915 1825 ea
936 1800 1014 1834 post-

296 1838 414 1867 modum
429 1844 462 1868 tu
473 1856 525 1867 —.

336 1898 382 1902 —
394 1883 445 1911 24.
470 1883 625 1922 wem-iique,-
636 1880 723 1923 ἔχων]
736 1881 859 1912 correxi
874 1881 1013 1920 periculo

296 1933 364 1953 meo
382 1924 454 1965 (sed
471 1925 618 1956 Wolssnm
634 1925 828 1965 occupavit),
839 1925 969 1965 πρατῆρά
985 1923 1013 1954 α’

298 1967 345 2007 [id
363 1973 420 2004 est,
437 1968 487 2009 σε]
510 1967 594 2009 ἔχων.
616 1968 774 1999 Sententia
788 1969 852 1998 llaec
867 1972 932 1997 est:
951 1978 1013 1998 ma·

298 2010 374 2040 ximi
394 2012 558 2042 vendidisti
572 2012 722 2042 officinam
733 2011 822 2041 nobis
835 2010 1012 2041 auctoribus

296 2058 327 2082 et
340 2056 539 2094 sponsoribus
549 2055 743 2085 venditionis.
762 2065 851 2095 quam
862 2054 1012 2084 officinam

298 2098 323 2126 si
341 2103 373 2128 tn
390 2098 458 2137 ipse
474 2099 680 2134 vendidisses,
696 2102 852 2128 auctorem
869 2102 899 2127 et
920 2108 1012 2137 spon-

297 2150 397 2170 sorem
420 2146 530 2180 praeter
545 2147 576 2171 te
597 2142 712 2171 habens
734 2141 897 2175 nemiuem,
913 2152 949 2170 ne
966 2145 1011 2171 te-

296 2184 403 2214 runcio
418 2185 540 2223 quidem
558 2195 623 2214 eam
645 2184 833 2214 extudisses.
856 2188 909 2213 tua
931 2184 1009 2214 enim

295 2227 378 2257 nulla
391 2232 438 2258 est
455 2227 633 2263 auctoritas,
650 2238 749 2266 neque
766 2227 852 2257 fides.

341 2288 379 2293 -—-
394 2281 464 2310 pen.
487 2269 724 2313 ’s‘xoev-——n-zpahv]
743 2271 835 2300 verba
851 2270 916 2300 haec
937 2270 1010 2300 mihi

294 2314 426 2344 obscura
441 2324 509 2344 esse
522 2314 627 2345 fateor.

339 2359 412 2388 976.
424 2359 456 2387 ¹7.
473 2355 582 2397 Ειαίων]
596 2357 686 2387 valde
698 2360 886 2395 suspectum.
911 2356 1011 2395 possit

294 2401 416 2438 quidem
433 2401 658 2440 quodammodo
673 2399 816 2429 excusari
831 2403 861 2428 et
876 2399 1010 2436 defendi,

292 2443 336 2472 sic
349 2444 589 2483 interpretando,
600 2444 647 2474 καὶ
658 2445 699 2473 τὰ
715 2440 811 2476 βιαίων
826 2442 1009 2481 ἀδικήματα.

293 2491 326 2516 ut
343 2497 409 2516 voc.
425 2486 596 2526 ἀδικήματα
613 2498 629 2517 e
651 2487 793 2526 proximo
810 2487 868 2515 buc
888 2496 1009 2525 quoque

292 2530 450 2559 referatur.
474 2530 593 2560 incusat
611 2541 659 2560 me
676 2530 864 2569 injuriarum,
879 2540 946 2569 quae
960 2540 1008 2559 so-

291 2573 356 2602 lent
382 2574 419 2602 ab
448 2573 619 2603 bominibus
647 2573 828 2609 audacibus,
851 2572 1008 2608 violentis,

291 2615 476 2652 latronibus,
489 2615 619 2651 sicariis,
637 2617 755 2656 peragi.
801 2617 861 2647 Sed
879 2626 915 2645 ea
929 2616 1008 2647 ratio

291 2658 366 2688 mibi
383 2663 489 2688 coacta
509 2663 540 2688 et
559 2669 577 2688 a
592 2659 758 2690 Graeeitate
780 2660 944 2689 abhorrens
960 2659 1007 2690 vi-

291 2703 391 2732 detur.
416 2712 508 2742 quare
521 2702 623 2732 malim
639 2701 711 2735 βίαν.
734 2713 827 2733 versu
839 2707 940 2733 aulem
955 2705 1006 2734 10.

290 2743 384 2778 βιαίων
397 2745 474 2776 bene
487 2745 589 2775 habet.

333 2806 376 2811 —-
392 2791 423 2819 9.
446 2790 501 2818 τῶν
525 2787 632 2828 αὐτῶν]
658 2788 789 2818 subaudi
812 2787 1007 2827 ιῖγωνίζονται.

289 2842 359 2863 reos
375 2832 482 2862 horum
498 2831 633 2861 omnium
645 2831 805 2861 criminum
815 2842 874 2861 non
890 2833 1005 2862 eaedem

289 2881 412 2906 manent
427 2885 536 2914 poenae,
550 2885 649 2914 neque
662 2878 779 2904 certant
790 2873 834 2903 rei
850 2885 943 2915 super
955 2885 1004 2912 eo,

290 2924 323 2948 ut
341 2919 464 2948 easdem
482 2928 498 2948 a
514 2928 546 2948 se
562 2927 670 2958 poenas
684 2917 851 2958 depellant.

332 2978 376 2984 -
393 2965 444 2993 10.
466 2961 514 2991 καὶ
531 2960 572 2991 τὰ
587 2960 648 3003 περὶ
663 2962 730 2991 ΔῚτῶν
749 2959 859 3000 Βιαίων]
883 2971 1003 3000 praepo-

287 3006 430 3036 sinonem
447 3005 561 3036 addidi.
587 3005 624 3035 ad
640 3005 681 3035 τὰ
704 3003 886 3035 subauditur
902 3002 1004 3042 ἐγκλή-

1055 174 1382 217 ΑΝΝΟΤΑΤΑ

1051 294 1153 322 ματα.
1183 284 1222 314 ad
1243 285 1298 314 τῶν
1321 282 1414 314 etaim
1433 288 1546 321 autem,
1569 284 1765 324 ἀδικημάτων.

1052 326 1224 366 ἀδικήματα
1238 325 1316 357 Clam
1330 327 1562 367 appellabantur
1573 338 1617 358 eae
1633 328 1764 367 iujuriae,

1052 380 1119 408 quae
1141 369 1233 400 alicui
1256 381 1325 400 cum
1349 376 1455 410 aperta
1471 371 1501 401 vi
1515 376 1547 402 et
1561 372 1766 411 oppressione

1051 413 1293 452 imponerentur.
1666 433 1667 436 =

1093 473 1138 478 ——
1153 456 1229 487 ibid.
1253 456 1320 497 πςός
1345 457 1410 490 τοὺς
1436 457 1667 499 τετταράκοντα]
1696 456 1767 488 scil.

1051 499 1193 533 δικαστὰς
1207 500 1381 538 εἰσάγονται.
1404 501 1479 530 citat
1491 501 1520 531 h.
1533 502 1553 531 l.
1568 502 1721 540 Harpocr.
1735 511 1766 530 v.

1050 544 1128 572 κατὰ
1142 543 1256 582 δήμους.
1279 543 1370 574 conf.
1387 544 1493 575 Vales.
1509 545 1547 574 ad
1566 545 1720 584 Harpocr·
1731 553 1764 583 p.

1052 588 1125 615 104.

1092 646 1135 652 -
1149 632 1199 660 16.
1215 629 1314 670 τοῦτο]
1329 629 1379 660 hoc
1389 631 1530 667 excusavi,
1541 630 1622 670 quod
1635 630 1700 660 haee
1715 630 1766 659 lex

1050 674 1204 712 praecipit.
1228 673 1330 703 malim
1345 680 1444 703 tamen
1460 675 1569 704 τοῦτον.
1586 678 1618 703 ut
1630 674 1670 703 ad
1683 671 1764 712 νόμον

1050 715 1212 746 referatur.
1236 717 1359 747 obtendi
1386 717 1462 746 hauc
1488 717 1600 757 legem,
1622 726 1691 757 quae
1717 727 1766 746 me

1050 757 1195 788 liberaret
1220 759 1418 797 necessitate,
1441 770 1535 800 super
1557 761 1615 791 hoc
1640 759 1767 790 crimine

1052 811 1099 831 me
1116 802 1314 833 defendendi.

1093 862 1137 867 —
1153 847 1204 876 23.
1225 844 1387 887 δυνήσεται]
1406 845 1472 876 scil.
1486 846 1583 882 τοῦτο,
1600 846 1668 881 hoc.
1682 847 1763 886 quod

1052 887 1198 918 articulus
1215 889 1265 918 hic
1281 890 1318 918 ab
1330 888 1537 919 accusationis
1549 890 1655 919 libello
1668 891 1767 925 abest,

1053 931 1142 960 vobis
1160 941 1218 960 non
1234 931 1349 971 poterit
1361 932 1482 970 eripere
1499 933 1674 962 facultatem
1691 943 1766 972 cog-

1052 975 1211 1007 noscendi,
1235 980 1267 1004 et
1295 974 1490 1013 intelligendi
1510 977 1561 1014 jus
1582 980 1613 1005 et
1634 986 1766 1015 aequum.

1052 1021 1115 1053 aut,
1131 1018 1327 1048 Pantaenetus
1343 1028 1400 1047 non
1414 1018 1526 1058 poterit
1536 1018 1623 1048 vobis
1635 1020 1766 1058 eripere.

1096 1063 1169 1092 977.
1181 1063 1213 1091 7.
1235 1060 1267 1090 ἂν
1282 1059 1382 1102 ὑφάψῃ
1397 1062 1457 1101 τις]
1476 1061 1505 1090 in
1520 1061 1654 1100 August.
1670 1067 1718 1092 est
1733 1061 1766 1091 ἃν

1051 1103 1129 1145 ‘ruofi
1150 1115 1204 1138 τις.
1227 1105 1306 1134 forte
1330 1104 1430 1134 voluit
1451 1102 1531 1146 τύψῃ
1555 1105 1639 1135 dare.
1661 1112 1713 1136 aut
1734 1105 1766 1135 in

1051 1146 1119 1176 aliis
1135 1147 1222 1177 libris
1238 1147 1296 1177 fuit
1311 1146 1343 1177 ἃν
1358 1146 1487 1189 ὑποτύφῃ
1506 1159 1561 1182 τις.
1584 1158 1652 1187 quae
1673 1149 1765 1178 lectio

1052 1190 1184 1229 vulgatae
1201 1195 1346 1230 praestare
1366 1191 1497 1221 videtur.
1543 1190 1574 1221 Se·
1590 1194 1654 1231 quis
1668 1190 1766 1233 suffu-

1050 1234 1150 1273 miget,
1168 1234 1197 1264 h.
1209 1245 1236 1264 e.
1253 1234 1280 1263 si
1295 1234 1364 1273 quis
1378 1234 1408 1264 in
1419 1234 1570 1264 cuniculis
1584 1235 1700 1265 fumum
1711 1245 1766 1266 ex-

1050 1276 1136 1312 citet,
1153 1277 1206 1315 qui
1222 1277 1341 1307 vicinos
1358 1282 1522 1316 operantes
1544 1277 1692 1316 expellat,
1714 1282 1767 1308 aut

1051 1319 1192 1349 suffocet.
1216 1320 1299 1359 quod
1314 1319 1416 1359 ipsum
1426 1321 1521 1350 debet
1535 1321 1627 1350 etiam
1643 1322 1769 1362 vulgata

1051 1361 1235 1401 significare.

1092 1422 1137 1427 —-
1153 1407 1183 1436 9.
1207 1407 1280 1436 πλὴν
1295 1405 1318 1436 εἷ
1332 1407 1375 1445 μὴ
1388 1406 1453 1439 τοὺς
1464 1405 1680 1447 κομιζομένους]
1695 1405 1766 1446 par-

1051 1448 1174 1478 ticulam
1189 1449 1232 1487 μῆ
1249 1449 1367 1478 addidi.
1384 1450 1413 1478 h.
1425 1460 1453 1479 e.
1467 1451 1534 1479 solo
1549 1455 1681 1488 excepto
1694 1449 1763 1481 hoc.

1050 1492 1107 1520 sub
1124 1492 1179 1521 hac
1195 1492 1451 1523 sola³conditione
1466 1497 1497 1522 et
1511 1493 1719 1528 restrictione,
1737 1494 1764 1523 si

1049 1537 1082 1564 tu
1099 1545 1160 1564 non
1177 1540 1277 1574 putas.
1491 1552 1493 1554 ·

1091 1595 1136 1600 —-
1149 1581 1199 1611 19.
1218 1578 1250 1608 ἂν
1261 1577 1332 1612 δ’λως
1343 1578 1417 1608 ἰὶλλο
1428 1577 1475 1619 τι]
1492 1578 1623 1609 subaudi
1638 1577 1764 1620 ἀδικηθῇ,

1048 1619 1074 1650 ἐν
1096 1623 1165 1656 ταῖς
1190 1623 1389 1660 μεταλλικαῖς
1412 1618 1501 1656 δίκαις
1523 1621 1685 1653 δικάσεται.
1731 1622 1764 1652 Si

1049 1674 1136 1703 quam
1158 1665 1248 1694 aliam
1270 1665 1416 1704 injuriam
1440 1665 1577 1705 accipiat,
1602 1676 1676 1696 num
1701 1664 1766 1696 ideo

1037 1707 1114 1745 jure
1128 1708 1274 1738 metallico
1288 1707 1474 1746 aperietur?

1091 1767 1134 1773 -—
1150 1753 1201 1781 21.
1225 1751 1286 1785 τοῖς
1300 1749 1390 1791 ἕτερον
1400 1749 1585 1791 συντρήσασιν
1599 1751 1638 1785 εἷς
1652 1753 1694 1781 τὰ
1709 1753 1764 1781 τῶν

1049 1792 1182 1834 πλησίον]
1199 1799 1354 1833 postrema
1367 1795 1460 1824 verba
1474 1793 1512 1828 εἷς
1523 1795 1564 1824 τὰ
1576 1795 1632 1824 τῶν
1647 1793 1766 1826 πλησίον

1049 1836 1191 1867 videntur
1219 1837 1369 1867 scholium
1399 1847 1467 1867 esse
1492 1837 1637 1867 vocabuli
1666 1836 1764 1878 ἓτεςον.

1048 1879 1144 1910 dictio
1161 1881 1314 1910 metallica
1328 1878 1417 1920 ἕτεξον
1430 1878 1632 1919 συντιτραίνειν
1647 1881 1765 1919 signifi-

1048 1929 1097 1952 cat
1109 1923 1143 1953 τὸ
1159 1924 1261 1955 ἑαυτοῦ
1272 1922 1356 1963 ἔργον,
1373 1922 1422 1953 vel
1435 1920 1588 1962 μέταλλον
1602 1923 1764 1964 συντιτραί-

1045 1977 1095 1996 νειν
1106 1965 1154 2006 [id
1168 1972 1227 2003 est,
1240 1965 1274 1996 δι’
1283 1966 1352 2000 ὀπῆς
1360 1965 1608 2007 μεμηχανημένης
1619 1966 1764 2007 προάγειν]

1046 2008 1085 2042 εἷς
1097 2011 1137 2040 τὰ
1152 2010 1202 2040 τοῦ
1217 2008 1335 2040 πλησίον
1346 2008 1426 2050 ἔργα,
1441 2009 1490 2039 vel
1501 2007 1656 2048 μέταλλα.
1679 2010 1765 2040 cuni-

1047 2053 1132 2082 culos
1156 2063 1229 2083 suos
1255 2054 1337 2083 facto
1361 2051 1508 2083 foramine
1533 2052 1705 2091 perducere
1731 2054 1763 2084 in

1046 2096 1207 2127 cuniculos
1224 2095 1351 2126 alienos.
1374 2095 1376 2097 ’

1089 2158 1132 2163 —
1148 2142 1200 2171 23.
1224 2140 1284 2173 τοῖς
1305 2141 1362 2169 τῶν
1377 2136 1403 2167 ἓν
1425 2136 1469 2177 τῷ
1482 2135 1558 2178 νόμῳ
1573 2149 1604 2168 τι
1621 2139 1758 2180 ποιοῦσιν]

1047 2182 1169 2213 videtur
1191 2187 1261 2223 post
1276 2194 1306 2213 τι
1323 2181 1507 2212 vocabulum
1528 2181 1760 2222 ἀπηγορευμένων

1045 2226 1226 2255 desiderari,
1241 2236 1297 2265 per
1308 2235 1337 2255 v.
1349 2224 1425 2264 νόμῳ
1437 2223 1616 2264 designatur
1629 2224 1681 2254 lex
1697 2236 1763 2256 me-

1045 2269 1159 2304 tallica,
1176 2279 1230 2299 seu
1244 2270 1295 2307 jus
1311 2267 1510 2298 metallicum.

1087 2329 1131 2335 —
1155 2312 1208 2342 25.
1243 2311 1322 2353 περὶ]
1347 2310 1470 2341 correxi
1495 2310 1584 2351 παρά.
1628 2310 1667 2340 In
1694 2309 1761 2341 εῖναι

1045 2355 1226 2385 subauditur
1238 2354 1319 2395 οἶμαι
1331 2364 1347 2384 e
1359 2364 1388 2384 v.
1399 2355 1451 2384 20.
1465 2353 1621 2390 existimo,
1630 2353 1667 2384 ad
1682 2364 1764 2390 eum,

1044 2398 1096 2437 qui
1109 2399 1287 2428 Pantaeueto
1300 2397 1460 2437 pecuniam
1473 2396 1670 2431 credidisset,
1681 2407 1763 2427 eam-

1044 2451 1103 2480 que
1117 2441 1156 2471 ab
1174 2441 1228 2471 illo
1248 2441 1340 2477 lente,
1356 2450 1413 2480 per
1432 2440 1566 2470 minutas
1583 2440 1761 2479 particulas,

1045 2488 1076 2514 et
1101 2484 1157 2515 vix
1194 2484 1316 2514 tandem
1348 2487 1575 2522 recuperasset,
1608 2483 1760 2513 vocabulo

1040 2527 1119 2566 juris
1135 2527 1284 2558 metallici
1296 2537 1335 2557 ne
1350 2526 1510 2556 minimum
1526 2524 1650 2566 quidem
1673 2530 1760 2556 uten-

1043 2571 1115 2600 dum
1131 2581 1211 2601 esse.

1086 2616 1160 2645 978.
1176 2617 1208 2645 2.
1231 2611 1423 2655 δικαζόμενος]
1438 2615 1510 2651 post
1525 2609 1703 2651 δικαζόμενος
1717 2611 1762 2642 vi-

1042 2657 1134 2688 detur
1157 2656 1189 2688 ἒκ
1204 2657 1287 2687 τῶνδε
1303 2656 1473 2697 φανήσεται,
1488 2654 1540 2685 vel
1565 2654 1667 2685 simile
1683 2655 1760 2694 quid

1042 2701 1162 2731 deesse.
1209 2700 1358 2731 Constabit
1370 2710 1404 2730 ex
1417 2698 1463 2734 iis,
1478 2708 1542 2738 quae
1554 2698 1626 2736 jam
1647 2696 1758 2734 dicam,

1041 2754 1100 2775 non
1122 2744 1205 2774 modo
1226 2744 1272 2774 m'l
1292 2752 1408 2783 aequum
1432 2745 1460 2772 et
1485 2740 1651 2781 legitimum
1673 2750 1759 2780 super

1040 2787 1222 2824 criminibus,
1232 2796 1356 2827 quorum
1366 2794 1410 2815 me
1420 2785 1547 2819 incusat,
1558 2783 1662 2813 habere
1674 2782 1758 2815 Pan·

1041 2835 1190 2866 toenetum,
1206 2830 1282 2871 quod
1294 2827 1439 2869 prqferat,
1451 2827 1501 2857 sed
1511 2827 1599 2857 etiam
1614 2835 1700 2865 super
1711 2827 1758 2864 iis,

1040 2884 1102 2914 quae
1115 2874 1173 2914 ipse
1188 2872 1261 2903 mihi
1275 2872 1395 2908 remisit,
1399 2871 1422 2910 j
1425 2881 1459 2902 us
1471 2879 1598 2910 poscere.

1082 2935 1126 2941 —
1141 2918 1171 2947 5.
1196 2912 1452 2956 ἔπικεκυρωμένων]
1470 2912 1592 2944 correxi
1607 2910 1758 2944 ἐπικεκλη-

1039 2959 1176 3001 ρωμένων.
1199 2968 1267 2989 cum
1270 2959 1341 2998 jam
1352 2957 1475 2997 judices
1487 2955 1636 2988 tribunali
1650 2956 1757 2996 cuique

1039 3004 1086 3034 sui
1103 3003 1201 3034 sortito
1215 3007 1305 3034 essent
1319 3001 1412 3032 ducti.
