1931 3322
326 176 523 219 SUPER
557 140 879 218 ORATIONE
914 174 995 215 DE
1030 173 1373 216 HALONESO.
1502 174 1582 217 431

116 292 258 326 tauquam
282 285 459 325 exemplum
481 285 625 314 audacter
649 289 680 314 et
701 282 836 323 graviter

117 331 194 360 dicti
209 330 384 364 trudantur,
398 334 430 358 ut
446 330 483 358 ab
498 330 708 365 Hermogene.
711 327 734 347 ³¹
751 325 835 365 Quid

116 372 228 413 igitur.
223 372 233 390 ³
269 372 474 402 stultitiamne
493 371 569 400 dicti
591 370 739 400 Libanins
755 369 836 398 vitu-

116 415 223 456 perat?
261 415 323 445 Sed
348 424 408 444 non
429 413 582 444 medicum
603 414 761 449 babemus,
782 411 836 451 qui

117 458 251 489 sollicite
265 463 394 497 quaerat,
409 459 487 488 sitne
500 457 683 488 cerebrum'
675 468 705 486 111
717 461 836 494 tempo-

117 501 204 532 ribus
219 501 324 536 situm,
342 511 399 531 nec
415 512 472 539 ne3
498 510 670 540 quanquam
687 511 724 529 ne
739 497 836 528 medi-

116 555 171 574 cos
190 544 315 584 quidem
335 544 456 574 omnino
477 544 509 573 id
533 544 627 573 video
647 548 834 581 negaturos·
827 565 836 579 ‚

118 588 172 617 sed
198 587 330 627 legimus
347 592 510 623 oratorem,
533 586 585 625 qui
605 597 623 615 a
647 585 767 624 vulgari
787 592 836 614 ra-

117 631 202 661 tione
217 631 364 670 loquendi
383 635 436 660 aut
454 629 597 659 consulto
618 628 774 658 interdum
790 639 838 657 re·

117 675 213 710 cedit,
228 679 281 704 aut
292 674 323 704 vi
332 672 607 703 orationis‘inscius
617 676 708 711 atque
721 672 839 710 impru-

117 718 194 748 dens
210 717 372 757 abripitur.
403 717 452 751 An
469 716 654 747 insolentiam
670 715 766 756 igitur
778 715 838 746 iste

116 760 345 799 novitatemque
360 759 436 789 dicti
448 759 554 790 notat?
575 759 681 789 Facile
694 770 768 790 vero
780 765 839 796 est,

116 808 151 833 ut
160 803 204 833 ait
214 803 338 840 Cicero,
351 803 470 833 dictum
485 804 598 834 ardens
611 803 839 842 reprehendere

114 846 274 877 restinctis
286 847 349 886 jam
366 847 537 877 animorum
553 846 716 877 incendiis.
759 848 840 877 Nam

116 890 345 921 Demosthenes
368 890 493 930 quidem
515 890 603 921 miris
621 890 723 920 modis
743 891 841 920 multa

116 933 146 964 in
162 933 268 964 verbis
283 934 334 964 vel
359 933 530 974 pangendis
547 935 596 964 vel
616 934 840 973 conjungendis

117 977 258 1013 novavit,
269 976 312 1007 ita
327 981 362 1008 ut
375 981 512 1008 monstra
525 982 556 1006 et
573 982 714 1017 portenta
727 977 841 1007 oratio-

116 1021 167 1052 nis
190 1020 358 1052 AEschines
379 1021 409 1051 ei
429 1021 647 1060 exprobraret,
663 1020 716 1050 alii
738 1026 839 1050 autem

115 1063 233 1104 passim
245 1075 314 1094 eum
328 1065 383 1095 hac
395 1065 434 1097 ,de
450 1075 484 1094 re
496 1062 701 1094 111-11181831532
723 1065 769 1095 An
786 1065 842 1095 de-

115 1108 208 1147 nique
223 1108 432 1138 contumeliam
441 1107 472 1137 in
484 1107 691 1139 Athenienses
706 1108 841 1138 81311113-

118 1151 215 1182 ciam?
239 1152 286 1181 Ea
302 1161 375 1182 vero
389 1155 474 1181 tanta
494 1154 542 1181 est
561 1151 594 1181 in
619 1152 840 1188 Demosthene,

117 1199 153 1224 ut
177 1194 229 1224 vel
254 1194 379 1224 insanos
403 1194 562 1234 appellare
588 1200 758 1234 praesentes
780 1194 840 1225 rei-

116 1237 251 1277 publicae
261 1237 348 1268 cives
356 1247 417 1267 non
429 1237 562 1276 dubitet,
573 1238 750 1276 nullamque
763 1249 841 1278 prae-

117 1280 270 1311 termittat
284 1281 481 1312 occasionem
493 1282 576 1312 salse
586 1281 783 1321 graviterque
795 1283 841 1312 iu-

118 1324 229 1356 ertiam
253 1335 362 1356 eorum
382 1335 420 1356 ac
443 1325 607 1356 stultitiam
629 1325 843 1366 castigandi.3³

871 283 1015 312 Ceterum
1032 283 1196 313 insolentia
1212 284 1290 314 dicti
1306 283 1396 313 etiam
1409 293 1444 313 eo
1457 293 1516 312 non
1535 293 1588 321 pa-

870 335 937 355 rum
953 325 1078 362 lenitur,
1095 327 1121 356 si
1136 327 1324 362 memineris,
1335 326 1446 356 similia
1461 336 1588 366 prover-

871 369 915 398 bii
927 369 997 398 loco
1013 379 1107 407 quum
1122 370 1242 399 cunctis
1254 370 1284 399 in
1295 370 1410 408 linguis
1425 376 1488 399 turn
1507 369 1589 408 apud

872 412 999 442 Graecos
1023 411 1190 450 scriptores
1213 423 1295 452 saepe
1321 411 1522 442 occurrere-³⁴
1546 429 1589 434 -—

871 455 994 485 Addam
1011 465 1116 489 unum,
1139 455 1222 493 quod
1244 456 1338 485 certis
1359 456 1481 494 quidem
1501 465 1591 495 argu-

872 498 985 528 mentis
1008 498 1115 537 nequit
1130 499 1336 537 comprobari,
1356 503 1387 528 at
1409 499 1475 529 fieri
1490 505 1592 528 tamen

871 541 983 580 potuit.
1028 543 1171 571 Fortasse
1195 542 1423 571 Demosthenes
1448 543 1513 571 haec
1533 552 1593 570 non

873 590 935 614 tam
960 595 1015 615 sno
1038 584 1162 614 nomine
1188 583 1277 619 dicit,
1301 594 1392 622 quam
1422 585 1593 624 respiciens

874 629 951 658 alius
969 628 1130 668 cujusdam
1148 628 1188 658 de
1208 627 1445 657 Atheniensibus
1461 629 1593 663 dictum,

873 672 955 710 quod
973 683 1051 702 nunc
1068 682 1106 701 ne
1122 671 1233 701 inertia
1248 681 1303 700 sua
1318 671 1532 709 comprobent,
1543 672 1595 709 ju-

874 717 927 745 bet
949 727 1069 746 cavere.
1115 715 1174 745 Cui
1197 713 1366 753 suspicioni
1386 713 1511 743 videtur
1533 715 1593 743 hoc

875 760 977 798 aliquo
987 760 1079 789 modo
1095 758 1272 797 suffragari,
1282 757 1362 796 quod
1375 761 1479 786 orator
1492 757 1596 786 subito

875 808 906 832 et
922 804 1081 842 inopinato
1097 803 1127 832 in
1145 812 1315 832 sermonem
1333 800 1520 831 sedatiorem
1537 800 1595 830 boc

875 847 1044 876 acerbioris
1060 846 1153 876 animi
1163 845 1397 876 dictuminfert.
1442 845 1503 875 Sed
1519 848 1596 873 tam-

875 901 926 926 en,
941 901 979 920 ne
996 891 1065 930 quis
1081 894 1170 929 putet
1190 900 1239 919 1118
1261 888 1332 918 huic
1348 888 1534 926 conjecturae
1550 887 1597 916 ni-

874 934 968 964 mium
985 935 1135 969 tribuere,
1152 933 1182 963 in
1198 933 1249 968 iis,
1265 942 1335 972 quae
1355 936 1427 961 ante
1447 930 1532 967 dixi,
1547 941 1598 960 ac-

875 978 1013 1017 quiesco.

918 1023 1021 1057 Nuno,
1037 1020 1180 1060 quoniam
1198 1018 1401 1050 Demostheni
1414 1028 1492 1058 opus
1507 1027 1597 1048 suum

876 1065 982 1095 studui
1004 1064 1175 1099 vindicare,
1190 1073 1246 1102 par
1262 1073 1333 1092 esse
1350 1072 1476 1097 censeo,
1490 1072 1598 1091 naevos

875 1109 1023 1147 quosdam
1038 1107 1095 1137 illo
1105 1107 1264 1146 indignos,
1281 1107 1319 1135 ab
1334 1106 1508 1135 editoribus
1524 1104 1597 1135 nlti-

874 1151 933 1181 mis
956 1152 1006 1181 vel
1033 1150 1160 1181 relictos
1182 1150 1234 1180 vel
1256 1154 1375 1183 auctos,
1397 1160 1456 1189 pro
1479 1149 1599 1179 viribus

875 1205 994 1232 sanare,
1016 1194 1224 1233 maximeque,
1247 1192 1301 1222 ubi
1324 1203 1341 1222 a
1363 1192 1531 1223 Reiskiana
1547 1193 1597 1221 vel

875 1239 1009 1269 lectione
1037 1238 1088 1268 vel
1117 1236 1366 1276 interpunctione
1391 1236 1597 1266 recedendum

876 1288 994 1322 putem,
1007 1282 1182 1317 ostendere,
1196 1290 1366 1321 paucaque,
1379 1279 1434 1310 ubi
1445 1289 1496 1309 res
1509 1280 1599 1315 feret,

876 1324 1102 1366 interpretandi
1116 1334 1211 1355 causa
1226 1324 1372 1362 adjicere.

161 1412 187 1433 ²¹
203 1412 420 1452 Hetmogenes
435 1410 500 1452 περι
515 1410 590 1442 ἶδεων
603 1410 659 1441 1111.
677 1414 708 1441 1.
724 1422 752 1442 c.
765 1413 797 1441 ¹7.
813 1410 882 1453 (8(1.
897 1412 1014 1442 Stnrm.
1029 1422 1062 1452 p.
1078 1413 1133 1442 82.
1137 1409 1152 1451 )
1177 1409 1268 1440 ἔννοιαι
1284 1408 1370 1439 τοίνυν
1389 1407 1446 1439 εἶσὶ
1460 1407 1599 1460 τραχεῖαι

120 1455 218 1486 πᾶσαι
233 1455 264 1485 αἱ
278 1457 335 1486 τῶν
347 1453 480 1495 μειζόνων
495 1455 660 1494 προσώπων
674 1453 846 1494 ἐπιτίμησιν
859 1455 982 1498 ἔχουσαι
1003 1453 1277 1505 ἀπαρακαλύπτως,
1291 1453 1387 1492 ὥςπερ
1401 1451 1445 1482 τό·
1462 1452 1539 1492 εἴπερ
1554 1450 1601 1481 τὸν

118 1497 277 1539 ἐγκέφαλον
291 1497 319 1529 ἐν
333 1499 395 1534 τοῖς
404 1499 567 1538 κροτάφοις,
581 1499 663 1529 ἀλλὰ
678 1510 723 1538 μη
739 1497 765 1529 ἐν
780 1500 849 1534 ταῖς
862 1499 994 1541 πτέρναις
1005 1495 1290 1536 καταπεπατημένον
1304 1497 1425 1537 φορειτε.

163 1542 191 1563 ³²
205 1543 259 1573 Sic
277 1543 498 1574 Eratosthenes
512 1542 718 1584 παράβακχον,
733 1543 922 1574 comicorum
938 1543 1050 1582 aliquis
1066 1540 1337 1592 ρωποπερπερηθραν
1353 1550 1422 1570 811111
1440 1542 1601 1574 vocarunt,

120 1589 201 1616 teste
218 1586 411 1617 Plutarcho·
401 1596 435 1616 m
451 1586 516 1617 vita
530 1587 623 1617 Dem.
637 1603 681 1609 ——
694 1586 836 1617 AEschin.
849 1587 881 1617 in
898 1585 1165 1626 Ctes.p.554.01’›
1180 1582 1334 1625 μέμνησθε
1348 1583 1436 1613 αυτοῦ
1449 1584 1491 1612 τὰ
1505 1593 1601 1622 μιαρα

119 1640 167 1659 και
157 1627 336 1661 ἀπίθανα“
324 1629 467 1682 ρῆματα.
509 1650 518 1660 .
535 1652 544 1666 ,
557 1631 801 1671 ἀμωελουργουσι
814 1631 888 1665 τινὲς
899 1632 948 1662 τὴν
963 1630 1058 1666 πόλιν,
1069 1628 1295 1669 ἂνατετμῆκασι
1310 1625 1385 1660 τινὲς
1397 1627 1438 1657 τὰ
1454 1626 1602 1665 κλήματα

120 1684 162 1703 τα
176 1685 227 1703 του
243 1673 370 1714 δήμου,
359 1671 568 1714 υποτέτμηται
583 1685 624 1704 τα
638 1685 716 1726 νευρα
730 1676 787 1704 τῶν
802 1674 998 1714 πραγμάτων,
1015 1669 1326 1725 φορμοῤῥαφούμεὲῐα’
1316 1681 1364 1701 επι
1380 1682 1422 1700 τα
1437 1680 1539 1705 στενα,
1555 1679 1602 1698 τι-

118 1714 162 1750 νὲς
176 1718 284 1757 πρῶτον
298 1717 386 1758 ὥςπερ
400 1718 456 1751 τὰς
471 1715 586 1751 Βελόνας
601 1715 743 1758 διείρουσι·
735 1741 744 1756 ‚
766 1718 865 1748 ταῦτα
881 1716 909 1747 δὲ
924 1716 954 1747 τί
976 1728 1066 1754 εστιν,
1080 1721 1101 1746 ὠ
1118 1715 1238 1749 κίναδος·
1212 1739 1240 1753 ,,
1262 1714 1382 1755 ῥηματα
1399 1713 1413 1745 ἢ
1429 1712 1601 1752 θαύματα·
1592 1735 1602 1749 ,

120 1759 176 1790 ubi
191 1770 249 1800 pro
264 1763 371 1801 πρῶτον
387 1759 545 1799 corrigere
559 1760 683 1800 quidam
696 1762 804 1790 volunt
820 1759 958 1801 πρωκτὸν,
970 1765 1002 1790 et
1016 1771 1108 1791 sensu
1123 1764 1155 1790 et
1170 1758 1398 1788 construetione
1410 1757 1600 1796 refragante·
1592 1780 1602 1794 ‚

121 1814 180 1844 ego
192 1803 294 1833 malim
309 1804 506 1844 πραγμάτων,
516 1804 599 1844 quod
613 1805 742 1835 verbum
756 1804 981 1835 abbreviaturis
993 1805 1116 1834 solebat
1132 1801 1301 1841 corrumpi,
1312 1801 1333 1831 i.
1346 1812 1374 1831 8.
1387 1801 1460 1831 certi
1477 1799 1604 1830 homines

121 1848 195 1886 reip.
210 1847 495 1877 admirlistrutiomm
510 1847 602 1877 vetuti
617 1848 731 1877 acubus
746 1849 878 1887 traJectis
893 1848 1120 1887 coizstrz’ngunt5
1143 1846 1256 1876 deinde
1273 1843 1305 1874 τί
1319 1855 1376 1885 pro
1392 1841 1464 1877 τίνος
1478 1843 1604 1892 scripsi,

123 1900 216 1920 sensu
232 1890 396 1940 probante,
410 1895 569 1930 praeeunte
585 1890 630 1920 H.
648 1891 839 1930 Stephano,
830 1901 975 1930 ipsoque,
990 1895 1025 1920 ut
1037 1890 1173 1925 videtur,
1187 1889 1352 1923 Cicerone,
1365 1886 1417 1927 qui
1433 1888 1542 1917 Graeca
1555 1886 1603 1916 sic

122 1933 273 1973 exprimit
287 1933 320 1963 in
337 1935 468 1964 Oratore
484 1943 512 1963 c.
528 1936 560 1965 8.
575 1934 680 1974 quaerit
700 1933 906 1975 (AEschines)
925 1933 962 1964 ab
977 1935 1048 1973 ipso,
1062 1944 1131 1964 cum
1147 1932 1264 1972 quidem
1278 1941 1345 1961 eum
1361 1931 1489 1960 belluam
1503 1930 1604 1968 appel·

124 1976 180 2014 lat,
195 1983 300 2008 utrum
316 1977 371 2007 illa
385 1978 484 2013 verba,
502 1987 544 2007 an
559 1982 697 2016 portenta
710 1978 781 2007 sint.
796 1995 839 2000 —
855 1977 1008 2008 Similiter
1022 1977 1113 2007 istam
1133 1974 1257 2006 dicendi
1275 1974 1468 2005 insolentiam
1487 1974 1603 2003 Demo-

125 2020 226 2051 stheni
242 2020 409 2051 AEschines
421 2020 554 2060 objicit
545 2031 576 2050 111
592 2031 637 2051 or.
652 2021 683 2051 in
699 2017 1337 2060 (3181111111.Ρ.4·61.8101·.παραπρεσβ.Ρ.
1354 2019 1428 2048 206.
1445 2027 1505 2057 (1113
1517 2017 1557 2047 (18
1569 2027 1603 2047 re

124 2065 322 2103 conqueritur
338 2065 499 2094 Demosth.
515 2065 555 2094 de
571 2074 684 2094 corona
699 2067 825 2104 Ρ.269.
842 2066 896 2096 15.

167 2105 194 2125 ³³
217 2119 247 2138 v.
265 2118 293 2137 c.
309 2107 449 2147 Philipp.
465 2108 530 2138 111.
545 2118 578 2148 Ρ.
594 2110 668 2139 124.
685 2110 737 2138 24.
756 2109 805 2138 ed.
824 2107 931 2138 Reisk.
958 2107 997 2142 εἷς
1012 2108 1097 2137 τοῦτο
1118 2103 1229 2148 ἀφιχθε
1252 2103 1361 2145 μωρίας
1380 2103 1394 2135 ἢ
1412 2100 1604 2154 παρανοίας-,ἦ

124 2151 174 2181 οὐκ
187 2149 249 2192 ἔχω
265 2149 296 2181 τί
309 2150 387 2189 λέγω
403 2156 464 2182 etc.
507 2151 544 2180 In
561 2152 700 2181 oratione
716 2151 756 2181 de
771 2153 838 2182 reb.
855 2152 967 2182 Chers.
981 2162 1013 2191 p.
1031 2153 1084 2182 98.
1101 2153 1154 2181 22.
1178 2149 1299 2179 inducit
1319 2150 1444 2178 Graecas
1459 2147 1603 2177 civitates

125 2194 172 2225 sic
186 2193 392 2226 Athenienses
407 2195 616 2226 allocuturus:
639 2192 662 2224 ὠ
677 2195 791 2226 πάντων
812 2195 967 2236 ἀνθρώπων
987 2193 1168 2234 φαυλότατοι
1190 2198 1251 2223 ete.
1274 2192 1463 2231 eosdemque
1478 2190 1555 2221 ibid.
1572 2201 1605 2230 p.

126 2240 271 2270 106.14.
295 2244 386 2269 vocat
401 2249 548 2278 ταπεινους
566 2238 617 2269 και
635 2238 685 2280 τῇ,
706 2235 741 2270 ῶν
761 2239 905 2279 προσήκει,
921 2249 1087 2279 παρασκευν
1103 2236 1357 2276 καταγελαστους.
1392 2233 1605 2265 Acerbissime

126 2285 230 2312 autem
245 2292 300 2312 eos
315 2281 427 2313 irridet
443 2271 572 2322 Ι01111111ι
589 2283 654 2313 111.
669 2293 701 2322 Ρ.
714 2284 769 2314 37.
785 2285 818 2314 3.
840 2283 924 2322 ὑμεῖς
938 2280 962 2311 δ’
979 2282 991 2311 ὅ
1009 2282 1097 2321 δῆμος
1111 2278 1338 2335 ἐκνενευρισμένοι
1354 2278 1402 2309 καὶ
1418 2276 1604 2319 περιῃρημένοι

125 2323 274 2366 χρήματα
283 2325 332 2355 και
345 2326 531 2368 συμμάχους
542 2324 568 2356 ἓν
577 2324 715 2368 ὑπηρέτου
723 2337 772 2356 και
785 2325 944 2379 προσθηκης
958 2324 1039 2366 μέρει
1052 2322 1213 2365 γεγένησθε,
1224 2325 1406 2362 ἀγαπῶντες,
1418 2320 1464 2352 ἐὰν
1479 2321 1607 2360 μεταδι-

125 2367 195 2398 δῶσι
217 2367 382 2409 Seoegamv‘
371 2370 440 2409 υμῖν
459 2369 474 2401 ἢ
493 2368 588 2403 βοίδια.
601 2367 764 2410 πέμψωσιν
783 2381 869 2401 ουτοι·
887 2369 948 2406 καὶ,
966 2367 1000 2399 τό
1019 2369 1142 2399 πάντων
1165 2366 1376 2408 ἀνανδρότατον,
1391 2367 1447 2396 τῶν
1465 2363 1608 2405 ὑμετέρων

126 2411 219 2442 αὐτῶν
232 2413 316 2454 χάριν
329 2411 532 2453 προσοφείλετε
547 2417 928 2444 818.-

186 2454 274 2487 4818
287 2456 419 2487 Homer.
430 2456 524 2487 Iliad.
539 2457 616 2487 XV.
629 2467 660 2488 v.
676 2458 752 2489 280.

475 2522 635 2563 τάρβησαν,
649 2525 740 2556 πᾶσιν
755 2523 784 2555 δὲ
800 2523 897 2566 wapai
913 2523 981 2555 ποσὶ
997 2524 1135 2554 κάππεσε
1151 2521 1252 2563 Θυμός.

128 2590 183 2622 11111
198 2591 380 2622 Eustathius
397 2590 446 2632 (p.
463 2592 560 2623 1015.
577 2592 597 2622 Ι.
613 2593 667 2623 44.
673 2591 715 2633 )’
705 2591 801 2623 ιστέον
815 2592 887 2629 δὲ,“
871 2604 924 2629 οτι,
937 2591 1063 2634 Ὀμηρου
1079 2593 1159 2632 παρὰ
1171 2602 1248 2621 ωοσι
1264 2588 1398 2632 ῥίψαντος
1408 2588 1512 2630 Θυμόν’
1514 2597 1609 2631 Αχαι-

128 2636 180 2671 οἷς,
195 2633 390 2674 Δημοσθένους
401 2634 430 2666 δὲ
442 2646 508 2675 προς
522 2634 657 2676 πτέρναις
670 2635 828 2670 Ἀθηναίοις
840 2636 886 2667 τόν
900 2636 1069 2690 ἐγκέφαλον,
1080 2636 1095 2666 ἦ
1109 2633 1245 2674 κωμωδία
1259 2635 1440 2664 σκώπτουσα
1451 2645 1517 2667 τους
1531 2645 1608 2674 σ-χη

127 2677 339 2719 ματιζομένους
352 2677 522 2720 φιλοσοφίας
535 2678 611 2719 λόγῳ
625 2681 874 2721 σεμνοπροσωπεῖν
892 2681 932 2715 εἷς
946 2679 980 2709 τό
994 2679 1133 2720 μέτωπον
1148 2679 1246 2714 αὐτοῖς
1260 2677 1414 2721 ἐπιγράφει
1430 2677 1476 2708 τόν
1491 2688 1556 2708 νουν-
1564 2693 1606 2699 --

130 2721 182 2753 Sic
193 2722 304 2754 Latine
316 2727 348 2754 et
359 2723 503 2754 similiter
513 2722 628 2754 ceteris
645 2723 676 2754 iu
692 2723 806 2764 linguis
821 2725 916 2755 animi
929 2724 1034 2755 cadere
1045 2723 1200 2754 dicuntur.
