1931 3322
418 203 502 246 AD
534 199 902 248 ORATIONEM
935 199 1001 241 IN
1033 199 1290 244 MIDIAM.

122 313 202 352 legi,
217 317 251 344 ut
265 313 303 344 ad
317 310 479 353 «προπετείᾳ
495 310 656 343 referatur.
680 307 835 349 quomodo

73 380 75 382 -
125 355 217 390 etium
232 355 384 387 Wolfium
395 353 566 393 conjecisse
579 363 660 383 nuno
677 352 780 382 video.

169 417 212 423 ·-
226 401 279 431 26.
303 396 368 438 ἰδίᾳ,
381 395 523 434 σεισθεὶς,
537 395 632 434 ὁπόσῳ
647 395 677 427 δή
693 405 774 431 ποτε,
785 395 834 436 ἀρ-

125 440 219 483 γυρίῳ,
233 440 364 480 καθυφεὶς
377 438 423 470 τὸν
437 440 547 480 ἀγῶνα]
575 438 627 468 Sic
643 438 835 478 distinguen-

38 506 50 515 ε
127 486 170 516 do
186 485 288 515 locum
305 483 427 522 planum
450 484 521 514 feci.
544 482 732 512 constructio
755 482 833 513 haee:

122 527 280 568 φαήσεται
289 525 422 567 καθυφεὶς
429 525 476 560 τὸν
484 528 588 567 ἀγῶνα,
602 525 755 555 constabit
766 535 835 555 eum

125 580 244 602 causum
258 569 370 600 fecisse
386 570 524 607 missam,
540 574 572 599 et
592 569 629 598 ab
645 568 765 598 actione
782 568 834 597 de-

123 613 252 648 stitisse,
268 611 393 646 πεισθεῖς
411 611 539 653 ἀργυρίῳ,
561 611 632 641 ideo
654 612 735 650 quod
753 616 837 641 esset

122 656 209 687 lucro
224 656 263 686 ad
277 655 310 685 id
326 656 489 691 adductus,
497 653 600 695 ὁπόσῳ
613 654 727 690 δήποτε,
743 665 835 694 quan-

121 704 275 739 tocunque
289 699 423 731 tandem.

166 742 240 773 527.
253 744 283 773 2,
299 739 416 783 ἐκείνων]
432 740 582 781 significat
596 740 678 777 illos,
691 739 754 780 qui,
768 750 837 771 cum

121 783 269 816 honorem
281 790 424 824 gerentes
437 785 566 815 verbera
579 784 715 824 aliasque
730 789 837 814 coutu-

120 828 228 861 melias
255 828 457 868 accepissent,
482 828 593 858 inultas
619 838 672 858 eas
697 828 838 858 transmi-

120 875 236 908 serunt.

163 931 207 937 ——
219 917 273 946 20.
295 914 346 946 τοῦ
359 916 403 955 μὴ
413 911 484 954 μετ’
496 911 591 956 ὄξγῖῖς]
606 914 699 945 Wolf
710 915 753 954 μὴ
771 913 837 943 tolli

122 958 245 994 suadet,
258 968 317 989 non
329 958 582 997 improbabiliter.
614 957 722 988 Placet
737 962 838 988 tamen

120 1000 183 1032 alia
194 1001 274 1032 ratio
287 1001 396 1041 magis.
430 1001 558 1032 Scilicet
573 1001 635 1037 τοῦ,
651 1005 685 1031 ut
700 1005 802 1030 natum
821 1011 838 1030 e

121 1043 181 1074 fine
205 1045 351 1076 vocabuli
372 1044 471 1080 δήπου,
494 1050 525 1075 et
550 1043 657 1085 ἀπέχει
679 1043 769 1074 uncis
791 1043 838 1073 iu-

120 1086 211 1124 clusi,
240 1088 354 1128 quibus
378 1087 500 1118 duobus
526 1086 684 1117 vocabulis
713 1086 838 1116 omissis

120 1130 214 1170 plana
228 1130 354 1161 exsistit
368 1130 528 1162 sententia.
555 1130 615 1159 Vel
630 1135 752 1160 servato
770 1140 838 1160 ver-

120 1174 163 1203 bo
181 1172 290 1215 ἀπέχει
308 1178 412 1214 potest
425 1174 513 1204 locus
535 1173 580 1203 sic
600 1173 786 1203 concinnari.
808 1172 838 1202 οὐ

119 1214 202 1258 μόνον
215 1216 302 1248 δήπου
318 1218 362 1258 μὴ
376 1214 448 1257 μετ’
461 1215 552 1257 ὀργῆς,
565 1213 598 1250 ἧς
617 1215 738 1258 ἐπέχει,
756 1217 839 1246 ἀλλὰ

120 1259 171 1293 aaz
185 1258 218 1294 β.
234 1264 356 1291 constat
369 1260 523 1300 ejusmodi
537 1259 690 1290 hominem
703 1269 761 1290 non
773 1269 838 1289 mo-

121 1301 162 1333 do
182 1313 240 1343 per
262 1302 464 1339 iracundiam,
480 1313 499 1333 a
518 1313 579 1345 qua
593 1303 720 1333 multum
736 1303 837 1338 abest,

121 1346 179 1377 sed
193 1345 286 1377 etiam
302 1347 374 1377 dolo
388 1347 480 1383 malo,
497 1347 626 1377 multum
642 1346 756 1385 diuque
772 1345 837 1386 agi-

119 1392 186 1419 tato
212 1394 245 1419 et
266 1390 494 1429 praemeditato,
524 1389 729 1420 contumelias
755 1390 839 1420 intu-

121 1431 210 1464 lisse.

163 1476 240 1508 528.
268 1477 319 1507 12.
347 1475 397 1507 οὗ»
424 1474 565 1516 ἐποίησεν]
595 1475 718 1506 correxi
747 1473 840 1506 οὐκέτ’

121 1516 257 1550 ἐποίησεν.
281 1520 315 1549 in
338 1520 479 1559 ejusmodi
497 1520 590 1550 causis
611 1529 672 1549 non
684 1520 754 1559 jam
775 1529 837 1549 am-

118 1563 200 1602 plius
220 1562 264 1593 lex
281 1563 392 1602 copiam
405 1561 503 1604 facit,
526 1567 560 1593 ut
583 1562 614 1592 in
638 1561 708 1592 aliis
724 1562 838 1599 causis,

118 1615 204 1636 reum
218 1606 333 1636 actione
346 1606 425 1637 unde
436 1607 466 1637 vi
477 1606 678 1646 prosequendi,
691 1616 754 1646 quae
762 1607 839 1636 actio

116 1650 238 1689 privata
251 1655 306 1680 est.

163 1709 208 1716 --
222 1693 275 1723 13.
297 1691 464 1734 πςοστιμζὶν
486 1689 611 1731 ἐπέταξε
631 1690 675 1731 τῷ
694 1690 836 1734 δημοσίῳ]

120 1745 139 1766 e
152 1739 260 1765 natura
273 1735 319 1766 rei
336 1739 367 1765 et
382 1746 400 1765 e
417 1746 447 1766 v.
462 1738 515 1766 18.
528 1735 641 1775 colligo
661 1736 770 1765 deesse
786 1736 838 1766 hic

120 1776 156 1809 τὸ
170 1777 239 1815 ἴσον,
252 1779 319 1809 scil.
330 1777 466 1819 τίμημα,
478 1778 521 1819 τῷ
535 1776 660 1820 δημοσίῳ
671 1778 838 1818 τιμήματι.

121 1821 180 1857 Est
194 1826 295 1852 autem
309 1821 440 1862 δημόσιον
453 1821 590 1864 τίμημα,
598 1822 714 1854 mulcta
729 1822 838 1853 aerario

120 1864 332 1904 dependenda.

163 1924 208 1930 —
222 1910 276 1939 17.
297 1908 359 1949 τις]
382 1907 485 1939 malim
501 1920 542 1938 τι.

165 1966 210 1973 —-
226 1953 278 1982 19.
300 1949 361 1980 δ’σον
375 1960 427 1991 περ
441 1951 473 1981 ἂν
488 1951 531 1991 τῷ
545 1950 654 1992 ἰδιώτῃ]
672 1950 779 1981 addidi
794 1950 836 1981 ἂν.

123 1992 187 2023 Sed
201 1997 296 2024 totam
308 1994 385 2024 hanc
401 1994 583 2024 sententiam
595 1994 673 2024 haud
687 1994 838 2033 intelligo,

121 2046 190 2076 qnae
213 2037 304 2076 plena
328 2040 423 2072 esset,
449 2036 477 2067 si
500 2038 566 2067 baec
587 2036 721 2076 quinque
743 2038 839 2067 verba

120 2080 277 2110 abessent.
299 2080 450 2120 Suspicor
462 2080 512 2110 hic
524 2080 637 2120 aliquid
655 2079 838 2110 desiderari.

164 2124 280 2154 5293.
296 2123 461 2166 ὑπερβολῇ]
476 2123 632 2163 aequitatis
648 2128 723 2164 puta
738 2127 768 2153 et
781 2124 837 2153 hu-

120 2165 286 2197 manitatis.

162 2226 206 2232 —-
220 2211 253 2240 7.
271 2208 351 2250 μήτε
365 2207 432 2250 πςός
445 2209 554 2251 δοῦλον]
572 2209 674 2240 malim
685 2207 760 2250 μηδὲ
773 2208 839 2251 πρὸς

119 2249 222 2282 aonam.
236 2262 305 2283 cum
319 2254 461 2292 reperiret
478 2252 555 2284 hanc
566 2263 626 2283 rem
638 2253 720 2283 haud
736 2263 836 2284 conve-

119 2295 257 2332 utentem,
273 2305 308 2325 ne
323 2305 396 2337 erga
413 2306 526 2327 servum
541 2296 670 2336 quidem,
683 2297 787 2336 jussit,
802 2301 839 2326 ut

114 2337 207 2376 plane
221 2349 258 2369 ne
271 2341 410 2379 cuiquam
425 2339 522 2369 liceret
533 2340 578 2370 ita
588 2349 617 2369 se
625 2349 736 2380 gerere.
750 2338 838 2380 μηδό-

119 2385 178 2414 λως
192 2391 247 2420 per
262 2382 357 2417 delta,
374 2392 433 2412 non
448 2380 526 2423 μηθ’
540 2382 623 2419 ὅλως,
635 2394 745 2422 neque,
757 2387 792 2414 ut
806 2383 839 2414 in

119 2423 303 2464 Augustam
319 2429 377 2455 est.
399 2424 477 2464 μήτε
491 2423 572 2459 ὅλως.

161 2484 207 2491 -·-
217 2469 270 2500 15.
285 2467 300 2500 ἦ
315 2469 372 2498 τῶν
382 2468 498 2509 δούλων]
514 2469 617 2500 malim
630 2467 645 2501 ii
656 2467 701 2498 καὶ
714 2469 770 2500 τῶν
778 2467 836 2500 δού-

117 2515 185 2540 λων.

160 2570 205 2577 —-
220 2554 273 2583 19.
296 2551 348 2593 ἀφ’
367 2551 398 2588 ἧς
417 2554 450 2584 ἂν
468 2555 482 2586 ἡ
498 2555 608 2597 γραφὴ]
633 2555 700 2585 scil.
717 2554 838 2598 ἐπιδοθῇ

117 2600 170 2628 ant
185 2595 347 2639 ἀπενεχθῇ.
371 2597 495 2631 videtur
510 2603 610 2629 tamen
628 2599 730 2638 potius
746 2600 836 2629 alter-

119 2645 232 2676 utrum,
248 2647 301 2670 aut
311 2641 433 2670 omniuo
446 2641 546 2671 simile
561 2641 636 2680 quid
654 2641 836 2672 desiderari.

161 2700 206 2706 —-
222 2685 273 2713 20.
289 2683 312 2713 εἶ
329 2682 356 2714 δὲ
371 2683 433 2724 μὴ]
451 2684 518 2714 scil.
530 2686 615 2715 τοῦτο
628 2683 769 2723 γίγνηται.
789 2685 837 2715 sin

118 2729 220 2756 autem
240 2725 275 2756 id
293 2726 394 2757 miuus
413 2728 581 2767 contingat,
603 2732 636 2758 ut
659 2728 779 2758 scilicet
794 2729 837 2759 nil

119 2767 309 2809 intercedat3
331 2769 391 2800 hoc
416 2775 476 2807 est,
499 2771 526 2801 si
544 2771 619 2811 quid
639 2770 835 2802 interveniat.

120 2821 150 2842 v.
165 2811 281 2842 Markl.
297 2812 336 2843 ad
352 2814 383 2843 h.
396 2813 420 2843 l.

161 2872 206 2878 -—-
220 2855 297 2886 ibid.
319 2855 384 2887 ὅτου
398 2855 423 2886 δ’
440 2855 473 2886 ἂν
490 2859 670 2896 καταγνῶτε,
692 2859 706 2889 ἦ
720 2856 838 2888 Ἠλιαία

119 2897 258 2939 τιμάτω]
295 2898 374 2930 facio
405 2910 475 2930 cum
504 2901 556 2937 iis,
587 2901 652 2940 qui,
685 2906 837 2931 commate

119 2940 237 2976 demto,
252 2941 360 2981 legunt
379 2945 516 2983 καταγνῶ
536 2944 566 2974 in
592 2945 684 2975 tertia
706 2954 841 2984 persona

121 2983 297 3022 singularis.
327 2986 355 3016 si
375 2995 459 3027 quem
478 2993 578 3017 antem
598 2987 710 3019 Heliaea
734 2990 836 3020 conde-

121 3031 211 3063 mnet.
225 3028 325 3060 statim
338 3030 366 3060 εἰ
377 3039 494 3070 poenam
505 3029 640 3072 definiat.

1484 198 1582 245 ‘133

911 322 955 330 -—
969 308 1021 338 23.
1043 307 1156 348 γραφὰς
1178 307 1263 349 ἰδίας]
1287 307 1364 338 forte
1385 308 1450 348 leg.
1469 310 1584 350 γραφὰς

869 348 883 382 ἢ
899 347 978 384 δίκας
992 348 1073 384 ἰδίας.
1096 351 1222 380 act1'ones
1230 351 1363 388 publicas
1374 353 1552 390 privatasve.

911 410 955 416 —
970 395 1022 423 96.
1044 391 1156 434 τιμηθῇ
1173 394 1224 427 τῆς
1238 390 1353 434 mgnum]
1378 395 1410 424 id
1428 402 1487 432 est,
1502 395 1582 426 ἕνεκα

869 436 920 465 vel
936 436 999 466 ἀντὶ
1015 437 1066 470 τῆς
1081 435 1191 477 ὕβρεως.
1227 436 1260 466 Si
1274 438 1337 476 quis
1352 438 1385 465 ob
1400 439 1584 469 insolentiam

869 480 986 510 mulctae
998 481 1176 519 pecuniariae
1191 480 1227 509 sit
1239 480 1458 510 condemnatus.
1482 483 1586 512 malim

870 526 970 553 tamen
986 523 1000 553 ἦ
1015 524 1067 555 τῆς
1081 521 1194 564 ὕβρεως,
1208 522 1274 552 scil.
1290 521 1348 553 δίκη
1363 523 1411 552 vel
1427 525 1530 562 γραφή.
1553 525 1586 555 Si

869 566 987 595 crimini
998 567 1154 596 insolentiae
1165 568 1300 607 irrogata
1305 565 1410 607 fiterit
1418 567 1527 597 mulcta
1537 578 1587 606 pe-

869 610 1018 639 cuniaria.
1033 609 1135 640 malim
1151 609 1248 647 igitur
1260 608 1370 650 τιμηθῇ
1384 610 1398 639 ἦ
1414 610 1466 643 τές
1481 608 1587 650 ῧζρεως,

872 651 940 682 scil.
964 652 1022 683 δίκη
1046 652 1094 683 vel
1116 653 1222 692 potius
1245 653 1349 693 γραφή.
1372 658 1436 682 erat
1455 653 1534 682 enim
1552 664 1588 682 ea

871 705 963 725 causa
978 695 1113 735 publica.
1127 696 1219 726 facile
1235 696 1334 735 potuit
1344 695 1490 726 articulus
1504 697 1517 726 ἦ
1534 706 1590 725 ex-

871 738 976 768 cidere
1000 740 1039 769 ob
1063 740 1242 779 praeoedens
1260 739 1279 780 ᾖ
1299 739 1330 769 in
1348 737 1470 780 τιμηθῇ.
1514 739 1589 769 Sine

872 792 964 812 causa
986 787 1117 813 aestuant
1136 782 1204 813 h.1.
1226 782 1283 812 viri
1305 782 1401 813 docti.
1423 782 1512 812 locus
1536 787 1589 813 aut

873 830 962 856 vacat
977 825 1065 862 vitio,
1079 830 1130 856 aut
1146 826 1171 856 si
1186 825 1257 866 quid
1275 827 1342 866 ejus
1356 830 1417 862 est,
1433 826 1516 864 quod
1534 837 1589 866 pa-

871 878 938 898 rum
954 873 1013 906 est,
1023 874 1126 910 potest
1137 869 1169 899 id
1183 879 1220 900 eo
1232 879 1292 909 quo
1308 869 1375 899 dixi
1387 869 1490 905 modo,
1503 870 1517 900 ἡ
1532 870 1588 900 ad-

871 912 986 948 dendo,
1001 913 1115 943 sanari.

915 972 958 978 —-
980 958 1032 986 27.
1057 954 1191 998 δεδέσθω]
1215 955 1279 986 scil.
1298 955 1530 991 condemnatus,
1560 955 1587 986 si

871 1007 983 1038 nempe
1020 999 1173 1030 hominem
1205 998 1336 1029 liberum
1365 999 1588 1030 contumeliose

871 1042 1062 1079 tractaverit,
1090 1043 1189 1072 donec
1217 1042 1401 1082 dependerit
1422 1041 1589 1080 mulctam;

872 1094 932 1123 quo
948 1084 1150 1124 significatur,
1162 1087 1295 1116 carceris
1308 1095 1430 1125 poenam
1443 1089 1507 1115 tum
1520 1096 1589 1115 esse

869 1127 1042 1165 remissam,
1065 1129 1091 1159 si
1113 1139 1223 1159 servus
1243 1129 1355 1159 fuisset
1373 1128 1520 1168 injuriose
1536 1128 1590 1158 ha-

871 1169 964 1201 bitus.
986 1171 1074 1201 locus
1094 1172 1144 1202 bic
1166 1173 1243 1202 bene
1264 1172 1368 1209 habet,
1391 1182 1467 1202 cave
1483 1181 1589 1202 aurem

872 1215 1107 1253 corruptoribus
1122 1217 1272 1255 praebeas.

915 1259 989 1289 531.
1007 1261 1060 1289 11.
1083 1258 1132 1289 καὶ
1148 1259 1268 1294 «πάσαις
1284 1256 1353 1292 ἰδίας
1368 1257 1475 1298 δεξιὰς]
1498 1257 1589 1289 facile

871 1300 970 1339 patiar
985 1299 1055 1336 ἰδίας
1069 1307 1120 1332 aut
1135 1312 1205 1332 cum
1220 1301 1309 1342 Tayl.
1324 1301 1435 1337 deleri,
1451 1306 1503 1332 aut
1518 1312 1587 1331 cum

870 1343 986 1374 Wolfio
1003 1345 1033 1374 in
1050 1343 1129 1381 ὁσίας
1146 1345 1269 1375 mutari.
1291 1347 1391 1386 possit
1410 1351 1522 1380 tamen,
1540 1355 1588 1374 me

866 1387 986 1426 judice,
1016 1388 1042 1418 si
1072 1399 1200 1419 necesse
1229 1389 1282 1424 sit,
1307 1389 1434 1428 vulgata
1462 1388 1588 1427 paulum

871 1431 1034 1462 emendata
1048 1432 1178 1466 servari,
1194 1432 1240 1462 sic
1258 1431 1380 1462 scilicet
1399 1437 1433 1462 ut
1447 1431 1588 1471 legatur:

870 1473 919 1503 καὶ
935 1473 1075 1511 πάσαισι,
1089 1473 1149 1510 δίας
1167 1474 1269 1514 δεξιάς.
1284 1475 1337 1505 ubi
1355 1474 1415 1510 δίας
1431 1475 1512 1505 idem
1530 1474 1590 1504 erit

872 1521 962 1556 atque
976 1517 1067 1555 ὁσίας,
1081 1519 1133 1548 vel
1148 1518 1245 1556 ἁγνάς.
1270 1519 1377 1548 Possit
1393 1528 1514 1558 quoque
1526 1517 1589 1556 legi

870 1560 918 1589 καὶ
931 1561 1054 1597 πάσαις,
1069 1562 1202 1604 κοινῇκαὶ
1220 1560 1275 1602 ἰδίᾳ,
1289 1561 1391 1601 δεξιάς.
1416 1567 1475 1592 tam
1491 1561 1589 1591 omni-

872 1604 929 1633 bus
949 1605 1010 1635 diis
1029 1605 1206 1645 deabusque
1230 1605 1320 1635 simul
1338 1616 1406 1635 cum
1429 1609 1493 1635 tota
1516 1614 1590 1634 con-

871 1646 973 1685 cione,
998 1658 1086 1688 qnam
1109 1649 1281 1688 quibusque
1304 1647 1463 1687 sigillatim
1480 1652 1510 1678 et
1525 1647 1590 1687 pri-

871 1690 965 1721 vatim
982 1702 1038 1731 pro
1055 1702 1099 1722 se.
1145 1694 1187 1723 Et
1200 1693 1259 1722 hoc
1275 1691 1409 1732 quidem,
1425 1701 1482 1731 pro
1498 1701 1590 1721 seusu

871 1744 952 1771 meo,
968 1735 1156 1774 praeferrem.

914 1794 957 1801 —-
981 1780 1033 1808 152.
1061 1777 1241 1821 ἀνίσχοντες]
1265 1776 1437 1819 ἀνίσχοντας
1461 1777 1590 1808 malunt.

870 1830 930 1850 non
942 1820 1034 1852 video
1047 1833 1111 1852 cur.
1127 1821 1334 1852 nominativus
1346 1832 1415 1851 curn
1424 1821 1590 1857 infinitivo,

871 1864 934 1894 vim
950 1865 1124 1904 imperativi
1139 1866 1284 1901 habente,
1307 1865 1385 1894 bene
1409 1868 1542 1900 constat,
1559 1870 1592 1894 et

871 1917 912 1936 ex
927 1917 1011 1938 more
1028 1909 1149 1939 Graeco.
1175 1907 1357 1939 subauditur
1376 1907 1455 1937 enim
1475 1907 1590 1947 μεμνή-

870 1949 1004 1980 cumas«.

913 2011 957 2016 —
975 1996 1026 2024 14.
1049 1992 1145 2035 ἑτέρα]
1170 1995 1257 2024 abest
1281 2004 1299 2023 a
1313 1993 1419 2023 multis
1435 1998 1467 2023 et
1482 1998 1591 2033 potest

871 2036 990 2066 abesse.
1005 2047 1074 2066 nam
1088 2047 1196 2067 versus
1212 2042 1297 2067 totus
1314 2039 1363 2067 15.
1381 2036 1504 2067 videtur
1520 2047 1590 2067 esse

872 2079 980 2109 titulus
1004 2080 1120 2110 oraculi
1143 2080 1345 2120 insequentis.
1368 2080 1449 2109 unde
1465 2080 1587 2120 colligi-

871 2128 932 2159 tur,
949 2123 1062 2153 collato
1077 2133 1109 2163 p.
1121 2125 1194 2155 530.
1207 2126 1259 2154 27.
1275 2123 1430 2153 oraculum
1445 2125 1588 2162 superius

871 2176 888 2196 e
904 2166 1038 2205 Delphis
1054 2167 1149 2197 fuisse
1162 2167 1330 2201 redditum,
1347 2167 1410 2197 duo
1425 2167 1591 2205 insequen-

871 2209 913 2239 tia
929 2220 946 2239 e
964 2210 1104 2240 Dodona.
1120 2210 1221 2240 malim
1237 2220 1358 2249 quoque
1375 2210 1420 2240 sic
1436 2210 1590 2250 distingui

871 2257 902 2283 et
916 2252 993 2291 legi:
1018 2251 1110 2294 ἕτεραι
1127 2251 1158 2283 ἐκ
1175 2254 1303 2288 Δωδώνης
1323 2253 1472 2293 μαντεῖαι.
1491 2259 1524 2283 ut
1539 2254 1591 2283 hio

872 2295 912 2327 sit
935 2296 1055 2326 titulus.
1081 2302 1143 2329 tum
1165 2297 1285 2326 orditur
1303 2297 1404 2336 ipsum
1421 2297 1591 2333 oraculum,

871 2339 914 2379 τῷ
929 2339 1009 2380 δήμῳ
1023 2342 1079 2369 τῶν
1096 2338 1242 2371 Ἀθηναίων
1264 2340 1276 2370 ὅ
1296 2341 1346 2370 τοῦ
1363 2338 1428 2374 Διὸς
1445 2338 1589 2380 σημαίνει.

871 2383 961 2413 uncis
977 2383 1088 2413 inclusi
1104 2384 1286 2414 vocabulum
1302 2381 1395 2423 ἑτέρα.

913 2444 957 2449 -—
974 2428 1025 2456 16.
1049 2426 1062 2456 ὄ
1076 2427 1126 2456 τοῦ
1142 2426 1222 2467 Διὸς]
1247 2427 1314 2456 scil.
1328 2425 1488 2467 προφήτης.
1534 2427 1590 2456 Sa-

871 2470 982 2500 cerdos
993 2469 1084 2500 Jovis
1095 2470 1161 2500 haeo
1179 2470 1341 2509 significat.
1356 2469 1496 2509 quoniam
1511 2473 1589 2500 tem-

871 2523 930 2552 pus
955 2516 1103 2543 statutum
1125 2512 1271 2543 sacrificii
1295 2512 1445 2542 offerendi
1460 2518 1492 2543 et
1506 2513 1590 2552 lega-

871 2556 964 2586 tionis
979 2566 1074 2586 sacrae
1091 2556 1248 2587 mittenda:
1263 2555 1384 2586 sivistis
1403 2557 1591 2595 praeterlabi,

871 2599 942 2629 ideo
958 2599 1073 2634 κελεύει,
1084 2600 1227 2639 praecipit
1238 2600 1380 2642 [Jupiter
1393 2600 1496 2641 puta],
1510 2599 1591 2630 mitti

872 2643 990 2682 legatos
1007 2642 1157 2673 delectos.

912 2703 957 2709 -—-
973 2688 1025 2716 18.
1049 2686 1096 2715 καὶ
1114 2685 1229 2720 τούτους
1243 2686 1307 2720 τοὺς
1323 2685 1368 2716 διὰ
1383 2684 1513 2728 ταχέων]
1537 2685 1591 2715 dc-

871 2728 934 2759 levi
950 2728 1023 2762 τούς.
1040 2735 1066 2760 et
1079 2729 1142 2759 illos
1154 2730 1269 2770 quidem
1283 2729 1425 2760 celeriter.
1450 2730 1512 2759 Sed
1526 2734 1589 2758 tuin

871 2773 961 2801 deest
981 2774 1121 2809 verbum,
1140 2771 1352 2814 πςοσοίσοντας,
1368 2773 1525 2808 oblaturos,
1540 2777 1592 2801 ant

872 2815 972 2845 simile
989 2816 1154 2855 quoddam.
1179 2815 1336 2855 Δωδωνείῳ,
1358 2816 1438 2855 quod
1466 2817 1552 2844 abest
1575 2824 1593 2843 a

872 2859 1053 2897 quibusdam
1071 2860 1163 2889 codd.
1181 2859 1272 2889 facile
1288 2859 1387 2899 patiar
1400 2860 1520 2888 abesse.
1539 2868 1591 2887 ne-

872 2912 931 2941 que
949 2902 1072 2932 videtur
1089 2902 1264 2942 genuinum.
1288 2913 1354 2932 nam
1374 2912 1441 2931 cum
1459 2911 1592 2940 praeces-

873 2945 964 2975 sisset
979 2944 1011 2975 ἐκ
1025 2946 1154 2980 Δωδώνης
1169 2947 1318 2985 μαντεῖαι,
1333 2946 1423 2974 facilc
1435 2944 1592 2974 intellectu

873 2993 950 3024 crat,
962 2989 1032 3028 quis
1041 2989 1165 3029 Jupiter
1175 2990 1223 3019 hic
1237 2987 1592 3026 designaretur,etiamsi

872 3041 983 3063 nomeu
1007 3032 1067 3063 loci
1089 3033 1286 3068 reticeretur,
1303 3030 1474 3070 prasertim
1495 3041 1562 3062 cum
1580 3031 1591 3060 ὁ
