1931 3322
463 211 526 251 IN
561 211 737 251 ORAT.
771 211 852 260 DE
889 211 1252 254 SYMMORIIS·

134 316 225 359 μέχρι
240 318 294 347 τῶν
304 328 354 347 του
364 315 487 356 Ὀρόντου
501 320 605 356 πηγῶν,
619 330 648 346 αι
639 316 776 349 ’πλησίον
789 319 838 348 τοῦ

135 370 168 390 τε
183 358 301 392 Λιβάνου
310 359 358 390 καὶ
370 361 419 390 τοῦ
434 359 615 400 Παραδείσου.
632 360 757 391 Putaret
770 361 839 400 quis

133 413 173 433 ex
182 403 230 432 his
239 403 342 433 verbis
351 404 498 433 Orontem
508 404 603 434 fuisse
615 415 703 434 unum
717 415 754 434 ex
767 416 838 444 qua-

133 450 204 476 tuor
219 446 321 476 fluviis
335 447 387 485 qui
403 446 432 476 in
448 447 552 476 mundi
568 447 691 477 infantia
703 447 839 487 rigarunt

133 488 324 529 paradisum:
349 490 404 519 sed
428 489 594 519 paradisus
611 490 669 520 iste
691 491 746 519 fuit
768 492 838 520 urbs

133 532 270 571 quaedam
287 532 493 571 Syriae‚juxta
505 543 591 572 quam
607 537 672 562 erat
680 539 771 571 eaput
785 535 838 562 hn-

127 576 181 614 jus
196 575 290 605 fluvii.
301 576 407 615 Steph.
418 577 542 615 Byzant.
561 575 742 614 Παράδεισος,
756 575 837 609 πόλις

132 615 239 657 Συρίας.
269 619 318 649 Ex
335 623 464 658 quatuor
479 618 541 647 illis
553 618 646 659 (quas
661 619 744 657 dixi)
760 629 837 658 prae·

104 691 109 698 ,
131 661 233 700 cipuis
256 662 382 691 urbibus
403 661 576 691 Seleucidis
593 661 689 700 Syriae
714 666 774 691 tres
794 662 836 691 al-

131 703 235 734 luebat
247 710 279 734 et
289 704 478 734 allabebatur
492 704 604 733 fluvius
615 704 684 740 iste,
702 705 759 734 viz.
776 706 837 734 An-

132 746 288 783 tiochiam,
298 747 469 786 Apamiam,
479 751 510 776 et
525 746 705 777 Seleuciam.
725 749 838 787 Geogr.

134 789 240 819 Nostr.
261 788 305 830 [c.
322 793 352 820 2.
369 790 396 830 §.
412 793 443 820 ’7.
446 788 489 829 ]‘
478 790 532 842 ρεῖ
530 788 558 819 δὲ
575 790 625 822 τῆς
641 790 748 825 πόλεως
763 796 837 822 πλη-

132 831 190 863 σίον
203 832 330 872 Ὀρόντης
344 832 487 871 ποταμός.
502 844 582 867 ουτος
596 831 620 861 δ’
635 831 668 862 ἐκ,
680 835 731 868 τῆς
747 836 839 868 κοιλης

132 874 228 915 Συρίας
239 878 294 912 τὰς
305 877 399 917 ἀρχὰς
408 875 493 917 ἔχων,
504 873 555 906 εἷθ’
565 874 618 905 ὑπὸ
629 878 677 914 γῆν
689 875 838 918 ἐνεγχθεις,

131 918 278 949 ἀναδίδωσι
289 920 376 950 πάλιν
389 919 423 949 τὸ
437 919 539 960 ῥεῦμα,
549 919 596 948 καὶ
612 919 655 948 διὰ
672 922 727 949 τῶν
745 920 837 950 Ἀπα-

131 961 208 1001 μέων
219 962 257 996 εἷς
267 964 316 993 τῆν
326 961 501 1002 Ἀντιόχειαν
510 961 659 1001 προελθὼν,
670 964 839 997 πλησιάσας

132 1005 171 1046 τῇ
179 1004 273 1040 πόλει,
281 1003 346 1045 πρὸς
356 1008 405 1037 τὴν
419 1004 572 1034 θάλατταν
583 1005 778 1046 καταφέρεται
790 1008 838 1037 τὴν

131 1050 212 1078 κατὰ
228 1048 396 1078 Σελεύκειαν.
438 1048 616 1087 Typhonem
641 1048 720 1079 hunc
739 1050 837 1089 primo

130 1091 248 1121 dictum
267 1092 374 1121 volunt
397 1102 413 1121 a
435 1091 583 1130 Typhone
606 1091 730 1130 gigante
746 1094 839 1132 juxta

129 1135 216 1164 illum
237 1136 377 1174 sepult03
401 1141 507 1173 postea
531 1144 603 1164 vero
626 1134 774 1166 Orontem
797 1147 837 1165 ex

131 1179 200 1217 ejus
220 1177 339 1208 nomine
355 1178 408 1217 qui
429 1183 553 1216 pontem
568 1176 599 1207 in
617 1187 654 1207 eo
674 1179 837 1209 exstruxit.

132 1219 244 1262 [ibid.]
268 1219 302 1249 τὸ
323 1219 346 1250 δ’
367 1220 455 1260 ἔνομα
476 1219 534 1251 ἀπὸ
556 1221 606 1250 τοῦ
628 1221 839 1262 γεφυρώσαντος

131 1263 215 1294 αὖτὲν
244 1262 368 1304 ὀρόντου
397 1262 556 1303 μετέλαέε,
581 1264 750 1304 καλούμενος
772 1263 838 1306 πρό-

130 1317 205 1347 τερον
219 1308 329 1347 Τυφών.
359 1308 487 1346 Dionys.
503 1318 611 1347 περιηγ.
628 1308 782 1347 poematio
798 1309 838 1338 de

131 1351 194 1381 situ
207 1350 290 1381 orbis
308 1350 359 1380 ubi
373 1351 414 1381 de
428 1350 516 1390 Syria
533 1349 613 1391 [ver.
629 1353 702 1382 918.
705 1352 720 1393 ]

173 1418 272 1458 Αυταρ
286 1416 322 1448 ἐνὶ
336 1417 492 1473 μέσσῃσιν
491 1418 654 1459 Ἀπαμείης
668 1417 838 1460 πτολίεθρον·

173 1462 231 1496 Της
253 1460 282 1491 δὲ
303 1460 371 1501 πρὸς
395 1461 520 1494 ἂντολίην
547 1462 742 1503 κατασύρεται
764 1461 842 1503 υγρδς

259 1502 384 1545 Ὀρόντης

169 1545 330 1584 Ἀσπετος,
363 1546 517 1591 Ἀντιόχοιο
552 1546 647 1588 μέσην
678 1548 722 1579 δια
758 1559 844 1587 γαιαν

260 1589 360 1632 ὁρίζων.

130 1650 196 1681 Ubi
209 1651 351 1681 Eustath.
359 1652 454 1682 multa
465 1652 505 1682 de
515 1651 633 1683 Oronte
643 1662 682 1681 ex
693 1652 842 1682 Strabone

131 1703 187 1733 pro
203 1700 259 1725 sno
282 1704 378 1730 more,
393 1705 482 1734 quem
506 1695 618 1735 ubique
641 1695 783 1734 indigitat
797 1695 844 1725 τὸν

132 1737 292 1777 Πωγράφον
325 1738 584 1777 ἅντονομαστιιῶς.
617 1739 669 1767 ubi
708 1743 739 1767 et
767 1738 842 1768 illud

132 1781 224 1810 etiam
251 1785 401 1820 praeterea
425 1781 510 1812 addit
537 1781 576 1811 de
601 1781 720 1811 nomine
751 1781 842 1820 hujus

131 1823 218 1854 fluvii
227 1833 266 1853 ex
277 1824 499 1854 recentioribus
510 1824 692 1863 quibusdam
708 1825 838 1863 Geogr.:

133 1877 202 1896 eum
220 1865 280 1897 viz.
296 1877 313 1897 a
327 1866 451 1896 Tiberio
461 1868 583 1897 Gaesare
600 1868 760 1902 Orontem,
776 1877 842 1897 mu-

133 1911 195 1939 sato
220 1909 350 1944 nomine,
371 1909 458 1948 qnasi
481 1909 638 1940 Orientale
654 1909 842 1949 appellatum

131 1953 240 1988 fuisse,
259 1962 330 1982 cum
345 1958 433 1982 antea
448 1953 549 1982 Draco
564 1953 736 1983 diceretur:
759 1953 843 1982 ἄλλοι

130 1995 161 2025 δέ
183 2003 271 2036 φασιν
293 1994 337 2025 δ’τι
357 1995 469 2036 Καῖσαρ
490 1995 615 2035 Τιβέριος
638 1995 670 2026 ἐκ
691 1996 844 2035 Δράκοντος

131 2038 215 2069 αὐτὸν
234 2037 358 2078 Ὀρόντην
377 2038 596 2078 μετωνόμασεν,
617 2037 775 2078 ὃσημαίνει
791 2039 841 2080 ῥω-

130 2081 241 2120 μαῖστὶ
271 2080 318 2111 τὸν
337 2080 528 2112 Ἀνατολικόν.
558 2083 691 2112 Orontes
713 2082 761 2112 hio
786 2093 842 2121 pro

132 2125 222 2165 Syria
236 2135 243 2154 τ
267 2125 350 2164 apud
365 2125 420 2155 Gr.
437 2126 516 2155 enim
528 2125 671 2164 frequens
687 2130 733 2155 est
749 2126 842 2155 urbes

131 2173 184 2198 aut
206 2167 350 2207 regiones
374 2178 432 2208 per
457 2168 617 2199 fluviorum
641 2168 763 2199 nomina
784 2169 843 2199 cir-

132 2211 359 2249 cumscribere3
381 2222 450 2242 cum
465 2212 622 2251 regionem
637 2212 770 2251 aliquam
788 2223 842 2241 ex-

133 2254 268 2294 primere
284 2255 400 2291 volunt,
416 2255 603 2295 praecipuum
620 2255 688 2296 ejus
702 2255 765 2285 loci
788 2255 842 2285 ssu-

134 2298 217 2328 vium
242 2302 369 2337 ponunt,
397 2303 430 2328 ut
459 2298 488 2328 si
514 2298 584 2338 quis
611 2299 754 2328 Tamesin
785 2309 842 2337 pro

139 2340 276 2371 Londino
286 2345 337 2371 aut
349 2341 473 2381 Anglia,
488 2342 656 2381 Sequanam
670 2352 724 2381 pro
742 2342 844 2371 Gallia

134 2389 187 2414 aut
203 2383 346 2420 Parisiis,
361 2385 502 2415 Rhenum
519 2395 575 2424 pro
591 2385 766 2420 Germania,
781 2390 842 2415 etc.

135 2437 303 2467 quanquam
333 2433 418 2458 certe
453 2427 554 2467 poetis
585 2429 726 2458 usitatior
754 2439 841 2467 quam

133 2470 305 2500 oratoribus
327 2470 377 2500 hio
391 2470 536 2510 loquendi
552 2481 629 2501 mos.
664 2472 764 2502 Dores
788 2473 842 2500 im-

134 2512 243 2552 primis
267 2514 324 2543 hac
355 2514 484 2544 formula
508 2514 656 2544 delectari
687 2515 841 2545 videnlur.

136 2558 184 2586 lta
198 2556 278 2586 enim
293 2556 424 2587 Theocr.
441 2567 536 2596 saepe,
547 2562 579 2587 ut
595 2557 688 2596 Idyll.
705 2559 758 2587 vii.
777 2558 821 2598 [l
827 2558 840 2598 ]

132 2599 172 2635 εἷς
185 2598 233 2629 τὸν
243 2597 373 2629 ’Ἀλεντα
390 2598 528 2640 Εἱξπομες
549 2598 581 2630 ἐκ
595 2599 702 2635 πόλιος.
723 2606 754 2631 et
770 2601 843 2632 alibi

135 2642 209 2684 [vii.
237 2642 328 2684 151.]
354 2646 465 2682 ωοιμῆν
487 2642 555 2674 ποτ’
578 2642 704 2674 ’Ani-oren.
733 2643 781 2685 [et
800 2645 842 2674 vi.

133 2685 205 2726 41.]
222 2686 392 2725 ἀμώντεσσι
414 2685 489 2726 παρ’
513 2686 706 2717 Ἱπποκόωντι.
731 2692 762 2716 et
785 2687 843 2728 [iv.

135 2728 184 2769 6.]
200 2729 276 2767 ἄγειν
290 2727 336 2759 ἐπ’
351 2727 479 2770 Ἀλφεόν.
498 2730 541 2760 ire
553 2731 591 2760 ad
606 2730 760 2769 Alpheum,
778 2731 799 2760 i.
815 2741 843 2760 e.

135 2773 172 2802 ad
195 2771 371 2811 Olympiam
396 2773 565 2813 proficisci,
589 2783 676 2811 quam
704 2772 842 2812 Alpheus

123 2825 181 2845 sc.
192 2815 303 2845 fluvius
313 2815 548 2854 praeterlabitur.
574 2816 627 2846 Sic
639 2821 668 2845 et
681 2816 842 2856 VirgilinS,

137 2857 283 2888 Doricum
296 2858 354 2889 hoc
363 2858 428 2889 sive
441 2859 578 2889 Siculum
594 2859 735 2898 loquendi
747 2870 843 2897 genus

135 2900 285 2936 imitatus,
307 2901 480 2940 Olympiam
504 2907 535 2932 et
551 2902 719 2932 certamina
736 2903 842 2941 Olym-

135 2943 206 2983 pica
222 2944 260 2973 ab
274 2944 392 2983 Alpheo
407 2945 502 2974 fluvio
516 2945 667 2983 designat.
685 2944 779 2984 [Ceu.
797 2945 842 2975 iii.

136 2986 205 3027 19.]
222 2989 241 3004 '‘
253 2990 360 3017 cuneta
371 2987 444 3018 mihi
456 2987 609 3027 Alpheum
623 2987 796 3027 linquens.’'
813 2994 843 3017 et

135 3029 207 3059 alibi
222 3029 416 3066 Arethusam,
430 3041 485 3070 pro
500 3033 590 3061 Musa
602 3031 717 3071 Sicula,
731 3031 843 3061 Siciliae

182 3082 259 3104 vor..
281 3083 313 3102 v.

1496 214 1579 254 505

879 317 992 347 sontem
1020 328 1075 356 pro
1104 317 1222 355 Sicilia,
1252 318 1336 358 ponit
1359 318 1443 360 [1301.
1471 329 1502 349 x.
1532 319 1581 359 1.]

874 361 1084 390 “Extremum
1113 363 1202 397 hunc,
1226 362 1388 398 Arethusa,
1412 362 1489 392 mihi*
1508 372 1581 392 con-

874 404 948 433 cede
963 403 1130 434 laborem.”
1175 405 1217 435 Ut
1229 407 1373 434 Orontem
1391 405 1440 434 hic
1457 405 1496 435 sit
1509 415 1582 444 pro-

874 446 974 485 prium
988 456 1094 476 nomen
1113 447 1181 482 viri,
1194 448 1253 478 viz.
1269 448 1357 478 ducis
1370 447 1452 478 illius
1464 448 1581 483 Asiani,

874 499 960 528 quem
985 489 1133 525 diximus,
1156 490 1252 520 fateor
1277 502 1324 521 me
1347 501 1402 520 nec
1426 491 1580 520 historiam

873 542 927 560 nec
944 531 1168 568 chronologiam
1188 534 1349 563 conciliare
1364 544 1468 572 posse.

913 591 955 596 -
980 576 1010 603 6.
1037 574 1236 616 μισθοφορεῖν]
1266 577 1448 616 Μισθοφόροι,
1476 577 1581 606 milites

873 618 1051 652 mercenarii,
1077 618 1198 656 proprie
1223 621 1371 658 peregrini
1396 625 1425 650 et
1450 622 1582 650 extranei

872 661 985 693 milites.
1003 660 1036 689 τὸ
1051 659 1158 700 ξενικὶν,
1177 661 1257 698 quod
1272 667 1302 690 et
1317 661 1350 690 τὸ
1367 659 1580 703 μισθοφορικόν.

875 704 951 732 Nam
968 703 1101 742 alioquin
1119 704 1209 733 etiam
1229 713 1334 732 omnes
1349 704 1472 740 milites,
1489 706 1580 735 etiam

872 746 1046 782 domestici,
1064 747 1121 777 late
1139 746 1291 785 loquendo
1307 747 1369 776 dici
1388 754 1515 785 possunt
1529 761 1581 787 μι-

871 788 1162 829 σθοφόροι,ι]υ3ῑεηυ5
1173 789 1327 828 stipendia
1337 790 1451 819 faciunt
1463 795 1493 819 et
1502 801 1580 820 mer-

872 833 976 862 cedem
990 833 1142 862 referunt:
1160 838 1189 861 at
1203 831 1374 873 μισὲοφόροι
1386 833 1582 872 peculiariter

871 875 1051 914 plerumque
1071 876 1132 905 dici
1156 875 1290 905 obtinuit
1310 877 1348 905 de
1364 876 1485 906 caeteris
1501 876 1581 906 mili-

872 919 953 949 tibus
974 920 1116 948 mercede
1137 919 1310 948 conductis.
1357 919 1516 949 Demosth.
1537 926 1581 949 ta-

871 971 938 991 men
956 962 1068 991 alicubi
1085 961 1201 995 ἐντελῶς
1210 962 1365 994 ἂὶκίῑτοὺς
1379 961 1582 1002 ξένουςμισθο-

870 1004 975 1043 φόρους.
1020 1005 1079 1034 Sed
1096 1012 1127 1034 ut
1143 1005 1309 1044 plurimum
1326 1005 1428 1038 ἁπλῶς
1443 1006 1465 1035 οῖ
1479 1004 1580 1045 μισθο-

872 1048 943 1086 φόροι
958 1052 1029 1078 sunt
1045 1049 1134 1078 exteri
1150 1048 1267 1083 milites,
1283 1050 1465 1078 mercenarii.
1499 1049 1581 1078 Thu-

872 1092 941 1129 cyd.
956 1092 976 1121 l.
990 1091 1045 1121 vii.
1062 1091 1116 1121 εἶσὶ
1129 1089 1152 1120 δ’
1163 1090 1188 1121 οἳ
1199 1091 1246 1120 καὶ
1258 1089 1419 1130 μισθοφόροι
1430 1091 1583 1132 ξυνεστρά-

872 1145 958 1164 τευον.
973 1134 1022 1164 ubi
1043 1134 1193 1164 recentior
1208 1134 1312 1164 Schol.
1332 1132 1403 1164 οὕτω
1419 1136 1506 1164 καλεῖ
1518 1136 1583 1170 τοὺς

871 1177 1054 1216 μισθωτοὺς,
1077 1179 1142 1210 τοὺς
1170 1176 1257 1216 ξένους
1285 1177 1332 1206 καὶ
1360 1176 1473 1217 μισθοῦ
1499 1178 1583 1219 χάριν

873 1220 1105 1261 ὁπλοφοροῦντας.
1142 1220 1323 1260 Μισθοφορεῖν
1338 1220 1431 1259 igitur
1447 1226 1493 1250 est
1508 1231 1582 1250 mer-

871 1265 1022 1293 cenarium
1043 1265 1161 1294 militem
1185 1273 1250 1300 esse,
1265 1263 1455 1300 conductum,
1473 1266 1584 1295 conclu-

872 1308 988 1336 ctitium
1003 1307 1038 1336 de
1058 1312 1140 1337 extra
1153 1308 1278 1337 nomine.
1295 1307 1376 1346 quod
1396 1312 1427 1336 et
1441 1307 1582 1346 μισθοδο-

872 1348 998 1385 τεῖσθαι,
1019 1351 1174 1380 mercedem
1191 1352 1329 1388 accipere.
1354 1350 1410 1379 nisi
1433 1351 1516 1389 quod
1540 1351 1584 1380 sic

873 1393 952 1423 forte
974 1393 1120 1423 differunt
1142 1392 1321 1433 μισθοφορεῖν
1343 1397 1375 1422 et
1399 1393 1583 1432 μισθοδοτεῖ-

875 1435 961 1466 σθαι.
973 1435 1159 1477 μισθοφορεῖν
1173 1442 1220 1466 est
1232 1436 1346 1475 stipend
1351 1436 1379 1465 ia
1380 1435 1497 1476 facere,
1509 1448 1584 1467 mer-

875 1480 970 1510 cedem
986 1489 1095 1509 merere
1105 1491 1116 1517 ,·
1141 1485 1169 1509 at
1187 1478 1429 1518 μισθοδοτεῖσθαι
1445 1487 1492 1509 est
1509 1490 1582 1510 mer-

876 1522 974 1552 cedem
993 1523 1133 1562 accipere.
1182 1522 1300 1552 Milites
1326 1523 1506 1552 mercenarii
1529 1535 1582 1562 μι-

876 1564 1052 1606 σθοφοροῦσι,
1069 1566 1136 1596 sive
1157 1566 1342 1604 stipendium
1363 1564 1401 1594 iis
1423 1567 1581 1604 persolva-

878 1614 939 1644 tur,
956 1609 1023 1639 sive
1040 1619 1117 1639 non:
1140 1614 1172 1639 ut
1187 1620 1247 1638 non
1262 1607 1509 1648 μισθοδοτοῦνται,
1524 1610 1582 1638 nisi

877 1652 1050 1682 mercedem
1077 1652 1241 1692 accipiant,
1266 1652 1431 1690 debitaque
1463 1652 1501 1682 iis
1529 1652 1584 1682 sti-

877 1695 989 1734 pendia
1008 1697 1177 1725 solvantur.
1221 1697 1331 1732 SyneS.
1350 1696 1410 1734 Ep.
1429 1694 1512 1734 ἀξιῶν
1532 1706 1584 1734 μι-

877 1736 1086 1768 σθοδοτεῖσθαι
1116 1737 1184 1777 παρ’
1209 1738 1296 1767 αὐτοῦ
1326 1738 1374 1768 καὶ
1403 1738 1445 1776 μὴ
1476 1739 1583 1780 τυχών.

876 1782 1034 1811 mercedem
1056 1782 1092 1810 ab
1113 1792 1143 1810 eo
1165 1782 1293 1820 accipere
1316 1781 1434 1820 cupiens
1457 1791 1515 1811 ποη
1537 1782 1585 1811 ob-

876 1825 979 1853 tinuit.
1025 1824 1066 1854 Et
1084 1834 1203 1860 vereor,
1218 1834 1255 1853 ne
1272 1824 1359 1853 multi
1375 1822 1488 1854 milites
1505 1835 1583 1855 nunc

875 1867 997 1896 dierum
1034 1867 1063 1896 in
1094 1867 1205 1906 Anglia
1233 1866 1358 1902 fuerint,
1390 1865 1441 1905 qui
1474 1867 1585 1906 μισθο-

876 1911 985 1949 φοροῦσι
1021 1909 1155 1949 quidem,
1191 1910 1246 1939 sed
1287 1919 1345 1938 non
1378 1908 1584 1948 μισθοδοτοῦν-

876 1964 939 1982 ται.
988 1952 1167 1984 Μισθοδοτεῖ
1192 1952 1204 1982 ὁ
1233 1950 1406 1992 στρατηγὲς,
1428 1952 1506 1988 dux,
1528 1953 1584 1983 im-

876 2002 1021 2034 perator;
1048 1995 1274 2035 μισθοδοτεῖται
1299 1995 1312 2026 ὁ
1335 1996 1530 2034 στρατιώτης,
1557 1997 1584 2026 h.

876 2049 905 2068 e.
934 2037 1111 2079 μισθοφορεῖ,
1134 2047 1165 2069 et
1188 2038 1302 2077 aliquid
1329 2037 1469 2077 amplius.
1523 2040 1584 2076 Qui

877 2082 1030 2121 stipendia
1054 2082 1160 2118 solvit,
1180 2081 1371 2122 μισθοδοτεῖε
1396 2083 1446 2120 qui
1470 2082 1584 2121 stipen-

876 2125 928 2154 dia
957 2125 1041 2162 facit,
1069 2124 1247 2165 μισθοφορεῖ.
1293 2125 1414 2154 indicat
1445 2125 1502 2154 hoc
1522 2125 1584 2155 dis-

877 2168 988 2198 crimen
1009 2168 1113 2198 Schol.
1129 2168 1270 2207 Thucyd.
1287 2168 1307 2197 1.
1328 2168 1393 2198 viii.
1408 2165 1587 2208 μισθοφορεῖν

876 2211 991 2248 λέγεται
1005 2211 1017 2241 ὁ
1030 2212 1220 2253 στρατιώτης,
1234 2211 1245 2241 ὁ
1256 2209 1303 2240 τὸν
1315 2209 1418 2251 μισθὸν
1431 2212 1481 2243 ei:
1496 2223 1586 2252 στρα-

876 2253 954 2288 τείας
975 2255 1056 2296 χάριν
1071 2257 1167 2295 φορῶν,
1181 2255 1237 2284 εἴτε
1258 2253 1354 2294 φέρων,
1371 2253 1521 2293 ἀποφέρων
1537 2256 1585 2284 καῖ

877 2297 1033 2338 λαμβάνων
1058 2299 1137 2339 παρὰ
1162 2299 1212 2327 τοῦ
1241 2298 1405 2337 στρατηγοῦ
1428 2298 1527 2337 (recte
1554 2298 1584 2327 id

875 2341 1000 2380 quidem
1025 2343 1168 2381 accipiens
1191 2340 1239 2370 vel
1267 2343 1394 2379 accipere
1420 2340 1554 2379 debens),
1575 2342 1586 2370 ὅ

877 2383 960 2418 αὐτὸς
979 2384 1026 2413 καὶ
1050 2382 1283 2424 μισθοδοτεῖσθαι
1306 2383 1354 2413 καὶ
1372 2383 1585 2414 emnem-errem

876 2426 1007 2465 λέγεται,
1020 2428 1032 2457 ὁ
1049 2427 1076 2457 δὲ
1092 2425 1254 2467 στρατηγὸς
1267 2426 1460 2466 μισὲοδοτεῖν,
1471 2427 1518 2456 καὶ
1533 2438 1586 2466 μι-

876 2469 940 2500 σθέν
955 2471 1002 2500 καὶ
1018 2473 1117 2510 τροφῆν
1133 2469 1240 2505 διδόναι,
1255 2470 1302 2499 καὶ
1318 2468 1484 2500 σιτοδοτεῖν.
1520 2470 1587 2500 Dif-

876 2515 975 2543 ferunt
990 2513 1185 2552 μισθοῦσθαι,
1200 2512 1381 2553 μισθαρνεῖν,
1396 2518 1426 2542 et
1440 2511 1588 2553 μισθοφο-

877 2559 937 2596 ρεῖν,
953 2556 1108 2596 μίσθωσις,
1124 2554 1287 2597 μισθαρνία,
1303 2562 1333 2586 et
1347 2555 1518 2596 μισθοφορία
1533 2567 1588 2587 seu

878 2601 935 2641 -ρίι,
946 2598 1254 2635 ΜίσθωσιςεεὶΙοοαίὶυ
1263 2604 1294 2629 et
1301 2600 1462 2630 conductio.
1472 2604 1588 2629 utrum-

877 2654 935 2682 que
952 2643 1030 2673 enim
1045 2644 1101 2673 sub
1118 2654 1153 2673 eo
1167 2642 1285 2673 nomine
1298 2642 1432 2673 veniunt.
1445 2641 1588 2681 μίσθωσις

877 2686 981 2716 locatio
1000 2687 1038 2716 ab
1053 2692 1112 2716 act.
1126 2685 1297 2726 μισθῶσαι,
1314 2691 1344 2716 et
1363 2684 1508 2725 μίσθωσις
1521 2695 1587 2714 cun-

877 2730 976 2760 ductio
990 2740 1007 2759 a
1020 2730 1102 2759 med.
1121 2727 1342 2769 μισθώσασθαι.
1357 2727 1505 2768 μισθῶσαι
1520 2726 1589 2758 οἶκον

878 2773 932 2801 Gr.
953 2773 1066 2802 dicitur
1082 2774 1133 2812 qui
1150 2773 1276 2808 locavit,
1296 2770 1519 2811 μισθώσασθαι
1534 2770 1587 2809 qui

878 2815 1037 2845 conduxit.
1049 2816 1137 2854 quale
1151 2815 1316 2846 discrimen
1329 2820 1374 2844 est
1387 2814 1466 2843 inter
1478 2815 1586 2854 χρῖσαι

878 2864 906 2888 et
931 2856 1106 2900 χρησασθαι,
1129 2859 1252 2888 δανεῖσαι
1279 2863 1309 2887 et
1337 2855 1528 2891 δανείσασθαι,
1557 2862 1589 2886 ut

878 2907 947 2931 ante
962 2903 1064 2932 obser.
1101 2902 1151 2931 Sic
1167 2900 1322 2940 μισθώσας
1339 2905 1385 2929 est
1402 2900 1521 2935 escator,
1536 2911 1589 2938 μι-

877 2944 1067 2985 σθωσάμενος
1078 2946 1247 2974 conductor.
1267 2941 1412 2976 Μίσθωσις
1421 2943 1515 2980 igitur
1525 2949 1587 2971 tum

877 2988 987 3017 locatio
1015 2994 1076 3017 tum
1101 2986 1265 3017 conductio
1290 2986 1413 3021 azdium,
1430 2989 1515 3024 puta,
1538 2991 1589 3015 aut

877 3041 1017 3069 agrorum
1040 3036 1091 3060 aut
1112 3039 1268 3059 servornm
1288 3033 1339 3058 aut
1361 3039 1520 3067 corporum
1538 3034 1589 3058 aut

878 3076 896 3103 S
915 3084 931 3102 *r
