1931 3322
465 206 529 248 IN
567 203 977 248 PHILIPPICAM
1013 205 1096 246 DE
1128 206 1301 248 PACE.

147 313 323 358 Philippo),
342 316 397 346 sed
412 314 471 346 alia
485 316 604 355 profert
626 314 712 355 [va-222
731 326 861 356 wapaw.

147 369 180 398 p.
195 362 269 390 446.
284 360 334 389 ed.
346 358 473 399 Reisk.]
489 359 512 388 ot
526 357 582 399 μὲν
594 358 669 392 ὅντες
681 356 860 398 Ἀμφικτύο·

146 413 188 437 νες
209 403 342 443 φεύγουσι
359 402 407 432 καὶ
431 401 629 441 ἐξελήλανται,
646 412 757 441 nempe
778 402 860 431 Pho-

146 456 266 476 censes.
310 446 355 476 Hi
378 445 458 475 enim
479 445 558 476 inter
579 456 632 475 eos
653 445 860 484 principatum

146 489 335 526 obtinebant,
350 493 383 518 ut
396 489 531 518 diximus
545 501 551 518 :
568 490 590 518 οἳ
604 488 631 518 δὲ
646 488 823 518 οὐδεπώποτε
834 486 861 518 ἐν

143 531 188 570 τῷ
210 531 341 572 πρόσθεν
361 532 445 573 χρόνῳ
470 532 618 571 γενόμενοι,
639 531 790 565 Μακεδόνες
812 530 860 560 καὶ

143 570 289 615 Εάρβαρσι,
319 576 362 605 νῦν
383 574 587 615 Ἀμφικτύονες
609 574 677 605 εῖναι
700 573 859 613 Βιάζονται.

142 616 288 658 συνέδριον,
305 616 473 654 consilium,
489 620 566 659 παρὰ
587 619 635 649 τὴν
656 616 744 658 ἕδραν,
757 619 859 653 sedem,

142 659 202 689 ἀπὸ
215 662 266 690 τοῦ
279 660 394 702 ἕξομαι.
417 662 545 691 Servius
563 660 617 701 [ad
635 661 721 700 Virg.
733 660 859 690 AEneid.

147 704 176 739 9,
192 705 240 745 4.]
264 706 376 734 “Nam
393 710 424 734 et
439 705 508 744 ipsa
524 704 651 734 consilia
671 715 689 734 a
711 704 860 739 sedendo,

142 748 233 785 quasi
262 748 401 778 considia
429 748 513 778 dicta
544 753 625 777 sunt.
678 748 859 778 Sedentium

143 789 224 819 enim
237 791 329 821 animi
339 791 565 831 tranquilliores
576 790 682 821 fiunt.”
704 792 748 822 Ut
757 789 859 821 Ὀδυσ-

142 833 218 869 σεὺς,
233 834 376 874 Ulysses,
390 835 514 876 δάκρυον,
537 835 684 874 lacryma.
730 835 860 865 Plautus

142 873 364 914 [Mostellaria‚
379 878 504 918 Fragm.
519 889 550 918 p.
563 881 661 915 1492,
677 889 701 908 s.
713 878 859 920 Taubm.]

143 923 165 935 “
180 918 347 958 sinejuxta
359 932 441 951 aram
454 922 589 957 sedeam,
603 926 633 952 et
642 922 722 951 dabo
733 921 861 952 meliora

143 963 306 999 consilia,''
322 963 542 1003 ἒ-τυμολογικῶς.
571 965 720 995 Varronis
735 973 796 1002 est,
813 964 860 1005 [p.

144 1007 198 1035 11.
222 1006 272 1036 ed.
294 1006 351 1046 D.]
375 1006 495 1045 opinor,
530 1007 707 1038 “Sedendo
734 1008 861 1038 vincunt

144 1048 299 1078 Romani”
316 1048 443 1089 [Satyra
459 1048 658 1088 Menippea}
680 1051 761 1079 Nam
775 1052 860 1081 bello

144 1092 263 1122 Punico
282 1093 328 1122 ΙΙ.
362 1094 493 1122 Senatus
516 1093 658 1130 rempub.
681 1093 861 1124 restituebat

143 1139 216 1174 post
245 1137 436 1165 Cannensem
462 1139 619 1174 acceptam
646 1134 862 1166 calamitatem.

143 1179 240 1208 Parvi
256 1183 327 1208 sunt
344 1178 418 1208 foris
438 1188 532 1212 arma,
552 1176 611 1206 nisi
630 1183 676 1206 est
699 1178 860 1208 consilium

144 1222 239 1251 domi.
284 1223 395 1261 Itaque
408 1219 442 1251 τδ
457 1220 586 1261 συνέδριον
600 1220 754 1250 consilium
769 1221 862 1250 verti-

142 1275 224 1301 mus,
239 1276 276 1295 ne
291 1265 339 1294 cui
353 1265 461 1294 mirum
472 1274 542 1294 esse
553 1264 706 1300 videatur,
723 1274 781 1293 non
794 1275 862 1294 con-

142 1309 257 1339 cilium.
291 1309 359 1338 Cic.
384 1308 439 1349 [de
462 1309 593 1338 Oratore
616 1310 647 1338 3.
668 1318 696 1336 c.
720 1310 749 1336 1.
770 1307 795 1346 ᾧ.
814 1308 860 1349 Q]

142 1352 352 1382 “Videndum
383 1352 440 1381 sibi
471 1362 541 1381 esse
571 1350 656 1381 aliud
687 1350 860 1385 consilium,

143 1395 198 1425 illo
216 1400 324 1426 senatu
341 1406 374 1425 se
387 1396 527 1434 rempub.
541 1405 650 1434 regere
667 1404 724 1423 non
737 1394 861 1433 posse.'’

145 1439 238 1469 Certe
255 1445 378 1469 senatus
393 1443 442 1468 est
457 1437 599 1477 συνέδριον.
621 1438 709 1467 Idem
728 1438 862 1479 [Philip.

144 1485 177 1514 5.
193 1493 222 1512 c.
233 1483 280 1523 5.]
306 1486 327 1501 “
341 1482 368 1512 Ο
385 1481 718 1520 consessumjudicum
734 1482 862 1520 praecla-

144 1536 230 1556 rum:
256 1527 283 1556 Ο
298 1525 479 1565 dignitatem
497 1524 618 1555 consilii
633 1524 860 1555 admirandam:

145 1574 218 1599 avet
232 1570 350 1600 animus
366 1569 448 1611 apud
461 1568 622 1599 consilium
639 1568 716 1599 illud
733 1579 789 1608 pro
806 1580 860 1599 reo

144 1612 282 1644 dicere.''

187 1675 231 1681 -—
259 1661 311 1690 13.
347 1657 590 1699 προσκεκρουκὲναι
617 1659 671 1699 γὰρ
699 1656 777 1695 λέγει
803 1656 862 1692 τοῖς

143 1698 308 1744 Ἀθηναίοις]
356 1700 506 1743 offendisse
542 1703 624 1741 apud
661 1700 861 1732 Athenienses,

144 1745 327 1786 vrgao-agebar,
345 1745 526 1787 offensionem
548 1745 677 1783 alicujus
696 1746 862 1774 incurrere.

144 1788 192 1818 M.
205 1789 327 1819 Tullius
342 1789 415 1830 [pro
426 1790 466 1819 P.
477 1788 599 1824 Sextio,
610 1788 717 1829 c.49.]
740 1791 761 1806 “
772 1788 862 1818 Tem-

144 1831 273 1870 poribus
285 1831 360 1868 illis,
371 1832 423 1872 qui
434 1832 599 1871 populares
613 1835 711 1868 erant,
723 1831 862 1861 offende-

145 1875 221 1904 bant
235 1875 281 1904 illi
296 1875 419 1914 quidem
435 1876 518 1914 apud
538 1885 648 1914 graves
664 1880 696 1904 et
715 1875 862 1904 honestos

147 1917 305 1947 homines:
331 1919 386 1948 sed
401 1918 510 1957 populi
527 1917 656 1956 judiciis
673 1921 765 1956 atque
781 1918 863 1947 omni

147 1960 370 1999 significatione
392 1960 575 1991 florebant.'’
602 1960 863 2000 Significationem

148 2008 240 2034 vocat
271 2005 321 2035 τὴν
356 2002 565 2044 ἐπισημασίαν,
603 2003 740 2043 sequitur
769 2003 863 2040 enim,

147 2050 169 2064 “
180 2046 229 2078 his
242 2047 271 2077 in
283 2048 402 2078 theatro
416 2047 653 2088 plaudebatur.''
669 2048 760 2078 Dem.
775 2047 862 2089 [eon-

147 2094 195 2120 tra
216 2091 423 2121 Timocratem
446 2102 477 2131 p.
497 2093 572 2122 711.
589 2091 639 2121 ed.
656 2090 784 2132 Reisk.]
808 2090 864 2128 ἐγὼ

146 2135 213 2175 γὰρ,
228 2132 253 2164 οἶ
262 2134 352 2175 ἄνδρες
361 2133 516 2170 Ἀθηναῖοι,
530 2133 721 2175 πςοσὲκρουσοι
732 2133 864 2175 ἂνθξώπῳ

147 2177 260 2218 πονηρῷ,
275 2178 324 2207 καὶ
339 2176 594 2219 φιλαπεχθήμονι,
613 2177 661 2207 καὶ
676 2175 746 2212 Θεοῖς
761 2176 863 2219 ἐχθρῷ,

144 2217 168 2260 ᾧ
182 2223 351 2251 τελευτῶσα
363 2221 567 2263 προσέκρουσεν
583 2222 597 2252 ἦ
613 2220 696 2256 πόλις
710 2219 769 2251 δ’λη,
800 2220 865 2262 Ego

145 2263 271 2305 offensus
285 2274 350 2295 sum
364 2264 471 2295 homini
484 2265 621 2305 improbo,
635 2269 725 2304 atque
736 2265 866 2294 inimici-

144 2309 258 2338 tiarum
279 2309 436 2348 appetenti.
456 2308 639 2349 προσκρούειν,
665 2309 698 2338 in
720 2308 863 2338 hominem

145 2349 302 2392 offendere,
318 2350 517 2391 προσκόπτειν,
534 2353 567 2382 z‘n
584 2352 722 2392 lapidem.

191 2394 230 2424 P.
250 2397 322 2426 136.
340 2398 370 2424 1.
389 2393 467 2429 οὗτος
481 2395 510 2425 δὲ
524 2395 536 2425 ὅ
552 2394 632 2432 λόγος
648 2393 864 2436 παρεσκευάσθη

146 2436 213 2478 μὲν,
225 2436 273 2467 οὐκ
283 2437 407 2478 εἰρῆσθαι
418 2437 447 2468 δέ
462 2450 513 2479 μοι
527 2438 614 2480 δοκεῖ]
632 2440 657 2468 Ν
663 2449 701 2468 οη
714 2438 867 2469 assentior

146 2481 292 2516 Libanio,
303 2492 402 2521 neque
418 2482 524 2518 credo,
537 2482 779 2512 Demosthenem
793 2482 867 2512 scri-

147 2525 248 2564 psisse
274 2524 442 2561 orationes,
465 2535 540 2565 quas
571 2526 786 2561 absconderet,
815 2529 868 2555 aut

147 2567 261 2598 scrinio
282 2568 473 2599 contineret:
497 2579 596 2608 neque
622 2569 772 2607 ejusmodi
794 2573 868 2598 sunt

148 2613 216 2651 ejus
233 2611 361 2651 scripta,
378 2623 445 2650 quae
461 2612 563 2642 lucem
580 2612 791 2642 reformident.
815 2612 866 2641 Ex

148 2655 299 2685 Cicerone
315 2655 399 2695 apud
421 2655 644 2695 Hieronymum
666 2655 753 2695 [adv.
767 2655 867 2685 Ruffi-

147 2709 218 2728 num
233 2698 402 2728 init.t.llI.
412 2709 443 2739 p.
455 2701 506 2730 89.
515 2700 546 2728 b.
555 2699 605 2728 ed.
615 2699 711 2728 Basil.
724 2699 819 2728 Acad.
837 2703 868 2728 1.

148 2752 176 2772 c.
193 2741 240 2782 1.]
257 2742 411 2781 legimus:
433 2746 454 2759 ‘⁸
468 2742 708 2781 Intemperantis
727 2752 796 2771 esse
820 2752 868 2771 ar-

148 2785 258 2820 bitror,
275 2785 413 2816 scribere
429 2786 606 2825 quicquam,
621 2786 704 2825 quod
719 2785 868 2815 occultari

148 2827 260 2858 velis.''
306 2830 347 2859 Et
363 2839 466 2865 causa,
489 2840 577 2869 quam
595 2829 686 2859 affert
708 2828 868 2864 Libanius,

148 2870 233 2900 nulla
249 2876 306 2902 est.
325 2871 415 2902 'Cum
433 2877 606 2909 accusaret,
620 2871 729 2911 iuquit,
746 2871 870 2902 AEschi-

150 2912 291 2954 nem‚[p.
308 2918 360 2946 12.
378 2916 430 2945 ed.
449 2916 507 2956 D.]
533 2916 592 2946 hoc
614 2916 642 2946 ei
665 2915 746 2945 inter
769 2920 873 2945 cetera

151 2957 279 2994 objecit.
300 2959 435 2988 suasisse
455 2970 538 2995 enm,
559 2964 592 2989 ut
614 2958 780 2999 Philippus
798 2959 871 2989 Am-

151 2999 297 3039 phictyon
315 3001 420 3031 tieret:
445 3003 528 3042 quod
543 3014 581 3032 ne
596 3002 788 3032 Philocrates
804 3002 872 3042 qui-

151 3043 219 3073 dem
238 3053 330 3074 ausus
348 3049 392 3076 est
410 3046 616 3086 promulgare,
635 3046 774 3085 quamvis
789 3052 872 3077 esset

1531 205 1614 247 363

896 311 1024 342 audacia
1036 313 1192 352 singulari.
1237 316 1306 345 Nou
1322 313 1416 354 igitur
1432 314 1490 344 hoc
1505 313 1535 343 in
1551 313 1614 343 alio

896 356 1046 395 culparet,
1070 357 1153 395 quod
1181 358 1248 397 ipse
1273 357 1410 387 fecisset.
1441 359 1445 360 ⁷
1467 357 1528 387 Sed
1552 367 1612 396 ego

895 409 975 438 nego
1006 400 1245 430 Demosthenem
1273 401 1386 430 secisse
1414 401 1497 431 idem
1528 400 1612 439 quod

894 441 1071 472 AEschines.
1114 443 1194 472 Nam
1215 445 1241 473 si
1256 444 1413 482 princeps,
1433 449 1467 474 ut
1480 443 1533 473 ille
1550 443 1613 473 for·

895 491 988 521 tasse,
999 485 1057 516 hoc
1069 485 1230 522 suasisset,
1240 486 1265 516 si
1275 487 1389 526 primus
1399 492 1506 516 auctor
1516 486 1613 516 exsti-

893 529 984 559 tisset
998 529 1088 568 hujus
1104 529 1274 565 sententiae,
1287 534 1339 558 aut
1350 530 1419 559 aliis
1433 530 1465 560 id
1482 530 1613 560 suaden-

894 572 979 602 tibus
998 572 1181 612 suffragatus
1201 572 1330 602 fuisset:
1356 573 1463 602 merito
1483 574 1611 603 forsitan

894 616 1166 655 reprehendendus
1179 616 1344 646 videretur.
1369 617 1460 646 Nunc
1473 616 1540 646 cum
1556 627 1612 646 rex

890 660 953 698 jam
977 664 1141 699 cooptatus
1163 665 1247 689 esset
1266 660 1298 689 in
1319 659 1498 698 collegium,
1517 659 1612 698 idque

895 713 1000 733 omnes
1018 704 1081 732 fere
1102 702 1233 733 Graeciae
1250 702 1393 733 civitates
1410 712 1540 732 assensu
1557 713 1614 732 suo

895 748 1141 786 comprobarent,
1164 756 1242 776 unus
1267 756 1428 777 commune
1453 746 1614 775 decretum
1662 762 1666 767 ·

894 790 1070 821 rescindere
1093 801 1153 820 non
1180 789 1299 826 debuit,
1327 799 1427 829 neque
1453 788 1501 825 id,
1530 789 1615 827 quod

895 839 995 864 actum
1018 839 1095 869 erat,
1114 833 1303 872 infringeret
1326 832 1497 872 praesertim
1521 842 1616 870 quum

894 877 1003 916 patriae
1018 887 1161 917 maguum
1173 888 1212 907 ex
1230 888 1266 907 ea
1280 887 1313 906 re
1329 876 1502 916 periculum
1515 875 1617 905 creari

895 921 1027 952 videret.
1074 921 1170 951 Aliud
1186 924 1235 950 est
1251 921 1330 950 enim
1343 921 1435 957 serre,
1451 919 1553 959 siquid
1568 918 1615 948 fe-

894 965 1023 995 rendum
1039 967 1100 999 est,
1119 969 1150 994 et
1166 964 1310 1004 probare,
1324 964 1406 1003 quod
1424 962 1617 1003 probandum

895 1018 954 1038 non
970 1013 1027 1038 est.
1073 1008 1176 1038 Multa
1200 1007 1280 1037 enim
1306 1007 1445 1042 ferenda,
1467 1017 1536 1046 quae
1556 1016 1617 1036 non

895 1051 1064 1090 probanda,
1081 1056 1115 1081 ut
1126 1050 1218 1081 etiam
1234 1051 1265 1080 in
1283 1061 1337 1081 sua
1353 1061 1418 1090 rep.
1434 1050 1548 1080 Cicero
1561 1049 1618 1079 do·

896 1099 957 1129 cet,
974 1093 1146 1134 [Familiar.
1163 1105 1236 1134 epp.
1249 1094 1271 1124 l.
1284 1097 1313 1125 6.
1328 1105 1379 1134 ep.
1391 1096 1422 1124 4.
1439 1097 1471 1123 et
1483 1093 1540 1134 al.]
1558 1103 1618 1123 non

895 1142 1023 1177 propter
1038 1148 1082 1175 se,
1099 1139 1155 1168 sed
1173 1148 1210 1167 ne
1230 1138 1355 1177 gravius
1372 1137 1560 1176 suscipiatur
1573 1136 1618 1165 in-

896 1182 1102 1211 commodum.
1134 1181 1187 1210 Illi
1203 1192 1278 1211 vero
1293 1192 1391 1220 neque
1403 1191 1466 1220 pax
1484 1189 1617 1219 unquam

896 1232 966 1251 cum
993 1225 1141 1264 Philippo
1168 1223 1287 1262 placuit
1311 1225 1488 1258 admodum,
1517 1233 1617 1261 neque

898 1270 982 1294 certe
998 1268 1107 1295 scitum
1119 1268 1177 1295 hoc
1187 1266 1475 1306 Amphictyonicum
1489 1267 1527 1295 de
1543 1265 1618 1294 Phi-

895 1306 983 1346 lippo
999 1309 1113 1338 factum
1127 1309 1237 1338 voluit.
1267 1311 1329 1339 Sed
1343 1320 1436 1349 quum
1453 1314 1617 1348 utrumque

896 1350 1045 1381 firmatum
1057 1357 1301 1388 esset,neutrum
1311 1353 1488 1393 improbare
1499 1357 1617 1382 rectum

896 1395 1027 1433 putavit.
1069 1397 1179 1434 Neque
1195 1400 1272 1432 erat,
1288 1407 1342 1426 cur
1358 1407 1426 1426 eum
1441 1396 1534 1436 hujus
1549 1406 1617 1425 ora-

896 1438 989 1467 tionis
1005 1439 1056 1468 vel
1069 1439 1194 1474 habitae,
1209 1440 1258 1468 vel
1272 1440 1364 1470 editae
1377 1439 1550 1480 poeniteret.
1576 1439 1617 1469 Et

895 1481 1044 1512 Libanius
1066 1482 1135 1521 ipse
1158 1483 1397 1512 Demosthenem
1422 1483 1503 1512 omni
1525 1483 1619 1521 culpa

895 1524 1018 1562 liberat,
1033 1537 1125 1564 quum
1143 1525 1197 1561 ait,
1214 1526 1264 1555 καὶ
1286 1524 1469 1565 Δημοσθένης
1489 1527 1622 1567 παξαινεῖ

896 1571 1067 1610 συγχωρεῖν.
1112 1569 1205 1599 Aliud
1225 1574 1272 1599 est
1290 1574 1391 1600 autern
1408 1569 1525 1609 aliquid
1545 1579 1617 1599 con-

895 1612 1010 1642 cedere
1032 1618 1161 1653 propter
1181 1612 1314 1653 aliquam
1338 1613 1565 1648 necessitatem,
1583 1622 1619 1642 ac

895 1656 997 1696 primo
1020 1657 1196 1688 decernere.
1241 1657 1285 1687 At
1302 1657 1508 1696 suspicionem
1528 1666 1618 1686 acce-

897 1704 959 1739 ptae
974 1700 1128 1730 mercedis
1143 1700 1260 1730 veritus
1276 1705 1334 1735 est,
1348 1700 1396 1730 καὶ
1412 1699 1493 1739 δόξαν
1509 1701 1558 1729 τοῦ
1571 1706 1618 1738 φι-

896 1742 1053 1782 λιππίζειν.
1098 1744 1204 1783 Quid?
1225 1744 1282 1774 boc
1304 1743 1351 1773 illi
1375 1743 1482 1783 igitur,
1499 1743 1547 1784 [p.
1566 1745 1619 1773 13.

898 1787 948 1817 ed.
965 1788 1022 1829 D.]
1041 1798 1110 1817 cum
1127 1788 1294 1818 orationem
1312 1787 1501 1827 scripsisset,
1522 1792 1553 1816 et
1570 1784 1619 1816 di-

897 1835 1004 1860 cturus
1020 1836 1115 1868 esset,
1130 1832 1161 1861 in
1177 1835 1308 1861 mentem
1327 1830 1431 1861 venit:
1455 1835 1619 1870 antequam

897 1874 1048 1912 inciperet
1070 1871 1218 1911 scrfbere,
1240 1885 1297 1904 non
1320 1874 1423 1904 venit?
1449 1880 1502 1904 aut
1517 1874 1619 1914 palam

899 1917 1044 1955 suasisse,
1064 1918 1174 1947 famam
1199 1920 1268 1958 ejus
1291 1918 1439 1948 laederet:
1463 1916 1622 1957 composi-

897 1965 959 1990 tam
974 1960 1206 1999 persuasionem
1227 1961 1376 1997 edidisse,
1395 1971 1456 1990 non
1470 1959 1621 1990 laederet?

899 2004 1078 2043 Quanquam
1096 2015 1194 2044 neque
1209 2004 1264 2034 illa
1279 2004 1375 2034 nostri
1388 2003 1529 2034 defensio
1542 2014 1622 2044 pra:-

898 2046 1096 2077 termittenda
1107 2048 1298 2084 est,etiamsi
1312 2058 1417 2078 verum
1431 2052 1525 2083 esset,
1538 2048 1622 2087 quod

901 2090 1048 2120 Libanius
1065 2091 1249 2131 suspicatur.
1295 2092 1366 2121 Non
1389 2092 1472 2121 idem
1497 2101 1623 2130 semper

900 2134 1013 2164 oratori
1030 2134 1222 2165 sentiendum
1243 2139 1310 2165 est:
1334 2140 1386 2165 aut
1411 2134 1513 2174 siquid
1539 2145 1620 2164 nunc

900 2187 991 2208 secus
1022 2183 1113 2218 atque
1140 2179 1214 2208 olim
1244 2178 1372 2214 dixerit,
1404 2177 1621 2208 inconstantia>

900 2222 979 2251 fama
995 2222 1179 2252 metuenda:
1198 2222 1252 2252 sed
1262 2222 1466 2261 temporibus,
1479 2226 1511 2251 ut
1526 2232 1577 2252 res
1591 2225 1622 2251 et

900 2274 994 2295 causa
1009 2265 1156 2304 postulat,
1173 2266 1381 2296 serviendum.
1425 2266 1504 2296 Nam
1523 2270 1554 2295 et
1569 2265 1622 2294 Ci-

901 2319 972 2338 cero
991 2308 1064 2349 [pro
1080 2309 1234 2345 Cluentio,
1247 2320 1274 2339 c.
1291 2312 1345 2346 50,
1358 2309 1428 2350 51.]
1446 2319 1538 2348 quum
1561 2308 1623 2337 sibi

900 2351 1023 2382 audiret
1038 2353 1205 2392 objectum,
1224 2353 1255 2383 id
1277 2353 1361 2392 quod
1385 2352 1551 2391 aliquando
1577 2351 1624 2380 di-

901 2401 996 2432 ceret,
1013 2395 1227 2435 superioribus
1247 2397 1313 2426 suis
1331 2395 1523 2425 orationibus
1539 2394 1623 2424 haud

902 2440 1087 2475 consentire,
1104 2450 1162 2469 non
1175 2444 1279 2479 negat,
1289 2449 1346 2469 nec
1358 2440 1477 2478 culpam
1491 2438 1624 2477 aliquam

902 2481 1093 2518 reformidat,
1110 2484 1164 2512 sed
1179 2483 1312 2521 ingenue
1328 2482 1454 2519 fatetur,
1471 2488 1503 2512 et
1517 2482 1625 2511 claris-

903 2526 974 2555 simi
990 2525 1123 2556 oratoris
1140 2526 1284 2565 exempla
1303 2526 1339 2556 Ι..
1357 2526 1461 2556 Crassi
1478 2525 1560 2555 illam
1580 2525 1627 2555 iu·

902 2569 1023 2599 samiam
1040 2569 1182 2608 depellit.
1206 2570 1368 2600 Postremo
1382 2570 1407 2599 si
1425 2569 1624 2609 scriptionem

903 2613 980 2643 hanc
992 2613 1122 2643 celatam
1139 2613 1249 2649 voluit,
1262 2623 1330 2651 quae
1343 2613 1420 2643 ratio
1433 2613 1490 2642 suit
1501 2612 1626 2651 suppri-

903 2655 1029 2686 mendi?
1055 2666 1105 2686 res
1134 2661 1200 2686 erat
1224 2656 1392 2696 scriptione
1416 2666 1474 2686 non
1501 2666 1625 2694 magno-

903 2710 978 2739 pere
1003 2699 1118 2738 digna?
1141 2706 1172 2729 at
1199 2700 1411 2739 gravissimam
1434 2699 1530 2729 fuisse
1551 2709 1624 2728 con-

904 2747 975 2777 stat,
992 2743 1023 2772 in
1041 2753 1100 2782 qua
1115 2753 1226 2782 magna
1246 2743 1366 2774 utilitas
1385 2743 1463 2782 reip.
1480 2751 1623 2780 magnum

903 2786 1075 2825 periculum
1099 2791 1253 2826 ageretur.
1277 2797 1314 2817 an
1340 2787 1414 2826 ipsi,
1441 2786 1523 2824 quod
1549 2785 1624 2814 scri-

904 2835 1020 2868 pserat,
1043 2829 1251 2870 displicebat?
1275 2835 1306 2860 at
1321 2830 1396 2860 nihil
1413 2828 1471 2858 nisi
1488 2828 1626 2857 clabora-

905 2878 968 2902 tum
985 2873 1150 2910 industria,
1166 2875 1336 2913 perfectum
1359 2872 1483 2911 ingenio
1499 2870 1625 2901 molitus

906 2922 951 2946 est
965 2927 1107 2957 unquam.
1140 2918 1252 2956 Neque
1267 2917 1318 2946 hic
1335 2916 1381 2945 sui
1395 2914 1556 2944 dissimilis
1568 2920 1626 2949 est,

906 2961 988 2999 quod
1004 2961 1139 2999 res¹ipsa
1155 2960 1279 2989 indicat.
1326 2958 1467 2996 Denique
1481 2957 1506 2987 si
1522 2958 1629 2991 tacuit,

907 3004 987 3042 quod
1004 3004 1169 3034 meditatus
1191 3008 1248 3038 cst,
1267 3012 1320 3032 cur
1342 3002 1372 3031 in
1387 3001 1487 3031 lucem
1504 3001 1601 3030 edidit
1614 3001 1625 3029 ’ἲ

908 3047 937 3077 in
960 3058 1019 3086 quo
1045 3058 1103 3077 non
1128 3047 1225 3077 minor
1251 3050 1326 3083 crat,
1352 3050 1402 3075 aut
1423 3045 1513 3075 etium
1532 3046 1629 3084 tnajor
