1997 3323
350 196 404 236 46
726 194 759 236 Ι.
785 194 818 235 Ι.
841 193 1065 236 REISKE
1100 192 1424 234 ANNOTATA

349 318 479 346 ctionem
508 315 622 357 ὴςιμίας
651 318 785 357 praescrt,
814 328 881 356 quae
912 318 1001 346 etiam
1030 317 1059 345 in

348 360 438 389 libris
463 361 623 399 reperitur.
671 361 720 390 Uti
744 360 856 399 cuique
883 370 938 389 suo
971 370 1060 389 seusu

348 403 435 433 licet.
479 404 640 443 vulgatam
664 404 804 443 equidem
829 414 882 432 cur
904 413 1061 441 asperum,

349 456 472 476 causam
491 447 602 477 nullam
615 447 717 476 video.

391 507 434 512 -——
454 492 502 521 19.
520 492 572 525 ’τῆς
586 488 781 531 προαιρέσεως]
806 486 935 518 subaudi
957 488 1060 518 αὐτῶν.

350 532 435 562 illam
451 533 550 573 ipsam
565 534 605 562 ob
627 538 751 567 metam,
772 531 810 560 ad
831 541 920 571 quam
946 531 1060 570 priuci-

349 580 438 615 patus
454 586 620 615 paucorum
636 574 836 605 contendunt.

391 637 434 642 --
449 622 501 650 w.
517 621 567 649 τὴν
579 619 679 660 αὐτὴν]
695 622 766 656 post
780 619 828 648 τὴν
840 617 925 648 αὐτὴν
938 617 1061 647 videtur

346 662 461 702 vdua-mv
487 664 606 696 deesse,
630 662 663 691 id
687 666 746 696 est,
773 662 885 695 πάντας
909 660 960 690 δεῖν
982 663 1062 691 κατὰ

348 705 481 744 σύνταξιν
503 704 662 745 λαμβάνειν
687 715 721 734 τε
745 706 785 733 τὰ
808 703 992 744 προσήκοντα,
1014 705 1062 734 καῖ

345 745 382 778 αὖ
398 750 490 778 wem
505 749 591 778 ποιεῖν
601 750 641 778 τὰ
653 747 839 789 προσήκοντα.
855 757 959 777 omues
972 757 1061 787 opor-

344 797 421 827 tere,
429 802 485 830 pro
495 797 560 821 rata
569 801 735 832 quemque,
745 790 957 821 convenientia
967 801 1063 830 pensa

348 840 378 864 et
401 835 575 864 mercedum
599 835 741 871 aufferre,
758 838 789 863 et
803 843 964 873 operarum
989 844 1062 863 con-

349 880 438 908 ferre.
461 888 501 907 ex
517 878 671 913 condicto,
688 888 742 907 seu
757 877 899 911 formula,
915 887 1061 908 noi-mave

348 923 508 960 imperata,
524 925 555 951 et
570 922 696 961 publico
708 930 860 950 consensu
872 920 1008 960 probata.

390 982 432 987 —
454 968 507 996 ¹24.
523 964 571 994 καὶ
594 964 735 1005 πρότερον]
764 963 939 1004 Philippica
964 963 1063 1003 prima

348 1011 433 1048 puta.

390 1069 433 1074 -—
445 1052 497 1082 25.
512 1050 562 1080 καὶ
575 1049 699 1091 εὐπορία]
717 1060 797 1090 poue
811 1048 860 1080 καὶ
875 1049 998 1079 videtur
1010 1059 1062 1079 co·

346 1095 398 1124 lon
427 1095 536 1124 deesse
562 1094 601 1123 ad
631 1094 707 1123 hano
738 1094 834 1123 ferme
860 1092 1039 1123 sententiam
1054 1103 1061 1122 ι

347 1138 394 1167 καὶ
419 1137 515 1167 πάντα
535 1138 576 1167 τὰ
596 1137 692 1167 δέοντα
712 1135 738 1166 ἐν
752 1136 838 1177 καιρῷ
852 1136 901 1166 καῖ
917 1138 1000 1176 μετὰ
1015 1135 1062 1177 ῥα-

348 1180 455 1215 στώνης
470 1180 538 1221 (vel
558 1179 677 1222 ταχέως
699 1178 746 1209 καὶ
771 1179 883 1220 ῥαδίως)
903 1179 1063 1218 γενήσεται.

349 1230 412 1253 tum
430 1234 489 1253 uon
506 1224 603 1254 solum
625 1223 744 1261 agenda
764 1223 865 1252 omnia
887 1223 1019 1261 tempori
1031 1228 1063 1253 et

348 1278 404 1306 per
419 1267 513 1297 otium
524 1267 685 1308 (celeriter
699 1271 790 1305 atque
809 1265 959 1304 faciliter)
972 1275 1062 1305 agen-

348 1316 409 1345 tur,
446 1310 498 1340 sed
529 1310 621 1340 etiam
658 1309 827 1340 communis
856 1310 893 1339 ad
924 1309 1061 1348 singulos

347 1364 487 1392 quosque
510 1354 638 1383 accedet
652 1353 818 1393 opulentia.
857 1352 910 1382 Sic
926 1352 1062 1382 membra

346 1408 452 1426 secum
478 1398 555 1426 bene
580 1398 821 1435 respondebunt.
854 1406 922 1425 uam
949 1395 981 1425 in
1008 1394 1062 1434 ἔξω

347 1438 416 1470 ἐστὲ
434 1440 547 1469 desinit
564 1440 705 1479 protasis.
730 1439 835 1475 docui,
857 1438 970 1473 taxari,
990 1449 1062 1469 cen·

348 1483 408 1512 seri
426 1483 536 1523 (vulgo
551 1483 717 1523 quotisari)
734 1483 759 1512 si
777 1493 831 1513 vos
851 1482 1007 1522 patiamini
1019 1499 1061 1504 —

348 1531 413 1556 tuni
443 1537 500 1555 non
529 1527 629 1556 solum
656 1527 773 1565 agenda
797 1526 906 1556 omnia.
932 1536 1001 1555 nam
1025 1525 1062 1560 ὡς

349 1579 439 1599 versu
457 1572 508 1599 24.
533 1569 713 1609 aequipollet
735 1568 778 1608 τῷ
799 1569 856 1605 ὅτι,
871 1569 958 1609 quod,
975 1573 1007 1599 et
1027 1567 1063 1598 οἲν

347 1613 527 1652 aequipollet
541 1613 571 1642 h.
588 1613 608 1642 l.
625 1613 669 1651 τῷ
681 1611 738 1647 ἐὰν,
754 1613 787 1642 si.

394 1659 466 1687 168.
481 1656 537 1686 ult.
558 1656 665 1687 τούτων
676 1655 825 1696 ἁπάντων]
841 1655 909 1685 scil.
926 1654 1060 1684 studium

347 1699 540 1739 principatus
563 1705 594 1730 et
617 1699 753 1738 imperii,
774 1700 823 1728 τοῦ
846 1697 996 1738 πρωτεύειν
1013 1697 1063 1727 καὶ

346 1741 437 1783 ὁρίζειν
457 1743 517 1776 τοῖς
537 1742 637 1777 ἄλλοις
651 1744 692 1773 τὰ
708 1740 801 1772 δίκαια
815 1742 859 1781 (v.
878 1752 969 1771 versu
992 1740 1062 1781 12.)

346 1791 378 1815 et
394 1796 463 1825 quae
479 1797 517 1816 ex
534 1786 575 1817 iis
589 1791 661 1826 apta
673 1791 743 1816 sunt
754 1785 958 1816 emolumenta
971 1789 1062 1824 atque

343 1829 470 1860 decora.

395 1875 466 1903 169.
485 1874 515 1902 2.
532 1873 596 1906 τοὺς
616 1871 687 1913 μὲν]
705 1871 772 1902 scil.
789 1873 854 1906 τοὺς
876 1870 921 1901 δύο
944 1869 1063 1904 acaum.

350 1915 437 1946 binos
451 1916 523 1946 illos
535 1916 657 1951 obolos,
672 1917 702 1946 in
719 1926 796 1954 quos
812 1919 877 1945 tota
890 1914 1002 1944 civitas
1018 1915 1063 1944 fu-

348 1960 430 1989 riosa
445 1969 514 1989 cum
530 1960 726 1990 contentione
742 1959 850 1994 fertur,
870 1968 967 1997 neque
982 1967 1063 1987 nunc

349 2008 418 2032 sunt
434 2003 514 2042 plus,
530 2014 628 2042 neque
639 2002 669 2032 in
683 2006 830 2032 aeternum
844 2002 916 2031 fient
930 2011 1063 2040 unquam

351 2047 430 2085 plus,
447 2057 537 2086 quam
554 2046 619 2076 bini
635 2045 729 2076 oboli.
754 2046 811 2075 hoc
832 2050 880 2075 est
896 2044 969 2080 vile,
992 2054 1064 2074 con—

350 2090 558 2125 temnendum,
576 2089 754 2129 pudendum
777 2088 936 2124 lucellum,
949 2089 987 2117 de
1003 2099 1064 2128 quo

350 2143 409 2162 non
435 2133 493 2162 nisi
519 2132 745 2163 mendicissimi
776 2133 889 2171 quique
922 2132 1003 2161 inter
1031 2142 1065 2161 se

349 2177 546 2206 contendant.

395 2237 437 2242 -
452 2222 483 2250 3.
500 2221 540 2249 τὰ
556 2217 580 2248 δ’
594 2218 674 2249 ἄλλα
683 2218 741 2259 —]
758 2229 825 2257 quae
841 2221 942 2247 autem
966 2217 1066 2247 adhuc

351 2262 411 2292 alia
435 2264 552 2303 agenda
576 2267 608 2292 et
631 2262 803 2302 praestanda.
828 2265 859 2291 et
874 2259 1068 2300 providenda

351 2312 414 2336 tum
425 2306 555 2342 aiebam,
567 2316 638 2335 cum
647 2315 790 2343 negarem
804 2315 852 2335 ine
865 2304 1068 2341 intercedere,

351 2350 514 2388 quominus
541 2349 707 2389 sportulam
738 2348 880 2378 binorum
906 2347 1066 2378 obolorum

351 2393 493 2422 ferretis:
532 2404 571 2423 ex
609 2392 646 2422 iis
676 2391 885 2422 emolumenta
913 2390 1068 2426 referetis,

353 2436 453 2475 magni
471 2437 552 2475 regis
575 2435 687 2476 opibus
701 2435 929 2474 aequiparanda.
974 2434 1068 2471 Quae-

352 2490 420 2510 nam
437 2479 491 2509 illa
507 2484 590 2515 sunt,
605 2490 673 2519 quae
689 2483 790 2508 orator
806 2477 855 2517 agi
872 2482 904 2507 et
925 2478 1067 2516 praestari

351 2523 524 2561 flagitaret!
547 2524 623 2562 lpse
638 2523 667 2552 iu
681 2522 850 2552 continenti
863 2521 1004 2560 exponit,
1016 2521 1068 2551 πό-

349 2572 393 2594 λιν
409 2566 559 2600 τοσούτους
573 2571 633 2595 etc.
680 2567 715 2595 In
731 2565 862 2605 vulgatis
877 2565 923 2594 sio
936 2564 1068 2594 eircum-

353 2609 449 2638 fertur
467 2611 496 2639 h.
510 2610 530 2640 l.
547 2611 588 2639 τὰ
606 2608 629 2639 δ’
641 2609 733 2644 ἄλλα,
758 2608 777 2637 ἃ
797 2610 880 2648 μετὰ
895 2607 1012 2643 τούτων,
1033 2620 1069 2638 ων

354 2652 439 2683 εἷπον.
462 2663 520 2691 ego
547 2664 632 2688 vero,
650 2653 758 2682 videns
779 2656 969 2690 postremum
994 2652 1068 2681 arti-

354 2694 525 2732 culumstiv,
534 2696 704 2726 orationem
716 2696 985 2734 pcrturbare,meo
995 2705 1070 2724 usus

354 2738 494 2776 arbitrio,
511 2739 659 2779 expunxi,
677 2739 739 2774 vel,
757 2743 801 2773 ut,
826 2738 851 2767 si
875 2749 936 2767 non
953 2737 1069 2774 verius,

355 2782 471 2812 minore
488 2787 573 2813 certe
589 2793 657 2812 cum
675 2781 793 2811 invidia
806 2781 921 2817 dicam,
944 2786 1070 2812 auctore

355 2826 480 2861 Wolfio,
493 2826 544 2865 qui
562 2836 620 2856 nou
640 2835 739 2865 pauca
755 2833 840 2854 recte
859 2825 938 2854 vidit
954 2824 984 2854 in
1005 2826 1070 2855 De-

354 2870 522 2899 mosthene.

397 2932 436 2936 ⁷—
454 2915 484 2942 7.
498 2912 528 2944 τί
541 2910 594 2947 οὖν,
612 2910 680 2951 φαίη
695 2922 738 2945 τις
750 2909 792 2945 ἂν,
804 2911 903 2940 ταῦτα
918 2910 960 2940 νῦν
976 2909 1070 2949 λέγω;

355 2957 398 2986 im
416 2956 493 2995 φημὶ
509 2956 561 2986 δεῖν
577 2956 670 2996 ὑμᾶς]
690 2954 735 2984 sie
751 2955 918 2984 secundum
935 2959 1071 2984 anteces-

356 3011 442 3029 sores
458 3011 545 3030 meos
567 3009 672 3029 omnes
695 2997 827 3028 reddidi.
876 2998 936 3027 Sed
963 2998 1069 3036 Phryx

356 3044 411 3078 fui,
429 3047 460 3073 ut
479 3055 561 3084 sirpe
587 3053 664 3079 sum,
687 3043 772 3082 cujus
797 3052 844 3072 me.
867 3042 1013 3080 majorem
1039 3041 1070 3072 in

1096 317 1217 347 niodum
1248 317 1332 357 piget
1362 319 1527 358 pudetque.
1573 317 1633 346 vix
1666 316 1805 347 absoluta

1095 360 1182 398 pielu
1205 361 1328 399 plagula
1350 365 1426 397 erat,
1442 372 1509 391 cum
1527 361 1556 390 iu
1574 364 1702 390 mentem
1721 359 1805 389 veni-

1095 406 1152 437 ret,
1180 403 1225 432 sic
1252 404 1502 442 distinguendum
1531 408 1562 434 et
1591 403 1804 442 corrigendum

1095 455 1178 475 esse.
1194 445 1226 475 τί
1241 449 1293 483 οὑν,
1304 445 1371 486 φαίη
1388 458 1432 480 τις
1443 446 1485 482 ἂν,
1501 458 1599 477 ταυτα
1612 457 1673 484 νυν·
1689 445 1736 475 hio
1752 446 1805 474 de-

1095 488 1168 518 sinit
1194 489 1387 529 hypophora,
1416 499 1469 521 scu
1497 490 1565 519 ficta
1590 489 1693 519 nescio
1716 489 1804 527 eujus

1095 531 1304 570 reprehensio,
1329 532 1433 562 habitu
1459 532 1710 572 interrogationis
1732 541 1803 561 con—

1095 575 1217 605 vestita.
1240 575 1430 606 Subauditur
1458 574 1557 613 λὲγεις.
1601 575 1721 614 Ecquid
1753 585 1805 605 au=

1095 622 1155 647 tem
1174 623 1205 647 tu
1222 628 1301 649 nunc
1317 619 1383 648 haec
1405 618 1532 657 crepas?
1558 617 1670 659 (dicat,
1686 618 1734 648 vel
1760 617 1804 648 sic

1095 665 1238 691 occurrat
1253 661 1327 693 mibi
1344 660 1480 702 aliquis).
1497 661 1665 701 respondet
1687 665 1805 691 orator:

1095 703 1162 734 haec
1182 704 1236 734 ille
1261 704 1337 735 dicit
1361 715 1416 743 pro
1441 715 1533 735 seusu
1549 714 1618 740 suo,
1633 708 1664 734 et
1679 713 1735 743 per
1757 714 1804 734 me

1088 747 1179 777 dicat
1193 748 1276 779 licet.
1292 747 1348 787 ἐγὼ
1363 747 1393 778 δὲ
1407 746 1453 786 τίς
1469 758 1527 788 ego
1541 757 1614 777 vero
1625 746 1721 786 quid?
1738 747 1805 776 scil.

1096 789 1182 829 λέγω,
1198 790 1259 827 aio,
1280 792 1405 827 suadeo,
1428 791 1558 821 inculco.
1579 791 1646 820 haec
1667 794 1715 819 est
1737 800 1806 820 sen-

1096 834 1193 864 tentia
1201 845 1258 874 per
1267 846 1308 865 se.
1320 835 1438 875 pergit:
1455 833 1531 875 φημὶ
1547 833 1599 863 δεῖν
1614 834 1694 875 ὑμᾶς
1706 851 1744 857 -
1757 833 1806 863 aio

1096 887 1204 917 nempe
1222 888 1278 909 vos
1300 883 1455 918 oportere.
1499 878 1551 908 Sic
1565 877 1599 906 fit
1615 878 1713 907 oratio
1730 881 1807 907 stre-

1096 930 1165 956 nua,
1182 921 1272 957 acris,
1287 921 1490 956 contentiosa,
1505 919 1652 958 ἐναγώνιος.
1684 921 1806 959 Nempe

1095 972 1153 993 non
1170 964 1245 993 satis
1260 965 1392 1003 tempori
1403 964 1571 994 incideram
1587 964 1742 999 inlocum,
1755 963 1807 1002 qui

1095 1006 1186 1045 hujus
1202 1017 1277 1037 meze
1293 1003 1492 1037 correctionis
1507 1007 1619 1036 fundus
1631 1010 1692 1042 est,
1708 1015 1807 1045 neque

1096 1049 1172 1079 satis
1201 1051 1240 1079 ad
1273 1061 1344 1080 eum
1374 1051 1576 1085 attenderam,
1606 1050 1659 1089 qui
1687 1049 1808 1089 paginae

1095 1093 1245 1132 proximae
1263 1095 1336 1124 170.
1353 1104 1442 1124 versu
1456 1095 1508 1124 13.
1520 1092 1646 1132 legitur.

1137 1154 1179 1159 -
1196 1138 1248 1167 13.
1263 1137 1298 1171 ὡς
1313 1135 1400 1171 οὕτως
1413 1135 1493 1178 ἐ’χει]
1508 1136 1592 1166 idem
1605 1134 1654 1165 est
1663 1146 1700 1166 ac
1717 1134 1742 1165 si
1759 1135 1807 1165 di-

1096 1179 1212 1210 xisset:
1229 1178 1300 1209 οὕτω
1312 1182 1367 1220 γὰρ
1378 1178 1450 1221 ἔχει.
1463 1189 1531 1209 nam
1543 1179 1589 1209 sic
1599 1189 1632 1208 se
1643 1188 1694 1208 res
1704 1178 1808 1208 habet.

1137 1240 1180 1246 —
1196 1226 1247 1253 14.
1264 1222 1368 1264 καιξδν]
1385 1224 1423 1253 ad
1437 1221 1529 1263 καιςδν
1547 1221 1628 1252 adde
1648 1221 1692 1252 νῦν
1714 1220 1808 1252 tacita

1095 1266 1283 1315 cogitatione
1308 1277 1326 1296 e
1346 1276 1440 1297 versu
1465 1268 1516 1297 13.
1532 1264 1715 1295 iterandum.
1737 1275 1808 1295 nam

1096 1308 1122 1338 si
1139 1320 1218 1340 nuno
1233 1310 1462 1345 obsecundetis,
1473 1307 1623 1345 arbitrati,
1637 1317 1738 1338 rerum
1753 1308 1807 1338 ha-

1095 1363 1174 1389 rum,
1204 1363 1332 1393 quarum
1368 1357 1475 1383 auctor
1513 1362 1592 1387 sum,
1621 1351 1808 1390 agendarum

1094 1400 1216 1435 tempus
1232 1401 1420 1436 oportunum
1435 1404 1505 1425 cnm
1518 1394 1652 1425 maxime
1664 1404 1743 1424 esse.

1138 1456 1180 1461 —-
1197 1441 1249 1469 18.
1265 1450 1328 1469 που
1351 1438 1526 1480 [enclitice]
1547 1436 1654 1478 λέγων]
1679 1447 1807 1476 usquam

1096 1481 1231 1512 locorum
1248 1486 1459 1522 temporumve
1483 1492 1548 1523 prae
1564 1491 1597 1511 se
1611 1481 1723 1511 ferens.
1739 1481 1770 1511 h.
1781 1491 1812 1511 e.

1096 1525 1213 1562 neseio,
1229 1536 1289 1565 quo
1303 1527 1384 1562 loco,
1401 1530 1454 1555 aut
1468 1535 1529 1564 quo
1543 1529 1694 1563 tempore.

1138 1587 1181 1592 —
1197 1572 1250 1600 23.
1265 1567 1433 1609 ἐπαινέσας]
1455 1567 1577 1608 praetuli
1591 1565 1716 1610 ἐπῄνεσε.
1740 1576 1809 1596 nam

1095 1611 1171 1642 alias
1193 1611 1354 1652 ἐμπλήσας
1372 1622 1494 1653 quoque
1512 1611 1676 1641 dicendum
1698 1610 1812 1640 suisset

1095 1660 1186 1694 atque
1202 1655 1346 1707 διασύρεις.

1141 1701 1214 1730 170.
1231 1701 1262 1730 6.
1280 1697 1327 1729 τὶν
1340 1696 1544 1739 ὀπισθόδομον]
1559 1696 1636 1728 citat
1648 1697 1677 1727 h.
1688 1696 1711 1726 l.
1726 1696 1809 1726 Har-

1095 1753 1182 1782 pocr.
1200 1753 1229 1771 v.
1245 1741 1446 1782 ὀπισθόδομος.

1139 1803 1182 1809 --
1199 1785 1250 1816 15.
1264 1784 1359 1826 ὥσπερ
1373 1783 1482 1825 ἐκεῖνοι]
1505 1783 1573 1814 scil.
1590 1781 1692 1821 ἔλεγον.
1715 1786 1751 1812 ut
1766 1781 1812 1812 illi

1097 1829 1252 1866 dicebant,
1268 1828 1322 1868 qui
1341 1829 1421 1858 hunc
1437 1827 1589 1858 hominem
1604 1825 1737 1865 flagellis
1752 1836 1812 1855 cae-

1097 1872 1245 1908 dendum,
1268 1871 1484 1911 torquendum,
1508 1869 1676 1901 necandum
1700 1869 1812 1898 olama-

1099 1917 1180 1946 bant.
1191 1915 1249 1946 nisi
1263 1915 1288 1946 si
1303 1914 1397 1946 ἐκεῖνοι
1409 1914 1525 1944 referas
1540 1914 1579 1943 ad
1594 1923 1659 1948 θος,
1670 1912 1722 1951 qui
1735 1911 1813 1952 Opi-

1098 1959 1293 1989 sthodomum
1302 1958 1483 1997 expilarant.
1499 1955 1755 1997 quemadmodum
1767 1955 1813 1986 illi

1098 2002 1219 2042 priores
1234 2002 1322 2041 digni
1338 2006 1434 2038 erant,
1455 2000 1506 2040 qui
1528 2003 1668 2030 extremo
1692 1999 1812 2039 snppli-

1098 2047 1147 2075 cio
1164 2045 1355 2075 tollerentur.
1379 2043 1542 2075 subaudi‘'
1524 2053 1620 2084 aaa-mg
1640 2041 1733 2073 ἐκεῖνοι
1753 2042 1812 2072 θα-

1098 2089 1182 2119 νάτου
1197 2087 1287 2128 ἄξια’
1277 2087 1390 2120 εποίουν.

1142 2150 1185 2155 -
1201 2135 1253 2162 20.
1268 2130 1336 2172 ητε]
1354 2129 1445 2162 sciL’
1434 2141 1460 2160 εν
1472 2142 1508 2172 τῃ
1523 2126 1673 2168 ἐκκλησίᾳ.
1698 2139 1756 2159 una
1772 2129 1813 2159 si-

1100 2175 1139 2205 tis
1154 2176 1184 2205 in
1200 2175 1362 2205 concione.
1383 2183 1565 2214 quamquam
1591 2172 1623 2202 in
1645 2172 1743 2202 dubio
1765 2183 1813 2202 re-

1099 2218 1244 2258 linquam,
1257 2218 1335 2247 sitne
1351 2217 1457 2257 potius
1467 2216 1552 2248 ἥκητε
1564 2220 1616 2246 aut
1627 2214 1739 2246 συνίητε
1751 2214 1813 2256 leg.

1100 2262 1167 2293 scil.
1182 2261 1220 2296 εἷς
1233 2264 1283 2293 τὴν
1295 2259 1455 2292 ἐκκλησίαν.

1143 2323 1186 2328 —
1201 2307 1252 2336 24.
1267 2303 1282 2334 δ
1296 2304 1347 2335 νυνι
1363 2302 1532 2344 συμβαίνει]
1549 2270 1672 2332 videtur
1688 2301 1734 2332 sic
1750 2301 1811 2341 leg.

1100 2362 1112 2378 ο
1138 2360 1188 2379 νυνι
1215 2348 1398 2388 ἓξυλλεῖται,
1423 2343 1588 2387 συμβαίνει,
1615 2345 1648 2374 id
1662 2348 1724 2381 est,
1746 2343 1814 2375 τότε

1101 2391 1254 2433 συμβαίνει
1268 2402 1364 2427 τουτο,
1381 2403 1393 2420 ο
1406 2401 1448 2420 νυν
1459 2388 1635 2430 Θρυλλειται.
1659 2391 1723 2418 tum
1743 2399 1816 2418 con·

1101 2436 1194 2476 tingit
1207 2435 1251 2470 id,
1265 2435 1347 2474 quod
1361 2433 1448 2472 vulgi
1462 2431 1677 2463 sermonibus
1668 2442 1699 2461 m
1715 2431 1818 2462 triviis

1101 2479 1281 2514 conteritur,
1295 2478 1362 2509 scil.
1378 2477 1390 2507 ὃ
1405 2474 1503 2517 δῆμος
1510 2474 1704 2511 καταλύεται,
1722 2474 1816 2505 liber-

1103 2526 1149 2553 tas
1166 2522 1278 2562 plebis,
1293 2526 1324 2551 et
1338 2521 1436 2551 forma
1461 2517 1693 2560 gubernationis
1716 2528 1815 2558 popu-

1101 2566 1187 2601 laris,
1200 2566 1343 2604 majastas
1358 2563 1477 2603 populi,
1492 2561 1684 2593 convellitur.

1150 2606 1457 2648 171.1.ἐστὶ·κοινα]
1481 2606 1606 2636 videtur
1619 2603 1814 2644 eumn-rhem,

1104 2652 1154 2682 uel
1171 2652 1230 2682 tale
1247 2652 1320 2690 quid
1343 2650 1601 2690 interponendum
1624 2657 1707 2677 esse.
1730 2647 1816 2683 novi,

1103 2697 1168 2726 haec
1193 2695 1314 2735 judicia
1338 2694 1454 2734 jurium
1480 2691 1618 2722 civilium
1644 2696 1818 2721 vestrorum

1105 2749 1175 2769 esse
1205 2738 1404 2774 munimenta,
1433 2733 1664 2776 propugnacula
1691 2733 1818 2783 publica

1105 2782 1180 2813 nulli
1195 2792 1254 2812 non
1270 2781 1386 2832 civium
1398 2783 1569 2809 vestrorum
1584 2777 1766 2807 communia.

1148 2843 1188 2848 -—
1206 2827 1237 2855 3.
1253 2836 1317 2859 τους
1337 2823 1364 2853 ἐν
1386 2823 1446 2858 τοῖς
1471 2821 1569 2855 ὅπλοις
1595 2820 1705 2851 ποιήσει
1728 2818 1818 2861 νικξίν]

1105 2868 1229 2908 praetnli
1246 2868 1306 2902 τοῖς
1325 2865 1351 2897 ἐν
1366 2867 1427 2899 τοῖς
1448 2864 1544 2899 ι’)’πλοις
1565 2864 1711 2917 [subaudi
1735 2873 1818 2902 στρε-

1105 2910 1250 2952 φομένοις]
1268 2910 1374 2941 whom
1391 2908 1439 2949 [id
1457 2913 1515 2945 est,
1539 2906 1734 2948 vrgoevrotnczt,
1754 2917 1819 2936 wa-

1107 2954 1293 2995 ξασκευάσει]
1310 2952 1343 2983 τὸ
1358 2952 1444 2992 νικᾷν.
1460 2950 1654 2982 versantibus
1675 2950 1706 2979 in
1729 2950 1821 2980 armis

1107 3009 1163 3028 non
1181 2997 1355 3028 consciscct
1371 2984 1549 3035 suffragium
1567 2993 1636 3034 [seu
1654 2993 1821 3032 suffragan-

1107 3041 1136 3072 di
1162 3045 1313 3081 pon-stas,
1332 3050 1384 3072 seu
1409 3039 1555 3080 quicquid
1573 3048 1636 3077 -pcr
1661 3036 1821 3077 plebiscita
