1931 3322
424 179 507 219 AD
541 177 906 219 ORATIONEM
942 176 1003 216 IN
1038 175 1405 218 CALLIPPUM.

170 296 212 316 ex
234 285 290 316 bac
308 284 442 317 oratione
465 285 496 314 in
511 284 685 323 Callippum
708 285 782 314 citat
793 284 876 318 ‘Anam

170 339 270 368 neque
284 328 314 358 iu
331 332 394 358 tota
410 328 464 357 huc
479 328 616 357 oratione
635 327 721 357 locus
743 328 876 366 reperia-

171 377 230 407 tur,
240 371 290 402 cui
302 381 409 401 nomen
421 371 478 401 hoc
492 370 575 400 urbis
587 370 754 400 Phoenissae
765 381 876 400 conve-

170 414 245 450 niat,
260 419 369 452 praeter
383 414 471 443 hunc.
511 413 573 443 Sed
586 414 712 443 forsitan
730 415 877 453 deceptus

168 457 220 488 ille
235 457 290 487 suit
305 456 438 490 vitiosis,
455 456 564 496 quibus
582 458 733 491 utebatur,
746 456 846 486 libris.

215 501 308 529 1242.
332 501 362 530 9.
389 499 492 529 οὑτωσὶ
514 499 583 540 μὲν]
615 510 673 538 pro
695 499 749 539 μὲν
774 499 875 528 malim

169 540 309 581 φαίνεται,
324 543 474 572 sententia
484 543 514 572 id
526 544 709 581 postulante.
724 552 791 571 nam
803 542 877 571 alias

169 584 256 614 locus
271 590 318 615 est
335 586 470 615 mutilus.
515 586 718 624 Comtatjam,
733 584 876 626 Lyconem

172 627 305 667 Collippo
320 627 584 668 tamfamiliariter
598 638 651 659 esse
665 639 758 658 usum.

213 689 255 694 -—-
278 673 330 702 13.
350 671 473 711 μονονοὺ]
497 671 627 702 distraxi
648 672 678 701 in
701 672 764 705 duo
787 681 876 701 voca-

170 713 243 745 bula
265 713 345 752 μόνον
367 714 405 744 οὐ.
434 714 486 744 hoc
508 725 601 744 unum
624 715 714 744 solum
734 715 801 744 ausi
819 725 877 744 non

167 762 237 786 sunt
249 756 377 796 Callippi
388 755 559 797 familiares
573 759 730 788 testimonio
745 768 797 788 suo
811 768 877 788 con-

158 799 295 838 firmare.

212 859 254 865 —
270 843 321 872 15.
343 841 406 885 ἤδη]
431 843 458 872 si
480 844 557 873 bene
573 844 675 880 habet,
699 848 747 874 est
763 854 818 883 pro
835 843 877 874 εἶι-

168 884 234 921 θὺς,
247 887 358 916 statim.
379 887 481 916 malim
497 892 596 916 tamen
607 886 703 928 ῥᾴδιος.
717 885 834 928 facilis.

192 946 255 981 ³—l-
271 931 322 959 20.
346 927 463 971 οἰκείως]
487 931 618 960 subaudi
635 930 724 969 αὐτῷ,
742 931 791 960 vel
812 929 877 970 πςός

167 983 260 1002 izv-rov-

214 1017 310 1046 1243.
326 1016 378 1045 15.
401 1014 474 1045 οὐδὲν
489 1015 520 1045 ἂν
535 1014 724 1056 ψευσαμένῳ]
748 1017 799 1056 qui
819 1027 877 1047 non

160 1056 263 1098 facile
277 1059 314 1088 sit
328 1060 516 1088 mentiturus.
539 1059 646 1089 addidi
661 1059 693 1089 ἂν
709 1060 746 1088 de
762 1069 840 1088 meo.

213 1118 256 1123 ——
273 1103 325 1131 16.
341 1100 560 1141 ἀπαλείφοντος]
575 1103 652 1131 bene
667 1102 771 1137 habet,
787 1111 876 1130 usur-

172 1149 283 1184 pantur
299 1142 465 1182 ἀπαλείφειν
486 1148 517 1173 et
537 1144 690 1185 ἅπας-ύτειν
712 1144 796 1185 [scil.
813 1143 878 1173 ἆωό

168 1186 329 1228 χρημάτων
337 1187 428 1227 τινῶν]
441 1186 607 1217 delucellis
618 1187 752 1222 furtivis,
764 1197 832 1218 cuin
841 1187 880 1217 de

169 1239 280 1267 magno
295 1239 406 1260 acervo
422 1230 500 1259 clam
515 1241 622 1269 parum
636 1231 708 1270 quid
726 1234 881 1265 avertunt,

171 1271 271 1303 veluti
292 1273 499 1312 detergentes,
525 1279 578 1303 aut
601 1274 795 1304 deradentes.
817 1277 881 1309 aut,

172 1320 208 1346 nt
222 1316 249 1345 si
265 1316 332 1355 quis
343 1317 498 1356 jusculum
518 1316 620 1347 carnis
644 1317 748 1357 adipe,
769 1322 819 1347 aut
834 1317 882 1346 lac

170 1369 308 1389 cremore
323 1360 469 1390 denudet.

215 1419 257 1424 -—-
274 1404 325 1432 19.
339 1403 477 1444 ὠφλήκει]
494 1402 561 1432 scil.
580 1401 660 1434 δίκην.
682 1414 739 1433 nou
757 1402 882 1432 debuis-

172 1449 219 1489 set
236 1445 337 1474 statim
353 1445 495 1475 mulctam
508 1446 673 1485 Callippo?
695 1457 753 1476 non
770 1447 883 1476 conde-

171 1494 292 1518 mnatus
307 1489 410 1518 statim
425 1489 535 1519 fuisset
549 1500 568 1519 a
584 1489 745 1528 judicibus
761 1489 883 1520 mnlctae

171 1531 314 1570 Callippo
331 1531 450 1561 luendae
462 1532 475 1561 ”l

214 1592 258 1598 -—-
269 1576 321 1605 20.
337 1573 539 1616 Ἀρχεβιάδης]
556 1580 628 1615 post
642 1586 750 1606 nomen
765 1576 883 1606 Arche-

173 1617 272 1648 biadis
288 1618 410 1649 videtur
425 1617 453 1648 δὲ
469 1619 589 1649 deesse.

1543 178 1626 219 265

957 284 1051 312 1244.
1082 286 1131 312 11.
1171 283 1452 323 πξοσκαλεσ-άμενος]
1499 282 1622 313 correxi

912 325 1167 364 προκαλεσάμενος.
1193 327 1253 355 Sed
1272 334 1412 366 superest
1426 326 1509 357 aliud
1522 326 1621 356 adhuc

911 369 1001 398 altius
1015 373 1045 397 et
1062 369 1249 407 pertinacius
1271 370 1367 399 ulcus.
1391 370 1526 409 pendent
1540 369 1620 398 enim

909 412 963 441 isti
989 412 1164 440 nominativi
1190 414 1289 453 λαχὼν
1314 418 1343 441 et
1366 413 1621 452 προκαλεσάμενος,

912 461 943 483 ut
959 455 1085 484 dubium
1103 455 1218 484 nullum
1244 454 1296 489 sit,
1320 456 1391 493 quin
1414 457 1540 485 verbum
1565 455 1621 484 ali-

910 498 1004 536 quod,
1021 509 1037 527 a
1053 508 1112 536 quo
1128 498 1174 527 illi
1191 498 1366 528 nominativi
1380 499 1553 532 fulciantur,
1567 498 1620 527 de-

911 541 1072 570 sideretur.
1096 551 1154 570 non
1177 541 1255 570 enirn
1280 551 1404 579 possum
1430 541 1461 570 in
1489 542 1620 570 animum

910 583 1066 617 inducere,
1092 584 1147 613 bos
1174 584 1379 614 nominativos
1407 584 1524 622 positos
1550 594 1619 613 esse

910 627 980 656 loco
1002 627 1206 666 genitivorum
1231 626 1369 668 λαχόντος
1390 631 1421 656 et
1443 632 1621 667 προκαλεσα-

909 669 1002 708 μένου,
1029 671 1095 700 scil.
1120 670 1229 700 τούτου.
1255 671 1335 700 redit
1359 670 1438 699 enim
1462 669 1560 699 oratio
1582 669 1620 698 ad

910 713 1095 752 Callippum.

952 774 994 778 --
1012 759 1061 787 17.
1085 756 1178 797 αὐτῷ]
1199 756 1281 786 redit
1297 755 1335 786 ad
1352 756 1538 796 Callippum.

953 817 995 822 ——-
1010 802 1061 830 24.
1085 799 1160 840 ἴδιον]
1187 799 1317 830 subaudi
1333 799 1484 839 συμφέρον.

952 860 996 865 —
1020 854 1088 883 pen.
1121 842 1378 884 διαωςάττεσθαι]
1407 841 1539 872 subaudi
1566 839 1623 876 δ’,τι

909 885 1055 918 Βούλεται.

955 930 1048 960 1245.
1066 933 1095 959 1.
1118 927 1216 968 δέομαι
1241 928 1269 960 δὲ
1294 928 1387 968 ὑμῶν]
1414 928 1495 959 [llud
1518 926 1617 966 δέομαι

911 970 980 1002 hoc'
994 983 1097 1007 versu,
1125 973 1245 1003 demum
1271 983 1302 1002 v.
1326 976 1356 1002 9.
1378 972 1528 1011 repetitur
1549 974 1622 1009 post

910 1016 1004 1045 multa
1019 1015 1193 1053 interjecta,
1209 1021 1239 1045 et
1256 1015 1353 1046 oratio
1367 1015 1560 1054 interpellata
1573 1023 1622 1043 re-

911 1063 1063 1089 stauratur
1077 1063 1168 1097 atque
1183 1059 1363 1088 absolvitur.

953 1119 995 1124 —
1016 1106 1046 1132 4.
1069 1101 1176 1142 τούτῳ]
1201 1102 1334 1131 cohaeret
1357 1111 1425 1131 cum
1455 1099 1510 1138 ἐξξν
1535 1111 1565 1129 v.
1589 1099 1620 1129 5.

911 1143 992 1173 idem
1017 1149 1065 1174 est
1087 1155 1121 1173 ac
1145 1145 1170 1174 si
1196 1144 1348 1174 dixisset:
1372 1144 1420 1175 καὶ
1435 1142 1623 1181 ἐπιδείκνυμι,

912 1184 955 1216 ἵν’-τι
973 1185 1029 1225 ἐξέν
1044 1187 1148 1226 τούτῳ,
1159 1187 1234 1227 εἴπερ
1249 1199 1288 1217 τι.

956 1248 999 1252 —
1013 1232 1044 1259 7.
1069 1229 1117 1258 καὶ
1133 1229 1246 1269 ταῦτα]
1270 1230 1371 1260 malim
1389 1230 1436 1260 καὶ
1451 1230 1568 1259 τούτων.

957 1291 1000 1296 --
1015 1276 1046 1303 8.
1069 1269 1208 1313 λαςόντα]
1231 1274 1313 1303 redit
1333 1274 1371 1303 ad
1397 1273 1625 1312 Cephisiadem.

916 1322 944 1346 et
967 1317 1017 1356 qni
1041 1327 1060 1345 ιι
1083 1317 1162 1346 nobis
1184 1316 1336 1346 abstulerit
1354 1322 1435 1347 certa
1454 1317 1627 1346 documenta.

917 1359 1006 1399 hujus
1024 1360 1066 1389 rei
1079 1358 1173 1399 fidem
1185 1359 1345 1398 facientia.
1369 1358 1457 1400 μηδὲν
1469 1357 1553 1391 ἧττον
1568 1360 1628 1388 hoc

918 1403 978 1432 sibi
1001 1403 1075 1431 vult.
1107 1413 1286 1441 quamquam
1313 1403 1472 1442 pecuniam
1499 1414 1516 1432 a
1539 1403 1628 1432 nobis

917 1446 1054 1481 abstulit,
1065 1450 1163 1476 tamen
1175 1446 1373 1475 nihilominus
1388 1447 1415 1476 ei
1427 1446 1516 1476 fidem
1529 1446 1629 1475 literis

917 1489 1136 1528 consignatam,
1152 1494 1182 1519 et
1197 1488 1329 1519 testibus
1347 1489 1552 1519 confirmatam
1567 1488 1627 1527 ipsi

917 1533 1070 1567 dedimus,
1093 1532 1153 1570 ipsi
1172 1533 1301 1571 legatam
1325 1542 1391 1562 eam
1414 1532 1511 1562 fuisse
1534 1542 1551 1561 a
1567 1533 1629 1572 Ly-

919 1587 993 1605 cone
1012 1576 1181 1616 pecuniam‚
1205 1581 1236 1605 et
1251 1586 1307 1605 nos
1324 1576 1381 1604 hoc
1403 1579 1507 1605 contra
1525 1575 1628 1615 litiga-

919 1623 1014 1649 torem
1031 1629 1241 1658 quemcunque
1253 1618 1358 1649 testari
1376 1623 1500 1658 paratos
1515 1629 1596 1649 esse.

230 1769 313 1811 AD
346 1769 713 1849 ORATIONlffM
746 1770 1068 1813 ADVERSUS
1101 1771 1561 1813 NICOSTRATUM.

176 1917 196 1949 fi
217 1876 313 1906 Actor
328 1880 375 1906 est
390 1887 498 1907 rursus
511 1877 732 1917 Apollodorus,
744 1877 885 1908 Pasionis

198 1918 270 1948 lius.

219 1961 314 1992 1246.
341 1963 373 1991 3.
407 1963 456 1993 ‘rim
488 1963 656 2003 ἀωογραφῆν
694 1961 885 2004 ἐποιησάμην]

175 2004 325 2036 actionem
338 2004 457 2035 institui
470 2006 558 2035 titulo
568 2007 687 2045 injustae
700 2007 886 2036 detentionis

177 2058 280 2082 earum
296 2058 409 2084 rerum,
425 2059 493 2088 quoe
510 2050 587 2087 reip.
603 2055 716 2084 essent,
733 2060 791 2080 non
809 2051 886 2089 ejus,

175 2090 229 2132 qui
245 2101 296 2120 eas
311 2096 423 2131 praeter
433 2093 485 2130 jus
497 2097 528 2121 et
544 2093 589 2121 fas
603 2093 764 2122 detineret.

218 2151 262 2157 —
274 2136 305 2164 4.
320 2133 354 2164 τὸ
368 2133 496 2174 μέγεθος
506 2137 556 2169 τῆς
571 2135 752 2177 ἀπογραφῆς]
771 2136 886 2175 magni-

175 2177 250 2208 tudo
262 2177 384 2207 mnlotae
397 2178 471 2208 mihi
485 2178 616 2213 luendae,
630 2180 657 2209 si
670 2189 760 2208 causa
770 2179 886 2209 cadam.

177 2221 314 2251 certabat
324 2221 404 2251 enim
420 2225 504 2251 actor
518 2221 656 2262 periculo
672 2223 778 2252 decem
793 2223 887 2252 ruina-

175 2274 244 2294 rum
265 2263 340 2303 ipsi,
361 2265 386 2294 si
403 2265 588 2300 vinceretur,
608 2265 801 2302 luendarum,
818 2276 886 2296 cum

176 2306 247 2347 ipsa
260 2317 323 2343 res,
336 2307 375 2336 de
388 2317 447 2346 qua
462 2309 610 2344 certabat,
626 2314 762 2348 quartam
774 2309 887 2339 solum-

177 2349 268 2380 modo
289 2350 412 2380 mulctae
435 2356 554 2390 partem
572 2351 699 2389 valeret,
721 2352 799 2382 duas
820 2352 886 2383 scil.

179 2393 275 2423 minas
291 2403 359 2423 cum
376 2393 512 2424 dimidia.

220 2453 265 2458 —
276 2436 308 2467 5.
331 2435 561 2477 ἐπεγραψάμην]
583 2437 655 2468 dedi
667 2437 840 2479 ἀπέγςαψα,
854 2444 889 2469 ut

178 2483 228 2509 est
244 2479 273 2509 in
294 2489 389 2519 marg.
407 2481 476 2510 Lnt.
493 2485 524 2510 et
544 2480 591 2511 sic
612 2492 733 2521 quoque
749 2492 840 2512 versu
854 2484 886 2512 7.

178 2522 281 2553 malim
297 2521 455 2564 ἀπέγραψα
469 2521 524 2563 μὲν
538 2523 581 2553 ἄν.

220 2581 267 2589 ——
287 2567 340 2596 12.
363 2564 584 2607 ἀπογράψοντα]
609 2566 693 2597 Citat
714 2567 745 2598 h.
760 2567 782 2598 l.
806 2567 889 2598 Har-

178 2619 265 2649 pocr.
280 2619 311 2639 v.
326 2609 496 2649 ἀπογςαφή.

221 2669 265 2675 ---
291 2654 342 2684 15.
374 2652 475 2694 τοῦτο]
513 2652 602 2682 abest
635 2653 673 2682 ab
709 2653 889 2693 Augustano

180 2695 270 2726 male.
313 2697 453 2727 mutabat
485 2696 647 2726 Lambinus
680 2706 749 2727 cum
778 2695 889 2727 τούτου.

179 2737 261 2768 haud
283 2748 411 2778 prorsus
433 2739 577 2770 absurde.
601 2749 659 2778 ego
680 2750 754 2770 vero
777 2750 891 2777 servo3

182 2781 238 2812 sed
257 2781 314 2817 sic,
337 2787 370 2815 ut
392 2787 445 2813 aut
462 2794 493 2812 τι
509 2782 646 2819 tollatur,
662 2787 714 2812 aut
729 2783 757 2812 ei
772 2793 892 2823 praepo-

180 2829 269 2854 natur
278 2823 374 2863 μέγα,
389 2830 422 2855 ut
437 2825 480 2855 sit
494 2824 577 2866 μέγα
589 2836 620 2855 τι
635 2827 719 2856 τοῦτο
733 2826 893 2866 τεκμήριον,

183 2871 213 2896 et
226 2871 262 2896 ut
277 2865 328 2897 hoc
340 2869 379 2897 sit
394 2867 439 2898 his
454 2867 616 2898 hominibus
632 2867 838 2908 [Nicostratm
862 2874 894 2900 et

182 2909 250 2948 ejus
275 2909 372 2946 fratri,
395 2911 579 2952 Arethusio]
610 2923 752 2954 magnum
774 2912 894 2953 aliquod

180 2950 404 2990 documentum,
414 2955 496 2985 unde
508 2965 617 2994 nempe
629 2956 832 2996 intelligatur,
846 2966 894 2986 ine

182 2993 263 3035 ipsis
282 2995 437 3031 inimicum
456 3008 517 3029 nou
538 3008 619 3029 esse.
640 3010 711 3031 nam
733 3000 760 3030 si
784 3009 895 3036 essem,

231 3045 309 3068 vor..
326 3049 355 3069 v.

919 1878 988 1917 ipse
1009 1879 1186 1909 detulissem
1211 1890 1265 1909 eos
1290 1879 1379 1910 titulo
1395 1879 1586 1908 detentarum
1603 1882 1633 1907 et

920 1927 1132 1961 usurpatarum
1145 1933 1258 1957 rerum,
1270 1933 1338 1960 quae
1351 1923 1410 1952 sint
1430 1923 1459 1951 in
1478 1926 1632 1960 potestate

920 1965 1000 2004 reip.
1014 1976 1073 1994 non
1091 1969 1190 1995 autem
1207 1966 1285 1994 alius
1300 1966 1330 1995 id
1347 1965 1480 1994 fecisset.

964 2025 1007 2029 —
1027 2010 1079 2038 16.
1102 2008 1168 2048 πςός
1193 2009 1284 2049 ὑμεῖς]
1315 2009 1448 2038 cohaeret
1475 2018 1534 2037 non
1562 2018 1629 2036 cuin

921 2052 970 2081 τὴν
985 2049 1096 2092 ἔχθξαν,
1114 2052 1168 2081 sed
1190 2062 1257 2081 cuin
1281 2051 1406 2090 λέγοιμι.
1431 2053 1454 2081 si
1469 2051 1570 2091 egoau'
1588 2061 1632 2080 vos

920 2104 1164 2125 commemorarem
1187 2096 1222 2125 de
1243 2104 1305 2125 mea
1327 2106 1394 2124 cum
1414 2095 1457 2124 his
1474 2094 1633 2124 hominibus

921 2138 1078 2167 simultate.

964 2183 1060 2210 1247.
1081 2185 1108 2210 1.
1133 2181 1172 2209 τοὶ
1188 2178 1252 2221 τρία
1273 2178 1360 2221 μέξη]
1387 2181 1516 2210 subaudi
1531 2180 1563 2210 ἐκ
1580 2183 1635 2209 τῶν

921 2223 1076 2263 τεττάρων.
1092 2230 1154 2254 tres
1170 2229 1287 2263 partes,
1302 2234 1318 2253 e
1335 2230 1465 2262 quatuor
1481 2224 1631 2263 partibus,

922 2277 976 2296 seu
1007 2277 1118 2298 novem
1147 2268 1186 2297 de
1219 2267 1392 2297 duodecim.
1428 2278 1494 2297 nam
1525 2273 1633 2306 quarta

921 2310 1044 2340 mulctae
1064 2321 1135 2350 pars
1160 2321 1281 2349 semper
1303 2310 1334 2340 in
1358 2312 1507 2349 ejusmodi
1532 2310 1632 2339 causis

921 2353 999 2392 reip.
1024 2354 1099 2384 fisco
1123 2353 1366 2393 adjudicabatur.
1383 2365 1411 2382 v.
1429 2354 1466 2384 ad
1488 2364 1517 2393 p.
1535 2355 1632 2385 1379.

923 2399 973 2428 19.
991 2397 1130 2427 dicenda.

964 2458 1007 2462 —
1019 2443 1050 2471 9.
1072 2440 1187 2482 τούτου]
1213 2439 1244 2468 id
1262 2443 1321 2474 est,
1335 2440 1385 2469 τοῦ
1401 2438 1581 2481 ἔγχεομένου.

964 2501 1008 2506 -
1024 2486 1074 2514 26.
1091 2483 1180 2524 πρὶς]
1200 2482 1314 2512 delevi.
1331 2484 1476 2521 oportebat
1492 2494 1535 2513 me
1552 2485 1631 2523 lega-

922 2532 963 2557 tos
989 2532 1109 2556 vestros
1134 2528 1166 2556 in
1191 2525 1321 2556 Siciliam
1346 2527 1503 2565 proticisci
1524 2528 1630 2566 jussos

923 2570 997 2599 illuc
1015 2580 1092 2599 nave
1108 2580 1175 2599 mea
1191 2574 1401 2608 transportare.

969 2615 1063 2644 1248.
1087 2613 1118 2643 5.
1140 2614 1226 2652 «παρὰ
1248 2612 1363 2653 τούτου]
1386 2611 1550 2651 efamiliu‚
1574 2622 1632 2641 non

924 2666 1002 2691 mea,
1018 2656 1073 2686 sed
1089 2655 1191 2694 hujus,
1210 2655 1389 2686 Nicostrati.
1414 2656 1496 2686 subit
1512 2656 1562 2685 hic
1577 2655 1634 2684 mi-

923 2700 996 2735 rari,
1019 2709 1074 2729 cur
1094 2705 1226 2734 vetereS,
1250 2710 1410 2729 servornm
1433 2699 1633 2738 fugitivorum

924 2752 1026 2777 causa,
1042 2753 1059 2772 e
1071 2743 1141 2781 suga
1152 2742 1414 2777 retrahendorum‚
1431 2752 1557 2781 quorum
1573 2741 1635 2769 sin·

924 2785 989 2824 guli
999 2785 1128 2825 singulis
1143 2786 1205 2815 fere
1215 2786 1306 2816 minis
1322 2786 1478 2820 venibant,
1494 2790 1554 2814 tam
1568 2784 1633 2812 lon·

926 2829 1050 2868 ginqua,
1076 2834 1136 2859 tam
1158 2829 1314 2864 diuturna,
1336 2834 1397 2859 tam
1420 2828 1557 2860 molesta,
1575 2831 1635 2855 tam

927 2877 1084 2902 sumtuosa
1097 2871 1205 2902 itinera
1220 2876 1414 2912 peragerent,
1428 2876 1488 2900 tam
1504 2869 1636 2908 denique

927 2915 1113 2955 periculosa,
1136 2925 1204 2945 cum
1229 2920 1312 2945 tanto
1335 2914 1381 2944 rei
1402 2924 1464 2942 suae
1480 2911 1638 2942 familiaris

927 2958 1104 2999 dispendio,
1115 2959 1167 2998 qui
1180 2962 1307 2998 possent
1317 2957 1394 2986 alios
1408 2966 1514 2986 servos
1526 2955 1638 2992 ubique

928 3001 1068 3033 locorum
1097 3002 1149 3033 vel
1178 3002 1298 3032 decima
1327 3005 1415 3040 parte
1446 2999 1535 3039 illius
1568 2999 1639 3035 ieris

932 3047 950 3075 2
970 3055 995 3074 Μ
