1931 3322
328 159 413 201 AD
447 157 815 201 ORATIONEM
853 157 916 198 IN
951 158 1403 201 PANTAENETUM.

139 266 327 298 Nicobulum
342 270 552 305 emungerent.
572 265 774 296 aufferremus
790 274 853 293 om-

138 321 207 341 nem
233 309 405 350 peouniam,
428 319 519 348 quam
543 309 741 338 Pantaenetus
762 308 853 337 nobis

137 354 280 388 deberet,
299 362 396 391 eoque
417 352 498 382 facto
515 352 671 386 abiremus,
688 358 719 380 et
740 350 853 380 missos

139 406 248 436 seque,
264 396 534 435 Pantaenetumque
549 395 731 429 faceremus,
743 399 797 423 aut
810 395 854 432 ip-

139 441 176 469 sis
188 439 363 469 retum-emus
377 440 640 478 pecuniam‚quam
655 437 715 478 ipsi
733 438 854 466 Pantae-

140 486 212 512 neto
229 481 444 511 credidissent.

182 542 220 547 —
240 528 272 556 4.
293 523 384 566 ἔχειν]
408 530 480 564 post
507 524 582 565 ἔχειν
604 529 655 554 aut
680 524 779 557 deest,
803 527 854 551 aut

139 571 222 597 certe
240 568 398 598 subaudiri
412 568 506 598 debet
517 568 660 598 ἀπαιτεῖν.
684 577 716 596 se
732 567 854 601 habere,

136 620 206 650 quae
218 621 237 640 a
248 612 429 641 Pantaeneto
437 615 611 650 reposcant,
622 610 718 640 multo
731 609 854 648 majoris

138 653 265 684 valoris.

179 714 223 719 -—-
238 698 290 727 23.
314 696 365 737 ὡς]
381 696 504 727 correxi
520 694 543 736 ᾧ
559 694 639 736 φίλος
653 694 683 726 ’ἦν
698 697 739 725 τιὶ
760 695 855 735 μάλι-

137 751 210 776 στα,
225 740 269 780 τῷ
282 739 399 781 Εὐέργῳ.
416 740 523 770 addito
539 740 668 770 articulo
685 738 739 780 τῷ.
762 738 855 769 Ever-

137 794 188 824 go,
202 793 286 823 quem
296 785 401 814 summi
405 782 554 824 faciebat.

179 843 223 849 —
238 828 293 858 27.
313 826 379 867 ἐμοὶ
393 827 490 857 (πάλιν
503 825 734 867 δυσκολαίνοντα]
759 824 856 864 parti-

135 869 236 900 culam
252 870 371 900 addidi.
391 880 508 907 rursus,
527 872 560 900 in
582 870 762 900 contrariam
784 879 856 908 par-

136 917 206 943 tem.

182 958 258 986 9¹71.
282 958 313 986 1.
342 954 412 996 ὑπὲξ
437 957 495 987 τῶν
519 954 621 986 τούτου
646 954 797 995 γινόμενος]
825 954 856 984 in

141 999 326 1039 Augustano
341 1002 421 1028 τινῶν
436 999 575 1030 additum
592 1003 641 1029 est
658 1006 729 1038 post
744 999 856 1033 τούτου,

141 1047 250 1073 contra
280 1043 367 1072 abest
396 1043 435 1072 ab
467 1043 576 1072 eodem
603 1043 670 1071 τῶν.
707 1042 856 1080 conjunxi

138 1090 315 1125 utrumque,
333 1090 366 1115 ut
381 1084 422 1116 sit
437 1085 507 1125 {mig
522 1088 577 1115 τῶν
591 1084 692 1115 τούτου
709 1087 788 1114 τινῶν
802 1096 856 1122 γιν.

138 1138 224 1168 super
239 1128 411 1169 quibusdam
431 1128 516 1158 ‘rebus
541 1129 577 1158 de
591 1128 758 1158 substantia
774 1128 857 1158 Pan-

138 1171 248 1202 taeneti.
270 1182 332 1202 non
348 1171 428 1201 enim
444 1175 539 1202 totam
559 1173 626 1210 ejus
644 1171 857 1208 substantiam,

138 1215 194 1245 sed
206 1214 416 1245 tantummodo
430 1225 550 1251 servos,
560 1225 616 1245 sen
630 1224 740 1254 operas
752 1214 782 1244 in
793 1225 857 1244 me-

135 1257 320 1291 tallifodinis
341 1258 516 1288 laborantes
533 1259 720 1293 vendebant,
736 1263 770 1287 ut
786 1268 803 1287 e
824 1268 857 1297 p.

139 1302 181 1332 97
184 1303 214 1332 2.
230 1303 282 1332 21.
299 1306 438 1341 apparet.

179 1361 224 1367 —
235 1346 289 1375 26.
312 1343 472 1385 παρόντων]
490 1345 565 1374 tollo
577 1353 697 1374 comma
711 1348 782 1383 post
798 1354 856 1373 πα-

139 1385 248 1427 ρόντων,
273 1388 355 1427 qnod
382 1387 566 1422 sententiam
591 1388 704 1418 turbat.
735 1387 856 1427 (qnam-

138 1440 229 1470 quam
245 1431 311 1460 haec
325 1435 386 1462 tam
401 1430 520 1461 minuta
534 1429 611 1461 alias
626 1440 686 1460 non
701 1430 788 1459 soleo
803 1439 857 1459 an-

138 1472 274 1515 notare.)
286 1478 322 1504 ut
334 1474 377 1513 sit
388 1473 542 1504 sententia
558 1474 625 1504 baec
637 1484 643 1503 ε
668 1483 737 1503 nam
754 1473 781 1503 si
795 1483 858 1503 am-

138 1517 197 1546 bos
218 1516 335 1556 pariter
353 1527 422 1554 nos,
437 1528 486 1547 me
503 1521 534 1546 et
554 1517 726 1555 Evergum,
743 1526 858 1555 eosque

138 1560 245 1590 ambos
256 1559 290 1590 in
305 1560 382 1590 urbe
393 1564 564 1599 praesentes
575 1566 608 1590 et
618 1570 721 1590 coram
736 1570 858 1590 versan-

139 1607 200 1639 tes,
215 1608 393 1634 accusasset
406 1603 516 1633 iisdem
530 1604 570 1633 de
586 1603 780 1638 criminibus,
800 1613 860 1633 non

139 1645 247 1686 utique
257 1657 352 1677 unum
362 1647 554 1687 arripuisset,
564 1647 708 1677 omittens
721 1646 860 1682 alterum,

140 1689 196 1720 sed
209 1691 316 1720 ambos
331 1690 443 1720 fuisset
451 1690 524 1728 jure
539 1695 735 1729 persecutus,
749 1690 787 1720 ad
800 1700 860 1719 πα-

142 1731 239 1773 ρόντων
259 1733 442 1763 subanditur
465 1733 544 1772 ἡμῶν
559 1731 585 1763 ἐν
600 1733 638 1774 τῇ
654 1731 749 1768 πόλει,
765 1733 858 1763 adeo-

141 1786 202 1815 que
216 1776 300 1806 idem
312 1780 373 1813 est,
389 1780 481 1816 atque
495 1775 726 1816 ἐπιδημούντων.
748 1775 797 1806 vis
812 1786 860 1807 ar-

140 1819 280 1859 gumenti
295 1819 327 1850 in
341 1820 402 1850 hoc
413 1820 510 1850 verbo
526 1820 618 1850 inest.
640 1820 758 1849 infirma
779 1819 860 1850 enim

143 1867 228 1893 esset
243 1863 481 1903 argumentatio,
495 1863 524 1893 si
540 1874 602 1903 quo
618 1869 757 1903 tempore
778 1863 860 1893 Pan-

140 1909 273 1935 taenetus
295 1907 453 1946 Evergum
472 1906 642 1936 insectatus
654 1911 750 1944 esset,
762 1907 860 1937 Nico-

142 1946 236 1978 bulus
251 1949 328 1979 urbe
339 1949 500 1980 abfuisset.

185 2009 230 2015 -—
251 1991 306 2022 ult.
337 1991 442 2033 πάλιν]
468 1995 542 2031 post
571 1991 668 2022 «πάλιν
694 1991 766 2022 addi
794 1993 861 2023 vult

143 2035 282 2065 Lambin.
305 2033 391 2066 δίκην.
411 2035 485 2066 addi
508 2045 638 2066 necesse
659 2035 702 2065 nil
727 2040 788 2072 est,
805 2036 860 2066 sed

142 2083 192 2109 est
206 2078 378 2109 subaudiri.
395 2089 426 2110 v.
438 2089 470 2118 p.
487 2080 562 2109 972.
576 2079 630 2109 19.

185 2122 261 2153 972.
279 2125 311 2154 8.
332 2122 389 2164 οὔχ
401 2121 525 2163 ἥκιστα]
542 2124 740 2159 Augustanus
753 2121 860 2153 ἥκιστα

142 2164 268 2195 omittit.
299 2167 383 2206 qnod
407 2165 490 2196 baud
513 2165 626 2205 placet.
659 2175 726 2195 nam
753 2165 862 2196 ἥκιστα

141 2207 208 2239 sine
222 2208 280 2251 οὔχ
291 2218 353 2243 non
369 2209 452 2239 solet
467 2208 514 2239 sic
534 2209 617 2238 uude
633 2209 785 2248 usurpari.
809 2209 862 2239 de-

141 2251 214 2283 inde
243 2261 304 2282 nou
325 2251 473 2283 convenit
500 2252 669 2282 sententiae.
702 2252 864 2293 praecessit

142 2294 223 2325 enim
237 2295 267 2325 οὖ
280 2295 422 2336 προσ-ἣκει.
446 2295 528 2335 quod
544 2306 604 2325 non
625 2301 730 2336 posset
749 2295 863 2334 repeti,

145 2338 200 2368 sed
215 2338 343 2369 deberet
357 2338 388 2369 οὔ
399 2338 511 2369 omitti.
528 2339 655 2378 vulgata
668 2339 747 2369 bene
761 2339 863 2369 habet.

141 2381 224 2411 idem
239 2385 287 2411 est
296 2381 521 2412 acsidixisset:
533 2382 674 2421 μάλιστα
687 2381 717 2412 δὲ
731 2382 760 2412 οὗ
775 2393 864 2422 ergoe-

141 2423 201 2454 ἥκει
235 2422 402 2464 δικάζεσθαι
427 2425 544 2456 τούτων.
577 2435 648 2456 nam
671 2437 728 2467 ουχ
755 2425 865 2458 ἥκιστα

145 2466 326 2508 aequipollet
339 2468 384 2507 τῷ
395 2468 547 2503 μάλιστα.

184 2528 229 2534 ——-
244 2513 297 2542 12.
319 2510 370 2540 καὶ
383 2511 446 2551 περὶ
460 2513 514 2540 τῶν
528 2510 638 2552 ἄλλων]
657 2511 760 2542 locum
783 2512 866 2542 hunc

145 2564 336 2584 communem
347 2554 492 2594 attigerat
504 2556 566 2593 jam
579 2564 673 2593 supra
683 2565 716 2594 p.
728 2556 802 2587 952.
813 2557 867 2587 25.

187 2615 232 2620 —
247 2599 300 2628 17.
321 2599 378 2627 τῶν
391 2596 504 2638 ἄλλων]
532 2598 750 2637 complectitur
760 2609 868 2629 causa-

147 2639 249 2671 tiones
261 2650 379 2677 omnes,
396 2642 436 2671 ob
451 2651 528 2680 quas
540 2640 608 2680 quis
623 2641 710 2671 litem
721 2641 868 2679 instituit,

146 2688 179 2714 et
189 2694 265 2723 quas
279 2688 383 2715 orator
394 2684 487 2714 modo
499 2690 804 2722 commemoraverat,
814 2686 869 2716 illa

146 2737 206 2762 una
227 2733 372 2767 excepta,
385 2737 455 2758 oum
479 2733 563 2758 actor
579 2728 681 2758 denuo
707 2728 792 2759 litem
818 2740 868 2760 re·

147 2775 274 2806 staurat,
286 2775 450 2810 postquam
465 2781 519 2801 reo
532 2771 715 2803 remisisset.

189 2831 234 2837 —
247 2813 324 2844 ibid.
339 2817 395 2844 τῶν
407 2814 504 2845 ἄλλων
517 2815 640 2865 τούτων]
653 2814 798 2845 vitiosum
810 2815 869 2845 hoc

149 2855 260 2887 videns
274 2868 356 2895 esse,
377 2868 437 2888 non
460 2858 596 2898 reperio,
612 2859 766 2898 quomodo
784 2869 871 2889 sane-

149 2903 208 2932 tur.
231 2910 302 2931 num
315 2901 395 2954 παρά,
408 2913 439 2932 τι
451 2904 509 2933 τῶν
519 2901 616 2933 ἄλλων
630 2904 688 2933 τῶν
701 2901 871 2943 γεγραμμέ-

148 2952 197 2972 νων
212 2941 240 2972 ἓν
253 2943 297 2984 τᾷ
309 2943 385 2984 νόμω
399 2944 504 2986 τούτῳ.

191 3002 236 3008 ·—
250 2977 303 3017 26.
325 2988 560 3031 ἄναλισκόμενον]
577 2989 702 3022 divisi·
694 3000 724 3020 m
740 2989 801 3020 duo
816 2999 872 3020 vo-

146 3038 231 3060 rot..
248 3039 278 3060 v.

1521 159 1605 200 217

888 263 998 292 cabula
1016 264 1048 293 ἂν
1064 264 1258 303 ἁλιτκόμενον.
1281 276 1342 299 me,
1359 265 1412 305 qui
1428 264 1494 295 sine
1509 264 1605 294 dubio

888 306 1013 336 fuissem
1031 316 1132 336 causae
1147 317 1286 342 casurus,
1303 309 1330 337 si
1344 308 1536 338 solummodo
1557 307 1607 348 ip·

890 349 954 378 sius
976 359 1077 379 causae
1088 355 1196 379 natura
1217 356 1421 390 spectaretur,
1444 356 1476 381 et
1502 351 1530 380 ei
1551 352 1606 389 jus

888 403 1008 431 aequum
1022 392 1216 422 redderetur.
1261 394 1323 422 Sed
1337 404 1393 432 pro
1406 394 1465 427 τοῖς
1476 393 1606 434 περὶτῶν

889 436 1073 475 πραγμάτων
1088 447 1118 465 v.
1135 436 1187 466 25.
1212 436 1275 474 leg.
1297 436 1419 466 videtur
1441 439 1503 470 τοῖς
1525 438 1605 477 παραὶ

888 481 943 508 τῶν
959 490 1007 519 vg.
1020 480 1149 517 juribus
1165 488 1197 509 ecc
1212 480 1275 517 ipsa
1297 488 1397 508 rerum
1423 486 1536 510 natura
1558 491 1606 510 ex-

888 523 1066 552 sistentibus.

933 566 1007 596 973.
1019 567 1071 596 19.
1088 564 1260 605 ἀτιμῶσαι]
1278 565 1315 594 ad
1329 565 1493 604 ἀτιμῶσαι,
1509 570 1541 595 et
1552 576 1607 605 pa-

889 608 966 638 riter
981 609 1019 638 ad
1035 608 1144 649 πρᾶξαι
1159 620 1190 638 v.
1207 610 1260 638 20.
1272 608 1453 638 subauditur
1468 608 1562 638 αὐτόν.

931 670 976 674 -—
991 654 1044 682 22.
1069 650 1101 681 τί
1115 650 1157 681 οὖν
1172 651 1239 682 ἐστὶ
1254 652 1355 693 τοῦτο]
1373 651 1446 691 quid
1468 651 1527 681 hoc
1549 652 1606 681 ita-

889 705 949 734 que
966 695 1026 725 sibi
1041 696 1107 727 vult
1130 695 1269 726 facinus?
1293 696 1368 735 quid
1384 705 1421 725 eo
1437 694 1604 735 quaeritur
1598 694 1608 713 ²

889 739 963 779 quid
975 739 1176 779 designatur?

933 792 1052 820 —pen.
1070 781 1104 812 τὸ
1119 781 1168 812 ἐπὶ
1179 780 1359 823 Θρασίλλου]
1376 780 1501 812 correxi
1514 778 1548 810 τό
1561 779 1612 810 {vri

891 826 1070 878 Θρασύλλου.
1094 822 1610 866 οἰῐεῐῇ.1.Ηω’ροοτ.ν.επιΘςα

891 869 1001 909 σύλλςυ.
1025 880 1093 900 nam
1115 870 1161 899 sic
1181 869 1235 900 ille
1255 879 1316 899 non
1339 870 1431 899 modo
1455 867 1611 903 exhibuit,

891 914 945 942 sed
970 904 1063 943 etiam
1083 913 1127 943 ita
1147 913 1334 944 exarandum
1354 911 1516 953 praecepit,
1532 911 1613 941 affir-

892 966 976 986 mans
990 967 1059 986 eum
1075 955 1250 987 Atticorum
1265 967 1336 987 esse
1356 966 1486 993 morem,
1500 958 1535 984 ut
1558 952 1608 984 ἐπὶ

892 999 1052 1053 Θρασύλλω
1077 1000 1109 1029 in
1133 1000 1241 1031 dativo
1268 1000 1383 1036 dicant,
1409 1010 1466 1040 pro
1489 997 1538 1029 ἐπὶ
1566 998 1611 1038 τῷ

891 1042 1062 1083 Θρασύλλου
1076 1043 1223 1083 μνῆματι.
1248 1044 1331 1083 quod
1353 1043 1424 1073 loco
1445 1052 1501 1073 suo
1520 1041 1610 1081 posi-

892 1091 955 1115 tum
970 1086 1152 1126 relinquam.
1169 1086 1243 1116 mibi
1256 1087 1382 1127 vulgata
1395 1087 1475 1117 bene
1485 1085 1611 1116 videtur

891 1129 1016 1165 babere,
1044 1134 1076 1159 et
1101 1129 1136 1159 τὸ
1160 1128 1208 1159 ἐπὶ
1235 1130 1405 1171 Θρασύλλου
1431 1130 1515 1160 idem
1539 1138 1610 1158 esse

891 1172 1016 1202 brevius
1031 1172 1159 1209 dictum,
1174 1178 1266 1213 atque
1281 1173 1403 1213 plenius
1418 1172 1452 1203 τὸ
1465 1171 1610 1213 ἐργαστή-

892 1227 943 1256 ξιον
958 1215 991 1245 τὸ
1006 1215 1055 1246 ἐπὶ
1067 1216 1237 1256 Θρασύλλου
1250 1215 1312 1257 ὄρει.
1335 1217 1444 1246 Solent
1456 1215 1610 1265 ejusmodi

891 1264 1012 1289 montes
1034 1260 1166 1290 metallis
1190 1261 1257 1291 soeti
1277 1271 1295 1290 e
1309 1260 1432 1290 nomine
1447 1259 1542 1299 primi
1557 1270 1611 1289 cu-

887 1303 1001 1341 jusque
1017 1304 1217 1343 possessoris,
1230 1308 1283 1334 aut
1297 1303 1325 1334 si
1340 1303 1410 1343 quis
1424 1303 1543 1343 primus
1556 1313 1613 1332 ex-

892 1346 1000 1381 ercuit,
1016 1347 1177 1386 appellari.
1200 1352 1234 1378 ut
1257 1346 1424 1381 clausthaz‚
1440 1346 1532 1377 vallis
1554 1346 1612 1376 Ni-

893 1388 984 1423 colai,
1000 1393 1031 1418 et
1046 1388 1253 1423 lochimsthaz,
1265 1393 1297 1419 et
1311 1389 1372 1419 alia
1382 1389 1466 1420 talia.

935 1433 1011 1461 974.
1027 1434 1078 1461 10.
1100 1432 1136 1465 ὣς
1156 1430 1255 1472 αὐτὸν]
1276 1431 1361 1462 idem
1384 1437 1433 1463 est
1457 1442 1493 1462 ac
1515 1433 1542 1462 si
1565 1432 1612 1463 di·

890 1474 1008 1504 xisset:
1035 1475 1071 1509 ὡς
1095 1474 1119 1503 εἰ
1143 1474 1226 1505 αὑτὸν
1246 1473 1418 1506 κατέστησε
1441 1476 1613 1515 φυλάττειν,

893 1522 965 1548 aut:
989 1517 1024 1552 ὡς
1045 1518 1068 1547 εἰ
1085 1516 1170 1550 αὐτὸς
1186 1517 1358 1559 ἐφύλαττεν.
1380 1529 1415 1549 ac
1430 1520 1455 1549 si
1470 1520 1530 1559 ipse
1554 1529 1609 1549 cu-

893 1560 1035 1591 stodiret.

935 1623 979 1627 --
993 1605 1045 1634 16.
1070 1604 1250 1647 Κεγχρεῶνα]
1267 1605 1352 1635 Citat
1369 1606 1399 1635 b.
1415 1605 1438 1635 l.
1457 1605 1613 1646 Harpocr.

894 1658 924 1677 v.
944 1649 1120 1688 Κεγχςεῶνα.

935 1709 980 1714 -—
991 1694 1040 1721 18.
1059 1689 1261 1731 προκαλεῖσθαι
1273 1691 1404 1734 τούτους]
1415 1702 1455 1722 ex
1469 1703 1518 1728 eo,
1529 1694 1613 1733 quod

893 1734 1073 1765 invitassem
1100 1736 1326 1772 Pantaenetum‚
1347 1741 1383 1765 ut
1407 1746 1515 1766 servos
1539 1737 1611 1768 illos

894 1779 933 1808 ad
957 1779 1172 1818 quaesitionem
1199 1789 1256 1818 per
1281 1783 1435 1809 tormenta
1464 1780 1614 1817 traderet,

894 1821 1037 1857 invitavi,
1055 1823 1111 1852 sed
1124 1822 1179 1852 ille
1192 1822 1293 1853 noluit
1304 1823 1437 1853 tradere.

937 1883 980 1887 ——
997 1867 1048 1894 20.
1071 1865 1200 1907 ἔπειθον]
1218 1865 1286 1896 scil.
1304 1865 1483 1907 καθέζεσθαι
1504 1867 1544 1901 εἷς
1564 1867 1612 1897 τὸν

894 1909 1071 1949 Κεγχρεῶνα.

936 1969 980 1974 -
991 1953 1044 1982 22.
1061 1951 1275 1993 ἢκτὴσασθαι]
1291 1953 1379 1983 uncis
1390 1952 1511 1983 inclusi.
1535 1953 1613 1984 Sunt

895 1994 976 2025 enim
991 1999 1045 2024 aut
1057 1995 1220 2032 scholium,
1235 2001 1289 2026 aut
1300 1996 1421 2027 varians
1433 1996 1529 2027 lectio
1541 2008 1612 2029 ver-

895 2037 1032 2068 borum*
1019 2051 1034 2069 n
1047 2037 1133 2090 ἔχειν.

938 2099 982 2104 —-
997 2083 1050 2112 23.
1073 2080 1191 2121 εἱλόμην
1213 2081 1418 2123 κομισασθαι]
1443 2084 1574 2115 subaudi
1598 2097 1614 2116 e

896 2124 1039 2164 proximo
1052 2126 1094 2155 τὰ
1109 2123 1250 2165 ἐμαυτοῦ.
1268 2136 1453 2165 recuperare
1463 2137 1617 2165 nummos,

895 2178 972 2216 quos
986 2169 1165 2199 Pantaeneto
1181 2168 1392 2200 credidissem.
1416 2170 1459 2199 nil
1473 2181 1554 2210 opus
1568 2178 1618 2202 est

896 2211 957 2241 ista
968 2211 1064 2241 verba
1079 2212 1165 2248 addi,
1177 2213 1258 2252 quod
1275 2212 1342 2243 fieri
1359 2212 1526 2244 Lambinus
1539 2225 1619 2255 prae-

896 2254 989 2294 cepit.

939 2316 983 2321 —
999 2300 1052 2329 24.
1074 2296 1189 2340 ὅμοῖως]
1211 2297 1271 2328 1.“
1254 2311 1343 2339 ομως.
1365 2299 1490 2330 dixerat
1513 2302 1620 2341 paullo

897 2346 980 2378 ante,
997 2347 1139 2372 constare
1159 2353 1198 2372 ex
1221 2343 1361 2372 omnibus
1386 2354 1488 2374 causae
1511 2346 1618 2384 adjun-

899 2385 969 2422 ctis,
979 2386 1191 2416 Pantaenetum
1207 2386 1330 2416 mentiri
1344 2398 1351 2423 ;
1367 2397 1466 2426 eoque
1481 2387 1523 2418 nil
1539 2400 1618 2428 opus

899 2438 980 2465 esse,
997 2433 1032 2458 ut
1049 2429 1180 2459 formula
1203 2429 1436 2469 provocationis
1458 2431 1497 2462 de
1517 2434 1618 2465 servis

899 2472 1059 2503 tradendis
1069 2472 1227 2503 recitetur.
1251 2474 1293 2503 At
1304 2473 1502 2505 nibilominus
1517 2481 1618 2508 tamen

900 2520 945 2552 tu,
960 2515 1014 2553 ait,
1030 2515 1144 2551 scriba,
1160 2515 1258 2546 recita
1273 2515 1364 2547 istam
1379 2516 1551 2550 formulam.

942 2561 1050 2610 -ῌΞὸ,
1067 2559 1224 2601 ἀργυριτιν]
1240 2559 1326 2590 Citat
1340 2561 1371 2592 h.
1382 2560 1403 2591 Ι.
1416 2562 1571 2602 Harpocr.
1585 2575 1617 2594 v.

900 2601 1055 2644 ἀργυρῖτις.
1091 2602 1237 2633 videntur
1266 2603 1418 2635 dictiones
1446 2603 1619 2646 ἒςγίιζεσθαι

901 2647 1043 2687 ἀργυρῖτιν
1059 2644 1158 2685 [aut’
1142 2646 1276 2687 αργύριον,
1291 2651 1343 2677 aut
1353 2646 1519 2686 μέταλλον,
1535 2651 1621 2681 simi·

900 2689 960 2730 lia]
976 2694 1008 2719 et
1021 2689 1251 2730 κατεργάζεσθαι
1265 2691 1404 2721 nonnihil
1419 2690 1498 2722 inter
1511 2704 1543 2723 se
1560 2694 1621 2724 dif-

902 2733 995 2769 ferre,
1019 2733 1064 2763 sic
1092 2743 1213 2773 nempe,
1235 2739 1269 2764 ut
1294 2734 1429 2775 simplex
1451 2734 1619 2775 ἐργάζεσθαι

903 2776 945 2806 sit
981 2776 1100 2816 glebam
1137 2781 1324 2816 argenteam,
1356 2779 1405 2808 vel
1435 2779 1619 2809 metallicam

903 2829 1054 2860 quamque
1068 2831 1086 2850 e
1101 2824 1191 2850 terrae
1205 2820 1379 2851 visceribus
1392 2832 1514 2858 eruere,
1526 2833 1542 2852 a
1553 2833 1619 2853 sor-

903 2863 997 2893 dibus
1021 2864 1222 2894 terrestribus
1246 2869 1278 2894 et
1300 2864 1404 2895 saxeis
1425 2875 1569 2905 purgare,
1590 2867 1619 2897 iu

904 2906 1019 2936 minuta
1030 2907 1179 2947 fragmina
1189 2908 1388 2944 contundere,
1398 2908 1541 2945 conflare,
1552 2920 1623 2941 ver-

904 2950 946 2980 bo
969 2950 1105 2982 crassius
1125 2951 1293 2982 elaborare.
1316 2950 1552 2992 ιιατεςγάζεσὸαι
1568 2963 1622 2984 nu-

906 2998 969 3024 tem
983 2994 1115 3034 liquare,
1131 2995 1312 3034 diligentius
1326 3004 1505 3035 repurgare,
1521 3001 1553 3026 et
1567 3008 1622 3028 ex-

906 3041 926 3068 2
945 3048 962 3067 r
