<?xml version="1.0" encoding="UTF-8"?>
<!DOCTYPE html PUBLIC "-//W3C//DTD XHTML 1.0 Transitional//EN"
    "http://www.w3.org/TR/xhtml1/DTD/xhtml1-transitional.dtd">
<html xmlns="http://www.w3.org/1999/xhtml" xml:lang="en" lang="en">
 <head>
  <title>
</title>
<meta http-equiv="Content-Type" content="text/html;charset=utf-8" />
  <meta name='ocr-system' content='tesseract 3.04.00' />
  <meta name='ocr-capabilities' content='ocr_page ocr_carea ocr_par ocr_line ocrx_word'/>
</head>
<body>
  <div class='ocr_page' id='page_1' title='image "./oratoresatticie09dobs/oratoresatticie09dobs_0255.png"; bbox 0 0 1931 3322; ppageno 0'>
   <div class='ocr_carea' id='block_1_1' title="bbox 361 203 1374 251">
    <p class='ocr_par' dir='ltr' id='par_1_1' title="bbox 361 203 1374 251">
     <span class='ocr_line' id='line_1_1' title="bbox 361 203 1374 251; baseline -0.003 -3"><span class='ocrx_word' id='word_1_1' title='bbox 361 205 445 248; x_wconf 94' lang='lat' dir='ltr'><strong>AD</strong></span> <span class='ocrx_word' id='word_1_2' title='bbox 476 203 848 251; x_wconf 84' lang='lat' dir='ltr'><strong>ORATIONEM</strong></span> <span class='ocrx_word' id='word_1_3' title='bbox 882 204 946 245; x_wconf 87' lang='lat' dir='ltr'><strong>IN</strong></span> <span class='ocrx_word' id='word_1_4' title='bbox 977 203 1374 248; x_wconf 86' lang='lat' dir='ltr'><strong><em>LEOCHAREM.</em></strong></span> 
     </span>
    </p>
   </div>
   <div class='ocr_carea' id='block_1_2' title="bbox 143 311 872 3062">
    <p class='ocr_par' dir='ltr' id='par_1_2' title="bbox 143 311 859 481">
     <span class='ocr_line' id='line_1_2' title="bbox 147 311 859 353; baseline -0.003 -10"><span class='ocrx_word' id='word_1_5' title='bbox 147 313 361 353; x_wconf 74' lang='lat' dir='ltr'><strong>appellabatur</strong></span> <span class='ocrx_word' id='word_1_6' title='bbox 375 314 472 353; x_wconf 74' lang='grc' dir='ltr'><strong><em>κυρίως</em></strong></span> <span class='ocrx_word' id='word_1_7' title='bbox 487 312 602 346; x_wconf 76' lang='grc' dir='ltr'><strong><em>ποιητὸς</em></strong></span> <span class='ocrx_word' id='word_1_8' title='bbox 617 311 685 348; x_wconf 79' lang='grc' dir='ltr'><strong>υἱός,</strong></span> <span class='ocrx_word' id='word_1_9' title='bbox 700 312 752 351; x_wconf 90' lang='lat' dir='ltr'><strong>qui</strong></span> <span class='ocrx_word' id='word_1_10' title='bbox 767 312 805 341; x_wconf 90' lang='lat' dir='ltr'><strong>ab</strong></span> <span class='ocrx_word' id='word_1_11' title='bbox 821 311 859 341; x_wconf 92' lang='lat' dir='ltr'><strong>il-</strong></span> 
     </span>
     <span class='ocr_line' id='line_1_3' title="bbox 143 356 858 396; baseline -0.003 -10"><span class='ocrx_word' id='word_1_12' title='bbox 143 357 187 392; x_wconf 86' lang='lat' dir='ltr'><strong>lo,</strong></span> <span class='ocrx_word' id='word_1_13' title='bbox 207 358 296 396; x_wconf 78' lang='lat' dir='ltr'><strong>cujus</strong></span> <span class='ocrx_word' id='word_1_14' title='bbox 310 367 344 387; x_wconf 82' lang='lat' dir='ltr'><strong>se</strong></span> <span class='ocrx_word' id='word_1_15' title='bbox 363 356 457 386; x_wconf 79' lang='lat' dir='ltr'><strong>fllium</strong></span> <span class='ocrx_word' id='word_1_16' title='bbox 480 357 586 392; x_wconf 77' lang='lat' dir='ltr'><strong>sei-ret,</strong></span> <span class='ocrx_word' id='word_1_17' title='bbox 600 356 670 394; x_wconf 88' lang='lat' dir='ltr'><strong>ipso</strong></span> <span class='ocrx_word' id='word_1_18' title='bbox 691 356 789 385; x_wconf 86' lang='lat' dir='ltr'><strong>adhuc</strong></span> <span class='ocrx_word' id='word_1_19' title='bbox 807 366 858 384; x_wconf 90' lang='lat' dir='ltr'><strong>su-</strong></span> 
     </span>
     <span class='ocr_line' id='line_1_4' title="bbox 144 398 858 439; baseline -0.003 -10"><span class='ocrx_word' id='word_1_20' title='bbox 144 400 287 439; x_wconf 83' lang='lat' dir='ltr'><strong>perstite,</strong></span> <span class='ocrx_word' id='word_1_21' title='bbox 318 403 349 429; x_wconf 85' lang='lat' dir='ltr'><strong>et</strong></span> <span class='ocrx_word' id='word_1_22' title='bbox 378 399 476 430; x_wconf 84' lang='lat' dir='ltr'><strong>libere</strong></span> <span class='ocrx_word' id='word_1_23' title='bbox 511 404 634 439; x_wconf 83' lang='lat' dir='ltr'><strong>agente,</strong></span> <span class='ocrx_word' id='word_1_24' title='bbox 666 403 748 429; x_wconf 84' lang='lat' dir='ltr'><strong>esset</strong></span> <span class='ocrx_word' id='word_1_25' title='bbox 777 398 858 428; x_wconf 86' lang='lat' dir='ltr'><strong>filius</strong></span> 
     </span>
     <span class='ocr_line' id='line_1_5' title="bbox 145 442 320 481; baseline -0.011 -9"><span class='ocrx_word' id='word_1_26' title='bbox 145 442 320 481; x_wconf 78' lang='lat' dir='ltr'><strong>adoptatus.</strong></span> 
     </span>
    </p>

    <p class='ocr_par' dir='ltr' id='par_1_3' title="bbox 145 483 858 557">
     <span class='ocr_line' id='line_1_6' title="bbox 187 483 858 525; baseline -0.001 -11"><span class='ocrx_word' id='word_1_27' title='bbox 187 501 230 507; x_wconf 93' lang='lat'>—</span> <span class='ocrx_word' id='word_1_28' title='bbox 247 486 300 515; x_wconf 88' lang='grc'><strong>19.</strong></span> <span class='ocrx_word' id='word_1_29' title='bbox 324 484 354 514; x_wconf 79' lang='grc' dir='ltr'><strong>οὐ</strong></span> <span class='ocrx_word' id='word_1_30' title='bbox 376 483 406 515; x_wconf 68' lang='grc' dir='ltr'><strong>δὴ</strong></span> <span class='ocrx_word' id='word_1_31' title='bbox 433 483 548 525; x_wconf 76' lang='grc' dir='ltr'><strong><em>δίκαιον]</em></strong></span> <span class='ocrx_word' id='word_1_32' title='bbox 578 485 681 514; x_wconf 87' lang='lat' dir='ltr'><strong>malim</strong></span> <span class='ocrx_word' id='word_1_33' title='bbox 703 483 772 513; x_wconf 81' lang='grc' dir='ltr'>ἀλλ’</span> <span class='ocrx_word' id='word_1_34' title='bbox 794 483 858 524; x_wconf 72' lang='grc' dir='ltr'><strong>οὐχὶ</strong></span> 
     </span>
     <span class='ocr_line' id='line_1_7' title="bbox 145 525 254 557; baseline 0 0"><span class='ocrx_word' id='word_1_35' title='bbox 145 525 254 557; x_wconf 67' lang='grc' dir='ltr'><strong>δίκαιον.</strong></span> 
     </span>
    </p>

    <p class='ocr_par' dir='ltr' id='par_1_4' title="bbox 143 568 863 951">
     <span class='ocr_line' id='line_1_8' title="bbox 187 568 856 611; baseline -0.003 -11"><span class='ocrx_word' id='word_1_36' title='bbox 187 586 232 592; x_wconf 84' lang='lat'><strong>—-</strong></span> <span class='ocrx_word' id='word_1_37' title='bbox 248 572 301 601; x_wconf 79' lang='lat'><strong>21.</strong></span> <span class='ocrx_word' id='word_1_38' title='bbox 324 568 372 599; x_wconf 77' lang='grc' dir='ltr'><strong>ἐπὶ</strong></span> <span class='ocrx_word' id='word_1_39' title='bbox 393 568 448 610; x_wconf 79' lang='grc' dir='ltr'><strong><em>μὲν</em></strong></span> <span class='ocrx_word' id='word_1_40' title='bbox 462 571 511 600; x_wconf 77' lang='grc' dir='ltr'><strong>τοῦ</strong></span> <span class='ocrx_word' id='word_1_41' title='bbox 535 569 617 608; x_wconf 83' lang='grc' dir='ltr'><strong>λόγου</strong></span> <span class='ocrx_word' id='word_1_42' title='bbox 627 570 685 611; x_wconf 84' lang='grc'><strong>-]</strong></span> <span class='ocrx_word' id='word_1_43' title='bbox 710 569 768 599; x_wconf 83' lang='lat' dir='ltr'><strong>fuit</strong></span> <span class='ocrx_word' id='word_1_44' title='bbox 785 569 856 599; x_wconf 87' lang='lat' dir='ltr'><strong>olim</strong></span> 
     </span>
     <span class='ocr_line' id='line_1_9' title="bbox 146 612 858 651; baseline -0.001 -9"><span class='ocrx_word' id='word_1_45' title='bbox 146 612 246 643; x_wconf 74' lang='lat' dir='ltr'><strong>adhue</strong></span> <span class='ocrx_word' id='word_1_46' title='bbox 272 613 333 643; x_wconf 80' lang='lat' dir='ltr'><strong>alia</strong></span> <span class='ocrx_word' id='word_1_47' title='bbox 357 613 450 643; x_wconf 85' lang='lat' dir='ltr'><strong>lectio</strong></span> <span class='ocrx_word' id='word_1_48' title='bbox 469 612 499 643; x_wconf 85' lang='lat' dir='ltr'><strong>in</strong></span> <span class='ocrx_word' id='word_1_49' title='bbox 520 613 608 643; x_wconf 85' lang='lat' dir='ltr'><strong>libris</strong></span> <span class='ocrx_word' id='word_1_50' title='bbox 625 614 713 651; x_wconf 86' lang='lat' dir='ltr'><strong>cujus</strong></span> <span class='ocrx_word' id='word_1_51' title='bbox 728 612 858 651; x_wconf 82' lang='lat' dir='ltr'><strong>vestigia</strong></span> 
     </span>
     <span class='ocr_line' id='line_1_10' title="bbox 144 655 857 694; baseline -0.003 -9"><span class='ocrx_word' id='word_1_52' title='bbox 144 656 284 694; x_wconf 76' lang='lat' dir='ltr'><strong>quaedam</strong></span> <span class='ocrx_word' id='word_1_53' title='bbox 300 656 438 686; x_wconf 82' lang='lat' dir='ltr'><strong>servavit</strong></span> <span class='ocrx_word' id='word_1_54' title='bbox 457 658 666 694; x_wconf 74' lang='lat' dir='ltr'><strong>Augustanus,</strong></span> <span class='ocrx_word' id='word_1_55' title='bbox 689 655 756 685; x_wconf 82' lang='lat' dir='ltr'><strong>scil.</strong></span> <span class='ocrx_word' id='word_1_56' title='bbox 773 656 837 684; x_wconf 82' lang='lat' dir='ltr'><strong>haec</strong></span> <span class='ocrx_word' id='word_1_57' title='bbox 851 665 857 683; x_wconf 72' lang='grc' dir='ltr'>ε</span> 
     </span>
     <span class='ocr_line' id='line_1_11' title="bbox 144 696 859 739; baseline -0.001 -12"><span class='ocrx_word' id='word_1_58' title='bbox 144 697 169 728; x_wconf 81' lang='grc' dir='ltr'><strong>εἲ</strong></span> <span class='ocrx_word' id='word_1_59' title='bbox 185 696 234 728; x_wconf 75' lang='grc' dir='ltr'><strong>ἐπὶ</strong></span> <span class='ocrx_word' id='word_1_60' title='bbox 251 697 308 737; x_wconf 78' lang='grc' dir='ltr'><strong><em>μὲν</em></strong></span> <span class='ocrx_word' id='word_1_61' title='bbox 321 699 372 728; x_wconf 78' lang='grc' dir='ltr'><strong>τοῦ</strong></span> <span class='ocrx_word' id='word_1_62' title='bbox 387 698 471 736; x_wconf 78' lang='grc' dir='ltr'><strong><em>λόγου</em></strong></span> <span class='ocrx_word' id='word_1_63' title='bbox 486 697 532 738; x_wconf 85' lang='lat' dir='ltr'><strong>[id</strong></span> <span class='ocrx_word' id='word_1_64' title='bbox 549 703 610 735; x_wconf 85' lang='lat' dir='ltr'><strong>est,</strong></span> <span class='ocrx_word' id='word_1_65' title='bbox 623 698 662 739; x_wconf 66' lang='grc' dir='ltr'><strong>τῇ</strong></span> <span class='ocrx_word' id='word_1_66' title='bbox 674 697 743 737; x_wconf 71' lang='grc' dir='ltr'><strong>ὑπὲρ</strong></span> <span class='ocrx_word' id='word_1_67' title='bbox 759 697 859 727; x_wconf 76' lang='grc' dir='ltr'><strong><em>ἑαυτοῦ</em></strong></span> 
     </span>
     <span class='ocr_line' id='line_1_12' title="bbox 143 739 861 780; baseline -0.001 -10"><span class='ocrx_word' id='word_1_68' title='bbox 143 740 301 780; x_wconf 72' lang='grc' dir='ltr'>ἀπολογίᾳ]</span> <span class='ocrx_word' id='word_1_69' title='bbox 310 739 418 770; x_wconf 73' lang='grc' dir='ltr'>αὐτίκα</span> <span class='ocrx_word' id='word_1_70' title='bbox 433 741 461 771; x_wconf 78' lang='grc' dir='ltr'><strong>δὴ</strong></span> <span class='ocrx_word' id='word_1_71' title='bbox 486 741 576 779; x_wconf 75' lang='grc' dir='ltr'>μάλα,</span> <span class='ocrx_word' id='word_1_72' title='bbox 590 741 674 779; x_wconf 74' lang='grc' dir='ltr'><strong><em>φήσει</em></strong></span> <span class='ocrx_word' id='word_1_73' title='bbox 696 739 806 771; x_wconf 74' lang='grc' dir='ltr'><strong><em>ποιητὸν</em></strong></span> <span class='ocrx_word' id='word_1_74' title='bbox 821 739 861 770; x_wconf 73' lang='grc' dir='ltr'><strong>εἶ-</strong></span> 
     </span>
     <span class='ocr_line' id='line_1_13' title="bbox 145 781 860 825; baseline 0 -13"><span class='ocrx_word' id='word_1_75' title='bbox 145 793 199 818; x_wconf 75' lang='grc' dir='ltr'><strong><em>ναι,</em></strong></span> <span class='ocrx_word' id='word_1_76' title='bbox 222 782 248 812; x_wconf 82' lang='grc' dir='ltr'><strong><em>ἐν</em></strong></span> <span class='ocrx_word' id='word_1_77' title='bbox 271 782 300 813; x_wconf 80' lang='grc' dir='ltr'><strong>δὲ</strong></span> <span class='ocrx_word' id='word_1_78' title='bbox 319 783 359 825; x_wconf 57' lang='lat' dir='ltr'><strong>‘rii</strong></span> <span class='ocrx_word' id='word_1_79' title='bbox 380 782 571 824; x_wconf 69' lang='grc' dir='ltr'><strong>διαμαρτυρίᾳ</strong></span> <span class='ocrx_word' id='word_1_80' title='bbox 597 785 682 814; x_wconf 78' lang='grc' dir='ltr'><strong>τοῦτο</strong></span> <span class='ocrx_word' id='word_1_81' title='bbox 706 785 749 824; x_wconf 79' lang='grc' dir='ltr'><strong>μὴ</strong></span> <span class='ocrx_word' id='word_1_82' title='bbox 777 781 860 813; x_wconf 76' lang='grc' dir='ltr'>ἐτόλ-</span> 
     </span>
     <span class='ocr_line' id='line_1_14' title="bbox 145 825 863 867; baseline -0.003 -10"><span class='ocrx_word' id='word_1_83' title='bbox 145 836 226 866; x_wconf 75' lang='grc' dir='ltr'><strong><em>μησε</em></strong></span> <span class='ocrx_word' id='word_1_84' title='bbox 247 825 323 866; x_wconf 86' lang='lat' dir='ltr'><strong>[non</strong></span> <span class='ocrx_word' id='word_1_85' title='bbox 339 827 494 867; x_wconf 72' lang='grc' dir='ltr'>τολμήσει,</span> <span class='ocrx_word' id='word_1_86' title='bbox 511 831 544 856; x_wconf 83' lang='lat' dir='ltr'><strong>ut</strong></span> <span class='ocrx_word' id='word_1_87' title='bbox 559 827 666 856; x_wconf 82' lang='lat' dir='ltr'><strong>retulit</strong></span> <span class='ocrx_word' id='word_1_88' title='bbox 681 826 778 867; x_wconf 87' lang='lat' dir='ltr'><strong>Aug.]</strong></span> <span class='ocrx_word' id='word_1_89' title='bbox 794 826 863 866; x_wconf 75' lang='grc' dir='ltr'><strong>γρά-</strong></span> 
     </span>
     <span class='ocr_line' id='line_1_15' title="bbox 147 867 863 909; baseline 0 -11"><span class='ocrx_word' id='word_1_90' title='bbox 147 867 214 906; x_wconf 62' lang='grc' dir='ltr'><strong>ψαι.</strong></span> <span class='ocrx_word' id='word_1_91' title='bbox 231 874 263 899; x_wconf 87' lang='lat' dir='ltr'><strong>et</strong></span> <span class='ocrx_word' id='word_1_92' title='bbox 278 874 351 900; x_wconf 81' lang='lat' dir='ltr'><strong>tunc</strong></span> <span class='ocrx_word' id='word_1_93' title='bbox 367 880 398 899; x_wconf 84' lang='lat' dir='ltr'><strong><em>v.</em></strong></span> <span class='ocrx_word' id='word_1_94' title='bbox 411 871 465 900; x_wconf 73' lang='lat'><strong>24.</strong></span> <span class='ocrx_word' id='word_1_95' title='bbox 479 879 601 909; x_wconf 85' lang='lat' dir='ltr'><strong>quoque</strong></span> <span class='ocrx_word' id='word_1_96' title='bbox 617 869 707 899; x_wconf 84' lang='lat' dir='ltr'><strong>initio</strong></span> <span class='ocrx_word' id='word_1_97' title='bbox 722 879 780 909; x_wconf 81' lang='lat' dir='ltr'><strong>pro</strong></span> <span class='ocrx_word' id='word_1_98' title='bbox 795 869 863 900; x_wconf 68' lang='grc' dir='ltr'><strong><em>εἶναι</em></strong></span> 
     </span>
     <span class='ocr_line' id='line_1_16' title="bbox 146 910 376 951; baseline 0 -9"><span class='ocrx_word' id='word_1_99' title='bbox 146 912 206 942; x_wconf 80' lang='lat' dir='ltr'><strong>erit</strong></span> <span class='ocrx_word' id='word_1_100' title='bbox 219 910 300 942; x_wconf 68' lang='grc' dir='ltr'><strong><em>ἐστὶν</em></strong></span> <span class='ocrx_word' id='word_1_101' title='bbox 313 912 376 951; x_wconf 87' lang='lat' dir='ltr'><strong>leg.</strong></span> 
     </span>
    </p>

    <p class='ocr_par' dir='ltr' id='par_1_5' title="bbox 146 953 866 1210">
     <span class='ocr_line' id='line_1_17' title="bbox 190 953 863 996; baseline -0.003 -10"><span class='ocrx_word' id='word_1_102' title='bbox 190 971 235 978; x_wconf 86' lang='lat'><strong>·--</strong></span> <span class='ocrx_word' id='word_1_103' title='bbox 245 957 297 986; x_wconf 75' lang='lat'><strong>26.</strong></span> <span class='ocrx_word' id='word_1_104' title='bbox 314 958 374 989; x_wconf 78' lang='grc' dir='ltr'><strong>πῶς</strong></span> <span class='ocrx_word' id='word_1_105' title='bbox 390 954 454 996; x_wconf 77' lang='grc' dir='ltr'><strong>οὐχὶ</strong></span> <span class='ocrx_word' id='word_1_106' title='bbox 469 953 541 985; x_wconf 64' lang='lat' dir='ltr'><strong>’‘m-bv</strong></span> <span class='ocrx_word' id='word_1_107' title='bbox 553 953 648 996; x_wconf 80' lang='grc' dir='ltr'><strong><em>λόγον]</em></strong></span> <span class='ocrx_word' id='word_1_108' title='bbox 665 955 741 985; x_wconf 86' lang='lat' dir='ltr'><strong>hanc</strong></span> <span class='ocrx_word' id='word_1_109' title='bbox 756 954 863 985; x_wconf 86' lang='lat' dir='ltr'><strong>lectio-</strong></span> 
     </span>
     <span class='ocr_line' id='line_1_18' title="bbox 149 998 864 1037; baseline -0.001 -9"><span class='ocrx_word' id='word_1_110' title='bbox 149 1008 218 1028; x_wconf 86' lang='lat' dir='ltr'><strong>nem</strong></span> <span class='ocrx_word' id='word_1_111' title='bbox 234 998 360 1029; x_wconf 84' lang='lat' dir='ltr'><strong>conflari</strong></span> <span class='ocrx_word' id='word_1_112' title='bbox 376 1008 393 1028; x_wconf 91' lang='lat' dir='ltr'><strong>e</strong></span> <span class='ocrx_word' id='word_1_113' title='bbox 410 998 556 1029; x_wconf 83' lang='lat' dir='ltr'><strong>varietate</strong></span> <span class='ocrx_word' id='word_1_114' title='bbox 577 999 756 1032; x_wconf 78' lang='lat' dir='ltr'><strong>lectionum,</strong></span> <span class='ocrx_word' id='word_1_115' title='bbox 773 1008 864 1037; x_wconf 88' lang='lat' dir='ltr'><strong>quam</strong></span> 
     </span>
     <span class='ocr_line' id='line_1_19' title="bbox 147 1041 865 1090; baseline -0.001 -19"><span class='ocrx_word' id='word_1_116' title='bbox 147 1041 274 1074; x_wconf 76' lang='lat' dir='ltr'><strong>codices</strong></span> <span class='ocrx_word' id='word_1_117' title='bbox 282 1042 405 1072; x_wconf 82' lang='lat' dir='ltr'><strong>dabant.</strong></span> <span class='ocrx_word' id='word_1_118' title='bbox 415 1041 470 1090; x_wconf 40' lang='lat' dir='ltr'><strong>qui.</strong></span> <span class='ocrx_word' id='word_1_119' title='bbox 473 1046 564 1080; x_wconf 76' lang='lat' dir='ltr'><strong>potest</strong></span> <span class='ocrx_word' id='word_1_120' title='bbox 561 1041 646 1081; x_wconf 70' lang='lat' dir='ltr'><strong>fieri,</strong></span> <span class='ocrx_word' id='word_1_121' title='bbox 653 1047 688 1071; x_wconf 75' lang='lat' dir='ltr'><strong>ut</strong></span> <span class='ocrx_word' id='word_1_122' title='bbox 695 1050 799 1071; x_wconf 83' lang='lat' dir='ltr'><strong>necesse</strong></span> <span class='ocrx_word' id='word_1_123' title='bbox 805 1051 865 1070; x_wconf 77' lang='lat' dir='ltr'><strong>non</strong></span> 
     </span>
     <span class='ocr_line' id='line_1_20' title="bbox 149 1083 866 1125; baseline -0.003 -10"><span class='ocrx_word' id='word_1_124' title='bbox 149 1086 198 1119; x_wconf 83' lang='lat' dir='ltr'><strong>sit,</strong></span> <span class='ocrx_word' id='word_1_125' title='bbox 209 1090 263 1114; x_wconf 77' lang='lat' dir='ltr'><strong>‹zu-t</strong></span> <span class='ocrx_word' id='word_1_126' title='bbox 278 1095 323 1120; x_wconf 85' lang='lat' dir='ltr'><strong>ea,</strong></span> <span class='ocrx_word' id='word_1_127' title='bbox 339 1095 402 1124; x_wconf 76' lang='lat' dir='ltr'><em>‹111ae</em></span> <span class='ocrx_word' id='word_1_128' title='bbox 415 1085 471 1123; x_wconf 71' lang='lat' dir='ltr'><strong>ipsi</strong></span> <span class='ocrx_word' id='word_1_129' title='bbox 482 1085 514 1114; x_wconf 83' lang='lat' dir='ltr'><strong>in</strong></span> <span class='ocrx_word' id='word_1_130' title='bbox 529 1088 583 1114; x_wconf 77' lang='lat' dir='ltr'><strong>sud</strong></span> <span class='ocrx_word' id='word_1_131' title='bbox 594 1083 758 1125; x_wconf 66' lang='lat' dir='ltr'><strong>defensione</strong></span> <span class='ocrx_word' id='word_1_132' title='bbox 772 1085 866 1114; x_wconf 79' lang='lat' dir='ltr'><strong>verbis</strong></span> 
     </span>
     <span class='ocr_line' id='line_1_21' title="bbox 146 1126 864 1168; baseline 0.001 -13"><span class='ocrx_word' id='word_1_133' title='bbox 146 1137 202 1165; x_wconf 80' lang='lat' dir='ltr'><strong>pro</strong></span> <span class='ocrx_word' id='word_1_134' title='bbox 211 1136 238 1156; x_wconf 87' lang='lat' dir='ltr'><strong>se</strong></span> <span class='ocrx_word' id='word_1_135' title='bbox 248 1126 403 1167; x_wconf 72' lang='lat' dir='ltr'><strong>proferent</strong></span> <span class='ocrx_word' id='word_1_136' title='bbox 416 1128 463 1157; x_wconf 82' lang='lat' dir='ltr'><strong>sui</strong></span> <span class='ocrx_word' id='word_1_137' title='bbox 471 1128 625 1168; x_wconf 79' lang='lat' dir='ltr'><strong>purgandi</strong></span> <span class='ocrx_word' id='word_1_138' title='bbox 634 1136 735 1161; x_wconf 81' lang='lat' dir='ltr'><strong>causa,</strong></span> <span class='ocrx_word' id='word_1_139' title='bbox 750 1133 804 1156; x_wconf 79' lang='lat' dir='ltr'><strong>aut</strong></span> <span class='ocrx_word' id='word_1_140' title='bbox 818 1137 864 1163; x_wconf 86' lang='lat' dir='ltr'><strong>ea,</strong></span> 
     </span>
     <span class='ocr_line' id='line_1_22' title="bbox 149 1169 849 1210; baseline 0 -11"><span class='ocrx_word' id='word_1_141' title='bbox 149 1179 214 1209; x_wconf 74' lang='lat' dir='ltr'><strong>quoe</strong></span> <span class='ocrx_word' id='word_1_142' title='bbox 225 1171 257 1199; x_wconf 79' lang='lat' dir='ltr'><strong>in</strong></span> <span class='ocrx_word' id='word_1_143' title='bbox 267 1170 473 1200; x_wconf 79' lang='lat' dir='ltr'><em>contestatione</em></span> <span class='ocrx_word' id='word_1_144' title='bbox 487 1171 676 1209; x_wconf 78' lang='lat' dir='ltr'><strong>scripserunt,</strong></span> <span class='ocrx_word' id='word_1_145' title='bbox 681 1169 770 1210; x_wconf 70' lang='lat' dir='ltr'><strong>salsa</strong></span> <span class='ocrx_word' id='word_1_146' title='bbox 785 1179 849 1200; x_wconf 78' lang='lat' dir='ltr'><strong>esse.</strong></span> 
     </span>
    </p>

    <p class='ocr_par' dir='ltr' id='par_1_6' title="bbox 147 1211 865 1330">
     <span class='ocr_line' id='line_1_23' title="bbox 191 1211 865 1254; baseline 0 -12"><span class='ocrx_word' id='word_1_147' title='bbox 191 1229 235 1235; x_wconf 90' lang='grc'>-</span> <span class='ocrx_word' id='word_1_148' title='bbox 248 1213 304 1243; x_wconf 88' lang='lat' dir='ltr'><strong>ult.</strong></span> <span class='ocrx_word' id='word_1_149' title='bbox 329 1211 592 1254; x_wconf 70' lang='grc' dir='ltr'><strong><em>προσενεγράψατο]</em></strong></span> <span class='ocrx_word' id='word_1_150' title='bbox 617 1213 740 1242; x_wconf 80' lang='lat' dir='ltr'><strong>correxi</strong></span> <span class='ocrx_word' id='word_1_151' title='bbox 763 1211 865 1252; x_wconf 74' lang='grc' dir='ltr'><strong><em>προσέ-</em></strong></span> 
     </span>
     <span class='ocr_line' id='line_1_24' title="bbox 147 1254 863 1296; baseline 0.001 -11"><span class='ocrx_word' id='word_1_152' title='bbox 147 1254 276 1295; x_wconf 63' lang='grc' dir='ltr'><strong>γραψαν.</strong></span> <span class='ocrx_word' id='word_1_153' title='bbox 299 1262 386 1295; x_wconf 85' lang='lat' dir='ltr'><strong>pater</strong></span> <span class='ocrx_word' id='word_1_154' title='bbox 401 1261 486 1296; x_wconf 87' lang='lat' dir='ltr'><strong>puta,</strong></span> <span class='ocrx_word' id='word_1_155' title='bbox 506 1257 698 1292; x_wconf 82' lang='lat' dir='ltr'><strong>Leostratus,</strong></span> <span class='ocrx_word' id='word_1_156' title='bbox 716 1260 748 1286; x_wconf 79' lang='lat' dir='ltr'><strong>et</strong></span> <span class='ocrx_word' id='word_1_157' title='bbox 769 1257 863 1291; x_wconf 76' lang='lat' dir='ltr'><strong>filius,</strong></span> 
     </span>
     <span class='ocr_line' id='line_1_25' title="bbox 152 1299 338 1330; baseline 0.005 -1"><span class='ocrx_word' id='word_1_158' title='bbox 152 1299 338 1330; x_wconf 80' lang='lat' dir='ltr'><strong>Leochares.</strong></span> 
     </span>
    </p>

    <p class='ocr_par' dir='ltr' id='par_1_7' title="bbox 148 1341 672 1384">
     <span class='ocr_line' id='line_1_26' title="bbox 148 1341 672 1384; baseline -0.002 -11"><span class='ocrx_word' id='word_1_159' title='bbox 148 1372 149 1377; x_wconf 68' lang='grc'>,</span> <span class='ocrx_word' id='word_1_160' title='bbox 193 1344 290 1374; x_wconf 89' lang='grc'><strong>1096.</strong></span> <span class='ocrx_word' id='word_1_161' title='bbox 303 1344 335 1372; x_wconf 82' lang='grc'><strong>7.</strong></span> <span class='ocrx_word' id='word_1_162' title='bbox 353 1341 456 1384; x_wconf 76' lang='grc' dir='ltr'><strong><em>ἕτερον]</em></strong></span> <span class='ocrx_word' id='word_1_163' title='bbox 474 1343 672 1372; x_wconf 82' lang='lat' dir='ltr'><strong>Leocharem.</strong></span> 
     </span>
    </p>

    <p class='ocr_par' dir='ltr' id='par_1_8' title="bbox 144 1385 866 2114">
     <span class='ocr_line' id='line_1_27' title="bbox 191 1385 863 1425; baseline -0.002 -9"><span class='ocrx_word' id='word_1_164' title='bbox 191 1402 235 1408; x_wconf 89' lang='lat'>—</span> <span class='ocrx_word' id='word_1_165' title='bbox 247 1387 278 1416; x_wconf 87' lang='lat'><strong><em>9.</em></strong></span> <span class='ocrx_word' id='word_1_166' title='bbox 300 1385 394 1425; x_wconf 73' lang='grc' dir='ltr'><strong><em>ἡμῶν]</em></strong></span> <span class='ocrx_word' id='word_1_167' title='bbox 415 1386 538 1416; x_wconf 80' lang='lat' dir='ltr'><strong>correxi</strong></span> <span class='ocrx_word' id='word_1_168' title='bbox 553 1396 622 1415; x_wconf 86' lang='lat' dir='ltr'><strong>meo</strong></span> <span class='ocrx_word' id='word_1_169' title='bbox 640 1385 760 1424; x_wconf 83' lang='lat' dir='ltr'><strong>judicio</strong></span> <span class='ocrx_word' id='word_1_170' title='bbox 776 1385 863 1423; x_wconf 68' lang='grc' dir='ltr'><strong>ὑμᾶς.</strong></span> 
     </span>
     <span class='ocr_line' id='line_1_28' title="bbox 151 1428 864 1468; baseline 0.001 -11"><span class='ocrx_word' id='word_1_171' title='bbox 151 1438 219 1458; x_wconf 83' lang='lat' dir='ltr'><strong>cum</strong></span> <span class='ocrx_word' id='word_1_172' title='bbox 233 1428 267 1458; x_wconf 85' lang='lat' dir='ltr'><strong>in</strong></span> <span class='ocrx_word' id='word_1_173' title='bbox 285 1431 466 1468; x_wconf 83' lang='lat' dir='ltr'><strong>Augustano</strong></span> <span class='ocrx_word' id='word_1_174' title='bbox 485 1430 575 1468; x_wconf 83' lang='grc' dir='ltr'><strong><em>ὑμῶν,</em></strong></span> <span class='ocrx_word' id='word_1_175' title='bbox 599 1432 630 1458; x_wconf 84' lang='lat' dir='ltr'><strong>et</strong></span> <span class='ocrx_word' id='word_1_176' title='bbox 650 1428 682 1458; x_wconf 89' lang='lat' dir='ltr'><strong>in</strong></span> <span class='ocrx_word' id='word_1_177' title='bbox 707 1430 783 1459; x_wconf 85' lang='lat' dir='ltr'><strong>Bav.</strong></span> <span class='ocrx_word' id='word_1_178' title='bbox 805 1428 864 1458; x_wconf 80' lang='lat' dir='ltr'><strong>hoc</strong></span> 
     </span>
     <span class='ocr_line' id='line_1_29' title="bbox 146 1471 862 1512; baseline -0.001 -11"><span class='ocrx_word' id='word_1_179' title='bbox 146 1471 230 1501; x_wconf 76' lang='lat' dir='ltr'><strong>idem</strong></span> <span class='ocrx_word' id='word_1_180' title='bbox 247 1472 429 1512; x_wconf 85' lang='lat' dir='ltr'><strong>reperirem,</strong></span> <span class='ocrx_word' id='word_1_181' title='bbox 444 1472 498 1501; x_wconf 87' lang='lat' dir='ltr'><strong>sed</strong></span> <span class='ocrx_word' id='word_1_182' title='bbox 522 1481 616 1511; x_wconf 84' lang='lat' dir='ltr'><strong>super</strong></span> <span class='ocrx_word' id='word_1_183' title='bbox 631 1484 652 1501; x_wconf 86' lang='grc' dir='ltr'><strong><em>ω</em></strong></span> <span class='ocrx_word' id='word_1_184' title='bbox 669 1472 817 1511; x_wconf 84' lang='lat' dir='ltr'><strong>scriptum</strong></span> <span class='ocrx_word' id='word_1_185' title='bbox 832 1483 862 1501; x_wconf 74' lang='lat' dir='ltr'><strong><em>a.</em></strong></span> 
     </span>
     <span class='ocr_line' id='line_1_30' title="bbox 150 1514 864 1553; baseline 0 -10"><span class='ocrx_word' id='word_1_186' title='bbox 150 1524 213 1553; x_wconf 86' lang='lat' dir='ltr'><strong>quo</strong></span> <span class='ocrx_word' id='word_1_187' title='bbox 228 1514 371 1544; x_wconf 84' lang='lat' dir='ltr'><strong>librarius</strong></span> <span class='ocrx_word' id='word_1_188' title='bbox 382 1515 518 1545; x_wconf 79' lang='lat' dir='ltr'><strong>indicare</strong></span> <span class='ocrx_word' id='word_1_189' title='bbox 529 1515 637 1551; x_wconf 83' lang='lat' dir='ltr'><strong>voluit,</strong></span> <span class='ocrx_word' id='word_1_190' title='bbox 648 1515 678 1545; x_wconf 88' lang='lat' dir='ltr'><strong>in</strong></span> <span class='ocrx_word' id='word_1_191' title='bbox 687 1515 756 1544; x_wconf 87' lang='lat' dir='ltr'><strong>aliis</strong></span> <span class='ocrx_word' id='word_1_192' title='bbox 772 1515 864 1544; x_wconf 83' lang='lat' dir='ltr'><strong>codd.</strong></span> 
     </span>
     <span class='ocr_line' id='line_1_31' title="bbox 146 1558 864 1597; baseline 0.001 -10"><span class='ocrx_word' id='word_1_193' title='bbox 146 1567 219 1587; x_wconf 83' lang='lat' dir='ltr'><strong>esse</strong></span> <span class='ocrx_word' id='word_1_194' title='bbox 248 1558 338 1596; x_wconf 72' lang='grc' dir='ltr'><strong>ὑμᾶς.</strong></span> <span class='ocrx_word' id='word_1_195' title='bbox 370 1558 451 1597; x_wconf 91' lang='lat' dir='ltr'><strong>quod</strong></span> <span class='ocrx_word' id='word_1_196' title='bbox 477 1569 581 1588; x_wconf 79' lang='lat' dir='ltr'><strong>verum</strong></span> <span class='ocrx_word' id='word_1_197' title='bbox 610 1563 669 1588; x_wconf 86' lang='lat' dir='ltr'><strong>est.</strong></span> <span class='ocrx_word' id='word_1_198' title='bbox 698 1559 864 1596; x_wconf 80' lang='lat' dir='ltr'><strong>alloquitur</strong></span> 
     </span>
     <span class='ocr_line' id='line_1_32' title="bbox 145 1600 863 1640; baseline 0.001 -11"><span class='ocrx_word' id='word_1_199' title='bbox 145 1600 230 1630; x_wconf 78' lang='lat' dir='ltr'><strong>enim</strong></span> <span class='ocrx_word' id='word_1_200' title='bbox 249 1601 384 1639; x_wconf 82' lang='lat' dir='ltr'><strong>judices.</strong></span> <span class='ocrx_word' id='word_1_201' title='bbox 407 1601 531 1631; x_wconf 83' lang='lat' dir='ltr'><strong>tametsi</strong></span> <span class='ocrx_word' id='word_1_202' title='bbox 556 1601 657 1640; x_wconf 83' lang='lat' dir='ltr'><strong>possit</strong></span> <span class='ocrx_word' id='word_1_203' title='bbox 672 1601 763 1631; x_wconf 81' lang='lat' dir='ltr'><strong>etiam</strong></span> <span class='ocrx_word' id='word_1_204' title='bbox 785 1601 863 1639; x_wconf 74' lang='grc' dir='ltr'><strong><em>ὑμῶν</em></strong></span> 
     </span>
     <span class='ocr_line' id='line_1_33' title="bbox 146 1643 864 1683; baseline -0.004 -8"><span class='ocrx_word' id='word_1_205' title='bbox 146 1643 231 1675; x_wconf 80' lang='lat' dir='ltr'><strong>ferri.</strong></span> <span class='ocrx_word' id='word_1_206' title='bbox 277 1643 457 1683; x_wconf 81' lang='lat' dir='ltr'><strong>Saepissime</strong></span> <span class='ocrx_word' id='word_1_207' title='bbox 484 1643 565 1674; x_wconf 88' lang='lat' dir='ltr'><strong>enim</strong></span> <span class='ocrx_word' id='word_1_208' title='bbox 590 1648 692 1673; x_wconf 88' lang='lat' dir='ltr'><strong>orator</strong></span> <span class='ocrx_word' id='word_1_209' title='bbox 717 1648 823 1673; x_wconf 86' lang='lat' dir='ltr'><strong>noster</strong></span> <span class='ocrx_word' id='word_1_210' title='bbox 846 1653 864 1672; x_wconf 84' lang='lat' dir='ltr'><strong>a</strong></span> 
     </span>
     <span class='ocr_line' id='line_1_34' title="bbox 144 1685 863 1725; baseline 0 -10"><span class='ocrx_word' id='word_1_211' title='bbox 144 1685 305 1725; x_wconf 82' lang='lat' dir='ltr'><strong>judicibus</strong></span> <span class='ocrx_word' id='word_1_212' title='bbox 320 1687 488 1717; x_wconf 80' lang='lat' dir='ltr'><strong>orationem</strong></span> <span class='ocrx_word' id='word_1_213' title='bbox 503 1687 542 1716; x_wconf 88' lang='lat' dir='ltr'><strong>ad</strong></span> <span class='ocrx_word' id='word_1_214' title='bbox 559 1686 764 1721; x_wconf 83' lang='lat' dir='ltr'><strong>adversarios,</strong></span> <span class='ocrx_word' id='word_1_215' title='bbox 781 1691 813 1716; x_wconf 86' lang='lat' dir='ltr'><strong>et</strong></span> <span class='ocrx_word' id='word_1_216' title='bbox 825 1687 863 1715; x_wconf 88' lang='lat' dir='ltr'><strong>ab</strong></span> 
     </span>
     <span class='ocr_line' id='line_1_35' title="bbox 149 1728 862 1769; baseline -0.001 -10"><span class='ocrx_word' id='word_1_217' title='bbox 149 1728 198 1758; x_wconf 79' lang='lat' dir='ltr'><strong>his</strong></span> <span class='ocrx_word' id='word_1_218' title='bbox 227 1739 338 1759; x_wconf 82' lang='lat' dir='ltr'><strong>rursus</strong></span> <span class='ocrx_word' id='word_1_219' title='bbox 368 1729 406 1759; x_wconf 89' lang='lat' dir='ltr'><strong>ad</strong></span> <span class='ocrx_word' id='word_1_220' title='bbox 434 1730 507 1759; x_wconf 77' lang='lat' dir='ltr'><strong>illos</strong></span> <span class='ocrx_word' id='word_1_221' title='bbox 539 1735 666 1769; x_wconf 82' lang='lat' dir='ltr'><strong>repente</strong></span> <span class='ocrx_word' id='word_1_222' title='bbox 698 1728 862 1759; x_wconf 84' lang='lat' dir='ltr'><strong>convertit.</strong></span> 
     </span>
     <span class='ocr_line' id='line_1_36' title="bbox 148 1772 864 1813; baseline 0 -12"><span class='ocrx_word' id='word_1_223' title='bbox 148 1773 234 1811; x_wconf 86' lang='lat' dir='ltr'><strong>quod</strong></span> <span class='ocrx_word' id='word_1_224' title='bbox 249 1772 275 1802; x_wconf 84' lang='lat' dir='ltr'><strong>si</strong></span> <span class='ocrx_word' id='word_1_225' title='bbox 290 1783 364 1812; x_wconf 87' lang='lat' dir='ltr'><strong>ergo</strong></span> <span class='ocrx_word' id='word_1_226' title='bbox 380 1773 458 1813; x_wconf 78' lang='grc' dir='ltr'><strong><em>ὑμῶν</em></strong></span> <span class='ocrx_word' id='word_1_227' title='bbox 470 1772 660 1812; x_wconf 82' lang='lat' dir='ltr'><strong>praeferatur,</strong></span> <span class='ocrx_word' id='word_1_228' title='bbox 672 1773 730 1802; x_wconf 86' lang='lat' dir='ltr'><strong>erit</strong></span> <span class='ocrx_word' id='word_1_229' title='bbox 742 1776 864 1801; x_wconf 85' lang='lat' dir='ltr'><strong>senten-</strong></span> 
     </span>
     <span class='ocr_line' id='line_1_37' title="bbox 148 1815 865 1851; baseline 0.001 -7"><span class='ocrx_word' id='word_1_230' title='bbox 148 1815 208 1845; x_wconf 85' lang='lat' dir='ltr'><strong>tia:</strong></span> <span class='ocrx_word' id='word_1_231' title='bbox 231 1815 271 1845; x_wconf 85' lang='lat' dir='ltr'><strong>ad</strong></span> <span class='ocrx_word' id='word_1_232' title='bbox 286 1817 387 1846; x_wconf 76' lang='lat' dir='ltr'><strong>utrius</strong></span> <span class='ocrx_word' id='word_1_233' title='bbox 400 1821 539 1851; x_wconf 72' lang='lat' dir='ltr'><strong>vestrum,</strong></span> <span class='ocrx_word' id='word_1_234' title='bbox 562 1826 577 1845; x_wconf 88' lang='grc' dir='ltr'><em>ο</em></span> <span class='ocrx_word' id='word_1_235' title='bbox 597 1820 644 1851; x_wconf 78' lang='lat' dir='ltr'><strong>tu,</strong></span> <span class='ocrx_word' id='word_1_236' title='bbox 662 1815 823 1850; x_wconf 69' lang='lat' dir='ltr'><strong>Lens-trote,</strong></span> <span class='ocrx_word' id='word_1_237' title='bbox 837 1820 865 1845; x_wconf 85' lang='lat' dir='ltr'><strong>et</strong></span> 
     </span>
     <span class='ocr_line' id='line_1_38' title="bbox 151 1856 863 1898; baseline -0.001 -10"><span class='ocrx_word' id='word_1_238' title='bbox 151 1863 197 1893; x_wconf 78' lang='lat' dir='ltr'><strong>tu,</strong></span> <span class='ocrx_word' id='word_1_239' title='bbox 217 1856 386 1893; x_wconf 70' lang='lat' dir='ltr'><strong>Leaenares,</strong></span> <span class='ocrx_word' id='word_1_240' title='bbox 407 1860 566 1889; x_wconf 74' lang='lat' dir='ltr'><strong>orationem</strong></span> <span class='ocrx_word' id='word_1_241' title='bbox 584 1858 725 1898; x_wconf 82' lang='lat' dir='ltr'><em>oportebit</em></span> <span class='ocrx_word' id='word_1_242' title='bbox 748 1858 796 1888; x_wconf 84' lang='lat' dir='ltr'><strong>hos</strong></span> <span class='ocrx_word' id='word_1_243' title='bbox 805 1859 863 1897; x_wconf 78' lang='lat' dir='ltr'><strong>ju-</strong></span> 
     </span>
     <span class='ocr_line' id='line_1_39' title="bbox 146 1900 863 1942; baseline 0.001 -12"><span class='ocrx_word' id='word_1_244' title='bbox 146 1900 226 1931; x_wconf 79' lang='lat' dir='ltr'><strong>dices</strong></span> <span class='ocrx_word' id='word_1_245' title='bbox 239 1901 413 1932; x_wconf 82' lang='lat' dir='ltr'><strong>attendere?</strong></span> <span class='ocrx_word' id='word_1_246' title='bbox 435 1902 496 1932; x_wconf 87' lang='lat' dir='ltr'><strong>Sed</strong></span> <span class='ocrx_word' id='word_1_247' title='bbox 509 1905 646 1940; x_wconf 66' lang='lat' dir='ltr'><strong>praestat,</strong></span> <span class='ocrx_word' id='word_1_248' title='bbox 657 1902 737 1941; x_wconf 87' lang='lat' dir='ltr'><strong>quod</strong></span> <span class='ocrx_word' id='word_1_249' title='bbox 755 1900 863 1942; x_wconf 83' lang='lat' dir='ltr'><strong>posui:</strong></span> 
     </span>
     <span class='ocr_line' id='line_1_40' title="bbox 149 1944 865 1984; baseline 0.001 -11"><span class='ocrx_word' id='word_1_250' title='bbox 149 1944 190 1973; x_wconf 81' lang='lat' dir='ltr'><strong>ad</strong></span> <span class='ocrx_word' id='word_1_251' title='bbox 205 1948 308 1973; x_wconf 82' lang='lat' dir='ltr'><strong>utrum</strong></span> <span class='ocrx_word' id='word_1_252' title='bbox 323 1944 428 1975; x_wconf 81' lang='lat' dir='ltr'><strong>horum</strong></span> <span class='ocrx_word' id='word_1_253' title='bbox 442 1944 581 1979; x_wconf 82' lang='lat' dir='ltr'><strong>duorum,</strong></span> <span class='ocrx_word' id='word_1_254' title='bbox 598 1945 636 1974; x_wconf 84' lang='lat' dir='ltr'><strong>ad</strong></span> <span class='ocrx_word' id='word_1_255' title='bbox 646 1948 814 1984; x_wconf 83' lang='lat' dir='ltr'><strong>patremne,</strong></span> <span class='ocrx_word' id='word_1_256' title='bbox 827 1954 865 1974; x_wconf 87' lang='lat' dir='ltr'><strong>an</strong></span> 
     </span>
     <span class='ocr_line' id='line_1_41' title="bbox 148 1986 864 2026; baseline -0.001 -9"><span class='ocrx_word' id='word_1_257' title='bbox 148 1986 191 2017; x_wconf 84' lang='lat' dir='ltr'><strong>ad</strong></span> <span class='ocrx_word' id='word_1_258' title='bbox 205 1986 312 2022; x_wconf 88' lang='lat' dir='ltr'><strong>fflium,</strong></span> <span class='ocrx_word' id='word_1_259' title='bbox 335 1987 445 2026; x_wconf 85' lang='lat' dir='ltr'><strong>magis,</strong></span> <span class='ocrx_word' id='word_1_260' title='bbox 458 1988 573 2026; x_wconf 65' lang='lat' dir='ltr'><strong>‘oportet</strong></span> <span class='ocrx_word' id='word_1_261' title='bbox 591 1996 638 2017; x_wconf 78' lang='lat' dir='ltr'><strong>vos</strong></span> <span class='ocrx_word' id='word_1_262' title='bbox 655 1988 789 2017; x_wconf 82' lang='lat' dir='ltr'><strong>animum</strong></span> <span class='ocrx_word' id='word_1_263' title='bbox 807 1997 864 2017; x_wconf 73' lang='lat' dir='ltr'><strong>au-</strong></span> 
     </span>
     <span class='ocr_line' id='line_1_42' title="bbox 147 2029 866 2070; baseline 0.001 -11"><span class='ocrx_word' id='word_1_264' title='bbox 147 2039 250 2070; x_wconf 63' lang='lat' dir='ltr'><strong>wesque</strong></span> <span class='ocrx_word' id='word_1_265' title='bbox 263 2035 380 2066; x_wconf 82' lang='lat' dir='ltr'><strong>vestras,</strong></span> <span class='ocrx_word' id='word_1_266' title='bbox 403 2041 420 2061; x_wconf 92' lang='lat' dir='ltr'><strong>o</strong></span> <span class='ocrx_word' id='word_1_267' title='bbox 430 2030 562 2069; x_wconf 76' lang='lat' dir='ltr'><strong>judices,</strong></span> <span class='ocrx_word' id='word_1_268' title='bbox 583 2029 816 2061; x_wconf 78' lang='lat' dir='ltr'><strong>accommodare?</strong></span> <span class='ocrx_word' id='word_1_269' title='bbox 838 2036 866 2060; x_wconf 89' lang='lat' dir='ltr'><strong>et</strong></span> 
     </span>
     <span class='ocr_line' id='line_1_43' title="bbox 149 2073 718 2114; baseline -0.002 -11"><span class='ocrx_word' id='word_1_270' title='bbox 149 2074 214 2103; x_wconf 74' lang='lat' dir='ltr'><strong>utri</strong></span> <span class='ocrx_word' id='word_1_271' title='bbox 230 2074 323 2114; x_wconf 80' lang='lat' dir='ltr'><strong>magis</strong></span> <span class='ocrx_word' id='word_1_272' title='bbox 336 2074 462 2110; x_wconf 81' lang='lat' dir='ltr'><strong>credere,</strong></span> <span class='ocrx_word' id='word_1_273' title='bbox 473 2079 510 2103; x_wconf 76' lang='lat' dir='ltr'><strong>ut</strong></span> <span class='ocrx_word' id='word_1_274' title='bbox 525 2083 595 2103; x_wconf 86' lang='lat' dir='ltr'><strong>vera</strong></span> <span class='ocrx_word' id='word_1_275' title='bbox 607 2073 718 2104; x_wconf 81' lang='lat' dir='ltr'><strong><em>aienti?</em></strong></span> 
     </span>
    </p>

    <p class='ocr_par' dir='ltr' id='par_1_9' title="bbox 144 2116 867 2491">
     <span class='ocr_line' id='line_1_44' title="bbox 193 2116 867 2157; baseline 0.001 -12"><span class='ocrx_word' id='word_1_276' title='bbox 193 2132 238 2139; x_wconf 88' lang='lat'><strong>--</strong></span> <span class='ocrx_word' id='word_1_277' title='bbox 252 2119 304 2147; x_wconf 71' lang='lat'><strong>12.</strong></span> <span class='ocrx_word' id='word_1_278' title='bbox 321 2116 382 2157; x_wconf 75' lang='grc' dir='ltr'><strong>περὶ</strong></span> <span class='ocrx_word' id='word_1_279' title='bbox 396 2118 447 2146; x_wconf 75' lang='grc' dir='ltr'><strong>τοῦ</strong></span> <span class='ocrx_word' id='word_1_280' title='bbox 461 2116 548 2146; x_wconf 74' lang='grc' dir='ltr'><strong>αὐτοῦ</strong></span> <span class='ocrx_word' id='word_1_281' title='bbox 563 2117 747 2156; x_wconf 59' lang='grc' dir='ltr'><strong><em>πράγματος</em></strong></span> <span class='ocrx_word' id='word_1_282' title='bbox 761 2119 804 2155; x_wconf 69' lang='grc' dir='ltr'><strong>μὴ</strong></span> <span class='ocrx_word' id='word_1_283' title='bbox 820 2116 867 2146; x_wconf 71' lang='grc' dir='ltr'><strong><em>τὸν</em></strong></span> 
     </span>
     <span class='ocr_line' id='line_1_45' title="bbox 146 2157 864 2200; baseline -0.001 -11"><span class='ocrx_word' id='word_1_284' title='bbox 146 2157 234 2189; x_wconf 62' lang='grc' dir='ltr'><strong><em>αὖα-ὂν</em></strong></span> <span class='ocrx_word' id='word_1_285' title='bbox 248 2159 311 2199; x_wconf 77' lang='grc' dir='ltr'><strong>περὶ</strong></span> <span class='ocrx_word' id='word_1_286' title='bbox 325 2161 375 2189; x_wconf 75' lang='grc' dir='ltr'><strong>τοῦ</strong></span> <span class='ocrx_word' id='word_1_287' title='bbox 391 2160 478 2190; x_wconf 63' lang='grc' dir='ltr'><strong>αὐτοῦ</strong></span> <span class='ocrx_word' id='word_1_288' title='bbox 493 2159 708 2200; x_wconf 71' lang='grc' dir='ltr'><strong>ἀμφισβητεῖν]</strong></span> <span class='ocrx_word' id='word_1_289' title='bbox 725 2164 864 2199; x_wconf 81' lang='lat' dir='ltr'><strong>apparet,</strong></span> 
     </span>
     <span class='ocr_line' id='line_1_46' title="bbox 145 2203 864 2243; baseline 0 -11"><span class='ocrx_word' id='word_1_290' title='bbox 145 2203 306 2242; x_wconf 74' lang='lat' dir='ltr'><strong>posterius</strong></span> <span class='ocrx_word' id='word_1_291' title='bbox 313 2203 375 2243; x_wconf 73' lang='grc' dir='ltr'><strong>περὶ</strong></span> <span class='ocrx_word' id='word_1_292' title='bbox 385 2204 435 2233; x_wconf 77' lang='grc' dir='ltr'><strong>τοῦ</strong></span> <span class='ocrx_word' id='word_1_293' title='bbox 447 2203 535 2233; x_wconf 72' lang='grc' dir='ltr'>αὐτοῦ</span> <span class='ocrx_word' id='word_1_294' title='bbox 547 2203 707 2234; x_wconf 70' lang='lat' dir='ltr'><strong>manifeste</strong></span> <span class='ocrx_word' id='word_1_295' title='bbox 718 2203 864 2233; x_wconf 87' lang='lat' dir='ltr'><strong>vitiosum</strong></span> 
     </span>
     <span class='ocr_line' id='line_1_47' title="bbox 151 2246 865 2286; baseline 0 -10"><span class='ocrx_word' id='word_1_296' title='bbox 151 2256 231 2276; x_wconf 82' lang='lat' dir='ltr'><strong>esse.</strong></span> <span class='ocrx_word' id='word_1_297' title='bbox 246 2247 409 2286; x_wconf 81' lang='lat' dir='ltr'><strong>praecessit</strong></span> <span class='ocrx_word' id='word_1_298' title='bbox 423 2247 502 2276; x_wconf 89' lang='lat' dir='ltr'><strong>enim</strong></span> <span class='ocrx_word' id='word_1_299' title='bbox 519 2246 622 2276; x_wconf 90' lang='lat' dir='ltr'><strong>modo.</strong></span> <span class='ocrx_word' id='word_1_300' title='bbox 650 2252 701 2276; x_wconf 84' lang='lat' dir='ltr'><strong>aut</strong></span> <span class='ocrx_word' id='word_1_301' title='bbox 720 2256 795 2285; x_wconf 82' lang='lat' dir='ltr'><strong>ergo</strong></span> <span class='ocrx_word' id='word_1_302' title='bbox 812 2247 865 2275; x_wconf 87' lang='lat' dir='ltr'><strong>de-</strong></span> 
     </span>
     <span class='ocr_line' id='line_1_48' title="bbox 149 2288 866 2329; baseline 0 -11"><span class='ocrx_word' id='word_1_303' title='bbox 149 2288 274 2318; x_wconf 83' lang='lat' dir='ltr'><strong>lendum</strong></span> <span class='ocrx_word' id='word_1_304' title='bbox 299 2293 360 2326; x_wconf 90' lang='lat' dir='ltr'><strong>est,</strong></span> <span class='ocrx_word' id='word_1_305' title='bbox 384 2295 437 2320; x_wconf 76' lang='lat' dir='ltr'><strong>aut</strong></span> <span class='ocrx_word' id='word_1_306' title='bbox 456 2289 687 2328; x_wconf 70' lang='lat' dir='ltr'><strong>corrigendum,</strong></span> <span class='ocrx_word' id='word_1_307' title='bbox 711 2290 866 2329; x_wconf 84' lang='lat' dir='ltr'><strong>quomodo</strong></span> 
     </span>
     <span class='ocr_line' id='line_1_49' title="bbox 145 2330 866 2372; baseline 0.001 -11"><span class='ocrx_word' id='word_1_308' title='bbox 145 2330 231 2361; x_wconf 58' lang='lat' dir='ltr'><strong>feei:</strong></span> <span class='ocrx_word' id='word_1_309' title='bbox 253 2331 316 2372; x_wconf 70' lang='grc' dir='ltr'><strong>περὶ</strong></span> <span class='ocrx_word' id='word_1_310' title='bbox 330 2333 380 2362; x_wconf 77' lang='grc' dir='ltr'><strong>τοῦ</strong></span> <span class='ocrx_word' id='word_1_311' title='bbox 395 2333 482 2362; x_wconf 54' lang='lat' dir='ltr'><strong>aea-013</strong></span> <span class='ocrx_word' id='word_1_312' title='bbox 498 2331 675 2372; x_wconf 70' lang='grc' dir='ltr'><strong><em>πράγματος</em></strong></span> <span class='ocrx_word' id='word_1_313' title='bbox 696 2334 739 2372; x_wconf 71' lang='grc' dir='ltr'><strong>μὴ</strong></span> <span class='ocrx_word' id='word_1_314' title='bbox 754 2332 801 2362; x_wconf 72' lang='grc' dir='ltr'><strong>τὸν</strong></span> <span class='ocrx_word' id='word_1_315' title='bbox 815 2332 866 2362; x_wconf 78' lang='grc' dir='ltr'><strong>αὖ·</strong></span> 
     </span>
     <span class='ocr_line' id='line_1_50' title="bbox 145 2372 866 2415; baseline 0.003 -12"><span class='ocrx_word' id='word_1_316' title='bbox 145 2373 197 2404; x_wconf 68' lang='grc' dir='ltr'><strong><em>,τὸν</em></strong></span> <span class='ocrx_word' id='word_1_317' title='bbox 215 2372 283 2415; x_wconf 77' lang='grc' dir='ltr'><strong>πρός</strong></span> <span class='ocrx_word' id='word_1_318' title='bbox 304 2375 370 2409; x_wconf 73' lang='grc' dir='ltr'><strong>τοὺς</strong></span> <span class='ocrx_word' id='word_1_319' title='bbox 389 2375 492 2409; x_wconf 69' lang='grc' dir='ltr'>αὐτοὺς</span> <span class='ocrx_word' id='word_1_320' title='bbox 513 2373 647 2414; x_wconf 49' lang='lat' dir='ltr'><strong>&amp;papio-C.</strong></span> <span class='ocrx_word' id='word_1_321' title='bbox 666 2386 725 2405; x_wconf 75' lang='lat' dir='ltr'><strong>nnn</strong></span> <span class='ocrx_word' id='word_1_322' title='bbox 742 2376 866 2406; x_wconf 76' lang='lat' dir='ltr'><strong>eundem</strong></span> 
     </span>
     <span class='ocr_line' id='line_1_51' title="bbox 144 2418 866 2456; baseline 0.003 -10"><span class='ocrx_word' id='word_1_323' title='bbox 144 2427 237 2456; x_wconf 78' lang='lat' dir='ltr'><strong>-super</strong></span> <span class='ocrx_word' id='word_1_324' title='bbox 254 2418 354 2447; x_wconf 79' lang='lat' dir='ltr'><strong>eadem</strong></span> <span class='ocrx_word' id='word_1_325' title='bbox 369 2428 460 2449; x_wconf 78' lang='lat' dir='ltr'><strong>causa</strong></span> <span class='ocrx_word' id='word_1_326' title='bbox 478 2419 617 2449; x_wconf 72' lang='lat' dir='ltr'><strong>adversus</strong></span> <span class='ocrx_word' id='word_1_327' title='bbox 636 2419 744 2449; x_wconf 75' lang='lat' dir='ltr'><strong>eosdem</strong></span> <span class='ocrx_word' id='word_1_328' title='bbox 762 2419 866 2448; x_wconf 78' lang='lat' dir='ltr'><strong>adver-</strong></span> 
     </span>
     <span class='ocr_line' id='line_1_52' title="bbox 147 2460 434 2491; baseline 0.003 -1"><span class='ocrx_word' id='word_1_329' title='bbox 147 2461 242 2491; x_wconf 71' lang='lat' dir='ltr'><strong>sarios</strong></span> <span class='ocrx_word' id='word_1_330' title='bbox 255 2460 434 2491; x_wconf 69' lang='lat' dir='ltr'><strong><em>contendere.</em></strong></span> 
     </span>
    </p>

    <p class='ocr_par' dir='ltr' id='par_1_10' title="bbox 144 2502 870 2878">
     <span class='ocr_line' id='line_1_53' title="bbox 194 2502 866 2546; baseline 0.001 -13"><span class='ocrx_word' id='word_1_331' title='bbox 194 2521 239 2527; x_wconf 95' lang='lat'>—</span> <span class='ocrx_word' id='word_1_332' title='bbox 254 2505 307 2534; x_wconf 67' lang='lat'><strong>13.</strong></span> <span class='ocrx_word' id='word_1_333' title='bbox 327 2502 352 2539; x_wconf 77' lang='grc' dir='ltr'><strong>δ’,</strong></span> <span class='ocrx_word' id='word_1_334' title='bbox 375 2513 408 2533; x_wconf 69' lang='grc' dir='ltr'><strong>τε</strong></span> <span class='ocrx_word' id='word_1_335' title='bbox 429 2504 485 2544; x_wconf 75' lang='grc' dir='ltr'><strong>γὰρ</strong></span> <span class='ocrx_word' id='word_1_336' title='bbox 505 2503 590 2543; x_wconf 68' lang='grc' dir='ltr'><strong><em>οἶμαι</em></strong></span> <span class='ocrx_word' id='word_1_337' title='bbox 604 2505 662 2546; x_wconf 93' lang='lat'><strong>--]</strong></span> <span class='ocrx_word' id='word_1_338' title='bbox 677 2514 801 2544; x_wconf 88' lang='lat' dir='ltr'><strong>quoquo</strong></span> <span class='ocrx_word' id='word_1_339' title='bbox 817 2515 866 2534; x_wconf 91' lang='lat' dir='ltr'><strong>me</strong></span> 
     </span>
     <span class='ocr_line' id='line_1_54' title="bbox 146 2546 867 2582; baseline 0 -5"><span class='ocrx_word' id='word_1_340' title='bbox 146 2551 281 2582; x_wconf 61' lang='lat' dir='ltr'><strong>vertam,</strong></span> <span class='ocrx_word' id='word_1_341' title='bbox 304 2546 406 2577; x_wconf 87' lang='lat' dir='ltr'><strong>locum</strong></span> <span class='ocrx_word' id='word_1_342' title='bbox 429 2547 511 2576; x_wconf 86' lang='lat' dir='ltr'><strong>bunc</strong></span> <span class='ocrx_word' id='word_1_343' title='bbox 531 2557 591 2576; x_wconf 79' lang='lat' dir='ltr'><strong>non</strong></span> <span class='ocrx_word' id='word_1_344' title='bbox 610 2548 742 2577; x_wconf 84' lang='lat' dir='ltr'><strong>extrico.</strong></span> <span class='ocrx_word' id='word_1_345' title='bbox 785 2548 867 2577; x_wconf 78' lang='lat' dir='ltr'><strong>Satis</strong></span> 
     </span>
     <span class='ocr_line' id='line_1_55' title="bbox 146 2589 866 2630; baseline 0.001 -11"><span class='ocrx_word' id='word_1_346' title='bbox 146 2593 282 2630; x_wconf 65' lang='lat' dir='ltr'><strong>›appan-et</strong></span> <span class='ocrx_word' id='word_1_347' title='bbox 300 2599 340 2619; x_wconf 78' lang='lat' dir='ltr'><strong>ex</strong></span> <span class='ocrx_word' id='word_1_348' title='bbox 363 2589 435 2630; x_wconf 86' lang='lat' dir='ltr'><strong>ipsa</strong></span> <span class='ocrx_word' id='word_1_349' title='bbox 459 2589 623 2620; x_wconf 82' lang='lat' dir='ltr'><strong>lectionum</strong></span> <span class='ocrx_word' id='word_1_350' title='bbox 646 2590 866 2629; x_wconf 80' lang='lat' dir='ltr'><strong>discrepantia,</strong></span> 
     </span>
     <span class='ocr_line' id='line_1_56' title="bbox 151 2632 867 2664; baseline 0 -1"><span class='ocrx_word' id='word_1_351' title='bbox 151 2633 333 2664; x_wconf 83' lang='lat' dir='ltr'><strong>mendosum</strong></span> <span class='ocrx_word' id='word_1_352' title='bbox 349 2639 381 2663; x_wconf 88' lang='lat' dir='ltr'><strong>et</strong></span> <span class='ocrx_word' id='word_1_353' title='bbox 394 2632 529 2663; x_wconf 85' lang='lat' dir='ltr'><strong>hiulcum</strong></span> <span class='ocrx_word' id='word_1_354' title='bbox 546 2633 627 2663; x_wconf 83' lang='lat' dir='ltr'><strong>hunc</strong></span> <span class='ocrx_word' id='word_1_355' title='bbox 647 2633 750 2663; x_wconf 91' lang='lat' dir='ltr'><strong>locum</strong></span> <span class='ocrx_word' id='word_1_356' title='bbox 768 2633 798 2663; x_wconf 90' lang='lat' dir='ltr'><strong>in</strong></span> <span class='ocrx_word' id='word_1_357' title='bbox 815 2644 867 2663; x_wconf 87' lang='lat' dir='ltr'><strong>ve-</strong></span> 
     </span>
     <span class='ocr_line' id='line_1_57' title="bbox 144 2675 868 2716; baseline 0 -10"><span class='ocrx_word' id='word_1_358' title='bbox 144 2676 245 2706; x_wconf 48' lang='lat' dir='ltr'><strong>tustis</strong></span> <span class='ocrx_word' id='word_1_359' title='bbox 256 2675 348 2706; x_wconf 80' lang='lat' dir='ltr'><strong>:libris</strong></span> <span class='ocrx_word' id='word_1_360' title='bbox 363 2675 666 2706; x_wconf 82' lang='lat' dir='ltr'><strong>circumambulasse.</strong></span> <span class='ocrx_word' id='word_1_361' title='bbox 678 2686 773 2716; x_wconf 79' lang='lat' dir='ltr'><strong>quare</strong></span> <span class='ocrx_word' id='word_1_362' title='bbox 789 2676 819 2706; x_wconf 85' lang='lat' dir='ltr'><strong>in</strong></span> <span class='ocrx_word' id='word_1_363' title='bbox 831 2686 868 2706; x_wconf 90' lang='lat' dir='ltr'><strong>eo</strong></span> 
     </span>
     <span class='ocr_line' id='line_1_58' title="bbox 153 2719 869 2759; baseline 0 -10"><span class='ocrx_word' id='word_1_364' title='bbox 153 2719 336 2759; x_wconf 70' lang='lat' dir='ltr'><strong>cunigunda</strong></span> <span class='ocrx_word' id='word_1_365' title='bbox 359 2729 484 2759; x_wconf 80' lang='lat' dir='ltr'><strong>operam</strong></span> <span class='ocrx_word' id='word_1_366' title='bbox 507 2720 637 2759; x_wconf 79' lang='lat' dir='ltr'><strong>perdere</strong></span> <span class='ocrx_word' id='word_1_367' title='bbox 664 2719 744 2749; x_wconf 82' lang='lat' dir='ltr'><strong>haud</strong></span> <span class='ocrx_word' id='word_1_368' title='bbox 767 2721 869 2758; x_wconf 82' lang='lat' dir='ltr'><strong>juvat.</strong></span> 
     </span>
     <span class='ocr_line' id='line_1_59' title="bbox 153 2761 869 2802; baseline 0 -10"><span class='ocrx_word' id='word_1_369' title='bbox 153 2762 210 2793; x_wconf 83' lang='lat' dir='ltr'><strong>sed</strong></span> <span class='ocrx_word' id='word_1_370' title='bbox 234 2763 349 2801; x_wconf 71' lang='lat' dir='ltr'><strong>jaoeto,</strong></span> <span class='ocrx_word' id='word_1_371' title='bbox 372 2767 406 2792; x_wconf 87' lang='lat' dir='ltr'><strong>ut</strong></span> <span class='ocrx_word' id='word_1_372' title='bbox 426 2764 520 2802; x_wconf 83' lang='lat' dir='ltr'><strong>jacet,</strong></span> <span class='ocrx_word' id='word_1_373' title='bbox 537 2768 569 2792; x_wconf 86' lang='lat' dir='ltr'><strong>et</strong></span> <span class='ocrx_word' id='word_1_374' title='bbox 590 2761 689 2800; x_wconf 82' lang='lat' dir='ltr'><strong>jacuit</strong></span> <span class='ocrx_word' id='word_1_375' title='bbox 714 2762 814 2792; x_wconf 85' lang='lat' dir='ltr'><strong>adhuc</strong></span> <span class='ocrx_word' id='word_1_376' title='bbox 838 2763 869 2792; x_wconf 87' lang='lat' dir='ltr'><strong>iu</strong></span> 
     </span>
     <span class='ocr_line' id='line_1_60' title="bbox 145 2805 870 2846; baseline -0.001 -10"><span class='ocrx_word' id='word_1_377' title='bbox 145 2806 280 2844; x_wconf 68' lang='lat' dir='ltr'><strong>mendo,</strong></span> <span class='ocrx_word' id='word_1_378' title='bbox 291 2806 363 2846; x_wconf 76' lang='lat' dir='ltr'><strong>quia</strong></span> <span class='ocrx_word' id='word_1_379' title='bbox 373 2805 526 2836; x_wconf 75' lang='lat' dir='ltr'><strong>medicina</strong></span> <span class='ocrx_word' id='word_1_380' title='bbox 533 2805 646 2836; x_wconf 78' lang='lat' dir='ltr'><strong>idonea</strong></span> <span class='ocrx_word' id='word_1_381' title='bbox 660 2810 775 2845; x_wconf 87' lang='lat' dir='ltr'><strong>praesto</strong></span> <span class='ocrx_word' id='word_1_382' title='bbox 787 2805 870 2835; x_wconf 88' lang='lat' dir='ltr'><strong>nulla</strong></span> 
     </span>
     <span class='ocr_line' id='line_1_61' title="bbox 157 2851 218 2878; baseline 0 0"><span class='ocrx_word' id='word_1_383' title='bbox 157 2851 218 2878; x_wconf 79' lang='lat' dir='ltr'><strong>est.</strong></span> 
     </span>
    </p>

    <p class='ocr_par' dir='ltr' id='par_1_11' title="bbox 146 2889 872 3062">
     <span class='ocr_line' id='line_1_62' title="bbox 146 2889 869 2932; baseline -0.003 -10"><span class='ocrx_word' id='word_1_384' title='bbox 146 2905 148 2907; x_wconf 90' lang='lat'>·</span> <span class='ocrx_word' id='word_1_385' title='bbox 198 2906 242 2915; x_wconf 91' lang='lat'><strong>··-</strong></span> <span class='ocrx_word' id='word_1_386' title='bbox 256 2892 310 2922; x_wconf 66' lang='lat'><strong>23.</strong></span> <span class='ocrx_word' id='word_1_387' title='bbox 331 2889 478 2932; x_wconf 78' lang='grc' dir='ltr'><strong><em>λέγοντος]</em></strong></span> <span class='ocrx_word' id='word_1_388' title='bbox 508 2891 632 2922; x_wconf 84' lang='lat' dir='ltr'><strong>correxi</strong></span> <span class='ocrx_word' id='word_1_389' title='bbox 657 2892 706 2922; x_wconf 70' lang='grc' dir='ltr'><strong>τοῦ</strong></span> <span class='ocrx_word' id='word_1_390' title='bbox 729 2891 869 2931; x_wconf 75' lang='grc' dir='ltr'><strong><em>λέγοντος.</em></strong></span> 
     </span>
     <span class='ocr_line' id='line_1_63' title="bbox 149 2933 870 2967; baseline 0.001 -4"><span class='ocrx_word' id='word_1_391' title='bbox 149 2942 227 2964; x_wconf 84' lang='lat' dir='ltr'><strong>-cum</strong></span> <span class='ocrx_word' id='word_1_392' title='bbox 240 2933 381 2967; x_wconf 63' lang='lat' dir='ltr'><strong>artionio.</strong></span> <span class='ocrx_word' id='word_1_393' title='bbox 397 2938 431 2964; x_wconf 85' lang='lat' dir='ltr'><strong>ut</strong></span> <span class='ocrx_word' id='word_1_394' title='bbox 445 2935 513 2965; x_wconf 74' lang='lat' dir='ltr'><strong>haec</strong></span> <span class='ocrx_word' id='word_1_395' title='bbox 524 2933 565 2965; x_wconf 82' lang='lat' dir='ltr'><strong>sit</strong></span> <span class='ocrx_word' id='word_1_396' title='bbox 580 2935 747 2966; x_wconf 79' lang='lat' dir='ltr'><strong>sententia:</strong></span> <span class='ocrx_word' id='word_1_397' title='bbox 764 2934 870 2965; x_wconf 74' lang='lat' dir='ltr'><strong>nihilo-</strong></span> 
     </span>
     <span class='ocr_line' id='line_1_64' title="bbox 147 2976 871 3019; baseline 0.003 -13"><span class='ocrx_word' id='word_1_398' title='bbox 147 2976 371 3007; x_wconf 64' lang='lat' dir='ltr'><strong>minumum</strong></span> <span class='ocrx_word' id='word_1_399' title='bbox 388 2977 504 3008; x_wconf 62' lang='lat' dir='ltr'><strong>divisset</strong></span> <span class='ocrx_word' id='word_1_400' title='bbox 523 2978 558 3008; x_wconf 82' lang='lat' dir='ltr'><strong>de</strong></span> <span class='ocrx_word' id='word_1_401' title='bbox 579 2989 623 3017; x_wconf 81' lang='lat' dir='ltr'><strong>eo,</strong></span> <span class='ocrx_word' id='word_1_402' title='bbox 645 2979 698 3019; x_wconf 80' lang='lat' dir='ltr'><strong>qui</strong></span> <span class='ocrx_word' id='word_1_403' title='bbox 706 2976 816 3019; x_wconf 70' lang='lat' dir='ltr'><strong>ficisset</strong></span> <span class='ocrx_word' id='word_1_404' title='bbox 837 2979 871 3008; x_wconf 73' lang='lat' dir='ltr'><strong>io</strong></span> 
     </span>
     <span class='ocr_line' id='line_1_65' title="bbox 154 3019 872 3062; baseline 0.004 -13"><span class='ocrx_word' id='word_1_405' title='bbox 154 3019 257 3050; x_wconf 78' lang='lat' dir='ltr'><strong>eadem</strong></span> <span class='ocrx_word' id='word_1_406' title='bbox 276 3024 373 3058; x_wconf 79' lang='lat' dir='ltr'><strong>oetute.</strong></span> <span class='ocrx_word' id='word_1_407' title='bbox 390 3030 449 3062; x_wconf 79' lang='lat' dir='ltr'><strong>qua</strong></span> <span class='ocrx_word' id='word_1_408' title='bbox 470 3025 512 3053; x_wconf 79' lang='lat' dir='ltr'><strong>est</strong></span> <span class='ocrx_word' id='word_1_409' title='bbox 533 3020 642 3054; x_wconf 80' lang='lat' dir='ltr'><strong>dicens.</strong></span> <span class='ocrx_word' id='word_1_410' title='bbox 687 3021 872 3053; x_wconf 79' lang='lat' dir='ltr'><strong>Subauditur</strong></span> 
     </span>
    </p>
   </div>
   <div class='ocr_carea' id='block_1_3' title="bbox 1522 204 1605 246">
    <p class='ocr_par' dir='ltr' id='par_1_12' title="bbox 1522 204 1605 246">
     <span class='ocr_line' id='line_1_66' title="bbox 1522 204 1605 246; baseline -0.012 0"><span class='ocrx_word' id='word_1_411' title='bbox 1522 204 1605 246; x_wconf 84' lang='lat'><strong>243</strong></span> 
     </span>
    </p>
   </div>
   <div class='ocr_carea' id='block_1_4' title="bbox 892 309 1620 3062">
    <p class='ocr_par' dir='ltr' id='par_1_13' title="bbox 892 309 1604 480">
     <span class='ocr_line' id='line_1_67' title="bbox 893 309 1604 349; baseline -0.001 -9"><span class='ocrx_word' id='word_1_412' title='bbox 893 310 973 341; x_wconf 85' lang='lat' dir='ltr'><strong>enim</strong></span> <span class='ocrx_word' id='word_1_413' title='bbox 996 309 1148 348; x_wconf 82' lang='grc' dir='ltr'><strong><em>γεγονότος,</em></strong></span> <span class='ocrx_word' id='word_1_414' title='bbox 1170 315 1201 340; x_wconf 82' lang='lat' dir='ltr'><strong>et</strong></span> <span class='ocrx_word' id='word_1_415' title='bbox 1223 311 1401 349; x_wconf 83' lang='lat' dir='ltr'><strong>designatur</strong></span> <span class='ocrx_word' id='word_1_416' title='bbox 1425 310 1604 340; x_wconf 64' lang='lat' dir='ltr'><strong>Anchiades.</strong></span> 
     </span>
     <span class='ocr_line' id='line_1_68' title="bbox 892 352 1604 392; baseline -0.001 -9"><span class='ocrx_word' id='word_1_417' title='bbox 892 353 994 383; x_wconf 86' lang='lat' dir='ltr'><strong>malim</strong></span> <span class='ocrx_word' id='word_1_418' title='bbox 1005 359 1105 382; x_wconf 83' lang='lat' dir='ltr'><strong>tamen</strong></span> <span class='ocrx_word' id='word_1_419' title='bbox 1116 364 1122 381; x_wconf 78' lang='lat' dir='ltr'><strong><em>z</em></strong></span> <span class='ocrx_word' id='word_1_420' title='bbox 1141 352 1209 392; x_wconf 74' lang='grc' dir='ltr'><strong>ὑπὲρ</strong></span> <span class='ocrx_word' id='word_1_421' title='bbox 1221 355 1275 382; x_wconf 81' lang='grc' dir='ltr'><strong><em>τῶν</em></strong></span> <span class='ocrx_word' id='word_1_422' title='bbox 1285 356 1365 384; x_wconf 72' lang='grc' dir='ltr'><strong>κατὰ</strong></span> <span class='ocrx_word' id='word_1_423' title='bbox 1375 355 1423 384; x_wconf 67' lang='grc' dir='ltr'><strong>τὴν</strong></span> <span class='ocrx_word' id='word_1_424' title='bbox 1436 352 1543 383; x_wconf 74' lang='grc' dir='ltr'><strong><em>ἠλικίαν</em></strong></span> <span class='ocrx_word' id='word_1_425' title='bbox 1554 353 1604 382; x_wconf 79' lang='grc' dir='ltr'><strong>τοῦ</strong></span> 
     </span>
     <span class='ocr_line' id='line_1_69' title="bbox 893 394 1603 435; baseline 0.001 -9"><span class='ocrx_word' id='word_1_426' title='bbox 893 396 1021 434; x_wconf 78' lang='grc' dir='ltr'><strong><em>λέγοντος</em></strong></span> <span class='ocrx_word' id='word_1_427' title='bbox 1039 395 1121 435; x_wconf 84' lang='lat' dir='ltr'><strong>[scil.</strong></span> <span class='ocrx_word' id='word_1_428' title='bbox 1133 394 1309 435; x_wconf 57' lang='grc' dir='ltr'><strong><em>γεγονότων]</em></strong></span> <span class='ocrx_word' id='word_1_429' title='bbox 1325 397 1440 426; x_wconf 74' lang='lat' dir='ltr'><strong>dixisset</strong></span> <span class='ocrx_word' id='word_1_430' title='bbox 1458 396 1494 426; x_wconf 85' lang='lat' dir='ltr'><strong>de</strong></span> <span class='ocrx_word' id='word_1_431' title='bbox 1508 398 1603 430; x_wconf 80' lang='lat' dir='ltr'><strong>rebus,</strong></span> 
     </span>
     <span class='ocr_line' id='line_1_70' title="bbox 894 439 1366 480; baseline -0.008 -11"><span class='ocrx_word' id='word_1_432' title='bbox 894 450 956 480; x_wconf 82' lang='lat' dir='ltr'><strong>quoe</strong></span> <span class='ocrx_word' id='word_1_433' title='bbox 969 440 1124 469; x_wconf 79' lang='lat' dir='ltr'><strong>evenissent</strong></span> <span class='ocrx_word' id='word_1_434' title='bbox 1138 444 1221 468; x_wconf 78' lang='lat' dir='ltr'><strong>aelate</strong></span> <span class='ocrx_word' id='word_1_435' title='bbox 1235 439 1366 467; x_wconf 72' lang='lat' dir='ltr'><strong>dicentis.</strong></span> 
     </span>
    </p>

    <p class='ocr_par' dir='ltr' id='par_1_14' title="bbox 894 479 1613 1337">
     <span class='ocr_line' id='line_1_71' title="bbox 938 479 1605 519; baseline -0.003 -7"><span class='ocrx_word' id='word_1_436' title='bbox 938 483 1033 512; x_wconf 78' lang='lat'><strong><em>1097.</em></strong></span> <span class='ocrx_word' id='word_1_437' title='bbox 1049 481 1103 512; x_wconf 56' lang='lat'><strong>25</strong></span> <span class='ocrx_word' id='word_1_438' title='bbox 1120 480 1147 510; x_wconf 77' lang='grc' dir='ltr'><strong>δέ</strong></span> <span class='ocrx_word' id='word_1_439' title='bbox 1163 491 1194 518; x_wconf 84' lang='grc' dir='ltr'><strong>γε</strong></span> <span class='ocrx_word' id='word_1_440' title='bbox 1210 479 1307 519; x_wconf 78' lang='grc' dir='ltr'><strong><em>νόμος]</em></strong></span> <span class='ocrx_word' id='word_1_441' title='bbox 1322 480 1427 518; x_wconf 83' lang='lat' dir='ltr'><strong>agitat,</strong></span> <span class='ocrx_word' id='word_1_442' title='bbox 1445 482 1493 510; x_wconf 91' lang='lat' dir='ltr'><strong>vel</strong></span> <span class='ocrx_word' id='word_1_443' title='bbox 1511 486 1605 511; x_wconf 78' lang='lat' dir='ltr'><strong>vexat</strong></span> 
     </span>
     <span class='ocr_line' id='line_1_72' title="bbox 894 522 1605 564; baseline -0.001 -10"><span class='ocrx_word' id='word_1_444' title='bbox 894 525 1008 564; x_wconf 78' lang='lat' dir='ltr'><strong>potius,</strong></span> <span class='ocrx_word' id='word_1_445' title='bbox 1030 535 1087 563; x_wconf 88' lang='lat' dir='ltr'><strong>pro</strong></span> <span class='ocrx_word' id='word_1_446' title='bbox 1104 534 1187 554; x_wconf 85' lang='lat' dir='ltr'><strong>more</strong></span> <span class='ocrx_word' id='word_1_447' title='bbox 1208 533 1264 552; x_wconf 89' lang='lat' dir='ltr'><strong>suo</strong></span> <span class='ocrx_word' id='word_1_448' title='bbox 1287 522 1407 551; x_wconf 78' lang='lat' dir='ltr'><strong>Petitus</strong></span> <span class='ocrx_word' id='word_1_449' title='bbox 1423 524 1481 551; x_wconf 86' lang='lat' dir='ltr'><strong><em>h.l.</em></strong></span> <span class='ocrx_word' id='word_1_450' title='bbox 1498 524 1527 553; x_wconf 89' lang='lat' dir='ltr'><strong>in</strong></span> <span class='ocrx_word' id='word_1_451' title='bbox 1547 525 1605 553; x_wconf 82' lang='lat' dir='ltr'><strong>Le-</strong></span> 
     </span>
     <span class='ocr_line' id='line_1_73' title="bbox 894 565 1606 608; baseline -0.003 -11"><span class='ocrx_word' id='word_1_452' title='bbox 894 568 984 608; x_wconf 80' lang='lat' dir='ltr'><strong>gibus</strong></span> <span class='ocrx_word' id='word_1_453' title='bbox 1005 568 1118 597; x_wconf 74' lang='lat' dir='ltr'><strong>Atticis</strong></span> <span class='ocrx_word' id='word_1_454' title='bbox 1135 578 1166 605; x_wconf 85' lang='lat' dir='ltr'><strong>p.</strong></span> <span class='ocrx_word' id='word_1_455' title='bbox 1179 568 1251 598; x_wconf 79' lang='lat'><strong><em>446.</em></strong></span> <span class='ocrx_word' id='word_1_456' title='bbox 1298 565 1360 595; x_wconf 73' lang='lat' dir='ltr'><strong>Sed</strong></span> <span class='ocrx_word' id='word_1_457' title='bbox 1379 565 1488 594; x_wconf 74' lang='lat' dir='ltr'><strong>merito</strong></span> <span class='ocrx_word' id='word_1_458' title='bbox 1508 568 1547 595; x_wconf 83' lang='lat' dir='ltr'><strong>ab</strong></span> <span class='ocrx_word' id='word_1_459' title='bbox 1571 577 1606 595; x_wconf 89' lang='lat' dir='ltr'><strong>eo</strong></span> 
     </span>
     <span class='ocr_line' id='line_1_74' title="bbox 894 609 1608 648; baseline -0.003 -8"><span class='ocrx_word' id='word_1_460' title='bbox 894 609 1284 648; x_wconf 80' lang='lat' dir='ltr'><strong>dissentitWesselingius.</strong></span> <span class='ocrx_word' id='word_1_461' title='bbox 1299 610 1376 637; x_wconf 83' lang='lat' dir='ltr'><strong>bene</strong></span> <span class='ocrx_word' id='word_1_462' title='bbox 1387 609 1497 637; x_wconf 81' lang='lat' dir='ltr'><strong>habent</strong></span> <span class='ocrx_word' id='word_1_463' title='bbox 1507 609 1608 638; x_wconf 85' lang='lat' dir='ltr'><strong>omnia</strong></span> 
     </span>
     <span class='ocr_line' id='line_1_75' title="bbox 894 650 1607 692; baseline -0.007 -9"><span class='ocrx_word' id='word_1_464' title='bbox 894 654 970 689; x_wconf 84' lang='lat' dir='ltr'><strong>haec,</strong></span> <span class='ocrx_word' id='word_1_465' title='bbox 998 664 1127 692; x_wconf 87' lang='lat' dir='ltr'><strong>quorum</strong></span> <span class='ocrx_word' id='word_1_466' title='bbox 1149 654 1213 682; x_wconf 76' lang='lat' dir='ltr'><strong>llaec</strong></span> <span class='ocrx_word' id='word_1_467' title='bbox 1237 657 1285 681; x_wconf 86' lang='lat' dir='ltr'><strong>est</strong></span> <span class='ocrx_word' id='word_1_468' title='bbox 1305 650 1469 681; x_wconf 73' lang='lat' dir='ltr'><strong>sententia:</strong></span> <span class='ocrx_word' id='word_1_469' title='bbox 1494 651 1505 679; x_wconf 85' lang='grc' dir='ltr'><strong><em>ὁ</em></strong></span> <span class='ocrx_word' id='word_1_470' title='bbox 1527 650 1607 689; x_wconf 70' lang='grc' dir='ltr'><strong><em>νόμος</em></strong></span> 
     </span>
     <span class='ocr_line' id='line_1_76' title="bbox 894 693 1608 735; baseline -0.007 -9"><span class='ocrx_word' id='word_1_471' title='bbox 894 697 995 726; x_wconf 79' lang='grc' dir='ltr'>κωλύει</span> <span class='ocrx_word' id='word_1_472' title='bbox 1009 707 1054 730; x_wconf 78' lang='grc' dir='ltr'><strong>σε,</strong></span> <span class='ocrx_word' id='word_1_473' title='bbox 1069 694 1198 735; x_wconf 77' lang='grc' dir='ltr'><strong><em>ζωντος’</em></strong></span> <span class='ocrx_word' id='word_1_474' title='bbox 1187 707 1230 725; x_wconf 86' lang='grc' dir='ltr'><strong>ετι</strong></span> <span class='ocrx_word' id='word_1_475' title='bbox 1245 696 1296 725; x_wconf 74' lang='grc' dir='ltr'><strong>τοῦ</strong></span> <span class='ocrx_word' id='word_1_476' title='bbox 1310 693 1431 734; x_wconf 73' lang='grc' dir='ltr'><strong>πατρὸς,</strong></span> <span class='ocrx_word' id='word_1_477' title='bbox 1447 693 1608 732; x_wconf 76' lang='grc' dir='ltr'><strong><em>διαμαρτυ-</em></strong></span> 
     </span>
     <span class='ocr_line' id='line_1_77' title="bbox 896 735 1607 779; baseline -0.007 -10"><span class='ocrx_word' id='word_1_478' title='bbox 896 742 948 778; x_wconf 80' lang='grc' dir='ltr'><strong><em>ρεῖν</em></strong></span> <span class='ocrx_word' id='word_1_479' title='bbox 961 741 1002 769; x_wconf 79' lang='grc' dir='ltr'><strong>τιὶ</strong></span> <span class='ocrx_word' id='word_1_480' title='bbox 1016 739 1068 769; x_wconf 76' lang='grc' dir='ltr'><strong>ὑπ’</strong></span> <span class='ocrx_word' id='word_1_481' title='bbox 1082 738 1177 769; x_wconf 75' lang='grc' dir='ltr'><strong><em>ἐκείνου</em></strong></span> <span class='ocrx_word' id='word_1_482' title='bbox 1193 736 1380 779; x_wconf 65' lang='grc' dir='ltr'><strong><em>πραχθέντα,</em></strong></span> <span class='ocrx_word' id='word_1_483' title='bbox 1397 737 1432 771; x_wconf 81' lang='grc' dir='ltr'><strong>ὡς</strong></span> <span class='ocrx_word' id='word_1_484' title='bbox 1447 736 1473 766; x_wconf 75' lang='lat' dir='ltr'><strong>el</strong></span> <span class='ocrx_word' id='word_1_485' title='bbox 1488 747 1534 769; x_wconf 78' lang='grc' dir='ltr'><strong>τις</strong></span> <span class='ocrx_word' id='word_1_486' title='bbox 1548 735 1607 764; x_wconf 73' lang='grc' dir='ltr'><strong><em>δια,-</em></strong></span> 
     </span>
     <span class='ocr_line' id='line_1_78' title="bbox 896 778 1608 822; baseline -0.006 -11"><span class='ocrx_word' id='word_1_487' title='bbox 896 782 1098 822; x_wconf 70' lang='grc' dir='ltr'><strong><em>μαρτυρήσειεν</em></strong></span> <span class='ocrx_word' id='word_1_488' title='bbox 1120 783 1201 812; x_wconf 76' lang='grc' dir='ltr'><strong><em>ἀκοῆν</em></strong></span> <span class='ocrx_word' id='word_1_489' title='bbox 1226 778 1481 810; x_wconf 75' lang='grc' dir='ltr'><strong>τετελευτηκότων.</strong></span> <span class='ocrx_word' id='word_1_490' title='bbox 1507 784 1539 808; x_wconf 86' lang='lat' dir='ltr'><strong>tu</strong></span> <span class='ocrx_word' id='word_1_491' title='bbox 1564 783 1608 808; x_wconf 83' lang='lat' dir='ltr'><strong>te-</strong></span> 
     </span>
     <span class='ocr_line' id='line_1_79' title="bbox 899 822 1609 864; baseline -0.006 -10"><span class='ocrx_word' id='word_1_492' title='bbox 899 825 990 855; x_wconf 68' lang='lat' dir='ltr'><strong>statis</strong></span> <span class='ocrx_word' id='word_1_493' title='bbox 1001 831 1031 854; x_wconf 84' lang='lat' dir='ltr'><strong>te</strong></span> <span class='ocrx_word' id='word_1_494' title='bbox 1042 836 1081 855; x_wconf 85' lang='lat' dir='ltr'><strong>ex</strong></span> <span class='ocrx_word' id='word_1_495' title='bbox 1097 831 1184 864; x_wconf 83' lang='lat' dir='ltr'><strong>patre</strong></span> <span class='ocrx_word' id='word_1_496' title='bbox 1201 830 1253 854; x_wconf 86' lang='lat' dir='ltr'><strong>tuo</strong></span> <span class='ocrx_word' id='word_1_497' title='bbox 1262 823 1432 858; x_wconf 80' lang='lat' dir='ltr'><strong>audivisse,</strong></span> <span class='ocrx_word' id='word_1_498' title='bbox 1442 822 1495 861; x_wconf 89' lang='lat' dir='ltr'><strong>qui</strong></span> <span class='ocrx_word' id='word_1_499' title='bbox 1509 822 1609 851; x_wconf 84' lang='lat' dir='ltr'><strong>adhuc</strong></span> 
     </span>
     <span class='ocr_line' id='line_1_80' title="bbox 897 865 1610 907; baseline -0.004 -10"><span class='ocrx_word' id='word_1_500' title='bbox 897 868 926 897; x_wconf 88' lang='lat' dir='ltr'><strong>in</strong></span> <span class='ocrx_word' id='word_1_501' title='bbox 943 868 1024 897; x_wconf 89' lang='lat' dir='ltr'><strong>vivis</strong></span> <span class='ocrx_word' id='word_1_502' title='bbox 1039 872 1191 907; x_wconf 83' lang='lat' dir='ltr'><strong>superest,</strong></span> <span class='ocrx_word' id='word_1_503' title='bbox 1207 872 1237 896; x_wconf 87' lang='lat' dir='ltr'><strong>et</strong></span> <span class='ocrx_word' id='word_1_504' title='bbox 1259 867 1289 896; x_wconf 91' lang='lat' dir='ltr'><strong>in</strong></span> <span class='ocrx_word' id='word_1_505' title='bbox 1312 867 1387 896; x_wconf 84' lang='lat' dir='ltr'><strong>urbe</strong></span> <span class='ocrx_word' id='word_1_506' title='bbox 1405 866 1502 895; x_wconf 80' lang='lat' dir='ltr'><strong>adest.</strong></span> <span class='ocrx_word' id='word_1_507' title='bbox 1527 865 1610 904; x_wconf 87' lang='lat' dir='ltr'><strong>atqui</strong></span> 
     </span>
     <span class='ocr_line' id='line_1_81' title="bbox 898 907 1613 950; baseline -0.007 -9"><span class='ocrx_word' id='word_1_508' title='bbox 898 911 949 941; x_wconf 81' lang='lat' dir='ltr'><strong>lex</strong></span> <span class='ocrx_word' id='word_1_509' title='bbox 965 915 1061 947; x_wconf 82' lang='lat' dir='ltr'><strong>vetat,</strong></span> <span class='ocrx_word' id='word_1_510' title='bbox 1077 912 1117 941; x_wconf 90' lang='lat' dir='ltr'><strong>de</strong></span> <span class='ocrx_word' id='word_1_511' title='bbox 1134 909 1232 950; x_wconf 83' lang='lat' dir='ltr'><strong>patris</strong></span> <span class='ocrx_word' id='word_1_512' title='bbox 1247 910 1347 939; x_wconf 83' lang='lat' dir='ltr'><strong>adhuc</strong></span> <span class='ocrx_word' id='word_1_513' title='bbox 1368 907 1547 947; x_wconf 73' lang='lat' dir='ltr'><strong>superstitis</strong></span> <span class='ocrx_word' id='word_1_514' title='bbox 1564 918 1613 937; x_wconf 88' lang='lat' dir='ltr'><strong>re-</strong></span> 
     </span>
     <span class='ocr_line' id='line_1_82' title="bbox 899 952 1611 993; baseline -0.003 -10"><span class='ocrx_word' id='word_1_515' title='bbox 899 954 955 983; x_wconf 87' lang='lat' dir='ltr'><strong>bus</strong></span> <span class='ocrx_word' id='word_1_516' title='bbox 971 954 1067 993; x_wconf 84' lang='lat' dir='ltr'><strong>gestis</strong></span> <span class='ocrx_word' id='word_1_517' title='bbox 1080 953 1188 984; x_wconf 74' lang='lat' dir='ltr'><strong>testari</strong></span> <span class='ocrx_word' id='word_1_518' title='bbox 1204 953 1295 988; x_wconf 73' lang='grc' dir='ltr'><strong><em>ἰωιοῆν,</em></strong></span> <span class='ocrx_word' id='word_1_519' title='bbox 1310 953 1370 982; x_wconf 86' lang='lat' dir='ltr'><strong>hoc</strong></span> <span class='ocrx_word' id='word_1_520' title='bbox 1387 957 1435 981; x_wconf 88' lang='lat' dir='ltr'><strong>est</strong></span> <span class='ocrx_word' id='word_1_521' title='bbox 1449 952 1541 981; x_wconf 87' lang='lat' dir='ltr'><strong>modo</strong></span> <span class='ocrx_word' id='word_1_522' title='bbox 1557 961 1611 981; x_wconf 86' lang='lat' dir='ltr'><strong>au·</strong></span> 
     </span>
     <span class='ocr_line' id='line_1_83' title="bbox 898 994 1610 1035; baseline -0.006 -9"><span class='ocrx_word' id='word_1_523' title='bbox 898 996 1024 1027; x_wconf 85' lang='lat' dir='ltr'><strong>ditionis</strong></span> <span class='ocrx_word' id='word_1_524' title='bbox 1040 998 1150 1026; x_wconf 84' lang='lat' dir='ltr'><strong>oblatae</strong></span> <span class='ocrx_word' id='word_1_525' title='bbox 1170 1000 1201 1026; x_wconf 84' lang='lat' dir='ltr'><strong>et</strong></span> <span class='ocrx_word' id='word_1_526' title='bbox 1215 1000 1365 1035; x_wconf 80' lang='lat' dir='ltr'><strong>acceptae,</strong></span> <span class='ocrx_word' id='word_1_527' title='bbox 1387 1005 1455 1034; x_wconf 85' lang='lat' dir='ltr'><strong>quae</strong></span> <span class='ocrx_word' id='word_1_528' title='bbox 1468 994 1547 1024; x_wconf 80' lang='lat' dir='ltr'><strong>ratio</strong></span> <span class='ocrx_word' id='word_1_529' title='bbox 1565 999 1610 1023; x_wconf 85' lang='lat' dir='ltr'><strong>te-</strong></span> 
     </span>
     <span class='ocr_line' id='line_1_84' title="bbox 897 1038 1612 1077; baseline -0.006 -7"><span class='ocrx_word' id='word_1_530' title='bbox 897 1039 1001 1069; x_wconf 78' lang='lat' dir='ltr'><strong>standi</strong></span> <span class='ocrx_word' id='word_1_531' title='bbox 1023 1040 1216 1070; x_wconf 87' lang='lat' dir='ltr'><strong>solummodo</strong></span> <span class='ocrx_word' id='word_1_532' title='bbox 1232 1039 1404 1068; x_wconf 76' lang='lat' dir='ltr'><strong>admittitur</strong></span> <span class='ocrx_word' id='word_1_533' title='bbox 1419 1043 1450 1067; x_wconf 81' lang='lat' dir='ltr'><strong>et</strong></span> <span class='ocrx_word' id='word_1_534' title='bbox 1465 1038 1612 1077; x_wconf 86' lang='lat' dir='ltr'><strong>probatur</strong></span> 
     </span>
     <span class='ocr_line' id='line_1_85' title="bbox 899 1080 1611 1122; baseline -0.006 -10"><span class='ocrx_word' id='word_1_535' title='bbox 899 1083 929 1112; x_wconf 92' lang='lat' dir='ltr'><strong>in</strong></span> <span class='ocrx_word' id='word_1_536' title='bbox 959 1082 1100 1118; x_wconf 76' lang='lat' dir='ltr'><strong>mortuis,</strong></span> <span class='ocrx_word' id='word_1_537' title='bbox 1131 1082 1184 1122; x_wconf 86' lang='lat' dir='ltr'><strong>qui</strong></span> <span class='ocrx_word' id='word_1_538' title='bbox 1211 1081 1273 1121; x_wconf 90' lang='lat' dir='ltr'><strong>ipsi</strong></span> <span class='ocrx_word' id='word_1_539' title='bbox 1303 1091 1402 1111; x_wconf 88' lang='lat' dir='ltr'><strong>coram</strong></span> <span class='ocrx_word' id='word_1_540' title='bbox 1432 1082 1462 1110; x_wconf 88' lang='lat' dir='ltr'><strong>iu</strong></span> <span class='ocrx_word' id='word_1_541' title='bbox 1489 1080 1611 1120; x_wconf 86' lang='lat' dir='ltr'><strong>judicio</strong></span> 
     </span>
     <span class='ocr_line' id='line_1_86' title="bbox 898 1124 1611 1164; baseline -0.003 -9"><span class='ocrx_word' id='word_1_542' title='bbox 898 1125 1008 1155; x_wconf 83' lang='lat' dir='ltr'><strong>adesse</strong></span> <span class='ocrx_word' id='word_1_543' title='bbox 1028 1131 1060 1156; x_wconf 84' lang='lat' dir='ltr'><strong>et</strong></span> <span class='ocrx_word' id='word_1_544' title='bbox 1086 1127 1124 1155; x_wconf 92' lang='lat' dir='ltr'><strong>de</strong></span> <span class='ocrx_word' id='word_1_545' title='bbox 1150 1137 1183 1156; x_wconf 88' lang='lat' dir='ltr'><strong>se</strong></span> <span class='ocrx_word' id='word_1_546' title='bbox 1208 1126 1314 1155; x_wconf 85' lang='lat' dir='ltr'><strong>testari</strong></span> <span class='ocrx_word' id='word_1_547' title='bbox 1337 1129 1503 1164; x_wconf 83' lang='lat' dir='ltr'><strong>nequeunt.</strong></span> <span class='ocrx_word' id='word_1_548' title='bbox 1549 1124 1611 1162; x_wconf 83' lang='lat' dir='ltr'><strong>Qui</strong></span> 
     </span>
     <span class='ocr_line' id='line_1_87' title="bbox 900 1167 1610 1208; baseline -0.004 -10"><span class='ocrx_word' id='word_1_549' title='bbox 900 1178 974 1198; x_wconf 87' lang='lat' dir='ltr'><strong>vero</strong></span> <span class='ocrx_word' id='word_1_550' title='bbox 998 1174 1165 1208; x_wconf 82' lang='lat' dir='ltr'><strong>supersunt</strong></span> <span class='ocrx_word' id='word_1_551' title='bbox 1182 1169 1292 1203; x_wconf 86' lang='lat' dir='ltr'><strong>adhuc,</strong></span> <span class='ocrx_word' id='word_1_552' title='bbox 1315 1172 1345 1197; x_wconf 91' lang='lat' dir='ltr'><strong>et</strong></span> <span class='ocrx_word' id='word_1_553' title='bbox 1363 1177 1464 1197; x_wconf 84' lang='lat' dir='ltr'><strong>coram</strong></span> <span class='ocrx_word' id='word_1_554' title='bbox 1489 1167 1610 1201; x_wconf 79' lang='lat' dir='ltr'><strong>adsunt,</strong></span> 
     </span>
     <span class='ocr_line' id='line_1_88' title="bbox 899 1212 1610 1250; baseline -0.004 -9"><span class='ocrx_word' id='word_1_555' title='bbox 899 1216 930 1241; x_wconf 83' lang='lat' dir='ltr'><strong>et</strong></span> <span class='ocrx_word' id='word_1_556' title='bbox 951 1212 1060 1242; x_wconf 80' lang='lat' dir='ltr'><strong>adesse</strong></span> <span class='ocrx_word' id='word_1_557' title='bbox 1078 1213 1109 1241; x_wconf 88' lang='lat' dir='ltr'><strong>in</strong></span> <span class='ocrx_word' id='word_1_558' title='bbox 1127 1212 1193 1241; x_wconf 88' lang='lat' dir='ltr'><strong>foro</strong></span> <span class='ocrx_word' id='word_1_559' title='bbox 1209 1214 1349 1250; x_wconf 82' lang='lat' dir='ltr'><strong>possunt,</strong></span> <span class='ocrx_word' id='word_1_560' title='bbox 1367 1222 1406 1240; x_wconf 88' lang='lat' dir='ltr'><strong>ex</strong></span> <span class='ocrx_word' id='word_1_561' title='bbox 1427 1220 1532 1240; x_wconf 82' lang='lat' dir='ltr'><strong>eorum</strong></span> <span class='ocrx_word' id='word_1_562' title='bbox 1557 1220 1610 1239; x_wconf 87' lang='lat' dir='ltr'><strong>ore</strong></span> 
     </span>
     <span class='ocr_line' id='line_1_89' title="bbox 898 1253 1612 1294; baseline -0.003 -10"><span class='ocrx_word' id='word_1_563' title='bbox 898 1255 995 1284; x_wconf 82' lang='lat' dir='ltr'><strong>relata</strong></span> <span class='ocrx_word' id='word_1_564' title='bbox 1008 1255 1143 1285; x_wconf 87' lang='lat' dir='ltr'><strong>narratio</strong></span> <span class='ocrx_word' id='word_1_565' title='bbox 1163 1253 1356 1294; x_wconf 76' lang='lat' dir='ltr'><strong>repudiatur,</strong></span> <span class='ocrx_word' id='word_1_566' title='bbox 1373 1258 1405 1284; x_wconf 83' lang='lat' dir='ltr'><strong>et</strong></span> <span class='ocrx_word' id='word_1_567' title='bbox 1421 1253 1451 1283; x_wconf 90' lang='lat' dir='ltr'><strong>in</strong></span> <span class='ocrx_word' id='word_1_568' title='bbox 1472 1253 1612 1283; x_wconf 68' lang='lat' dir='ltr'><strong>testimo-</strong></span> 
     </span>
     <span class='ocr_line' id='line_1_90' title="bbox 899 1298 1347 1337; baseline -0.005 -9"><span class='ocrx_word' id='word_1_569' title='bbox 899 1298 956 1328; x_wconf 87' lang='lat' dir='ltr'><strong>niis</strong></span> <span class='ocrx_word' id='word_1_570' title='bbox 970 1298 1117 1337; x_wconf 81' lang='lat' dir='ltr'><strong>legitimis</strong></span> <span class='ocrx_word' id='word_1_571' title='bbox 1132 1309 1189 1328; x_wconf 83' lang='lat' dir='ltr'><strong>non</strong></span> <span class='ocrx_word' id='word_1_572' title='bbox 1207 1298 1347 1327; x_wconf 73' lang='lat' dir='ltr'><strong>liabetur</strong></span> 
     </span>
    </p>

    <p class='ocr_par' dir='ltr' id='par_1_15' title="bbox 897 1338 1614 1467">
     <span class='ocr_line' id='line_1_91' title="bbox 941 1338 1613 1382; baseline -0.01 -9"><span class='ocrx_word' id='word_1_573' title='bbox 941 1359 985 1363; x_wconf 91' lang='lat'><strong>——</strong></span> <span class='ocrx_word' id='word_1_574' title='bbox 1011 1344 1042 1372; x_wconf 86' lang='lat'><strong>4.</strong></span> <span class='ocrx_word' id='word_1_575' title='bbox 1070 1341 1195 1382; x_wconf 55' lang='lat' dir='ltr'><strong>uineae]</strong></span> <span class='ocrx_word' id='word_1_576' title='bbox 1226 1339 1356 1370; x_wconf 88' lang='lat' dir='ltr'><strong>subaudi</strong></span> <span class='ocrx_word' id='word_1_577' title='bbox 1386 1339 1535 1373; x_wconf 73' lang='grc' dir='ltr'><em>σκοπεῖτε,</em></span> <span class='ocrx_word' id='word_1_578' title='bbox 1563 1338 1613 1367; x_wconf 86' lang='lat' dir='ltr'><strong>vel</strong></span> 
     </span>
     <span class='ocr_line' id='line_1_92' title="bbox 897 1381 1614 1423; baseline -0.006 -9"><span class='ocrx_word' id='word_1_579' title='bbox 897 1385 982 1419; x_wconf 70' lang='grc' dir='ltr'><strong>ξ’,δετε</strong></span> <span class='ocrx_word' id='word_1_580' title='bbox 999 1383 1031 1414; x_wconf 76' lang='grc' dir='ltr'><strong>τί</strong></span> <span class='ocrx_word' id='word_1_581' title='bbox 1044 1384 1121 1421; x_wconf 77' lang='grc' dir='ltr'><strong><em>ἔστι,</em></strong></span> <span class='ocrx_word' id='word_1_582' title='bbox 1136 1389 1189 1414; x_wconf 85' lang='lat' dir='ltr'><strong>aut</strong></span> <span class='ocrx_word' id='word_1_583' title='bbox 1201 1382 1350 1423; x_wconf 64' lang='grc' dir='ltr'><strong><em>ἔουλοίμην</em></strong></span> <span class='ocrx_word' id='word_1_584' title='bbox 1362 1381 1471 1418; x_wconf 69' lang='grc' dir='ltr'><strong><em>εἰδέναι,</em></strong></span> <span class='ocrx_word' id='word_1_585' title='bbox 1484 1382 1535 1412; x_wconf 85' lang='lat' dir='ltr'><strong>vel</strong></span> <span class='ocrx_word' id='word_1_586' title='bbox 1553 1381 1614 1410; x_wconf 85' lang='lat' dir='ltr'><strong>tale</strong></span> 
     </span>
     <span class='ocr_line' id='line_1_93' title="bbox 898 1428 986 1467; baseline 0 -10"><span class='ocrx_word' id='word_1_587' title='bbox 898 1428 986 1467; x_wconf 92' lang='lat' dir='ltr'><strong>quid.</strong></span> 
     </span>
    </p>

    <p class='ocr_par' dir='ltr' id='par_1_16' title="bbox 940 1471 1159 1522">
     <span class='ocr_line' id='line_1_94' title="bbox 940 1471 1159 1522; baseline -0.005 -21"><span class='ocrx_word' id='word_1_588' title='bbox 940 1488 985 1493; x_wconf 94' lang='lat'><strong>—</strong></span> <span class='ocrx_word' id='word_1_589' title='bbox 999 1471 1031 1501; x_wconf 98' lang='lat'><strong><em>5.</em></strong></span> <span class='ocrx_word' id='word_1_590' title='bbox 1045 1471 1159 1522; x_wconf 73' lang='grc' dir='ltr'><strong><em>τοῦτον]</em></strong></span> 
     </span>
    </p>

    <p class='ocr_par' dir='ltr' id='par_1_17' title="bbox 897 1509 1615 1846">
     <span class='ocr_line' id='line_1_95' title="bbox 942 1509 1615 1554; baseline -0.006 -10"><span class='ocrx_word' id='word_1_591' title='bbox 942 1532 983 1536; x_wconf 87' lang='grc'><strong>--</strong></span> <span class='ocrx_word' id='word_1_592' title='bbox 1000 1517 1029 1544; x_wconf 88' lang='grc'><strong>6.</strong></span> <span class='ocrx_word' id='word_1_593' title='bbox 1053 1512 1245 1554; x_wconf 72' lang='grc' dir='ltr'><strong><em>ἔνεγράψατο]</em></strong></span> <span class='ocrx_word' id='word_1_594' title='bbox 1269 1512 1390 1542; x_wconf 84' lang='lat' dir='ltr'><strong>correxi</strong></span> <span class='ocrx_word' id='word_1_595' title='bbox 1413 1509 1615 1551; x_wconf 72' lang='grc' dir='ltr'><strong>ἐπεγράψατο.</strong></span> 
     </span>
     <span class='ocr_line' id='line_1_96' title="bbox 898 1553 1615 1597; baseline -0.003 -11"><span class='ocrx_word' id='word_1_596' title='bbox 898 1557 1058 1597; x_wconf 67' lang='lat' dir='ltr'><strong>praescribi</strong></span> <span class='ocrx_word' id='word_1_597' title='bbox 1073 1558 1192 1587; x_wconf 85' lang='lat' dir='ltr'><strong>curavit</strong></span> <span class='ocrx_word' id='word_1_598' title='bbox 1204 1556 1311 1586; x_wconf 89' lang='lat' dir='ltr'><strong>libello</strong></span> <span class='ocrx_word' id='word_1_599' title='bbox 1327 1553 1545 1595; x_wconf 71' lang='grc' dir='ltr'><strong><em>διαμαρτυρίας,</em></strong></span> <span class='ocrx_word' id='word_1_600' title='bbox 1562 1564 1615 1584; x_wconf 85' lang='lat' dir='ltr'><strong>seu</strong></span> 
     </span>
     <span class='ocr_line' id='line_1_97' title="bbox 898 1597 1615 1649; baseline -0.006 -19"><span class='ocrx_word' id='word_1_601' title='bbox 898 1600 1146 1649; x_wconf 72' lang='lat' dir='ltr'><strong>contestationis,</strong></span> <span class='ocrx_word' id='word_1_602' title='bbox 1166 1610 1224 1629; x_wconf 88' lang='lat' dir='ltr'><strong>non</strong></span> <span class='ocrx_word' id='word_1_603' title='bbox 1246 1609 1346 1633; x_wconf 87' lang='lat' dir='ltr'><strong>suum,</strong></span> <span class='ocrx_word' id='word_1_604' title='bbox 1368 1599 1540 1632; x_wconf 85' lang='lat' dir='ltr'><strong>Leostrati,</strong></span> <span class='ocrx_word' id='word_1_605' title='bbox 1559 1597 1615 1626; x_wconf 87' lang='lat' dir='ltr'><strong>sed</strong></span> 
     </span>
     <span class='ocr_line' id='line_1_98' title="bbox 898 1641 1614 1682; baseline -0.007 -9"><span class='ocrx_word' id='word_1_606' title='bbox 898 1644 1000 1682; x_wconf 83' lang='lat' dir='ltr'><strong>hujus,</strong></span> <span class='ocrx_word' id='word_1_607' title='bbox 1023 1643 1077 1672; x_wconf 81' lang='lat' dir='ltr'><strong>filii</strong></span> <span class='ocrx_word' id='word_1_608' title='bbox 1100 1644 1161 1678; x_wconf 88' lang='lat' dir='ltr'><strong>sui,</strong></span> <span class='ocrx_word' id='word_1_609' title='bbox 1186 1641 1364 1676; x_wconf 85' lang='lat' dir='ltr'><strong>Leocharis,</strong></span> <span class='ocrx_word' id='word_1_610' title='bbox 1389 1651 1509 1671; x_wconf 86' lang='lat' dir='ltr'><strong>nomen.</strong></span> <span class='ocrx_word' id='word_1_611' title='bbox 1531 1651 1559 1669; x_wconf 91' lang='lat' dir='ltr'><strong>v.</strong></span> <span class='ocrx_word' id='word_1_612' title='bbox 1584 1650 1614 1669; x_wconf 91' lang='lat' dir='ltr'><strong><em>v.</em></strong></span> 
     </span>
     <span class='ocr_line' id='line_1_99' title="bbox 898 1682 1616 1723; baseline -0.006 -8"><span class='ocrx_word' id='word_1_613' title='bbox 898 1688 949 1716; x_wconf 83' lang='grc'><strong>13.</strong></span> <span class='ocrx_word' id='word_1_614' title='bbox 975 1686 1028 1715; x_wconf 88' lang='lat' dir='ltr'><strong>ubi</strong></span> <span class='ocrx_word' id='word_1_615' title='bbox 1045 1686 1209 1715; x_wconf 86' lang='lat' dir='ltr'><strong>Lambinus</strong></span> <span class='ocrx_word' id='word_1_616' title='bbox 1229 1685 1308 1715; x_wconf 87' lang='lat' dir='ltr'><strong>male</strong></span> <span class='ocrx_word' id='word_1_617' title='bbox 1329 1682 1472 1723; x_wconf 69' lang='grc' dir='ltr'><strong><em>ἐνεγράψω</em></strong></span> <span class='ocrx_word' id='word_1_618' title='bbox 1494 1682 1616 1712; x_wconf 84' lang='lat' dir='ltr'><strong>sufficit.</strong></span> 
     </span>
     <span class='ocr_line' id='line_1_100' title="bbox 897 1721 1615 1769; baseline -0.006 -11"><span class='ocrx_word' id='word_1_619' title='bbox 897 1733 967 1768; x_wconf 89' lang='lat' dir='ltr'><strong>post</strong></span> <span class='ocrx_word' id='word_1_620' title='bbox 979 1740 1014 1769; x_wconf 76' lang='grc' dir='ltr'><strong>τῃ</strong></span> <span class='ocrx_word' id='word_1_621' title='bbox 1001 1721 1216 1769; x_wconf 66' lang='grc' dir='ltr'><strong><em>διαμαρτυρίᾳ</em></strong></span> <span class='ocrx_word' id='word_1_622' title='bbox 1231 1724 1452 1762; x_wconf 82' lang='lat' dir='ltr'><strong>subauditur,</strong></span> <span class='ocrx_word' id='word_1_623' title='bbox 1440 1738 1452 1755; x_wconf 83' lang='grc' dir='ltr'><strong>ο</strong></span> <span class='ocrx_word' id='word_1_624' title='bbox 1467 1726 1519 1757; x_wconf 79' lang='grc' dir='ltr'><strong><em>ἐ’δει</em></strong></span> <span class='ocrx_word' id='word_1_625' title='bbox 1532 1725 1615 1755; x_wconf 75' lang='grc' dir='ltr'><strong><em>αυτὸν</em></strong></span> 
     </span>
     <span class='ocr_line' id='line_1_101' title="bbox 898 1768 1615 1812; baseline -0.004 -11"><span class='ocrx_word' id='word_1_626' title='bbox 898 1782 1026 1801; x_wconf 76' lang='grc' dir='ltr'><strong>ποιησαι.</strong></span> <span class='ocrx_word' id='word_1_627' title='bbox 1049 1773 1082 1802; x_wconf 77' lang='lat' dir='ltr'><strong>id</strong></span> <span class='ocrx_word' id='word_1_628' title='bbox 1104 1772 1181 1812; x_wconf 79' lang='lat' dir='ltr'><strong>quod</strong></span> <span class='ocrx_word' id='word_1_629' title='bbox 1196 1777 1292 1801; x_wconf 85' lang='lat' dir='ltr'><strong>tamen</strong></span> <span class='ocrx_word' id='word_1_630' title='bbox 1310 1779 1378 1800; x_wconf 86' lang='lat' dir='ltr'><strong>eum</strong></span> <span class='ocrx_word' id='word_1_631' title='bbox 1397 1771 1544 1809; x_wconf 84' lang='lat' dir='ltr'><strong>oportebat</strong></span> <span class='ocrx_word' id='word_1_632' title='bbox 1558 1768 1615 1809; x_wconf 82' lang='lat' dir='ltr'><strong>fa-</strong></span> 
     </span>
     <span class='ocr_line' id='line_1_102' title="bbox 898 1824 971 1846; baseline -0.016 -1"><span class='ocrx_word' id='word_1_633' title='bbox 898 1824 971 1846; x_wconf 85' lang='lat' dir='ltr'><strong>cere.</strong></span> 
     </span>
    </p>

    <p class='ocr_par' dir='ltr' id='par_1_18' title="bbox 898 1854 1615 2068">
     <span class='ocr_line' id='line_1_103' title="bbox 941 1854 1614 1899; baseline -0.007 -10"><span class='ocrx_word' id='word_1_634' title='bbox 941 1875 983 1880; x_wconf 92' lang='lat'><strong>-—</strong></span> <span class='ocrx_word' id='word_1_635' title='bbox 1000 1859 1031 1888; x_wconf 90' lang='lat'><strong>8.</strong></span> <span class='ocrx_word' id='word_1_636' title='bbox 1059 1857 1128 1899; x_wconf 70' lang='grc' dir='ltr'><strong>γὰρ]</strong></span> <span class='ocrx_word' id='word_1_637' title='bbox 1153 1857 1240 1887; x_wconf 89' lang='lat' dir='ltr'><strong>uncis</strong></span> <span class='ocrx_word' id='word_1_638' title='bbox 1255 1855 1381 1891; x_wconf 84' lang='lat' dir='ltr'><strong>inclusi,</strong></span> <span class='ocrx_word' id='word_1_639' title='bbox 1398 1855 1470 1894; x_wconf 88' lang='lat' dir='ltr'><strong>quia</strong></span> <span class='ocrx_word' id='word_1_640' title='bbox 1485 1865 1553 1885; x_wconf 89' lang='lat' dir='ltr'><strong>cum</strong></span> <span class='ocrx_word' id='word_1_641' title='bbox 1571 1854 1614 1884; x_wconf 76' lang='grc' dir='ltr'><strong><em>δ’τι</em></strong></span> 
     </span>
     <span class='ocr_line' id='line_1_104' title="bbox 898 1898 1615 1938; baseline -0.004 -8"><span class='ocrx_word' id='word_1_642' title='bbox 898 1911 957 1930; x_wconf 86' lang='lat' dir='ltr'><strong>non</strong></span> <span class='ocrx_word' id='word_1_643' title='bbox 973 1902 1051 1930; x_wconf 84' lang='lat' dir='ltr'><strong>bene</strong></span> <span class='ocrx_word' id='word_1_644' title='bbox 1066 1905 1197 1930; x_wconf 84' lang='lat' dir='ltr'><strong>constat.</strong></span> <span class='ocrx_word' id='word_1_645' title='bbox 1243 1899 1369 1938; x_wconf 80' lang='lat' dir='ltr'><strong>Duplex</strong></span> <span class='ocrx_word' id='word_1_646' title='bbox 1386 1898 1510 1928; x_wconf 84' lang='lat' dir='ltr'><strong>videtur</strong></span> <span class='ocrx_word' id='word_1_647' title='bbox 1526 1899 1615 1936; x_wconf 88' lang='lat' dir='ltr'><strong>hujus</strong></span> 
     </span>
     <span class='ocr_line' id='line_1_105' title="bbox 898 1941 1615 1976; baseline -0.006 -3"><span class='ocrx_word' id='word_1_648' title='bbox 898 1944 960 1974; x_wconf 89' lang='lat' dir='ltr'><strong>loci</strong></span> <span class='ocrx_word' id='word_1_649' title='bbox 979 1943 1107 1973; x_wconf 82' lang='lat' dir='ltr'><strong>vetustis</strong></span> <span class='ocrx_word' id='word_1_650' title='bbox 1124 1943 1154 1972; x_wconf 90' lang='lat' dir='ltr'><strong>in</strong></span> <span class='ocrx_word' id='word_1_651' title='bbox 1169 1942 1256 1972; x_wconf 84' lang='lat' dir='ltr'><strong>libris</strong></span> <span class='ocrx_word' id='word_1_652' title='bbox 1274 1941 1372 1971; x_wconf 80' lang='lat' dir='ltr'><strong>fuisse</strong></span> <span class='ocrx_word' id='word_1_653' title='bbox 1394 1941 1499 1976; x_wconf 86' lang='lat' dir='ltr'><strong>lectio,</strong></span> <span class='ocrx_word' id='word_1_654' title='bbox 1516 1941 1615 1970; x_wconf 83' lang='lat' dir='ltr'><strong>altera</strong></span> 
     </span>
     <span class='ocr_line' id='line_1_106' title="bbox 899 1983 1615 2025; baseline -0.004 -9"><span class='ocrx_word' id='word_1_655' title='bbox 899 1997 967 2016; x_wconf 87' lang='lat' dir='ltr'><strong>cnm</strong></span> <span class='ocrx_word' id='word_1_656' title='bbox 985 1986 1041 2022; x_wconf 71' lang='grc' dir='ltr'><strong>ὅτι,</strong></span> <span class='ocrx_word' id='word_1_657' title='bbox 1054 1987 1119 2016; x_wconf 87' lang='lat' dir='ltr'><strong>sine</strong></span> <span class='ocrx_word' id='word_1_658' title='bbox 1131 1987 1195 2025; x_wconf 70' lang='grc' dir='ltr'><strong>γὰρ.</strong></span> <span class='ocrx_word' id='word_1_659' title='bbox 1208 1986 1303 2015; x_wconf 76' lang='lat' dir='ltr'><strong>altera</strong></span> <span class='ocrx_word' id='word_1_660' title='bbox 1316 1994 1384 2015; x_wconf 86' lang='lat' dir='ltr'><strong>cum</strong></span> <span class='ocrx_word' id='word_1_661' title='bbox 1398 1987 1464 2024; x_wconf 76' lang='grc' dir='ltr'><strong>γὰρ,</strong></span> <span class='ocrx_word' id='word_1_662' title='bbox 1477 1984 1544 2013; x_wconf 86' lang='lat' dir='ltr'><strong>sine</strong></span> <span class='ocrx_word' id='word_1_663' title='bbox 1559 1983 1615 2013; x_wconf 80' lang='grc' dir='ltr'><strong>ὅτι.</strong></span> 
     </span>
     <span class='ocr_line' id='line_1_107' title="bbox 898 2028 1554 2068; baseline -0.005 -9"><span class='ocrx_word' id='word_1_664' title='bbox 898 2030 946 2060; x_wconf 86' lang='lat' dir='ltr'><strong>hae</strong></span> <span class='ocrx_word' id='word_1_665' title='bbox 963 2030 1033 2059; x_wconf 79' lang='lat' dir='ltr'><strong>duae</strong></span> <span class='ocrx_word' id='word_1_666' title='bbox 1048 2029 1161 2059; x_wconf 81' lang='lat' dir='ltr'><strong>deinde</strong></span> <span class='ocrx_word' id='word_1_667' title='bbox 1176 2029 1207 2059; x_wconf 90' lang='lat' dir='ltr'><strong>in</strong></span> <span class='ocrx_word' id='word_1_668' title='bbox 1225 2028 1351 2068; x_wconf 74' lang='lat' dir='ltr'><strong>vulgata</strong></span> <span class='ocrx_word' id='word_1_669' title='bbox 1365 2028 1554 2057; x_wconf 81' lang='lat' dir='ltr'><strong>coaluerunt.</strong></span> 
     </span>
    </p>

    <p class='ocr_par' dir='ltr' id='par_1_19' title="bbox 897 2071 1616 2320">
     <span class='ocr_line' id='line_1_108' title="bbox 941 2071 1615 2113; baseline -0.006 -10"><span class='ocrx_word' id='word_1_670' title='bbox 941 2089 984 2095; x_wconf 90' lang='lat'>—</span> <span class='ocrx_word' id='word_1_671' title='bbox 997 2074 1046 2103; x_wconf 88' lang='lat'><strong>16.</strong></span> <span class='ocrx_word' id='word_1_672' title='bbox 1060 2073 1118 2113; x_wconf 71' lang='grc' dir='ltr'><strong>μὴ]</strong></span> <span class='ocrx_word' id='word_1_673' title='bbox 1136 2072 1271 2102; x_wconf 83' lang='lat' dir='ltr'><strong>cohaeret</strong></span> <span class='ocrx_word' id='word_1_674' title='bbox 1281 2081 1349 2101; x_wconf 87' lang='lat' dir='ltr'><strong>cum</strong></span> <span class='ocrx_word' id='word_1_675' title='bbox 1362 2071 1477 2101; x_wconf 78' lang='grc' dir='ltr'><strong>ἀκούειν.</strong></span> <span class='ocrx_word' id='word_1_676' title='bbox 1492 2079 1615 2109; x_wconf 79' lang='lat' dir='ltr'><strong>aequum</strong></span> 
     </span>
     <span class='ocr_line' id='line_1_109' title="bbox 900 2114 1615 2155; baseline -0.006 -9"><span class='ocrx_word' id='word_1_677' title='bbox 900 2121 947 2146; x_wconf 86' lang='lat' dir='ltr'><strong>est</strong></span> <span class='ocrx_word' id='word_1_678' title='bbox 957 2126 1013 2145; x_wconf 89' lang='lat' dir='ltr'><strong>vos</strong></span> <span class='ocrx_word' id='word_1_679' title='bbox 1030 2117 1160 2155; x_wconf 85' lang='lat' dir='ltr'><strong>rejicere</strong></span> <span class='ocrx_word' id='word_1_680' title='bbox 1175 2116 1211 2144; x_wconf 75' lang='lat' dir='ltr'><strong>ab</strong></span> <span class='ocrx_word' id='word_1_681' title='bbox 1226 2115 1351 2145; x_wconf 69' lang='lat' dir='ltr'><strong>auribus</strong></span> <span class='ocrx_word' id='word_1_682' title='bbox 1365 2115 1465 2143; x_wconf 80' lang='lat' dir='ltr'><strong>vestris</strong></span> <span class='ocrx_word' id='word_1_683' title='bbox 1473 2119 1501 2143; x_wconf 88' lang='lat' dir='ltr'><strong>et</strong></span> <span class='ocrx_word' id='word_1_684' title='bbox 1516 2114 1615 2143; x_wconf 73' lang='lat' dir='ltr'><strong>exclu-</strong></span> 
     </span>
     <span class='ocr_line' id='line_1_110' title="bbox 899 2156 1615 2196; baseline -0.006 -7"><span class='ocrx_word' id='word_1_685' title='bbox 899 2160 970 2189; x_wconf 79' lang='lat' dir='ltr'><strong>dere</strong></span> <span class='ocrx_word' id='word_1_686' title='bbox 995 2161 1158 2189; x_wconf 81' lang='lat' dir='ltr'><strong>orationem</strong></span> <span class='ocrx_word' id='word_1_687' title='bbox 1182 2158 1342 2193; x_wconf 75' lang='lat' dir='ltr'><strong>Leostmti,</strong></span> <span class='ocrx_word' id='word_1_688' title='bbox 1368 2167 1446 2192; x_wconf 82' lang='lat' dir='ltr'><strong>cum,</strong></span> <span class='ocrx_word' id='word_1_689' title='bbox 1476 2157 1508 2186; x_wconf 82' lang='lat' dir='ltr'><strong>id</strong></span> <span class='ocrx_word' id='word_1_690' title='bbox 1538 2156 1615 2196; x_wconf 82' lang='lat' dir='ltr'><strong>quod</strong></span> 
     </span>
     <span class='ocr_line' id='line_1_111' title="bbox 897 2201 1616 2242; baseline -0.003 -10"><span class='ocrx_word' id='word_1_691' title='bbox 897 2203 995 2233; x_wconf 82' lang='lat' dir='ltr'><strong>statim</strong></span> <span class='ocrx_word' id='word_1_692' title='bbox 1007 2202 1120 2242; x_wconf 76' lang='lat' dir='ltr'><strong>faciet,</strong></span> <span class='ocrx_word' id='word_1_693' title='bbox 1142 2203 1178 2232; x_wconf 83' lang='lat' dir='ltr'><strong>cle</strong></span> <span class='ocrx_word' id='word_1_694' title='bbox 1199 2202 1285 2232; x_wconf 70' lang='lat' dir='ltr'><strong>rebus</strong></span> <span class='ocrx_word' id='word_1_695' title='bbox 1306 2202 1342 2231; x_wconf 77' lang='lat' dir='ltr'><strong>iis</strong></span> <span class='ocrx_word' id='word_1_696' title='bbox 1359 2201 1534 2240; x_wconf 78' lang='lat' dir='ltr'><strong>disputabit,</strong></span> <span class='ocrx_word' id='word_1_697' title='bbox 1554 2210 1616 2240; x_wconf 82' lang='lat' dir='ltr'><strong>quae</strong></span> 
     </span>
     <span class='ocr_line' id='line_1_112' title="bbox 899 2244 1616 2287; baseline -0.004 -12"><span class='ocrx_word' id='word_1_698' title='bbox 899 2255 988 2275; x_wconf 77' lang='lat' dir='ltr'><strong>ausus</strong></span> <span class='ocrx_word' id='word_1_699' title='bbox 1013 2256 1072 2275; x_wconf 75' lang='lat' dir='ltr'><strong>non</strong></span> <span class='ocrx_word' id='word_1_700' title='bbox 1093 2245 1163 2287; x_wconf 82' lang='lat' dir='ltr'><strong>fuit</strong></span> <span class='ocrx_word' id='word_1_701' title='bbox 1193 2244 1289 2276; x_wconf 78' lang='lat' dir='ltr'><strong>libello</strong></span> <span class='ocrx_word' id='word_1_702' title='bbox 1317 2253 1377 2274; x_wconf 79' lang='lat' dir='ltr'><strong>suae</strong></span> <span class='ocrx_word' id='word_1_703' title='bbox 1399 2244 1616 2274; x_wconf 77' lang='lat' dir='ltr'><strong>contestationis</strong></span> 
     </span>
     <span class='ocr_line' id='line_1_113' title="bbox 898 2290 1090 2320; baseline -0.016 0"><span class='ocrx_word' id='word_1_704' title='bbox 898 2290 1090 2320; x_wconf 75' lang='lat' dir='ltr'><strong>committere.</strong></span> 
     </span>
    </p>

    <p class='ocr_par' dir='ltr' id='par_1_20' title="bbox 899 2329 1618 2502">
     <span class='ocr_line' id='line_1_114' title="bbox 942 2329 1618 2372; baseline -0.007 -10"><span class='ocrx_word' id='word_1_705' title='bbox 942 2349 986 2354; x_wconf 89' lang='lat'>—</span> <span class='ocrx_word' id='word_1_706' title='bbox 1001 2333 1054 2362; x_wconf 56' lang='lat'><strong>95.</strong></span> <span class='ocrx_word' id='word_1_707' title='bbox 1082 2330 1297 2372; x_wconf 70' lang='grc' dir='ltr'><strong><em>διαμαρτυρεῖν]</em></strong></span> <span class='ocrx_word' id='word_1_708' title='bbox 1324 2334 1396 2370; x_wconf 83' lang='lat' dir='ltr'><strong>post</strong></span> <span class='ocrx_word' id='word_1_709' title='bbox 1419 2329 1618 2369; x_wconf 72' lang='grc' dir='ltr'><strong><em>διαμαρτυρεῖν</em></strong></span> 
     </span>
     <span class='ocr_line' id='line_1_115' title="bbox 899 2372 1616 2413; baseline -0.003 -10"><span class='ocrx_word' id='word_1_710' title='bbox 899 2375 1024 2405; x_wconf 80' lang='lat' dir='ltr'><strong>videtur</strong></span> <span class='ocrx_word' id='word_1_711' title='bbox 1037 2373 1067 2405; x_wconf 65' lang='grc' dir='ltr'><strong><em>ἦν</em></strong></span> <span class='ocrx_word' id='word_1_712' title='bbox 1081 2376 1203 2411; x_wconf 84' lang='lat' dir='ltr'><strong>deesse,</strong></span> <span class='ocrx_word' id='word_1_713' title='bbox 1220 2380 1253 2405; x_wconf 82' lang='lat' dir='ltr'><strong>ut</strong></span> <span class='ocrx_word' id='word_1_714' title='bbox 1269 2379 1299 2403; x_wconf 85' lang='lat' dir='ltr'><strong>et</strong></span> <span class='ocrx_word' id='word_1_715' title='bbox 1312 2372 1405 2413; x_wconf 85' lang='lat' dir='ltr'><strong>paulo</strong></span> <span class='ocrx_word' id='word_1_716' title='bbox 1421 2376 1491 2401; x_wconf 85' lang='lat' dir='ltr'><strong>ante</strong></span> <span class='ocrx_word' id='word_1_717' title='bbox 1508 2373 1616 2402; x_wconf 86' lang='lat' dir='ltr'><strong>eodem</strong></span> 
     </span>
     <span class='ocr_line' id='line_1_116' title="bbox 899 2415 1618 2458; baseline -0.004 -11"><span class='ocrx_word' id='word_1_718' title='bbox 899 2428 991 2448; x_wconf 84' lang='lat' dir='ltr'><strong>versu</strong></span> <span class='ocrx_word' id='word_1_719' title='bbox 1004 2418 1098 2458; x_wconf 83' lang='lat' dir='ltr'><strong>post‘&#39;</strong></span> <span class='ocrx_word' id='word_1_720' title='bbox 1087 2430 1164 2453; x_wconf 80' lang='grc' dir='ltr'><strong><em>ισ-ως,</em></strong></span> <span class='ocrx_word' id='word_1_721' title='bbox 1177 2419 1218 2448; x_wconf 71' lang='grc' dir='ltr'><strong>ἄν.</strong></span> <span class='ocrx_word' id='word_1_722' title='bbox 1232 2422 1264 2447; x_wconf 89' lang='lat' dir='ltr'><strong>ut</strong></span> <span class='ocrx_word' id='word_1_723' title='bbox 1277 2417 1334 2446; x_wconf 80' lang='lat' dir='ltr'><strong>sit:</strong></span> <span class='ocrx_word' id='word_1_724' title='bbox 1351 2416 1420 2450; x_wconf 76' lang='grc' dir='ltr'>ἴσως</span> <span class='ocrx_word' id='word_1_725' title='bbox 1429 2415 1460 2445; x_wconf 79' lang='grc' dir='ltr'><strong><em>ἂν</em></strong></span> <span class='ocrx_word' id='word_1_726' title='bbox 1469 2416 1618 2453; x_wconf 74' lang='grc' dir='ltr'><strong><em>ἀναγκαῖον</em></strong></span> 
     </span>
     <span class='ocr_line' id='line_1_117' title="bbox 899 2459 1199 2502; baseline -0.003 -11"><span class='ocrx_word' id='word_1_727' title='bbox 899 2461 933 2491; x_wconf 74' lang='grc' dir='ltr'><strong>τὸ</strong></span> <span class='ocrx_word' id='word_1_728' title='bbox 947 2459 1176 2502; x_wconf 41' lang='grc' dir='ltr'><strong><em>διαμαρτυρειντ</em></strong></span> <span class='ocrx_word' id='word_1_729' title='bbox 1163 2473 1199 2491; x_wconf 84' lang='grc' dir='ltr'><strong>ην.</strong></span> 
     </span>
    </p>

    <p class='ocr_par' dir='ltr' id='par_1_21' title="bbox 900 2501 1618 2846">
     <span class='ocr_line' id='line_1_118' title="bbox 946 2501 1616 2544; baseline -0.004 -11"><span class='ocrx_word' id='word_1_730' title='bbox 946 2507 1042 2539; x_wconf 83' lang='lat'>1098,</span> <span class='ocrx_word' id='word_1_731' title='bbox 1058 2508 1088 2535; x_wconf 88' lang='lat'><strong>4.</strong></span> <span class='ocrx_word' id='word_1_732' title='bbox 1122 2503 1186 2544; x_wconf 79' lang='grc' dir='ltr'>ἐπὶ]</span> <span class='ocrx_word' id='word_1_733' title='bbox 1215 2502 1326 2533; x_wconf 86' lang='lat' dir='ltr'><strong>inclusi</strong></span> <span class='ocrx_word' id='word_1_734' title='bbox 1353 2501 1401 2532; x_wconf 78' lang='grc' dir='ltr'><strong>ἐπι</strong></span> <span class='ocrx_word' id='word_1_735' title='bbox 1430 2501 1530 2531; x_wconf 88' lang='lat' dir='ltr'><strong>uncis.</strong></span> <span class='ocrx_word' id='word_1_736' title='bbox 1556 2510 1616 2531; x_wconf 88' lang='lat' dir='ltr'><strong>non</strong></span> 
     </span>
     <span class='ocr_line' id='line_1_119' title="bbox 900 2544 1617 2586; baseline -0.006 -9"><span class='ocrx_word' id='word_1_737' title='bbox 900 2548 978 2577; x_wconf 83' lang='lat' dir='ltr'><strong>male</strong></span> <span class='ocrx_word' id='word_1_738' title='bbox 994 2547 1173 2578; x_wconf 78' lang='lat' dir='ltr'><strong>conveniret</strong></span> <span class='ocrx_word' id='word_1_739' title='bbox 1192 2548 1283 2581; x_wconf 71' lang='grc' dir='ltr'><em>κατὰ,</em></span> <span class='ocrx_word' id='word_1_740' title='bbox 1308 2546 1393 2586; x_wconf 87' lang='lat' dir='ltr'><strong>quod</strong></span> <span class='ocrx_word' id='word_1_741' title='bbox 1416 2548 1465 2574; x_wconf 84' lang='lat' dir='ltr'><strong>est</strong></span> <span class='ocrx_word' id='word_1_742' title='bbox 1486 2544 1516 2574; x_wconf 92' lang='lat' dir='ltr'><strong>in</strong></span> <span class='ocrx_word' id='word_1_743' title='bbox 1537 2554 1617 2574; x_wconf 85' lang='lat' dir='ltr'><strong>mar-</strong></span> 
     </span>
     <span class='ocr_line' id='line_1_120' title="bbox 901 2591 1618 2630; baseline -0.006 -10"><span class='ocrx_word' id='word_1_744' title='bbox 901 2591 972 2630; x_wconf 82' lang='lat' dir='ltr'><strong>gine</strong></span> <span class='ocrx_word' id='word_1_745' title='bbox 989 2591 1094 2620; x_wconf 82' lang='lat' dir='ltr'><strong>Lutet.</strong></span> <span class='ocrx_word' id='word_1_746' title='bbox 1110 2591 1177 2627; x_wconf 88' lang='lat' dir='ltr'><strong>sed,</strong></span> <span class='ocrx_word' id='word_1_747' title='bbox 1191 2591 1273 2629; x_wconf 87' lang='lat' dir='ltr'><strong>quod</strong></span> <span class='ocrx_word' id='word_1_748' title='bbox 1291 2599 1374 2629; x_wconf 79' lang='lat' dir='ltr'><strong>saepe</strong></span> <span class='ocrx_word' id='word_1_749' title='bbox 1397 2598 1521 2628; x_wconf 87' lang='lat' dir='ltr'><strong>queror,</strong></span> <span class='ocrx_word' id='word_1_750' title='bbox 1537 2598 1618 2617; x_wconf 88' lang='lat' dir='ltr'><strong>mar-</strong></span> 
     </span>
     <span class='ocr_line' id='line_1_121' title="bbox 901 2632 1617 2673; baseline -0.004 -11"><span class='ocrx_word' id='word_1_751' title='bbox 901 2633 982 2673; x_wconf 84' lang='lat' dir='ltr'><strong>ginis</strong></span> <span class='ocrx_word' id='word_1_752' title='bbox 1004 2633 1089 2663; x_wconf 89' lang='lat' dir='ltr'><strong>illius</strong></span> <span class='ocrx_word' id='word_1_753' title='bbox 1113 2634 1280 2664; x_wconf 77' lang='lat' dir='ltr'><strong>auctoritas</strong></span> <span class='ocrx_word' id='word_1_754' title='bbox 1301 2637 1349 2663; x_wconf 83' lang='lat' dir='ltr'><strong>est</strong></span> <span class='ocrx_word' id='word_1_755' title='bbox 1373 2632 1478 2661; x_wconf 81' lang='lat' dir='ltr'><strong>dubia.</strong></span> <span class='ocrx_word' id='word_1_756' title='bbox 1505 2640 1617 2661; x_wconf 85' lang='lat' dir='ltr'><strong>couve-</strong></span> 
     </span>
     <span class='ocr_line' id='line_1_122' title="bbox 900 2675 1617 2717; baseline -0.004 -11"><span class='ocrx_word' id='word_1_757' title='bbox 900 2677 981 2707; x_wconf 82' lang='lat' dir='ltr'><strong>niret</strong></span> <span class='ocrx_word' id='word_1_758' title='bbox 997 2687 1117 2716; x_wconf 86' lang='lat' dir='ltr'><strong>quoque</strong></span> <span class='ocrx_word' id='word_1_759' title='bbox 1134 2675 1172 2710; x_wconf 81' lang='grc' dir='ltr'><strong>ἐς.</strong></span> <span class='ocrx_word' id='word_1_760' title='bbox 1194 2681 1225 2707; x_wconf 79' lang='lat' dir='ltr'><strong>et</strong></span> <span class='ocrx_word' id='word_1_761' title='bbox 1245 2677 1383 2717; x_wconf 76' lang='lat' dir='ltr'><strong>profecto</strong></span> <span class='ocrx_word' id='word_1_762' title='bbox 1403 2685 1435 2714; x_wconf 85' lang='lat' dir='ltr'><strong>p.</strong></span> <span class='ocrx_word' id='word_1_763' title='bbox 1453 2675 1617 2704; x_wconf 81' lang='grc'><strong>1100.13.</strong></span> 
     </span>
     <span class='ocr_line' id='line_1_123' title="bbox 902 2713 1618 2759; baseline -0.01 -9"><span class='ocrx_word' id='word_1_764' title='bbox 902 2730 1025 2759; x_wconf 85' lang='lat' dir='ltr'><strong>quoque</strong></span> <span class='ocrx_word' id='word_1_765' title='bbox 1040 2719 1068 2755; x_wconf 79' lang='grc' dir='ltr'><strong>ἐς</strong></span> <span class='ocrx_word' id='word_1_766' title='bbox 1079 2720 1148 2750; x_wconf 82' lang='lat' dir='ltr'><strong>est</strong></span> <span class='ocrx_word' id='word_1_767' title='bbox 1140 2731 1170 2750; x_wconf 87' lang='lat' dir='ltr'><strong>m</strong></span> <span class='ocrx_word' id='word_1_768' title='bbox 1186 2722 1321 2759; x_wconf 77' lang='lat' dir='ltr'><strong>August.</strong></span> <span class='ocrx_word' id='word_1_769' title='bbox 1337 2718 1391 2748; x_wconf 83' lang='lat' dir='ltr'><strong>ubi</strong></span> <span class='ocrx_word' id='word_1_770' title='bbox 1402 2718 1544 2757; x_wconf 83' lang='lat' dir='ltr'><strong>vulgatur</strong></span> <span class='ocrx_word' id='word_1_771' title='bbox 1559 2713 1618 2745; x_wconf 79' lang='grc' dir='ltr'><strong>ἐπί.</strong></span> 
     </span>
     <span class='ocr_line' id='line_1_124' title="bbox 902 2760 1618 2802; baseline -0.009 -9"><span class='ocrx_word' id='word_1_772' title='bbox 902 2764 963 2793; x_wconf 90' lang='lat' dir='ltr'><strong>Sed</strong></span> <span class='ocrx_word' id='word_1_773' title='bbox 979 2763 1104 2802; x_wconf 73' lang='lat' dir='ltr'><strong>vulgatu</strong></span> <span class='ocrx_word' id='word_1_774' title='bbox 1123 2763 1200 2793; x_wconf 83' lang='lat' dir='ltr'><strong>bene</strong></span> <span class='ocrx_word' id='word_1_775' title='bbox 1223 2772 1315 2802; x_wconf 83' lang='lat' dir='ltr'><strong>posse</strong></span> <span class='ocrx_word' id='word_1_776' title='bbox 1339 2760 1464 2792; x_wconf 85' lang='lat' dir='ltr'><strong>defendi</strong></span> <span class='ocrx_word' id='word_1_777' title='bbox 1482 2760 1618 2793; x_wconf 83' lang='lat' dir='ltr'><strong>videtur,</strong></span> 
     </span>
     <span class='ocr_line' id='line_1_125' title="bbox 902 2802 1530 2846; baseline -0.006 -11"><span class='ocrx_word' id='word_1_778' title='bbox 902 2806 928 2835; x_wconf 84' lang='lat' dir='ltr'><strong>si</strong></span> <span class='ocrx_word' id='word_1_779' title='bbox 946 2806 1097 2846; x_wconf 81' lang='lat' dir='ltr'><strong>accipitur</strong></span> <span class='ocrx_word' id='word_1_780' title='bbox 1108 2817 1165 2846; x_wconf 84' lang='lat' dir='ltr'><strong>pro</strong></span> <span class='ocrx_word' id='word_1_781' title='bbox 1180 2805 1241 2836; x_wconf 66' lang='grc' dir='ltr'><strong><em>ἴσον</em></strong></span> <span class='ocrx_word' id='word_1_782' title='bbox 1253 2806 1312 2838; x_wconf 71' lang='grc' dir='ltr'><strong>ἥκει</strong></span> <span class='ocrx_word' id='word_1_783' title='bbox 1327 2803 1375 2835; x_wconf 78' lang='grc' dir='ltr'><strong>ἔπι</strong></span> <span class='ocrx_word' id='word_1_784' title='bbox 1390 2803 1423 2834; x_wconf 75' lang='grc' dir='ltr'><strong>τὸ</strong></span> <span class='ocrx_word' id='word_1_785' title='bbox 1435 2802 1530 2842; x_wconf 77' lang='grc' dir='ltr'><strong>μέρος.</strong></span> 
     </span>
    </p>

    <p class='ocr_par' dir='ltr' id='par_1_22' title="bbox 903 2844 1620 3019">
     <span class='ocr_line' id='line_1_126' title="bbox 945 2844 1618 2890; baseline -0.013 -9"><span class='ocrx_word' id='word_1_786' title='bbox 945 2866 989 2872; x_wconf 90' lang='lat'><strong>—-</strong></span> <span class='ocrx_word' id='word_1_787' title='bbox 1004 2852 1035 2880; x_wconf 91' lang='grc'><strong>6.</strong></span> <span class='ocrx_word' id='word_1_788' title='bbox 1047 2847 1178 2890; x_wconf 67' lang='grc' dir='ltr'><strong>ἕκαστα]</strong></span> <span class='ocrx_word' id='word_1_789' title='bbox 1194 2849 1282 2880; x_wconf 84' lang='lat' dir='ltr'><strong>uncis</strong></span> <span class='ocrx_word' id='word_1_790' title='bbox 1299 2846 1419 2878; x_wconf 82' lang='lat' dir='ltr'><strong>inclusi.</strong></span> <span class='ocrx_word' id='word_1_791' title='bbox 1434 2844 1618 2876; x_wconf 81' lang='lat' dir='ltr'><strong>servandum</strong></span> 
     </span>
     <span class='ocr_line' id='line_1_127' title="bbox 903 2887 1620 2932; baseline -0.013 -8"><span class='ocrx_word' id='word_1_792' title='bbox 903 2891 929 2922; x_wconf 86' lang='lat' dir='ltr'><strong>si</strong></span> <span class='ocrx_word' id='word_1_793' title='bbox 945 2893 1172 2932; x_wconf 84' lang='lat' dir='ltr'><strong>quodammodo</strong></span> <span class='ocrx_word' id='word_1_794' title='bbox 1191 2893 1241 2929; x_wconf 77' lang='lat' dir='ltr'><strong>sit,</strong></span> <span class='ocrx_word' id='word_1_795' title='bbox 1266 2891 1388 2924; x_wconf 84' lang='lat' dir='ltr'><strong>melius,</strong></span> <span class='ocrx_word' id='word_1_796' title='bbox 1409 2898 1477 2918; x_wconf 86' lang='lat' dir='ltr'><strong>cum</strong></span> <span class='ocrx_word' id='word_1_797' title='bbox 1493 2887 1620 2916; x_wconf 74' lang='grc' dir='ltr'><strong><em>ἑκάστου</em></strong></span> 
     </span>
     <span class='ocr_line' id='line_1_128' title="bbox 904 2929 1618 2973; baseline -0.008 -7"><span class='ocrx_word' id='word_1_798' title='bbox 904 2941 1066 2973; x_wconf 79' lang='lat' dir='ltr'><strong>mutatum,</strong></span> <span class='ocrx_word' id='word_1_799' title='bbox 1090 2937 1271 2969; x_wconf 81' lang='lat' dir='ltr'><strong>collocetur,</strong></span> <span class='ocrx_word' id='word_1_800' title='bbox 1295 2937 1349 2963; x_wconf 87' lang='lat' dir='ltr'><strong>aut</strong></span> <span class='ocrx_word' id='word_1_801' title='bbox 1374 2941 1454 2970; x_wconf 88' lang='lat' dir='ltr'><strong>pone</strong></span> <span class='ocrx_word' id='word_1_802' title='bbox 1480 2929 1559 2959; x_wconf 76' lang='grc' dir='ltr'><strong>κατά</strong></span> <span class='ocrx_word' id='word_1_803' title='bbox 1585 2940 1618 2970; x_wconf 81' lang='grc' dir='ltr'><strong>γε</strong></span> 
     </span>
     <span class='ocr_line' id='line_1_129' title="bbox 905 2977 1402 3019; baseline -0.013 -9"><span class='ocrx_word' id='word_1_804' title='bbox 905 2980 965 3018; x_wconf 74' lang='grc' dir='ltr'><strong><em>τὴν,</em></strong></span> <span class='ocrx_word' id='word_1_805' title='bbox 979 2983 1033 3010; x_wconf 79' lang='lat' dir='ltr'><strong>aut</strong></span> <span class='ocrx_word' id='word_1_806' title='bbox 1048 2989 1128 3019; x_wconf 88' lang='lat' dir='ltr'><strong>pone</strong></span> <span class='ocrx_word' id='word_1_807' title='bbox 1141 2977 1402 3019; x_wconf 73' lang='grc' dir='ltr'><strong>διαμαρτυροῦντος.</strong></span> 
     </span>
    </p>

    <p class='ocr_par' dir='ltr' id='par_1_23' title="bbox 949 3014 1619 3062">
     <span class='ocr_line' id='line_1_130' title="bbox 949 3014 1619 3062; baseline -0.015 -7"><span class='ocrx_word' id='word_1_808' title='bbox 949 3039 992 3047; x_wconf 85' lang='lat'><strong>-·</strong></span> <span class='ocrx_word' id='word_1_809' title='bbox 1007 3024 1060 3054; x_wconf 83' lang='lat'><strong>14.</strong></span> <span class='ocrx_word' id='word_1_810' title='bbox 1075 3018 1298 3062; x_wconf 73' lang='grc' dir='ltr'><strong><em>γεγραμμένων]</em></strong></span> <span class='ocrx_word' id='word_1_811' title='bbox 1314 3027 1387 3049; x_wconf 85' lang='lat' dir='ltr'><strong>num</strong></span> <span class='ocrx_word' id='word_1_812' title='bbox 1402 3014 1619 3058; x_wconf 72' lang='grc' dir='ltr'><strong><em>πεπραγμὶνων.</em></strong></span> 
     </span>
    </p>
   </div>
   <div class='ocr_carea' id='block_1_5' title="bbox 1175 1470 1373 1500">
    <p class='ocr_par' dir='ltr' id='par_1_24' title="bbox 1175 1470 1373 1500">
     <span class='ocr_line' id='line_1_131' title="bbox 1175 1470 1373 1500; baseline -0.005 0"><span class='ocrx_word' id='word_1_813' title='bbox 1175 1470 1373 1500; x_wconf 86' lang='lat' dir='ltr'><strong>Leocharem.</strong></span> 
     </span>
    </p>
   </div>
  </div>
 </body>
</html>
