1997 3323
394 207 450 249 96
545 216 547 219 ’
780 203 816 248 I.
841 204 876 246 Ι.
899 202 1125 246 REISKE
1153 202 1478 246 ANNOTATA

394 311 438 350 τῷ
460 310 519 352 περὶ
537 311 588 346 τῆς
604 308 826 352 παραπρεσζείας
850 311 927 352 παραὶ
948 310 991 350 τῷ
1011 316 1109 350 Δημο-

395 353 501 384 σθένει.
519 352 617 394 Θὲαμα.
632 353 719 391 δεινὸν,
734 352 755 384 οἵ
776 354 804 385 ἄ.
821 353 867 385 Ἀ.
884 354 931 384 καὶ
946 352 1063 382 ἐλεεινόν.
1081 359 1111 382 et

395 399 572 437 10.-137.τά
587 399 700 437 ο-μικξαὶ
721 397 766 427 καὶ
791 399 892 437 φαῦλα
914 397 952 438 τῇ
977 396 1112 436 περιβολῇ

394 441 451 469 τῶν
481 439 568 478 λόγων
592 439 710 478 μεγεθος
748 439 975 491 νζροσλαμβάνει.
1009 440 1106 468 ταῦτα

395 484 472 512 ποιεῖ
485 482 662 523 Δημοσθένης
677 484 723 512 καὶ
745 483 815 513 οὕτω
831 483 971 524 τραγωδεῖ
987 485 1035 513 τὴν
1050 489 1108 512 Φω-

396 524 462 555 κέων
482 526 600 562 ἅλωσιν,
631 526 716 560 ἔθνους
739 525 803 556 ὅλου
824 525 850 556 ἐν
872 525 973 575 ὀλίγοις
1001 525 1107 566 ῥήμασι

395 567 522 608 leynam*
508 581 536 600 ην
551 570 616 599 ἰδεῖν
629 569 716 604 οἰκίας
731 568 978 609 κατεσκαμμένας
996 586 1039 591 —
1052 581 1108 608 μο-

393 613 496 654 νονουχὶ
521 612 692 653 ωαρὲφςασε
710 611 742 642 τὸ
762 611 919 652 *Ομηξικον
934 612 1041 652 (Iliad.
1060 611 1107 652 1.)

395 654 479 686 citat
495 655 569 685 item
593 657 623 685 h.
639 657 659 685 l.
676 655 849 685 Alexander
875 656 991 685 Rhetor
1008 666 1036 693 p.
1053 656 1105 686 50.

395 703 427 728 et
442 699 593 728 Aristides
617 700 655 729 (le
681 700 718 728 D.
737 699 814 737 C.p.
833 700 906 729 274.
930 699 1017 737 cnjus
1043 700 1107 727 liaec

395 746 466 771 sunt
481 743 572 771 verba
585 753 591 770 ι
616 741 742 781 ’ἔμφασιν
757 740 784 770 δὲ
801 742 882 771 ποιεῖ’
896 741 943 770 καὶ
960 740 992 770 τὸ
1007 741 1106 772 ἐπιση-

395 784 555 824 μαίνετθαι
567 785 796 819 wesema-mciv.
841 784 873 813 Si
886 784 1047 822 qualitates
1059 795 1107 813 re-

394 839 461 857 rnm
486 832 557 857 nota
580 828 721 867 quadam,
744 827 912 866 praesertim
939 827 1106 866 displicen-

395 871 447 900 tiae
463 876 552 909 atque
575 871 832 910 reprehensionis,
856 870 1013 907 insignias.
1038 870 1107 900 ὅπου

394 912 483 951 λέγει·
503 913 608 953 θέαμα
624 914 709 943 δεινόν.
728 914 776 942 καὶ
790 914 887 943 πάλιν·
903 913 1014 952 νόσημα
1033 912 1108 942 δεινὸν

394 957 444 986 καὶ
458 956 597 997 χαλεπὸν,
621 957 669 986 καὶ
692 958 819 994 φυλακῆς
836 958 944 991 πολλῆς
956 974 1000 978 -
1011 955 1105 994 δεόμε-

393 1010 441 1029 νον.
462 1001 537 1030 citat
559 1000 631 1029 item
655 1000 842 1030 Scholiastes
867 1000 905 1029 ad
929 999 1106 1029 Aristotelis

397 1043 573 1078 Rhemriea,
592 1044 674 1072 edita
691 1043 818 1072 Parisiis
834 1044 916 1082 apud
932 1043 1104 1072 Conradum

394 1086 594 1121 Neobarium,
607 1086 734 1115 Parisiis
748 1087 842 1117 1539.
853 1087 883 1115 in
898 1086 973 1115 folio
986 1085 1106 1121 minori,

394 1139 425 1167 p.
443 1132 492 1159 14.
506 1140 532 1158 a.
543 1131 595 1160 33.
612 1129 744 1169 Apsines
759 1141 789 1169 p.
801 1131 876 1161 726.
892 1127 982 1162 πάθος
997 1129 1104 1158 ποιοῦσι

393 1171 440 1200 καὶ
456 1172 477 1201 οἱ
490 1172 766 1212 ἀναδιπλασιασμοί·
781 1172 870 1205 Θῆβαι
887 1172 927 1208 δὲ,
938 1172 1041 1205 Θῆβαι.
1056 1172 1105 1202 καῖ

393 1215 423 1244 αἱ
445 1214 586 1249 δεινώσεις·
601 1214 698 1255 Θέαμα
711 1215 796 1245 δεινόν.
812 1214 900 1250 πάθος
920 1217 994 1246 ποιεῖ
1004 1215 1052 1244 καὶ
1065 1217 1105 1245 τὰ

392 1258 583 1288 &raam-emat·
605 1257 703 1298 θέαμα
729 1258 814 1293 δεινὸν,
833 1257 856 1288 οἷ
876 1260 913 1296 γῆ
931 1259 976 1288 καὶ
998 1257 1060 1288 θεοί.
1079 1257 1105 1288 ἔν

392 1301 453 1333 τοῖς
473 1299 591 1331 πάθεσιν
605 1301 632 1330 οὐ
648 1303 733 1332 πολὺν
748 1301 776 1331 δὲ
791 1301 858 1332 εἶναι
875 1302 917 1331 δεῖ
929 1301 975 1332 τὸν
988 1301 1105 1341 κόσμον,

392 1342 447 1372 οὐδ’
460 1342 706 1383 ἐπεμβάλλει-θαι
728 1347 783 1379 τὰς
804 1344 910 1380 ἐννοίας,
930 1345 1010 1374 ἀλλὰ
1031 1356 1104 1383 κομ-

393 1388 513 1424 ματικὰ
543 1390 582 1418 τὰ
606 1386 705 1418 πλείω.
727 1386 773 1417 ἐὰν
797 1387 852 1427 μὲν
873 1385 1006 1428 ζουληθῇς
1026 1387 1104 1417 συνέ-

391 1441 474 1470 χειαν
489 1432 602 1460 orosio-as
618 1429 644 1460 ἔν
658 1430 700 1469 τῷ
714 1430 815 1467 πάθει,
830 1432 909 1460 κατὰ.
930 1430 963 1460 τό
991 1431 1105 1460 ἀσύνδε-

391 1483 438 1501 τον
465 1472 595 1511 εἶσάξεις·
626 1473 711 1507 οἰκίας
737 1472 998 1513 κατεσκαμμένας,
1019 1472 1103 1514 τείχη

394 1515 589 1556 περιηξημένα,
605 1520 665 1545 etc.

437 1575 480 1580 —
492 1562 544 1589 20.
559 1558 616 1598 νῦν]
632 1559 663 1588 id
681 1563 738 1593 est,
752 1558 880 1600 ἔναγχος.
897 1569 993 1597 nuper
1006 1558 1035 1588 in
1051 1568 1105 1588 no-

392 1601 518 1631 vissima
535 1602 686 1640 legatione
702 1609 803 1632 nostra
819 1603 856 1631 ad
874 1602 1023 1640 Delphos,
1036 1612 1104 1630 curn

393 1645 540 1683 dignitate
557 1646 728 1675 theororum
745 1655 762 1674 a
782 1646 869 1674 vobis
886 1645 960 1674 illuc
981 1645 1105 1684 publice

394 1689 568 1718 missorum.

434 1730 543 1760 —ult.
559 1730 623 1760 τίνοι
644 1730 675 1760 ἂν
699 1735 740 1760 οὑν
761 1729 855 1760 eit-:⁷35
868 1731 925 1771 —]
953 1729 1105 1760 Aristides

393 1774 432 1803 de
452 1775 492 1803 D.
510 1775 543 1804 C.
558 1785 590 1813 p.
607 1777 680 1804 ²00.
699 1774 746 1803 καὶ
763 1772 830 1803 ὅταν
849 1774 887 1808 εἷς
905 1772 990 1813 κρίσιν
1003 1774 1107 1814 ἀνάγης

393 1817 478 1857 [scil.
495 1829 527 1846 το
551 1817 698 1858 τπξέῖγμα]
716 1815 882 1846 τεθνηκότων
896 1815 1014 1855 ἐνδόξων,
1035 1816 1106 1855 flagi)

392 1860 468 1890 δοκεῖ
485 1859 517 1889 τὸ
533 1871 653 1890 τοιουτον
671 1872 692 1891 ε.
689 1866 747 1890 ’.ναι
762 1858 821 1889 οἷον·
840 1858 933 1889 καίτοι
948 1858 1063 1890 πηλίκον
1076 1860 1107 1888 Ξιν

393 1903 556 1942 στενάξειαν
572 1903 593 1932 οἱ
610 1903 740 1943 πρόγονοι.
759 1903 807 1932 καὶ
822 1904 921 1933 πάλιν·
940 1902 1030 1933 καίτοι
1045 1901 1107 1933 τίνει

395 1945 574 1981 ποτόἴεσὲῒε,
591 1952 651 1976 etc.

437 1992 512 2020 352.
542 1994 571 2019 1.
599 1987 689 2028 ψῐψιν
713 1988 726 2020 ἢ
751 1989 860 2027 γνώμην
889 1986 1010 2029 &io-Stat]
1039 1988 1108 2018 Ari-

395 2033 492 2062 stides
513 2033 547 2062 T.
570 2043 600 2072 p.
623 2036 696 2063 ⁰200.
721 2032 765 2062 sic
783 2032 907 2061 recitat:
932 2030 1007 2072 ὀργῆν
1023 2031 1037 2062 ἢ
1053 2030 1108 2068 ψῆ-

394 2083 444 2114 φον
455 2074 552 2105 θέσθαι
571 2078 651 2105 κατὰ
674 2079 729 2105 τῶν
745 2073 842 2105 αἰτίων
857 2075 963 2104 τούτων
978 2076 1028 2105 τοῦ
1046 2073 1108 2104 ὃλέ-

393 2117 464 2158 θξου,
479 2119 501 2148 f.
511 2119 620 2152 τούτοις
633 2119 742 2154 voluit,
752 2120 861 2148 autu-oi]
869 2117 974 2147 τούτων
985 2117 1109 2158 ὀλέθρου.

435 2179 479 2184 ——
511 2164 542 2191 4.
572 2160 720 2203 καθαροὺς]
752 2161 882 2191 subaudi
914 2160 1039 2194 ἑαυτούς.
1076 2172 1108 2190 se

394 2203 542 2245 (majores
572 2210 692 2234 nostros
722 2204 869 2234 miraculo
901 2204 1047 2233 divinitus
1078 2204 1107 2232 i'n

393 2248 486 2277 vitam
503 2248 693 2288 revocatos),
707 2259 773 2277 esse
786 2258 802 2276 a
816 2247 933 2276 scelere
951 2246 1107 2276 homicidii

392 2301 487 2330 puros
516 2296 545 2320 et
574 2291 718 2326 intactos,
748 2290 867 2320 etiamsi
895 2290 957 2319 suis
984 2290 1107 2329 ipsimet

393 2335 533 2364 inanibus
546 2334 642 2364 imbre
659 2344 753 2364 saxeo
765 2333 916 2373 ejusmodi
933 2333 1107 2372 proditores

394 2378 664 2407 contumutasseut.

435 2438 477 2442 —-
494 2424 524 2452 5.
548 2423 662 2459 μᾶλλον
686 2419 726 2454 δὲ,
751 2420 777 2450 εἴ
797 2431 842 2452 τις
864 2417 942 2448 ἐστὶν
965 2417 1107 2459 ὑωεξέολῆ

390 2463 507 2505 τούτου]
526 2464 655 2493 subaudi
678 2465 762 2493 τοῦτο
789 2461 913 2492 λεκτέον.
938 2463 1049 2501 ecquid
1068 2463 1108 2492 sit

392 2507 525 2546 turpius,
554 2512 606 2536 aut
633 2508 658 2536 si
690 2507 772 2546 quod
798 2506 978 2536 vocabulum
1008 2506 1108 2536 adhuc

392 2550 518 2589 gravius
545 2554 577 2579 et
601 2551 736 2580 atrocius
761 2550 812 2585 sit,
839 2559 928 2588 quam
954 2559 984 2579 v.
1012 2555 1108 2587 turpe,

389 2592 476 2629 (scil.
490 2593 548 2622 hoc
565 2592 699 2631 graviori
719 2593 868 2622 vocabulo
885 2603 949 2622 rem
971 2593 1107 2631 appella-

393 2635 520 2675 bimus).
537 2637 665 2665 formula
677 2637 740 2666 haec
755 2642 803 2666 est
818 2636 1066 2665 Demosthenica.

434 2696 479 2702 —
496 2682 547 2710 12.
573 2678 673 2719 τοῦτο]
700 2679 823 2709 correxi
849 2679 889 2708 de
916 2689 985 2708 meo
1017 2688 1108 2708 sensu

391 2722 504 2756 τούτου,
530 2722 658 2751 subaudi
689 2721 777 2752 ἕνεκα.
823 2722 1018 2751 constructio
1043 2722 1108 2751 haec

391 2772 456 2795 est:
479 2764 532 2799 ἓνός
547 2765 648 2795 τούτου
665 2765 748 2806 xci-gna
771 2765 913 2803 μάλιστα
929 2764 960 2804 ἐξ
976 2765 1110 2794 ἁπάντων

391 2807 605 2847 εὐδαιμονίσειεν
619 2807 652 2837 ἄν
666 2820 713 2842 τις
728 2808 876 2838 Φίλιππον.
897 2818 962 2837 nam
984 2818 1042 2836 non
1058 2818 1108 2837 res

391 2851 629 2892 εὐδαιμονίζεται,
644 2852 697 2880 sed
714 2852 802 2880 hoino
819 2861 852 2880 re
870 2851 1019 2888 gaudens,
1031 2852 1108 2880 hanc

391 2905 481 2924 unam
498 2894 630 2924 omnium
641 2894 791 2933 imprimis
806 2894 845 2923 ob
854 2904 975 2923 causam
989 2895 1107 2923 beatum

393 2938 462 2976 quis
479 2938 661 2977 Philippum
678 2938 836 2976 praedicet.

434 2997 477 3003 —-
492 2983 543 3012 15.
560 2979 656 3019 τὸμὲν
666 2982 720 3020 γὰρ
732 2980 827 3013 πόλεις
837 2979 895 3020 -.-]
910 2979 1009 3009 locum
1019 2980 1109 3015 hunc,

390 3022 460 3053 hinc
474 3024 513 3054 ad
531 3034 651 3055 versum
662 3026 714 3055 22.
727 3024 832 3060 refert,
847 3033 952 3054 verum
968 3034 1027 3054 non
1041 3033 1108 3054 ver-

1145 309 1253 346 batim,
1276 310 1331 340 sed
1358 321 1375 340 e
1398 311 1554 345 memoria,
1576 315 1610 341 et
1637 321 1693 350 per
1714 321 1857 351 compen·

1143 352 1240 387 dium,
1253 358 1344 392 atque
1357 364 1442 383 more
1453 365 1519 389 suo,
1533 354 1726 384 Minucianus
1736 365 1768 394 p.
1782 357 1856 386 148,

1185 413 1229 418 -
1246 398 1297 427 19.
1322 394 1406 425 ἐκεῖνό
1421 395 1464 436 γ’]
1488 397 1592 427 addidi
1608 408 1653 435 γε.
1669 408 1774 428 verum
1791 408 1856 437 poe·

1144 438 1221 469 nitet
1238 449 1328 473 nunc,
1345 441 1426 479 quod
1452 450 1508 469 non
1533 442 1638 471 eadem
1655 451 1749 480 opera
1769 439 1856 480 ἐκείνῳ

1143 482 1190 520 (in
1206 482 1331 519 dativo)
1345 483 1543 519 restituerim‚
1564 494 1618 523 pro
1632 484 1750 524 vulgari
1762 482 1856 514 ἐκεῖνο.

1142 525 1187 554 illi
1204 535 1290 561 vero,
1311 525 1458 564 Philippo
1474 532 1561 564 puta,
1576 527 1701 567 propria
1716 532 1764 557 est
1786 526 1855 557 feli-

1142 569 1230 605 citas,
1250 579 1317 607 quae
1334 570 1384 599 cui
1401 569 1566 608 contigerit
1581 569 1633 599 alii
1649 580 1783 609 quoque,
1807 570 1855 600 di-

1141 616 1191 641 ctu
1208 611 1296 641 facile
1312 623 1369 642 non
1386 616 1445 642 est.
1461 622 1518 641 non
1536 613 1626 642 modo
1638 623 1688 642 res
1699 613 1765 652 ipsa
1780 613 1855 642 illuc

1141 654 1285 690 ducebat,
1313 656 1369 685 sed
1395 655 1486 685 etiam
1514 647 1725 686 Minucianus.
1749 666 1855 685 verum

1142 703 1204 727 turn
1222 698 1381 737 temporis,
1398 709 1488 738 quum
1503 698 1600 728 oratio
1614 698 1857 729 Demosthenica

1141 742 1225 780 typis
1237 742 1451 781 Lipsiensibus
1466 741 1856 778 recuderetur,technicum

1141 784 1221 813 hunc
1252 786 1385 814 nondum
1416 790 1628 815 tractaveram.
1653 789 1803 824 praeterea
1824 785 1856 814 in

1141 831 1223 856 tanta
1235 827 1441 862 festinatione,
1454 838 1514 866 qua
1523 830 1595 858 tunc
1611 828 1731 858 ferebar
1748 826 1856 857 incita-

1142 875 1201 905 tus,
1213 871 1241 899 in
1254 871 1332 900 haud
1344 872 1451 910 paucis
1461 871 1662 901 hallucinatus
1672 881 1750 906 sum,
1761 876 1857 900 teme-

1140 922 1209 942 rans
1220 924 1302 948 sana,
1311 918 1342 943 et
1350 915 1463 944 intacta
1474 914 1710 953 praetermittens
1722 913 1836 943 vitiosa
1847 923 1856 949 ;

1140 965 1269 993 quorum
1287 957 1326 986 de
1343 962 1471 996 utroque
1487 967 1600 995 genere
1621 957 1766 986 nonnulla
1781 956 1854 986 mihi

1141 1008 1231 1034 nunc,
1264 1000 1408 1029 secundis
1439 1000 1522 1030 curis
1553 999 1720 1029 editionem
1758 1008 1854 1029 meam

1139 1042 1330 1076 retractanti,
1348 1048 1457 1081 sponte
1473 1053 1506 1072 se
1522 1043 1675 1082 ingerunt.

1181 1103 1225 1107 —
1238 1087 1289 1115 23.
1305 1085 1377 1126 εἴγε]
1392 1086 1443 1115 alii
1456 1086 1527 1115 libri
1544 1086 1617 1115 dant
1631 1084 1699 1124 οἵγε,
1717 1089 1854 1125 postmo-

1138 1127 1211 1158 dum
1228 1139 1318 1158 versu
1333 1132 1386 1159 27.
1401 1127 1475 1160 οὗτοι
1492 1128 1679 1159 omittentes.
1701 1138 1760 1159 non
1775 1129 1856 1167 mala

1141 1177 1189 1201 est
1204 1171 1262 1201 ista
1278 1172 1383 1202 lectio.

1181 1232 1223 1237 ——
1239 1215 1316 1245 ibid.
1333 1215 1352 1244 ἃ
1370 1213 1438 1256 ὑπὲρ
1449 1212 1485 1246 οἷν
1501 1212 1587 1247 αὐτὸς
1606 1213 1760 1254 Φίλιππος]
1788 1224 1856 1244 cor-

1139 1259 1221 1288 rexi:
1236 1257 1256 1287 ἑὶ
1272 1257 1340 1298 ὑπὲξ
1352 1259 1438 1288 αὑτοῦ
1450 1257 1512 1288 Φίλ.
1525 1267 1594 1297 quae
1603 1257 1725 1287 mentiri
1739 1257 1857 1296 Philip-

1138 1311 1197 1340 pus
1226 1301 1422 1331 emolumenti
1447 1302 1493 1331 sui
1516 1310 1609 1331 causa
1632 1311 1690 1330 non
1715 1301 1858 1336 audebat,

1139 1345 1258 1374 tametsi
1275 1348 1390 1374 tantum
1408 1346 1474 1383 ejus
1490 1344 1667 1374 interesset.
1692 1342 1721 1372 h.
1740 1353 1769 1373 e.
1784 1354 1858 1383 pro-

1140 1387 1250 1426 positis
1276 1394 1322 1417 tot
1353 1392 1383 1417 et
1409 1386 1502 1418 tantis
1528 1386 1757 1423 emolumentis,
1787 1396 1856 1425 quae

1140 1440 1248 1469 parere
1272 1430 1331 1460 sibi
1354 1431 1514 1460 mendacio
1535 1430 1693 1469 potuisset
1708 1446 1751 1451 —
1766 1430 1805 1459 ad
1820 1440 1857 1458 ea

1141 1474 1228 1503 vobis
1251 1473 1459 1503 fraudulenter
1484 1472 1695 1513 persuadenda
1715 1482 1784 1501 cum
1811 1472 1856 1501 illi

1139 1517 1280 1545 mercede
1293 1526 1380 1545 suam
1397 1526 1522 1556 operam
1534 1515 1716 1551 educassent,
1731 1526 1786 1545 vos
1795 1515 1856 1546 cir-

1139 1563 1371 1589 cumvenerunt.

1182 1619 1225 1623 —-
1241 1603 1294 1632 25.
1306 1601 1489 1640 ψεύσασθαι,
1502 1601 1560 1631 οὔτ’
1570 1601 1607 1635 εἰς
1622 1600 1776 1632 ἐπιστολὴν
1789 1601 1859 1640 γρά-

1141 1642 1195 1681 ψαι
1207 1644 1351 1685 οὐδεμίαν]
1367 1645 1457 1675 lectio
1470 1645 1534 1674 haec
1547 1644 1674 1683 vulgata
1687 1644 1857 1683 probabilis

1140 1692 1195 1717 est.
1243 1689 1456 1717 Verumtamen
1474 1689 1670 1726 Augustanus
1690 1687 1858 1717 dubitatio-

1140 1730 1187 1759 nis
1204 1731 1336 1760 nonnibil
1353 1731 1523 1769 injiciebat,
1539 1730 1568 1759 in
1581 1740 1643 1770 quo
1659 1731 1704 1760 sic
1722 1730 1833 1769 legitur
1849 1741 1856 1759 ε

1141 1773 1203 1803 οὔτε
1221 1773 1345 1812 γράψαι,
1371 1773 1430 1804 οὔτ’
1454 1773 1492 1807 εἲς
1517 1773 1618 1804 {veo-fr.
1647 1774 1727 1802 unde
1757 1780 1859 1813 poste-

1141 1817 1204 1846 rius
1220 1817 1282 1846 οὔτε
1304 1818 1335 1847 in
1362 1815 1446 1850 αὐτδς
1467 1817 1581 1846 mutavi
1604 1816 1644 1845 de
1665 1826 1732 1846 ineo
1753 1826 1856 1848 sensu.

1142 1870 1200 1889 non
1239 1860 1421 1890 inconcinna
1451 1860 1557 1899 utique
1588 1859 1750 1889 antithesis
1777 1860 1858 1890 inter

1143 1904 1237 1942 ipsum
1258 1903 1425 1938 domiuum,
1442 1908 1473 1932 et
1494 1903 1628 1940 legatum
1652 1903 1729 1940 ejus.
1753 1912 1858 1932 verum

1143 1946 1204 1985 ipsi
1220 1946 1292 1976 mihi
1310 1956 1390 1975 nunc
1406 1947 1552 1985 displicet
1566 1946 1626 1976 iste
1642 1945 1778 1984 pruritus
1794 1946 1861 1975 ubi-

1144 1999 1202 2028 que
1219 1990 1324 2025 scitas,
1341 1996 1477 2029 argutas,
1489 1989 1619 2018 subtiles
1636 1989 1802 2018 sententias
1817 1990 1862 2019 in-

1145 2033 1283 2071 gerendi.
1307 2039 1436 2072 possunt
1459 2032 1563 2071 utique
1580 2035 1721 2061 auctores
1736 2033 1775 2061 ab
1790 2042 1863 2062 acu—

1144 2076 1223 2105 mine
1240 2077 1422 2115 conjecturae
1438 2076 1519 2105 haud
1538 2075 1630 2114 paulo
1651 2074 1862 2105 concinniores

1144 2124 1235 2157 atque
1262 2118 1426 2148 cointiores
1450 2118 1526 2153 ficri,
1553 2127 1643 2156 qnam
1672 2123 1753 2148 sunt.
1801 2118 1862 2146 Ve-

1144 2166 1312 2191 rumtamen
1339 2163 1382 2191 sic
1400 2162 1490 2190 facile
1514 2159 1699 2196 inducimur,
1717 2166 1749 2190 ut
1771 2161 1862 2190 inscii

1144 2209 1175 2234 et
1190 2205 1330 2234 nolentes
1343 2204 1464 2243 longius
1477 2204 1691 2243 procedamus,
1702 2214 1789 2242 quam
1803 2214 1860 2243 par

1144 2252 1202 2282 est.
1214 2253 1245 2277 et
1258 2254 1290 2277 ut
1306 2248 1373 2277 sive
1388 2247 1498 2282 aliena,
1509 2257 1577 2286 quae
1589 2246 1652 2276 illis
1665 2257 1816 2285 nunquam
1830 2248 1859 2278 iu

1144 2296 1274 2320 mentem
1292 2295 1450 2325 venerunt,
1466 2290 1677 2331 subjiciamus,
1689 2289 1757 2319 sive
1769 2290 1861 2321 etiarn

1144 2333 1243 2371 palam
1260 2334 1397 2373 ipsorum
1414 2333 1574 2364 sententiis
1589 2332 1802 2372 repugnantia.

1185 2379 1260 2408 363.
1275 2379 1326 2406 10.
1342 2376 1424 2418 λέγε]
1442 2376 1644 2416 [praetulerim
1670 2375 1744 2409 λάβε
1770 2377 1861 2406 codd.

1143 2420 1400 2457 praestantiorum,
1415 2426 1541 2460 propter
1553 2419 1708 2458 ἀνάγνωθι,
1719 2419 1801 2459 quod
1812 2424 1861 2449 est

1143 2464 1331 2494 tantundem.
1377 2464 1436 2493 Sed
1466 2463 1606 2503 sequitur
1638 2463 1729 2492 etiam
1753 2462 1861 2496 λαβών.

1143 2507 1221 2544 Quis
1242 2507 1308 2536 haec
1336 2506 1506 2546 expediet?
1533 2505 1710 2546 'sutton-J
1754 2505 1862 2535 Facile

1143 2560 1230 2579 nemo
1244 2560 1302 2579 non
1318 2550 1484 2589 saciat,qui
1496 2550 1662 2579 discrimen
1679 2548 1758 2578 inter
1770 2546 1862 2587 λέγειν

1143 2597 1173 2622 et
1184 2593 1380 2631 ἀναγινώσκειν
1391 2598 1504 2629 teneat,
1513 2592 1588 2622 illud
1601 2597 1648 2621 est
1654 2591 1862 2630 pronuntiare,

1142 2636 1200 2665 hoc
1216 2638 1253 2666 de
1265 2637 1371 2676 scripto
1389 2638 1523 2666 recila-re.
1545 2635 1641 2665 multa
1662 2635 1862 2673 pronuntien-

1143 2684 1204 2714 tur,
1217 2689 1285 2718 quae
1301 2680 1340 2709 de
1355 2679 1471 2718 scripto
1486 2689 1545 2709 non
1561 2679 1634 2711 ideo,
1648 2677 1828 2707 recitentur.

1184 2740 1228 2746 —-
1245 2726 1297 2752 11.
1309 2724 1358 2754 ‘rim
1373 2721 1405 2752 ἐκ.
1421 2723 1470 2752 τοῦ
1481 2721 1578 2762 νόμου]
1590 2721 1658 2750 scil.
1669 2719 1861 2759 τετιγμένην.

1185 2767 1260 2796 364.
1270 2768 1301 2797 5.
1312 2767 1361 2795 τοῦ
1372 2762 1573 2802 Ἡγησίππου,
1584 2763 1598 2795 ἢ
1609 2764 1644 2796 ὡς
1655 2774 1704 2804 πς.
1715 2763 1772 2804 οὐχ
1782 2763 1862 2793 imre&

1143 2807 1156 2839 ἢ
1174 2809 1209 2842 ὡς
1223 2809 1340 2843 ἀσεβεῖς
1363 2808 1440 2844 εἰσὶν,
1453 2807 1467 2839 ἢ
1480 2809 1515 2842 ὡς
1528 2807 1586 2842 δ’,τι
1599 2806 1632 2836 ἓιν
1645 2806 1706 2847 -]
1728 2806 1804 2836 illud
1819 2811 1864 2836 ter

1142 2852 1284 2882 iteratum
1315 2851 1329 2884 ἢ
1352 2851 1473 2886 sustuli,
1500 2855 1532 2880 ut
1552 2850 1694 2890 spiritum
1719 2849 1864 2879 orationis

1142 2895 1312 2934 reprimens
1327 2900 1357 2923 et
1374 2893 1589 2924 sufflaminans.

1185 2956 1229 2960 —
1251 2940 1281 2968 6.
1304 2938 1354 2978 ὡς]
1388 2937 1571 2966 conveniret
1598 2934 1861 3008 huicssarticnlae

1143 2981 1270 3019 adjungi
1283 2980 1366 3010 illam
1378 2980 1526 3017 virgulam
1539 2984 1664 3008 transve
1719 2988 1759 3014 m,
1772 2987 1862 3016 quam

1142 3029 1293 3054 nostrates
1308 3025 1394 3054 einen
1411 3021 1668 3054 GedankenstrIch
1682 3020 1717 3062 [α
1730 3020 1816 3051 mark
1831 3018 1868 3061 (ψ’
