1931 3323
314 168 396 209 528

313 276 344 301 et
366 282 444 301 unus
465 282 503 301 ex
526 271 657 301 ducibus
680 271 792 301 Athen.
820 270 877 300 suit
904 270 933 299 in
959 271 1015 299 hoc

314 315 397 344 bello
418 314 536 350 sociali,
553 320 585 344 ut
607 315 676 344 binc
693 319 837 353 appareat
852 324 913 343 rem
929 323 1016 351 quam

313 357 362 387 bic
376 363 476 387 narrat
490 358 712 387 Demosthenes
722 357 774 387 §el
785 362 918 395 tempore
929 356 1017 385 istius

314 401 385 430 belli
411 401 460 430 vel
481 406 564 430 certe
590 411 648 429 non
674 400 768 429 multo
791 400 875 438 prius
901 403 1016 438 gestam

313 443 421 473 fuisse.
467 445 533 474 Jam
550 453 622 473 vero
636 443 857 473 Ariobarzanes
877 442 945 480 quis
958 441 1016 470 iste

313 485 406 516 suerit
417 488 507 526 juxta
521 487 584 516 scio
600 497 668 516 cum
685 484 939 525 ignoratissimi53
962 494 1016 513 nec

315 530 394 559 enim
407 530 550 570 (opinor)
568 529 685 568 uspiam
699 528 771 558 alibi
788 528 817 558 in
833 538 952 558 scenam
970 528 1016 556 in-

314 576 375 602 trat
401 582 456 601 nec
478 572 509 601 iu
533 573 682 602 theatrum
715 572 817 611 prodit
852 572 905 600 Gr.
932 570 1018 599 Hist.

315 616 404 645 Duos
418 614 540 644 invenio
557 615 644 653 hujus
655 615 783 644 nominis
795 614 876 654 apud
889 613 1020 650 Histor.;

315 658 370 688 sed
387 662 439 688 aut
451 658 527 688 fallit
543 669 589 687 me
605 658 682 687 ratio
694 664 875 696 temporum,
888 655 1017 690 autiste,

316 701 355 730 de
382 711 441 740 quo
468 701 517 730 bic
548 701 680 739 loquitur
712 700 884 733 Demostb„
912 703 1018 727 neuter

314 754 417 774 eorum
431 754 499 773 esse
515 745 624 782 potuit.
669 742 758 772 Alter
770 742 848 771 enim
866 741 917 769 ille
931 742 1017 779 longe

314 787 481 825 posterior,
513 786 625 825 quippe
665 785 715 824 qui
751 785 852 814 floruit
881 789 1018 822 tempore

316 830 387 859 belli
404 829 619 864 Mithridatici,
636 829 673 857 (le
695 838 754 866 quo
768 827 953 866 Appianus3
976 826 1018 855 al-

315 877 363 902 ter
387 882 459 901 vero
481 882 538 901 non
554 871 644 910 longe
667 871 788 910 quidem
808 870 958 909 posterior
974 869 1020 898 his

316 915 505 954 temporibus
522 915 552 942 in
576 924 643 952 quae
660 913 766 943 incidit
782 913 908 942 historia
933 913 1020 950 liujus

316 957 471 992 orationis,
493 957 551 987 viz.
576 956 765 996 temporibus
790 955 927 994 Philippi
955 955 1021 984 Ma-

316 1001 442 1030 cedonis
465 1005 495 1029 et
516 1000 696 1030 Artaxerxis
723 999 812 1028 Ochi.
865 1000 907 1028 At
933 999 1021 1037 hujus

316 1043 532 1073 Ariobarzanis
549 1042 684 1072 meminit
701 1042 832 1080 Quintus
848 1041 972 1071 Curtius
992 1041 1020 1070 in

316 1085 402 1116 Hist.
417 1086 507 1116 Alex.
527 1086 563 1125 [l.
581 1097 610 1115 v.
627 1097 653 1115 c.
676 1086 723 1126 4.]
744 1085 816 1114 Fuit
831 1089 930 1114 autem
946 1095 1022 1113 unus

318 1139 358 1159 ex
396 1129 592 1168 praefectibus
634 1129 718 1158 Darii
755 1127 942 1159 Codomanni
983 1129 1022 1156 ab

317 1171 493 1202 Alexandro
518 1171 663 1201 devictis.
715 1173 801 1202 Inter
824 1173 1021 1201 Artaxerxem

318 1216 436 1245 Ochum
453 1220 483 1244 et
500 1215 626 1245 Darium
643 1215 868 1245 Codomannum
889 1225 947 1243 non
964 1213 1022 1242 nisi

318 1264 448 1296 quatuor
464 1263 515 1287 aut
536 1258 669 1297 quinque
692 1258 760 1287 anni
778 1257 1023 1287 interfluxerunt.

319 1302 389 1331 Nou
402 1302 500 1331 obstat
516 1302 609 1340 igitur
625 1301 836 1339 chronologia,
855 1300 924 1338 quin
942 1300 1022 1329 idem

318 1344 368 1374 hic
385 1345 604 1374 Ariobarzanes
620 1344 728 1381 fuerit3
749 1345 800 1374 sed
824 1354 890 1373 sors
906 1348 935 1372 et
951 1353 1023 1372 con-

318 1387 396 1417 ditio
412 1393 443 1417 et
458 1398 507 1417 res
523 1393 617 1427 gestae
630 1387 773 1417 videntur
787 1388 920 1416 obstare.
959 1385 1023 1415 Hic

318 1430 398 1460 enim
416 1431 454 1460 de
472 1441 530 1469 quo
546 1430 636 1460 Dem.
651 1430 749 1469 palam
770 1430 883 1459 defecit
905 1439 921 1458 a
942 1430 1023 1467 Rege

318 1474 481 1503 Persarum
506 1478 536 1503 et
555 1474 740 1512 proditorem
758 1473 838 1513 egit:
863 1477 894 1501 at
916 1471 968 1501 ille
985 1473 1023 1501 de

319 1528 380 1556 quo
396 1517 480 1546 Curt.
493 1517 611 1546 sortiter
629 1517 793 1556 pugnando
806 1526 860 1554 pro
873 1516 960 1554 Rege
973 1525 1024 1544 oc-

320 1560 445 1590 cubuit:
471 1560 548 1589 alius
566 1560 659 1597 igitur
675 1560 723 1589 hic
743 1560 780 1589 ab
796 1559 860 1588 illo.
905 1559 1024 1597 Cypro-

320 1603 482 1633 themidem
508 1613 545 1632 ne
571 1604 610 1632 de
640 1603 758 1632 nomine
784 1602 878 1632 novi:
914 1601 1024 1630 nullibi

320 1646 399 1676 enim
414 1645 488 1675 alias
503 1647 569 1685 ejus
584 1657 690 1675 nomen
707 1645 850 1680 occurrit,
866 1645 946 1683 quod
963 1654 1025 1673 me-

319 1689 404 1719 mini.
450 1689 608 1727 Tigranes,
624 1689 741 1728 insigne
766 1693 796 1718 et
816 1687 1025 1726 frequentissi-

320 1743 401 1762 mum
418 1742 524 1761 nomen
538 1732 567 1760 in
585 1732 667 1761 Hist.
810 1735 876 1759 erat
889 1731 954 1759 Rex
971 1731 1024 1759 Gr.

321 1780 385 1805 tum
404 1775 495 1804 Rom.
540 1775 612 1810 Sed,
632 1785 699 1804 cum
723 1773 809 1802 multi
823 1773 1026 1811 Cappadoces

321 1818 434 1848 suerint
460 1818 550 1856 hujus
581 1817 722 1852 nominis,
749 1816 871 1856 quinam
905 1816 1025 1844 tandem

323 1871 426 1891 eorum
443 1860 492 1890 hic
513 1861 559 1890 vir
581 1861 683 1895 fuerit,
706 1869 763 1888 non
791 1859 865 1888 satis
885 1862 1026 1895 constat3

324 1915 378 1934 nec
395 1904 523 1933 fortasse
540 1903 665 1932 multum
683 1905 785 1932 refert.

365 1964 408 1970 —-
422 1950 452 1977 8.
480 1945 689 1987 φρουρουμένην]
720 1945 852 1983 proesidio
873 1944 1026 1978 munitam,

319 2000 479 2030 possessam,
508 1996 686 2028 occupatam.
723 1990 825 2028 φρουρὰ
847 1987 1026 2027 praesidium,

321 2034 553 2064 munimentum:
570 2033 688 2073 φρουρεῖν
701 2032 833 2071 prasidio
843 2032 971 2065 munire,
986 2035 1027 2058 te-

323 2087 401 2113 nere,
417 2076 562 2106 custodire
575 2087 583 2105 .·
608 2082 638 2105 et
650 2073 824 2115 φρουρεῖσθαι
839 2073 972 2113 prasidio
988 2077 1028 2101 te-

323 2122 398 2150 neri.
434 2121 504 2158 Quo
517 2120 611 2149 verbo
625 2119 670 2148 usi
687 2123 755 2148 sunt
862 2116 1029 2155 scriptores

322 2164 363 2193 N.
381 2164 417 2193 F.
429 2173 485 2202 per
581 2162 714 2201 metaph.
753 2159 828 2190 Loci
849 2164 917 2189 sunt
933 2159 1029 2188 notis-

323 2206 403 2236 simi.
428 2207 527 2247 φρουρὰ
541 2215 595 2234 ara:
608 2204 805 2244 piwsidiaria,
822 2202 961 2232 Eustath.
977 2208 1029 2240 φυ-

324 2250 396 2280 λακὴ
408 2261 417 2286 ,-
442 2254 472 2278 et
496 2247 614 2288 φρουρὸς,
638 2246 747 2286 φύλαξ,
768 2250 862 2276 custos
876 2246 924 2275 vel
952 2245 1031 2274 miles

323 2292 533 2331 praesidiarius,
558 2292 635 2332 παρὰ
663 2289 695 2319 τό
720 2289 831 2331 φρουρξὶν
859 2288 975 2330 vigilem
1002 2292 1030 2317 et

323 2336 468 2366 custodem
484 2344 548 2369 esse,
568 2334 725 2373 praeviclere
747 2339 773 2363 et
785 2333 964 2372 praemunire
980 2341 1031 2369 pe-

324 2379 422 2408 ricula
450 2377 658 2416 impendentia,
685 2378 786 2411 hostes,
817 2375 948 2410 insidias,
970 2378 1030 2403 etc.

326 2421 491 2460 πξοοςοῖἷνται
507 2422 559 2460 γὰρ
580 2422 621 2449 τὰ
640 2419 753 2449 ἐπιόντα
780 2418 801 2448 οἳ
824 2417 962 2457 φύλακες,
976 2415 1030 2447 ὅθεν

323 2463 374 2493 καῖ
397 2463 498 2503 φξουροῖ
520 2462 660 2500 λέγονται.
679 2462 818 2492 Eustatli.
832 2459 980 2501 [p.700.]
999 2465 1031 2489 ut

324 2504 395 2547 οὖρος
409 2512 511 2539 custos,
524 2506 621 2544 φύλαξ
632 2503 717 2546 (οὖρος
727 2504 863 2545 Ἀχαιῶν.
877 2504 927 2533 ὑῶν
937 2502 1030 2533 ἐπίου-

324 2561 378 2590 ςος.
402 2554 460 2579 etc.
487 2550 566 2586 apud
589 2550 684 2578 Hom.
719 2548 773 2589 [ll.
789 2553 824 2577 Θ.
842 2550 894 2577 80.
919 2547 980 2576 Od.
997 2552 1030 2576 N.

325 2592 450 2633 405.]),
465 2591 522 2620 ἀπὸ
539 2592 587 2620 τοῦ
610 2592 681 2631 ὁςξίν,
698 2593 848 2628 inspector,
866 2588 1031 2624 ἐπίσκοπος,

326 2634 447 2674 ἐπίουρος
471 2639 518 2663 est
541 2632 705 2668 ἐπίσκοπος.
725 2639 759 2663 ut
780 2633 873 2672 igitur
888 2631 958 2672 οὖρος
974 2631 1032 2661 ἀπὸ

325 2679 376 2708 τοῦ
396 2678 466 2717 ὂςᾷν,
487 2677 530 2706 sic
550 2675 650 2716 θρουςός
673 2678 796 2717 (mutat.
821 2675 955 2716 accent.)
976 2673 1033 2704 ἀπὸ

326 2722 376 2750 τοῦ
392 2719 513 2761 προορξίν.
531 2720 583 2749 Gr.
600 2719 678 2748 enim
695 2719 726 2748 in
750 2729 887 2758 compos.
901 2729 937 2748 ex
955 2728 1032 2757 prae-

326 2764 422 2804 posit.
446 2762 508 2802 πρὸ,
528 2762 689 2802 aliquando
719 2767 835 2791 mutant
859 2768 979 2791 tenuem
1002 2761 1033 2789 in

327 2806 502 2847 aspiratam,
521 2816 545 2836 π
561 2805 591 2835 ἰι]
607 2813 641 2844 φ,
659 2812 692 2834 ut
714 2815 754 2834 ex
770 2804 828 2843 πρὸ
851 2804 909 2834 ὁδοῦ
926 2803 1034 2844 πρόοδος

326 2849 596 2891 φροῦδοςευαηῐάῑιε,
607 2849 657 2888 qui
667 2848 750 2883 abiit,
759 2849 901 2877 evanuite
913 2848 970 2882 via,
984 2846 1033 2876 vel

326 2902 342 2922 e
355 2894 404 2922 via
419 2893 554 2927 discessit,
569 2897 635 2919 our
651 2897 693 2919 oF
707 2897 777 2919 THE
794 2896 842 2918 WA
850 2896 875 2917 γ.
891 2888 941 2929 πρὸ
955 2889 1032 2919 enim

323 2935 357 2966 in
371 2936 427 2965 hac
439 2945 576 2974 compos.
589 2934 671 2963 valet
682 2931 713 2972 ἐξ
726 2933 776 2962 vel
789 2930 855 2961 ἀπό.
868 2938 899 2961 ut
909 2932 1035 2971 φςοίμιον

325 2988 382 3018 pro
394 2977 530 3017 πξοοίμιον
539 2982 570 3007 et
581 2975 807 3016 φροιμιάζεσθαι
821 2985 873 3014 pro
887 2975 1033 3014 πςοοιμιά-

598 167 644 208 Τ.
667 164 947 207 STANLEII
970 160 1439 205 ANNOTATIONES

1051 269 1157 310 ζεσθαι,
1176 271 1220 300 sic
1237 281 1277 300 ex
1294 270 1410 310 ’ωροοξξίν
1423 268 1541 309 φξουςός.

1093 331 1133 335 -
1151 317 1181 345 9.
1196 313 1307 351 ἀπέγνω
1329 315 1371 352 μὴ
1398 311 1516 353 Βοηθεῖν]
1534 312 1675 342 auxiliari
1694 321 1752 340 non

1050 358 1151 386 statuit
1164 357 1210 385 vel
1228 358 1332 386 statuit
1345 367 1400 385 non
1410 355 1560 385 amiliari.
1571 365 1605 384 ac
1621 355 1646 384 si
1660 359 1754 387 esset,

1051 399 1117 437 ἔγνω
1129 401 1170 438 μὴ
1186 399 1308 433 aenaea,
1322 399 1372 429 vel
1387 399 1434 428 οὐκ
1448 397 1515 436 ’ἔγνω
1527 396 1641 430 Βοηθεῖν.
1691 397 1751 426 Sed

1052 443 1118 471 dnae
1136 442 1314 481 negationes
1330 441 1535 471 vehementius
1558 444 1679 478 negant,
1693 449 1752 468 eae-

1052 496 1109 524 que
1130 495 1188 514 non
1211 490 1324 514 tantum
1348 484 1503 524 explicite,
1525 494 1593 512 cum
1620 483 1688 512 duae
1704 481 1753 512 vel

1051 528 1138 557 etiam
1165 529 1268 567 plures
1290 527 1448 566 particulae
1468 526 1616 564 negativae
1635 525 1753 563 integre

1052 576 1082 599 et
1098 581 1244 610 expresse
1261 575 1424 610 ponuntur,
1445 575 1478 598 ut
1498 569 1526 599 οὐ
1546 570 1600 607 μὴ,
1620 569 1661 607 μὴ
1678 566 1754 608 οὐχὶ,

1051 613 1098 642 οὐκ
1114 613 1183 650 οὐδὲ,
1198 616 1239 653 μὴ
1256 613 1348 648 οὐδεὶς,
1365 618 1422 642 etc.
1449 618 1480 641 ut
1504 612 1534 640 in
1551 612 1603 640 illo
1630 610 1754 640 Luciani

1055 654 1155 694 [Diat.
1182 658 1274 686 Mori.
1297 656 1361 685 xiv.
1380 656 1406 695 ᾧ.
1431 654 1476 695 1.]
1500 655 1542 684 νῦν
1555 653 1620 693 μὲν,
1636 651 1658 682 ὦ
1672 650 1756 682 Ἀλέ-

1052 698 1156 737 ξανδξε,
1172 699 1218 728 οὐκ
1233 699 1265 728 ἂν
1278 698 1384 738 ’iffa-grog-
1396 696 1489 735 γένοιο,
1500 699 1541 736 μὴ
1558 697 1604 726 οὐκ
1620 694 1687 736 ἒμός
1702 694 1756 728 υῖός

1052 740 1128 770 εῖναι.
1154 741 1206 770 ubi
1225 742 1293 770 duae
1316 746 1385 770 sunt
1408 741 1583 779 negationes
1599 738 1756 778 explicitae

1053 789 1165 822 praeter
1190 794 1275 813 unam
1299 783 1477 822 implicitam
1496 783 1525 812 in
1547 792 1621 812 voce
1641 780 1756 821 ἔξαρνος.

1053 827 1113 855 Sed
1135 825 1291 867 (inquam)
1312 826 1375 855 baec
1391 825 1496 864 regula
1516 825 1555 854 de
1575 824 1690 863 duplici
1705 835 1756 854 ne—

1053 870 1173 907 gatione
1191 868 1397 899 vehementius
1420 872 1547 906 negante
1567 877 1624 897 non
1641 870 1755 896 tantum

1054 913 1181 947 obtinet,
1201 913 1252 941 ubi
1274 912 1341 941 duae
1363 911 1511 950 negativae
1534 910 1691 950 particulae
1713 909 1757 950 ῥη-

1055 957 1110 988 τῶς
1122 955 1269 994 explicite
1285 960 1316 984 et
1337 964 1483 993 expresse
1503 958 1678 992 ponuntur3
1702 952 1756 982 sed

1056 998 1146 1027 etiarn
1162 1009 1227 1027 cum
1246 1008 1303 1027 una
1320 1005 1366 1027 est
1383 996 1533 1035 explicita
1548 996 1577 1025 in
1595 1007 1639 1032 se,
1662 995 1757 1025 altera

1055 1041 1204 1080 implicita
1221 1042 1249 1070 in
1267 1041 1369 1071 verbo.
1414 1040 1505 1078 Quod
1521 1044 1618 1069 tamen
1633 1038 1686 1068 vix
1703 1039 1758 1068 ob-

1056 1088 1206 1114 servatum
1224 1089 1275 1113 aut
1397 1083 1486 1113 video
1503 1093 1520 1112 a
1536 1084 1681 1116 Gramm„
1704 1082 1757 1120 qui

1057 1128 1178 1166 regulas
1192 1128 1230 1156 de
1242 1128 1295 1156 Gr.
1310 1126 1432 1165 syntaxi
1450 1126 1536 1155 nobis
1557 1125 1756 1154 tradiderunt.

1056 1170 1186 1199 Notetur
1211 1181 1282 1208 ergo
1304 1169 1368 1198 baec
1386 1169 1508 1207 regula:
1541 1167 1674 1204 ‘Verba‚
1689 1177 1758 1206 quae

1056 1213 1246 1252 negationem
1270 1212 1448 1251 implicitam
1469 1211 1499 1240 in
1524 1222 1555 1240 se
1585 1210 1758 1244 includunt,

1057 1266 1124 1286 cum
1145 1257 1293 1295 particula
1315 1255 1457 1293 negativa
1474 1253 1682 1284 vehementius
1705 1263 1756 1282 ne-

1057 1299 1150 1337 gant.y
1195 1300 1271 1336 Quae
1296 1303 1395 1327 autem
1422 1297 1598 1336 implicitam
1623 1296 1760 1335 negatio-

1057 1353 1125 1372 nem
1151 1343 1179 1372 in
1202 1353 1234 1371 se
1257 1342 1367 1371 habent
1383 1345 1451 1370 sunt
1474 1344 1582 1380 praeter
1598 1341 1692 1369 verba
1707 1349 1760 1369 ne-

1058 1386 1158 1424 gandi,
1185 1385 1274 1414 etiam
1304 1385 1396 1414 verba
1430 1382 1630 1423 impediendi,
1657 1382 1759 1422 prohi-

1057 1427 1361 1463 bendi,deh0rtandi‚
1370 1426 1557 1462 deterrendi,
1569 1425 1761 1464 desperandi,

1059 1477 1088 1500 et
1112 1471 1240 1501 similia:
1265 1471 1312 1501 his
1326 1470 1403 1499 enim
1421 1480 1460 1499 ex
1477 1468 1640 1499 abundanti
1663 1468 1762 1498 Attici

1057 1514 1250 1553 negationem
1294 1514 1419 1543 addunt.
1470 1511 1627 1542 Demosth.
1675 1510 1761 1551 [adv.

1059 1558 1198 1596 Phaenip.
1215 1557 1240 1597 ᾗ.
1256 1555 1309 1597 γ’.]
1326 1557 1453 1585 κωλῦσαι
1476 1555 1541 1590 τοὺς
1563 1554 1699 1587 ὀνηλάτας
1719 1556 1760 1594 μὴ

1059 1598 1166 1639 ἐξάγειν
1179 1601 1227 1631 τὴν
1239 1600 1312 1629 ὕλην.
1329 1603 1425 1628 vetare
1441 1599 1591 1638 quominus
1605 1597 1763 1635 deportent.

1060 1643 1166 1673 AEscb.
1184 1643 1225 1684 [c.
1238 1643 1391 1672 Timarch.
1409 1642 1434 1681 ᾗ.
1452 1640 1503 1682 ζ’.]
1520 1639 1635 1675 τούτους
1650 1641 1762 1678 ἀπαγο-

1059 1685 1125 1726 ςεύει
1142 1687 1183 1725 μή
1208 1685 1377 1725 δημηγορεῖν.
1394 1683 1441 1714 hos
1453 1683 1583 1722 prohibet
1601 1684 1762 1713 concionem

1061 1729 1174 1764 habere,
1201 1729 1284 1757 rerba
1314 1728 1353 1757 ad
1378 1728 1518 1766 poputum
1537 1726 1653 1767 facere.
1698 1726 1761 1755 De-

1060 1772 1168 1800 mostli.
1195 1771 1304 1800 iterum
1329 1769 1413 1809 [adv.
1433 1769 1543 1799 Eubul.
1565 1769 1590 1809 ᾗ.
1608 1768 1648 1798 ιε’.
1663 1768 1761 1809 med]

1060 1815 1158 1843 ταῦτα.
1183 1813 1230 1843 οὐκ,
1251 1813 1283 1843 ἂν
1302 1811 1474 1852 ἔξομόσαιτο
1493 1809 1644 1845 Εὗβυλίδης
1658 1813 1700 1851 μὴ
1716 1811 1765 1841 οὒκ.

1060 1855 1168 1886 εἰδέναι.
1186 1857 1265 1885 Plat.
1283 1854 1335 1896 [de
1347 1856 1408 1893 leg.
1453 1855 1468 1895 ]
1482 1853 1605 1894 ἀπείργοι
1619 1856 1661 1894 μὴ
1676 1853 1765 1893 γίγνε-

1061 1899 1146 1928 σθαι.
1159 1899 1295 1938 prohibeo
1304 1897 1390 1938 fieri,
1407 1903 1458 1928 ant
1473 1898 1594 1936 impedio
1615 1898 1766 1937 quominus

1052 1942 1125 1983 flat.
1144 1943 1265 1971 Lucian.
1284 1941 1402 1981 [Prom.
1419 1941 1444 1980 §.
1460 1940 1507 1980 6.]
1525 1940 1546 1970 εἶ
1562 1939 1617 1980 μὲν
1629 1938 1670 1970 οἶν
1684 1939 1764 1980 ἕξοις-

1062 1997 1101 2021 νος
1122 1984 1150 2015 εῖ
1165 1987 1207 2025 μὴ
1228 1984 1382 2024 &gyrio-Sat
1401 1984 1488 2013 αὐτά..
1508 1985 1532 2013 si
1551 1993 1639 2023 negas
1656 1989 1684 2013 te
1705 1982 1765 2012 haec

1059 2035 1244 2067 perpetrasse.
1281 2028 1369 2057 Idem
1387 2027 1499 2067 [Deor.
1516 2026 1598 2057 Dial.
1620 2037 1649 2056 v.
1674 2026 1699 2067 ᾗ.
1716 2026 1763 2067 5.]

1063 2071 1116 2101 οὐδ’
1131 2070 1297 2110 ἀπέτρεπόν
1308 2080 1341 2100 σε
1356 2071 1398 2109 μὴ
1414 2070 1476 2111 οὐχὶ
1494 2067 1576 2099 πίνειν
1587 2068 1655 2109 ’rrae’
1667 2069 1764 2099 αὐτοῦ.

1063 2125 1119 2144 non
1135 2115 1314 2144 abstinebant
1327 2119 1355 2143 te
1372 2124 1389 2142 ιι
1405 2113 1534 2142 bibendo.
1550 2112 1687 2151 Tbucyd.
1705 2111 1765 2151 [iii.

1064 2157 1110 2198 3.]
1127 2159 1178 2191 τῆς
1188 2156 1243 2197 μὲν
1254 2156 1402 2189 Θαλάσσης
1415 2155 1499 2195 εῖςγον
1508 2156 1550 2194 μὴ
1559 2154 1693 2195 χρῆσθαι.
1704 2166 1766 2184 nia-

1063 2201 1104 2230 ris
1119 2210 1174 2230 usu
1190 2210 1234 2230 eos
1256 2199 1454 2239 prohibebant.
1479 2204 1510 2228 et
1530 2198 1602 2227 alibi
1620 2198 1681 2238 [iii.
1697 2197 1766 2239 49.]

1064 2243 1214 2273 διεκώλυσε
1228 2246 1270 2283 μὴ
1288 2242 1460 2282 διαφθεῖραι.
1478 2241 1627 2280 impedivit
1644 2251 1680 2271 ne
1693 2241 1766 2271 civi-

1064 2293 1151 2316 tatem
1173 2287 1313 2325 perderet.
1359 2285 1411 2314 Sic
1432 2284 1481 2314 hie
1497 2282 1609 2322 ἀπέγνω
1632 2285 1675 2324 μὴ
1702 2282 1767 2316 βοη-

1064 2328 1128 2360 Θεῖν.
1142 2331 1244 2359 statuit
1261 2340 1317 2359 non
1332 2328 1485 2358 auxiliari.
1497 2337 1552 2366 pro
1566 2326 1633 2366 ἔγνω
1645 2329 1687 2366 μὴ
1703 2326 1769 2360 Hon-

1063 2372 1133 2402 θεῖν.
1179 2373 1313 2402 Verbum
1328 2371 1407 2400 enim
1421 2370 1619 2408 ἀπογινώσκειν
1631 2370 1680 2400 vel
1697 2370 1769 2399 ἀπο-

1063 2418 1161 2453 γνῶναι
1176 2415 1364 2454 negationem
1379 2414 1410 2443 in
1426 2424 1459 2444 se
1472 2413 1613 2449 includit,
1624 2413 1709 2442 itant
1721 2422 1767 2441 se-

1065 2469 1159 2497 quens
1177 2458 1327 2497 particula
1342 2457 1484 2496 negativa
1505 2466 1633 2495 prorsus
1657 2455 1769 2485 redun-

1065 2502 1127 2531 det.
1174 2500 1432 2532 Observeturhoc
1449 2499 1477 2529 in
1495 2499 1560 2529 loco
1577 2498 1666 2540 liujus
1679 2497 1769 2528 verbi

1066 2545 1260 2584 significatio,
1277 2548 1382 2582 utpote
1400 2542 1500 2572 minus
1515 2541 1587 2572 trita
1602 2547 1633 2571 et
1646 2541 1768 2571 usitata.

1064 2586 1284 2627 Ἀωογινώσκειν
1304 2585 1502 2616 communiter
1522 2589 1570 2614 est
1594 2582 1772 2624 ἀπελπίζειν,

1065 2631 1229 2670 desperare,
1251 2631 1382 2659 animum
1407 2628 1597 2666 despondere:
1636 2627 1691 2656 sed
1721 2631 1770 2655 est

1067 2675 1157 2703 etiam
1171 2678 1296 2703 statuere
1311 2672 1401 2714 (licet
1422 2681 1480 2700 non
1502 2675 1562 2700 tam
1580 2667 1769 2708 frequenter)

1065 2717 1179 2757 aliquid
1194 2727 1253 2746 non
1269 2714 1385 2757 facere.
1433 2715 1471 2743 Et
1491 2718 1573 2743 certe
1590 2713 1656 2742 baec
1677 2712 1771 2741 altera

1068 2759 1259 2798 significatio,
1289 2758 1361 2788 licet
1393 2767 1452 2786 non
1488 2761 1548 2786 tam
1580 2756 1770 2793 frequentem

1067 2813 1154 2833 usum
1171 2803 1291 2837 habeat,
1306 2800 1432 2840 propius
1456 2802 1553 2829 tamen
1569 2797 1697 2836 respicit
1712 2797 1772 2827 ori-

1067 2846 1166 2885 ginem
1183 2845 1273 2883 hujus
1290 2844 1384 2874 verbi.
1427 2841 1518 2872 Aliud
1533 2846 1633 2870 autem
1650 2844 1698 2870 est
1712 2840 1772 2870 ori-

1067 2899 1107 2928 go
1124 2888 1222 2924 vocis,
1238 2887 1320 2917 aliud
1337 2895 1421 2916 usus.
1457 2884 1597 2914 Γινώσκειν
1614 2883 1663 2913 vel
1675 2884 1772 2920 γνῶναι

1067 2931 1148 2972 apud
1160 2930 1301 2970 puriores
1312 2931 1366 2959 Gr.
1375 2938 1433 2957 non
1450 2932 1498 2956 est
1509 2925 1692 2966 simpliciter
1706 2935 1774 2966 cog-

1067 2983 1182 3004 noscere
1203 2978 1253 3003 ant
1269 2974 1351 3007 scire,
1368 2971 1422 3000 sed
1443 2974 1579 3006 statuere,
1594 2975 1696 2998 ratum
1717 2977 1771 2997 seu
