1997 3323
355 198 411 240 54

400 307 473 337 206.
488 307 520 337 3.
536 304 644 336 δοκοῦσι
654 302 712 347 -]
727 305 939 345 Hermogenes
952 315 984 345 p.
993 307 1070 336 340.

356 348 369 378 ὅ
383 347 407 378 δ’
422 347 550 384 ἐπιεικῶς
562 348 670 390 σφόδρα
691 347 739 378 καὶ
760 349 862 381 ἧθικῶς
875 347 939 388 ἔφη·
953 366 996 371 -
1010 359 1069 378 τοι-

357 393 420 421 οῦτο
431 391 454 421 δ’
466 391 530 422 ἐστὶ
540 392 589 422 καὶ
603 391 637 422 τό
651 391 677 422 ἐν
686 390 949 432 συμζουλευτιιιοῖς.
961 390 1067 421 δοκοῦσι

356 434 385 464 δέ
408 446 458 475 μοι
473 435 684 476 Λακεδαιμόνιοι
699 452 742 458 --
756 433 790 464 τό
804 444 837 463 τε
853 435 908 473 γὰρ
930 432 1067 463 ἐνδοιάσαι

357 477 406 507 καὶ
421 479 464 517 μῆ
475 476 684 519 άποφῇνασθαι,
698 476 740 507 δ’τι
754 476 828 507 δεινοὶ
844 475 1067 514 Λακεδαιμόνιοι,

356 521 437 552 ἀλλὰ.
451 521 560 551 δοκοῦσί
572 532 624 560 μοι
642 520 739 555 εἰπεῖν,
754 518 789 549 τό
803 530 837 550 τε
857 521 900 558 μὴ
921 518 1069 558 καθάπαξ

355 564 441 594 δοκεῖν
455 564 555 598 αὐτοὺς
569 564 636 594 εῖναι
652 563 746 596 δεινοὺς
762 562 856 592 εἰπεῖν
870 561 964 596 αὐτὸν,
986 563 1066 593 ἀλλὰ

354 605 428 646 μηδὲ
444 607 535 642 δεινοῖς
545 606 667 641 ἐοικότας
681 607 796 641 ἁπλῶς,
808 604 881 645 ἔργον
896 604 924 634 δέ
940 616 968 635 τι
984 605 1068 636 δεινῶν

351 649 505 689 ἀνθρώπων
521 648 765 690 διαπράττεσθαι,
780 649 887 689 σφόδρα
898 647 1023 689 ὑφιέντας
1036 647 1066 679 ἦν

352 692 386 722 ‘rb
406 692 560 733 ἐπιφορικόν
579 692 628 721 καὶ
644 691 766 732 σφοδρὸν,
787 692 882 723 &scaev
895 691 922 722 δὲ
940 691 988 721 καῖ
1004 690 1066 721 ἔπι-

352 738 409 766 εικῆ
437 737 514 773 λόγον
541 735 752 776 παρεχομένου.
797 735 868 765 Alio
895 736 998 771 modo,
1026 736 1065 765 ad

353 779 445 809 alium
465 780 564 814 finem,
588 778 750 817 usurpavit
772 778 802 807 h.
817 778 837 807 Ι.
855 778 1009 808 Aristides
1026 779 1065 809 de

354 823 395 851 D.
408 822 442 851 C.
460 832 530 860 pag.
542 824 614 852 220.
627 821 775 862 περιβολῆς
788 819 816 850 δὲ
832 822 879 850 καὶ
891 820 924 851 τὸ
935 823 978 860 μὴ
988 820 1064 859 ψιλὰ

353 868 393 895 τὰ
403 865 533 905 νοήματα
545 864 677 903 εἰσάγειν,
688 863 824 894 τουτέστι
835 866 875 894 τὰ
886 864 1064 903 πράγματα,

352 909 432 938 ἀλλὰ
458 908 698 948 προσλαμβάνειν
716 908 808 937 αὐτῶν
822 910 871 938 τήν
884 908 997 946 γνώμην
1010 911 1066 937 τῶν

352 951 506 987 ποιούντων,
530 950 544 982 ἢ
561 954 609 983 τὴν
623 950 760 981 ποιότητα
775 952 827 984 τῆς
848 951 970 989 γνώμης.
994 949 1066 980 οὕτω

353 992 503 1035 ’τιτεριζολῆν
519 994 681 1035 εἰργάσατο.
692 994 799 1023 δοκοῦσι
817 993 844 1023 δέ
859 1005 910 1033 μοι
927 994 1066 1024 Aetnaeae-

352 1037 438 1077 μόνιοι
450 1038 538 1076 μάλα
551 1039 635 1068 δεινῶν
649 1037 723 1077 ἐ’ςγον
733 1037 883 1077 ἀνθρώπων
892 1038 987 1067 ποιεῖν.
1000 1036 1065 1067 εἶτα

352 1080 385 1109 τὸ
400 1080 555 1119 γιγνόμενον
567 1080 617 1111 ὑπ’
631 1081 732 1111 αὐτῶν.
743 1081 794 1110 νυνὶ
809 1082 864 1121 γὰρ
876 1080 964 1119 φασὶν
974 1079 1066 1110 ἐκεῖνοι

352 1124 390 1153 ad
406 1123 596 1162 κομίσασθαι.

395 1184 437 1189 ——
453 1171 483 1199 6.
496 1167 675 1208 Τρικάρανον]
692 1166 776 1197 Citat
789 1167 821 1196 h.
837 1166 859 1196 1.
878 1167 1065 1205 Harpocrat.

352 1220 382 1240 v.
394 1211 563 1251 Τρικάρανον.

393 1270 436 1275 -
451 1257 503 1284 12.
527 1251 646 1283 ἐπειδὰν
663 1253 742 1283 ἴωσιν
762 1251 810 1284 ἐπὶ
836 1252 992 1288 Μεσσήνην,
1016 1251 1065 1281 καὶ

350 1296 430 1326 αὐτοὶ
445 1296 708 1337 συστρατεύωνται]
725 1296 828 1326 delevi
839 1295 898 1331 καὶ,
912 1301 942 1325 et
957 1296 1002 1325 sic
1017 1295 1064 1324 in-

351 1340 509 1379 terpunxi,
524 1338 635 1370 ἒπειδάν
651 1340 726 1369 ἴωσιν
748 1338 795 1369 ἐπὶ
815 1339 958 1369 Μεσσήνην
971 1338 1064 1373 αὐτοὶ,

349 1393 422 1421 quo,
437 1383 462 1412 si
477 1383 543 1422 ipsi,
557 1383 794 1418 Laeedaemonii,
812 1383 963 1412 adversus
975 1383 1063 1412 Mes-

350 1426 464 1456 seniam
477 1426 650 1466 suscipiant
659 1425 903 1465 expeditionem,
916 1425 946 1455 hi
960 1435 1064 1454 omnes

348 1468 425 1507 ipsis
439 1470 551 1499 sociam
569 1474 714 1508 praestent
725 1479 859 1508 operam.
876 1468 974 1498 adhuc
990 1478 1062 1498 enu-

348 1517 517 1542 meraverat
541 1512 685 1552 exempla
705 1523 807 1551 operae
830 1522 847 1541 a
868 1512 1062 1542 Lacedaemo·

348 1555 406 1584 niis
421 1555 604 1594 praestandae
620 1555 703 1590 aliis,
725 1555 776 1585 ubi
800 1554 979 1590 servissent,
1002 1565 1060 1584 non

348 1608 411 1628 suae
434 1609 547 1633 causae,
574 1598 630 1628 sed
652 1599 753 1628 causis
779 1598 899 1628 alienis.
942 1599 1011 1629 Jam
1034 1598 1060 1628 si

348 1645 470 1681 tempus
487 1641 599 1676 veniat,
609 1652 669 1681 quo
682 1641 743 1681 ipsi
760 1652 882 1681 quoque
895 1651 978 1670 suam
991 1651 1060 1680 pro-

347 1684 442 1722 priam
459 1695 582 1714 causam
595 1689 775 1716 exsecutum
792 1690 871 1721 eant,
885 1685 914 1714 h.
931 1695 958 1714 e.
974 1685 1060 1726 Mes-

347 1728 438 1756 seniae
454 1728 728 1766 recuperationem.

387 1789 432 1793 —
452 1773 503 1802 13.
526 1771 541 1802 ἢ
565 1771 679 1801 δοκῶσιν
696 1770 754 1811 -]
781 1772 916 1801 resolves
942 1770 1008 1800 haec
1028 1770 1058 1799 in

345 1813 434 1843 istam
447 1814 753 1854 planiorem,tame'tsi
764 1814 1059 1854 pinguiorem‚Grae-

344 1856 481 1893 citatem,
512 1857 743 1897 perspicuitatis
771 1858 885 1896 gratia:
912 1856 926 1888 ἢ
949 1856 1060 1886 δοκῶσιν

344 1900 515 1941 ἀχαριστεῖν
538 1899 563 1929 ἐν
587 1899 630 1940 τᾷί
643 1903 685 1939 μὴ
709 1900 868 1930 ἀποδιδόναι
894 1902 943 1931 τήν
964 1899 1059 1937 ὁμοίαν

343 1943 441 1977 αὐτοῖς
468 1945 562 1984 χάςιν,
597 1946 680 1984 μετιὶ
710 1943 743 1973 τὸ
772 1944 930 1983 λαμβάνειν
957 1943 1059 1977 αὐτοὺς

346 1985 615 2025 [Lacedaemonios
639 1988 725 2028 puta]
752 1986 928 2027 συμψήφους
949 1985 1059 2021 ἑαυτοῖς

342 2027 369 2058 ἐν
385 2030 506 2066 τούτοις,
528 2030 547 2059 ἃ
567 2030 684 2061 ἕκαστοι
707 2030 818 2070 ἔφασαν
833 2030 900 2061 εἶναι
915 2031 994 2069 σφῶν
1008 2031 1057 2060 αὔ-

341 2083 406 2101 των.

385 2133 428 2138 —
448 2120 499 2147 18.
528 2115 645 2157 ἐκείνων]
676 2116 757 2146 redit
788 2117 828 2146 ad
863 2115 1059 2147 Lacedaemo-

347 2169 426 2188 mos.

385 2219 427 2223 —
444 2202 496 2232 26.
519 2202 548 2232 οὗ
564 2204 617 2241 γὰρ
633 2200 663 2231 ἃν
679 2203 799 2242 ἡγοῦμαι
810 2201 866 2242 ν-]
883 2202 964 2231 citat
977 2201 1058 2231 hunc

340 2245 456 2280 locum,
469 2246 521 2274 sed
540 2256 556 2275 e
568 2245 726 2281 memoria,
738 2245 872 2275 nonnihil
887 2246 1057 2281 aberrante,

342 2288 556 2326 Hermogenes
567 2298 598 2327 p.
606 2290 680 2319 35⁰2.
691 2290 780 2327 cnjus
791 2289 855 2318 haec
866 2294 935 2317 suot
945 2290 1055 2318 verba:

341 2330 387 2359 καὶ
405 2333 418 2361 ἡ
434 2332 647 2366 ἀωοσιώωησις
661 2331 688 2362 δὲ
705 2330 860 2362 ἐνδιαθέτου
870 2331 952 2369 λόγου
963 2331 1011 2361 καὶ
1023 2333 1059 2366 ὡς

341 2374 457 2408 ἀληθῶς
481 2373 530 2404 οἷον
551 2374 700 2416 ἐμψύχου.
723 2375 921 2415 ωαξάδειγμα
938 2375 1058 2410 ταύτης.

341 2416 410 2446 ἀλλ’
424 2417 487 2456 ἐμοὶ
503 2417 567 2456 μέν·
589 2418 617 2448 οὗ
632 2417 772 2458 βούλομαι
788 2417 816 2448 δὲ
831 2416 967 2459 δυσχερὲς
985 2418 1058 2449 οὐδὲν

342 2461 429 2490 εἰπεῖν
452 2461 604 2502 ἀρχόμενος
621 2463 670 2491 τοῦ
692 2461 791 2500 λέγειν.
814 2462 862 2491 καὶ
884 2460 909 2491 ἔν
922 2461 965 2500 τῷ
987 2461 1056 2502 ὑπὲξ

342 2507 592 2540 Μεγαλοπολιτῶν.
615 2505 644 2534 οὐ
674 2506 730 2545 γᾶρ
752 2505 814 2546 περὶ
836 2504 951 2535 τούτων·
974 2506 1057 2547 (sic)

341 2546 410 2575 ἀλλ’
426 2546 502 2576 ἐάσω
517 2547 550 2576 τό
561 2546 590 2584 γ’
605 2546 727 2578 ἐπελθὸν
739 2549 825 2578 εἰπεῖν
839 2560 900 2588 μοι.

386 2592 458 2620 207.
479 2593 528 2620 10.
551 2591 649 2620 ταῦτα
664 2590 719 2630 μέν
733 2590 798 2621 ἐστι
815 2591 873 2631 -]
897 2592 990 2622 verba
1011 2591 1055 2621 sie

340 2633 523 2672 accipienda
538 2638 621 2669 sunt,
643 2645 678 2664 ac
700 2635 726 2664 si
744 2639 862 2664 structa
877 2639 980 2664 essent
997 2635 1055 2665 hoc

340 2676 466 2705 ordine:
483 2678 581 2705 ταῦτα.
595 2676 651 2715 μέν
666 2676 744 2707 ἔστιν
759 2677 934 2719 [scil.’s'gya]
949 2677 1056 2718 ἀνθρώ·

338 2731 410 2754 πων,
419 2718 594 2758 Βουλομὲνων
605 2719 725 2760 δεύτερον
737 2720 781 2761 [id
796 2726 855 2756 est,
871 2721 904 2750 τὸ
921 2721 1055 2763 δεύτερον]

338 2764 452 2792 ποιῆσαι
468 2762 584 2797 τούτους
595 2765 778 2805 συμμάχους
790 2763 896 2803 ἑτέρων.
906 2765 972 2794 haec
986 2775 1055 2795 esse

338 2806 478 2836 instituta
493 2806 661 2843 hominum,
672 2807 844 2836 conantium
862 2807 986 2842 iterum,
1001 2808 1055 2838 de-

339 2860 400 2879 nuo
426 2848 476 2889 [ut
493 2850 557 2889 jam
579 2855 668 2879 antea
692 2851 786 2879 semel
808 2850 976 2892 feceruntJ,
997 2851 1054 2881 hos

342 2893 476 2922 Arcadas
491 2903 509 2922 a
522 2892 670 2923 societate
680 2898 781 2923 vestra
794 2898 945 2928 avertere,
956 2904 1053 2933 eoque

339 2946 465 2974 cogere,
479 2941 510 2965 ut
527 2936 604 2966 alios
617 2936 675 2966 sibi
693 2937 793 2967 socios
805 2942 958 2975 quaerant3
973 2938 1053 2967 The—

341 2980 435 3008 banos
452 2985 536 3017 puta.

379 3039 421 3045 -—
440 3025 489 3052 11.
514 3021 591 3063 οῖδα]
618 3022 736 3054 addidi.
762 3023 895 3053 cohaeret
916 3034 982 3054 cum
1011 3023 1053 3053 ὅτι

732 196 768 239 Ι.
791 194 827 239 Ι.
847 195 1083 239 ΒΕΙΞΚΕ

1102 195 1435 240 ΑΝΝΟΤΑΤΑ

1104 313 1197 335 versu
1215 307 1268 336 13.
1294 304 1349 335 δ’σα
1370 305 1420 335 hic
1439 303 1510 342 loci,
1533 315 1593 335 non
1612 303 1811 345 adjectivum.

1103 347 1157 377 sed
1173 347 1350 378 adverbiale
1363 353 1422 385 est,
1436 354 1589 389 quatenus.

1146 406 1188 412 —-
1211 391 1267 420 ult.
1288 390 1433 429 πυθόιμην
1446 393 1502 422 τῶν
1520 390 1654 430 λεγόντων
1673 390 1723 420 καὶ
1747 391 1813 425 τοὺς

1102 431 1252 474 Θηβαίους]
1269 433 1392 464 correxi
1408 435 1446 464 de
1460 444 1528 464 meo
1537 444 1646 465 sensu:
1661 432 1814 475 πυθοίμην

1102 474 1180 505 τῶνδ’
1199 474 1254 514 ἐγὼ
1268 478 1324 508 τῶν
1342 476 1390 506 καὶ
1407 487 1437 506 τ.
1453 482 1489 507 Θ.
1505 477 1636 508 libenter
1652 477 1709 507 hos
1725 476 1814 516 equi-

1100 517 1172 547 dem
1186 518 1383 559 interrogem,
1395 519 1448 558 qui
1460 530 1515 559 par
1526 525 1556 550 et
1565 531 1638 560 erga
1646 520 1813 550 Thebanos

1101 564 1133 590 et
1161 572 1235 602 erga
1269 563 1517 593 Lacedaemonios
1546 573 1612 602 prae
1638 573 1671 592 se
1700 564 1814 593 ferunt.

1099 603 1190 635 facile
1213 616 1230 635 e
1251 608 1307 636 τῶν
1326 605 1462 644 λεγόντων
1483 605 1629 636 efficiatur
1651 604 1732 636 τῶνδ’
1755 604 1812 645 ἐγὼ

1099 649 1166 684 τῶν,
1189 658 1298 689 magna
1320 650 1474 680 literarum
1497 649 1706 679 intercedente
1728 649 1813 679 simi-

1100 690 1240 722 titudine.

1143 736 1218 765 208.
1233 738 1263 767 9.
1286 735 1360 777 ῥᾷον]
1383 734 1445 765 imo
1467 745 1541 767 vero
1561 733 1656 777 ῥᾴδιον,
1678 733 1710 764 in
1725 734 1811 774 posi-

1099 776 1175 807 tivo.

1141 838 1185 843 -—
1201 824 1252 851 11.
1271 821 1361 863 μέχρι
1377 821 1476 852 τούτου
1496 822 1545 863 γε]
1570 821 1694 862 praetuli
1717 819 1810 862 μέχρι

1098 864 1148 892 τοῦ
1161 875 1204 902 γε.
1248 866 1354 895 Saltim
1369 866 1601 905 quadamtenus,
1621 864 1722 895 saltim
1734 875 1810 904 quo-

1099 907 1274 942 dammodo,
1289 914 1322 938 ut
1337 920 1388 938 του
1403 909 1443 938 sit
1458 908 1644 939 enclitieum.

1142 967 1185 972 —-
1200 952 1249 980 16.
1273 951 1389 992 ἁπλῶς]
1406 952 1508 982 nescio
1525 962 1563 980 an
1578 949 1810 982 convenientius

1101 990 1193 1022 situm
1219 993 1259 1023 sit
1285 994 1350 1024 sive
1372 999 1442 1033 post
1462 992 1544 1025 πάνθ’
1558 1004 1648 1024 versu
1665 996 1717 1024 14.
1742 993 1810 1023 sive

1099 1041 1172 1074 post
1185 1036 1319 1066 ἁπάντων
1333 1048 1424 1067 versu
1441 1039 1494 1069 15.

1142 1096 1183 1101 --
1199 1078 1277 1110 ibid.
1293 1080 1393 1120 τοῦτο]
1419 1080 1572 1121 significat
1585 1078 1619 1110 τό
1633 1080 1676 1120 μῆ
1691 1079 1811 1120 φάσκειν

1100 1120 1152 1151 δεῖν
1165 1122 1377 1164 κατοικίζεσθαι
1393 1127 1453 1154 etc.
1488 1123 1647 1154 Sententia
1661 1123 1727 1153 haee
1742 1127 1790 1153 est
1803 1133 1810 1151 ε

1100 1165 1183 1203 quod
1214 1165 1239 1195 si
1266 1176 1425 1206 negemus,
1447 1171 1590 1206 oportere
1616 1167 1715 1196 urbes*
1740 1166 1810 1196 illas

1099 1207 1241 1245 Boeotiae,
1252 1210 1404 1239 Thebanis
1420 1210 1496 1240 adeo
1509 1209 1647 1246 infestas,
1660 1210 1697 1239 ab
1709 1209 1810 1248 iisque

1098 1251 1266 1288 desolatas,
1288 1263 1395 1283 rursus
1407 1252 1581 1289 restaurari,
1592 1253 1625 1282 id
1639 1252 1722 1291 quod
1737 1262 1811 1282 con-

1097 1294 1265 1326 tendebant
1295 1296 1520 1326 Lacedaemonii
1557 1299 1700 1335 oportere
1728 1295 1809 1331 fieri,

1098 1343 1189 1368 erunt
1211 1338 1324 1375 statim,
1348 1339 1401 1378 qui
1422 1350 1478 1369 nos
1492 1338 1690 1369 criminentur
1711 1338 1809 1378 impe-

1097 1380 1234 1412 dimento
1251 1392 1334 1419 esse,
1356 1393 1417 1421 quo
1436 1381 1537 1412 minus
1551 1381 1688 1412 Thebani
1703 1381 1808 1423 depri-

1097 1430 1227 1454 mantur.
1271 1425 1519 1456 criminationem
1539 1425 1633 1464 igitur
1653 1425 1730 1455 hauc
1746 1435 1807 1464 quo

1097 1467 1251 1504 tollamus,
1281 1478 1350 1508 age,
1382 1468 1579 1498 restauranda
1609 1468 1664 1497 iiia
1691 1467 1809 1508 oppida

1095 1520 1178 1546 esse,
1210 1512 1412 1542 assentiamur
1446 1521 1501 1542 nos
1529 1521 1650 1551 quoque
1679 1511 1808 1541 Atheni-

1095 1563 1184 1583 enses
1193 1571 1247 1584 ——.

1135 1614 1180 1619 —
1195 1600 1249 1628 17:
1269 1596 1320 1639 τὸ]
1347 1597 1471 1628 correxi
1499 1597 1552 1637 τῷ.
1576 1607 1645 1628 nam
1673 1596 1809 1628 oohaeret

1095 1650 1163 1669 cum
1179 1639 1309 1679 ἐμποδὼν
1320 1639 1397 1671 εἶναι.

1135 1701 1179 1706 —-
1194 1686 1243 1714 18.
1259 1686 1313 1719 τὰς
1328 1683 1383 1724 μὲν
1395 1685 1525 1717 Θεσπιὰς
1535 1684 1593 1725 -]
1609 1683 1712 1713 locum
1727 1683 1807 1714 hunc

1093 1725 1167 1756 citat
1182 1727 1370 1758 Scholiastes
1385 1727 1576 1767 Thucydidis
1587 1737 1619 1767 p.
1631 1728 1684 1758 72.
1699 1727 1756 1757 ult.

1135 1787 1176 1792 -—
1193 1772 1246 1801 19.
1261 1770 1372 1811 αὺτοῖς]
1402 1770 1524 1810 praetuli
1544 1769 1624 1800 αὐτοὶ
1646 1769 1693 1811 (ἱιι
1710 1769 1807 1800 nomi-

1092 1812 1224 1853 nativo).
1254 1815 1422 1853 opponitur
1450 1813 1528 1843 enim
1558 1812 1733 1852 insequenti
1756 1813 1806 1842 καὶ

1092 1857 1156 1890 τοὺς
1167 1856 1281 1890 ἄλλους.
1294 1856 1484 1896 nosmetipsi
1496 1867 1617 1896 quoque
1626 1856 1807 1895 corporibus

1092 1899 1253 1939 copiisque
1270 1900 1381 1930 nostris
1397 1910 1520 1940 operam
1537 1910 1692 1936 navemus,
1715 1899 1806 1929 alios-

1092 1953 1151 1981 que
1168 1943 1206 1972 ad
1221 1943 1303 1973 idem
1319 1943 1492 1973 faciendum
1507 1943 1714 1973 adhortemur.

1134 2003 1177 2008 —
1193 1988 1245 2018 23.
1265 1985 1320 2016 {wi
1337 1986 1377 2028 τῇ
1395 1985 1550 2026 πςοφάσει]
1576 1987 1616 2016 ob
1635 1985 1805 2016 caussatio-

1093 2039 1172 2065 nem,
1188 2030 1354 2060 verendum
1371 2041 1450 2065 esse,
1460 2041 1496 2059 ne
1511 2029 1627 2068 oppida
1642 2029 1708 2059 haeo
1722 2029 1805 2059 Pho-

1093 2072 1159 2102 cica
1175 2072 1313 2102 sinantur
1327 2075 1357 2103 in
1373 2073 1470 2103 ruinis
1484 2074 1587 2111 jacere
1602 2076 1634 2102 et
1646 2072 1761 2112 perire,
1779 2072 1806 2102 si

1094 2116 1336 2146 Lacedaemoniis
1356 2117 1525 2152 obstemus,
1548 2115 1710 2155 quominus
1734 2115 1806 2145 Me-

1093 2158 1249 2199 galopolin
1266 2159 1395 2198 rapiant.

1135 2219 1178 2223 ——-
1192 2212 1262 2241 pen.
1279 2201 1346 2242 πξός
1360 2201 1463 2242 ἐκεῖνα]
1489 2202 1526 2231 ad
1552 2201 1804 2232 restaurationem

1092 2245 1276 2284 oppidorum
1298 2245 1443 2277 Phocidis
1467 2255 1484 2274 a
1504 2245 1656 2274 Thebanis
1679 2254 1806 2275 everso-

1091 2298 1168 2317 rum.

1134 2348 1177 2354 -
1192 2331 1268 2362 ibid.
1284 2330 1413 2372 τούτους]
1429 2331 1486 2361 hos
1505 2331 1640 2362 Arcadas
1654 2336 1738 2371 puta.

1135 2376 1256 2406 2025.
1279 2374 1396 2416 αὐτοὺς]
1421 2375 1538 2411 addidi,
1565 2375 1648 2415 quod
1669 2375 1742 2405 item
1765 2375 1804 2404 ad

1092 2418 1216 2448 eosdem
1233 2418 1374 2449 Arcadas
1390 2419 1481 2448 redit.

1135 2479 1177 2484 -—
1193 2465 1244 2492 10.
1266 2460 1313 2491 ὡδί
1331 2473 1391 2496 πως
1413 2461 1489 2503 ἐ’χω]
1521 2460 1651 2491 subaudi
1681 2460 1804 2500 γνώμης.

1091 2504 1122 2534 Si
1139 2505 1189 2535 vel
1204 2505 1350 2540 maxime,
1371 2506 1461 2535 fidem
1480 2504 1541 2535 illis
1558 2504 1716 2539 habentes,
1734 2513 1804 2542 per-

1091 2549 1272 2578 suadeamus
1296 2548 1396 2585 nobis,
1414 2548 1548 2578 Arcadas
1570 2552 1632 2577 tam
1654 2545 1805 2585 simplicis

1091 2601 1158 2621 esse
1174 2595 1302 2626 naturae,
1322 2597 1383 2622 tam
1400 2591 1516 2621 fraudis
1532 2600 1648 2624 vacuae,
1664 2594 1756 2628 atque
1770 2599 1804 2619 se

1090 2635 1200 2671 ferunt,
1213 2635 1257 2664 sio
1271 2640 1370 2665 tamen
1386 2634 1529 2669 arbitror,
1541 2633 1662 2672 niaque,
1676 2632 1722 2662 sic
1735 2642 1804 2662 esse

1090 2679 1239 2717 agendum
1257 2679 1357 2714 nobis,
1373 2683 1405 2707 ut
1417 2688 1486 2713 una,
1497 2676 1700 2714 *Arcadasque
1715 2685 1806 2715 roge-

1090 2731 1169 2757 mus,
1181 2726 1212 2750 ut
1226 2722 1332 2751 stelam
1346 2721 1455 2750 tollant
1467 2731 1545 2755 eam,
1557 2729 1617 2759 qua
1631 2719 1806 2758 perscripta

1089 2769 1137 2794 est
1167 2764 1297 2795 formula
1323 2763 1448 2794 foederis
1471 2767 1562 2802 atque
1591 2761 1750 2792 societatis
1772 2762 1806 2791 in

1091 2807 1181 2837 bellis
1197 2808 1235 2838 ab
1258 2807 1338 2847 ipsis
1361 2817 1431 2836 cum
1444 2804 1598 2836 Thebanis
1615 2809 1781 2835 contractae
1794 2815 1804 2842 3

1089 2851 1400 2889 Lacedaemoniosque
1413 2859 1568 2889 rogemus,
1583 2853 1618 2878 ut
1629 2852 1755 2887 pacatos
1771 2858 1804 2878 se

1089 2899 1179 2934 atque
1196 2894 1316 2932 quietos
1334 2899 1437 2922 tenere
1454 2892 1559 2922 velint.

1130 2955 1173 2959 —--
1191 2939 1242 2967 26.
1264 2936 1380 2970 τούτους
1394 2935 1505 2970 αὐτοὺς,
1519 2933 1624 2974 μηδὲν]
1639 2933 1740 2963 malim
1757 2933 1804 2963 sic

1089 2979 1236 3019 distingui
1261 2984 1292 3009 et.
1316 2979 1456 3009 exarari:
1482 2978 1608 3013 τούτους,
1630 2976 1729 3011 αὐτοῖς
1753 2976 1805 3017 [id

1089 3028 1148 3060 est,
1164 3023 1290 3064 ἑαυτοῖς]
1302 3021 1389 3063 μηδὲν
1402 3023 1529 3061 ἡγοῦνται
1540 3018 1805 3062 φοςερόνῂυδωιάἰ
