1931 3323
289 214 372 257 234

286 319 327 350 ad
340 319 468 349 ἀπειπὼν
482 321 514 348 et
528 318 565 349 ad
583 317 716 352 κωλύσας
730 318 894 358 pertinent.
920 321 1004 346 ante-

287 373 379 402 quam
394 363 434 392 de
454 362 587 392 lectione
606 361 778 401 Augustani
793 361 868 391 mihi
881 363 1003 389 consta-

286 411 346 441 ret,
358 404 539 443 suspicabar
549 405 610 445 leg.
627 415 711 434 esse:
729 403 852 434 ἐπειπὼν
862 404 1004 433 κωλῦσαι.

289 459 380 489 quum
397 448 444 478 illi
454 448 577 483 custodi,
592 458 675 488 quem
686 447 906 479 constituissem,
922 446 1005 472 insn-

286 502 342 532 per
361 492 448 521 etium
464 491 554 521 verbis
568 492 767 530 injunxissent,
783 494 817 518 ut
839 486 1006 533 impediret,

288 544 325 563 ne
338 534 410 573 quid
434 534 583 574 lignorum
598 551 641 557 —-—-
660 537 691 560 et
708 531 822 564 nescio,
846 539 883 557 an
909 528 953 557 sic
974 538 1006 556 ln

290 576 377 606 libris
393 577 575 615 quibusdam
590 574 692 605 fuerit.
731 571 916 611 Suspicabar
932 570 1007 599 item

290 619 369 648 duas
383 619 523 648 diversas
537 617 687 646 lectiones
703 614 734 644 iu
756 624 844 644 unam
862 613 1007 642 conflatas

291 672 374 698 esse,
389 661 515 690 alteram
535 661 665 689 ἀπειπὼν
677 659 737 690 τοῖς
758 656 919 692 ὄνηλάταις,
932 656 1007 686 alte-

290 715 355 735 ram
370 702 505 736 κωλύσας
519 703 584 734 τοὺς
598 701 750 734 ὀνηλάτας.

337 748 472 776 1041.3.
496 743 580 775 πλέον
596 743 750 785 δξαχμάς]
775 741 897 771 correxi
925 739 1010 771 πλέον

291 789 306 821 ἢ
323 788 429 818 δώδεκα
442 788 589 829 δραχμάς.
600 787 757 815 merebant
768 794 843 824 ergo
854 784 930 814 asini
948 785 1009 814 sin-

294 832 359 872 guli
378 831 537 861 drachmas
554 830 641 859 binas
657 827 782 857 diarias.

334 892 378 898 -—
393 877 424 905 5.
448 873 496 904 ἒπῖ
519 875 560 903 τὰ
587 870 660 912 ἱερὰ]
691 869 895 910 jurisjurandi
924 879 1009 909 ergo,

291 929 353 958 quo
372 918 498 947 tradens
516 915 605 945 alteri
624 924 679 944 sua
699 915 781 942 bona
802 913 976 948 affirmaret,
993 922 1011 942 a

293 973 327 992 se
358 962 438 990 bona
463 960 493 990 ei
521 958 622 988 omnia
650 957 783 987 fideliter
806 956 896 986 tradi.
922 967 951 986 v.
977 966 1010 995 p.

294 1007 390 1035 1042.
407 1005 438 1033 2.
676 1000 678 1003 ’

336 1064 380 1069 -—
397 1048 426 1075 9.
452 1044 553 1079 πάσας
578 1045 635 1077 τὰς
665 1040 812 1082 ἀληθείας]
843 1042 1010 1072 Lambinus

294 1090 361 1121 vult
376 1087 481 1122 wlco-nc
493 1089 543 1121 τῆς
556 1085 705 1121 ἀληθείας.
751 1087 811 1116 Sed
825 1086 903 1115 bene
920 1085 1011 1115 habet

292 1133 428 1172 vulgata.
454 1130 545 1160 etiam
572 1130 646 1159 alibi
666 1129 892 1158 Demosthenes
908 1129 1012 1168 plura·

293 1176 353 1205 lem
367 1175 457 1213 hujus
474 1173 618 1204 vocabuli
632 1171 749 1203 ἀλήθεια
765 1176 902 1210 usurpat.

338 1235 382 1240 -—
398 1219 450 1248 13.
476 1215 638 1257 δεδωκότος]
657 1216 724 1246 scil.
741 1214 866 1254 ἐξουσίαν
882 1215 932 1245 τοῦ
949 1225 1012 1244 ποι-

296 1261 333 1290 εῖν
348 1261 445 1291 τοῦτο.

337 1306 433 1335 —16.
446 1303 639 1344 ἀφαιροῦντος]
653 1301 833 1332 subauditur
842 1301 923 1337 τινός.
933 1302 1016 1342 quasi

296 1348 360 1387 quis
391 1347 454 1376 alia
473 1347 610 1386 quapiam
636 1346 670 1375 cle
701 1355 792 1375 causa
821 1345 909 1384 signa
938 1345 1016 1374 ostiis

296 1389 477 1425 detraheret,
502 1400 589 1429 quam
624 1389 788 1427 aperiendi.
817 1388 915 1425 possit
940 1398 1014 1426 quo-

296 1444 355 1471 que
382 1433 443 1471 legi
470 1431 670 1472 ἀφαιξούντων,
696 1431 765 1460 scil.
783 1432 838 1460 τῶν
854 1430 1017 1471 ἀνθρώπων.

296 1476 359 1505 Sed
376 1476 449 1505 dedi
465 1476 504 1504 de
521 1485 588 1505 meo
605 1475 633 1503 in
654 1485 758 1503 accus.
769 1474 850 1512 plur.
867 1474 1017 1514 ἀφαιροῦν-

297 1529 365 1553 τας,
382 1517 514 1548 subaudi
531 1516 698 1558 ἀνθςώπους.
723 1517 775 1555 qui
802 1520 850 1545 est
865 1516 1015 1547 accusati-

297 1572 354 1591 vus
388 1561 556 1591 absolutus.
598 1560 684 1600 quasi
715 1559 853 1590 homines
884 1560 1018 1590 solerent

298 1604 385 1643 signa
402 1604 574 1633 detrahere.

340 1664 384 1669 -—-
400 1649 453 1678 19.
471 1646 606 1685 ὠφείλετο
622 1644 669 1675 ἐπὶ
692 1645 732 1685 τῇ
747 1643 896 1685 ἐσχατιᾷ]
913 1645 953 1673 ob
969 1654 1017 1672 se-

297 1699 395 1728 quens
411 1690 453 1719 νῧν
467 1688 570 1717 malim
594 1687 661 1716 τότε
688 1687 772 1722 addi,
802 1686 863 1716 sio:
884 1684 1018 1726 ὠφείλετο

299 1732 367 1762 τότε
389 1731 456 1770 [vel
471 1729 551 1771 τότ’]
569 1729 617 1760 ἐπὶ
633 1729 672 1770 τῇ
687 1728 759 1769 ἔσχ.

345 1778 438 1806 10402.
461 1776 492 1804 2.
516 1770 695 1813 ἀποφαίνειν]
719 1771 821 1801 malim
848 1770 880 1800 in
913 1771 1017 1800 futuro

297 1818 461 1856 ἀποφανεῖν.
477 1816 560 1846 Citat
574 1816 604 1845 h.
628 1815 648 1845 l.
667 1816 822 1854 Harpocr.
846 1824 877 1844 v.
901 1812 1017 1852 ἀπόφα-

297 1872 353 1895 crac.

340 1920 384 1925 —-
400 1903 430 1933 5.
447 1900 583 1943 Κςιωὲως]
608 1901 691 1931 Citat
716 1901 747 1931 h.
772 1901 794 1931 l.
810 1900 968 1939 Harpoer.
984 1909 1018 1929 v.

299 1945 425 1987 Κριωεύς.

342 2006 385 2011 —-
397 1991 428 2019 6.
451 1986 500 2017 καὶ
516 1985 674 2028 Τερεντίου]
702 1988 873 2017 Romanum
889 1986 948 2016 hoe
965 1995 1018 2015 no-

299 2042 369 2062 men
388 2038 446 2066 est,
462 2041 525 2060 non
540 2031 690 2060 Atticum.
706 2039 799 2069 quare
826 2029 949 2059 correxi
970 2028 1019 2059 καὶ

301 2073 400 2114 ὲτὲςων
410 2076 501 2104 τινῶν.

344 2135 387 2139 -
403 2119 455 2147 10.
479 2118 519 2146 τὰ
534 2116 719 2157 πράγματα]
746 2116 827 2146 haud
852 2115 933 2145 enim
959 2114 1020 2145 sibi

300 2160 396 2189 latere
413 2169 496 2189 meas
512 2169 563 2189 res
581 2169 618 2189 eo
632 2170 701 2190 esse
714 2160 744 2189 in
755 2160 837 2196 loco,
854 2159 1020 2198 utlongam

302 2213 418 2232 moram
434 2213 494 2231 non
509 2203 617 2232 ferant.

345 2264 389 2268 —
405 2247 456 2275 12.
472 2243 617 2286 ἐπείσθην]
644 2245 779 2275 cohaeret
794 2255 863 2275 cum
881 2244 1020 2283 ὁμολογῆ-

301 2300 353 2320 σαι
367 2300 398 2319 v.
415 2290 467 2319 15.
479 2288 614 2327 patiebar
628 2288 701 2317 mihi
707 2288 890 2326 persuaderi,
902 2292 937 2316 ut
948 2298 1018 2326 pro-

291 2333 402 2371 fiterer
415 2341 461 2362 me
481 2331 539 2367 illi,
560 2331 728 2370 Phaeraippo,
743 2332 862 2371 roganti
882 2330 932 2360 hoc
948 2331 1020 2359 dare

301 2380 390 2414 atque
401 2374 568 2415 indulgere,
579 2380 614 2404 ut
629 2383 796 2414 congressus
807 2374 854 2403 hic
868 2383 955 2413 super
969 2374 1019 2403 de—

301 2418 407 2446 cisione
421 2419 647 2447 consticueretur
660 2416 692 2446 in
708 2417 793 2446 diem
814 2416 1020 2447 Boedromio-

301 2459 349 2489 nis
363 2460 506 2490 exeuntis
521 2465 676 2490 octavum.

346 2505 440 2533 1043.
457 2505 508 2534 13.
530 2501 655 2544 Βιβλίον]
673 2508 745 2543 post
767 2502 878 2536 Βιβλίαν
897 2502 1021 2534 videtur

303 2545 607 2585 κατασεσημασμένον
620 2547 740 2577 deesse.

346 2588 476 2617 —ibid.
502 2588 573 2619 οὐδὲν
589 2587 658 2618 ἀλλ’
673 2588 687 2619 ἢ
703 2587 882 2629 ξουλὸμενος]
909 2588 941 2619 id
963 2593 1021 2624 est,

303 2629 330 2658 δῖ
348 2628 422 2658 οῦδὲν
437 2628 520 2664 ἄλλο,
534 2631 549 2662 ἢ
567 2632 613 2661 διὰ
629 2630 661 2661 τὸ
673 2631 846 2664 βούλεσθαι.
870 2632 920 2662 vel
949 2631 1022 2662 οὐδὲν

304 2670 402 2701 ἄλλ’ῗι
425 2672 603 2710 aequipollet
627 2676 778 2704 vocabulo
801 2675 892 2713 μόνον.
915 2676 1022 2705 solum-

304 2714 387 2744 modo
398 2714 503 2744 volens.
517 2714 609 2743 lectio
622 2718 753 2755 August,
779 2717 852 2749 οὐδὲν
867 2717 941 2748 ἄλλο
956 2718 1021 2751 βου-

306 2756 433 2796 λὸμενος,
449 2756 463 2787 ἢ
478 2757 574 2790 δοκεῖν,
590 2757 711 2794 planior
738 2764 786 2787 est
810 2760 864 2789 illa
885 2760 1022 2799 quidem,

306 2804 518 2830 verumtamen
566 2799 648 2838 sapit
687 2802 930 2838 grammaticum,
970 2810 1024 2834 aut

307 2843 516 2873 scholiastam.

348 2903 392 2908 -—
408 2888 459 2917 15.
474 2884 500 2914 ἒν
511 2884 605 2925 αὖτᾷί]
620 2884 820 2924 Augustanus
836 2886 889 2915 dat
903 2885 929 2916 ἐν
940 2887 1025 2929 αὐτῇ.

306 2932 412 2967 potest
445 2933 610 2967 utrumque
641 2938 746 2957 verum
777 2938 858 2962 esse,
889 2934 920 2959 et
946 2930 1027 2970 αὐτῷ’

307 2972 344 3000 ad
370 2970 490 3009 βιβλίον,
511 2971 586 3013 αὐτῇ
606 2975 706 3002 autem
729 2971 768 3001 ad
791 2970 952 3011 ἀπόφανσις
978 2983 1024 3003 re-

305 3014 389 3045 terri.

675 212 709 253 1.
733 212 767 254 1.
790 209 1015 255 RulsKE
1047 191 1374 261 ᾸΝΝΟΤΑΤΑ

1082 334 1124 339 —-
1141 318 1193 346 91.
1210 316 1256 347 καὶ
1274 318 1322 348 τῆν
1338 315 1477 358 ἡμετέραν
1492 315 1597 347 ταύτην
1612 319 1661 348 ‘rint
1672 316 1713 351 εἷς
1725 315 1760 347 τό

1039 358 1228 400 δικαστήςιον]
1245 371 1301 399 pro
1315 360 1405 389 tertia
1422 370 1499 390 voce
1515 360 1567 389 dat
1583 360 1665 398 Aug.
1689 361 1763 398 ὑμε·

1039 400 1133 441 τὲραν,
1156 407 1252 437 recte,
1267 403 1297 431 ni
1318 403 1417 438 fallor,
1435 406 1465 432 et
1481 403 1526 432 sio
1541 402 1672 432 correxi.
1697 402 1759 431 Sed

1040 448 1103 473 tum
1120 444 1209 473 deest
1224 443 1341 474 σύνοδον.
1356 450 1384 473 et
1406 445 1484 475 hunc
1499 450 1625 475 vestrum
1648 444 1688 474 ad
1705 445 1760 474 tri-

1041 485 1134 515 bunal
1146 496 1341 525 congressum,
1357 486 1408 515 vel
1424 492 1606 516 conventum.
1701 507 1704 510 ·

1084 544 1128 549 —
1141 537 1213 566 pen.
1231 529 1409 569 ἀπογραφὴν]
1429 529 1510 558 Citat
1528 529 1588 558 h.1.
1601 528 1759 567 Harpocr.

1043 581 1072 599 v.
1090 569 1250 608 ἀπόφασις.
1265 571 1320 601 ubi
1334 572 1386 606 ait,
1406 572 1571 612 ἀπογςαφῆν
1595 571 1676 601 idem
1694 582 1762 602 esse

1042 619 1133 652 atque
1149 613 1306 653 ἀπόφασιν.

1086 658 1182 686 1044.
1199 659 1250 687 18.
1266 656 1372 696 Νόμος]
1398 657 1519 687 titulum
1534 655 1626 696 Νόμος
1642 657 1759 693 delevi,

1044 703 1075 728 et
1100 699 1291 738 insequentia
1315 710 1384 730 cum
1407 700 1577 739 praemissis
1606 700 1763 739 copulavi.

1043 753 1123 772 nunc
1139 743 1220 772 enim
1235 743 1286 773 lex
1303 743 1371 783 ipsa
1387 744 1522 773 nondum
1532 742 1693 778 recitatur,
1707 743 1761 772 sed

1044 785 1103 814 hoe
1116 785 1149 814 fit
1158 785 1280 816 demum
1298 797 1330 826 p.
1348 788 1444 817 1046.
1468 789 1498 816 6.
1521 786 1636 815 interea
1652 786 1763 825 praesa-

1043 831 1105 862 tur,
1122 828 1173 857 vel
1187 828 1348 859 interfatur
1363 834 1448 859 actor
1463 829 1600 869 quaedam
1610 828 1696 859 dictu
1709 839 1762 858 ne-

1045 880 1190 900 «tessaria.

1088 915 1185 944 —19.
1202 912 1340 956 ἐπίσχες]
1359 915 1425 945 scil.
1440 914 1557 951 σαυτὸν,
1585 920 1625 950 te,
1641 915 1692 944 vel
1715 916 1764 945 τὴν

1045 956 1199 994 ἀνάγνωσιν
1213 958 1263 986 τοῦ
1279 957 1372 997 νόμου,
1385 959 1584 988 recitationem
1604 957 1673 998 legis
1687 968 1763 996 pau-

1047 1000 1132 1038 lisper
1146 999 1253 1035 inhibe,
1268 1002 1418 1040 suspende.

1088 1059 1132 1064 —
1151 1045 1203 1073 20.
1214 1044 1487 1084 πξοσεκαλεσάμην]
1504 1042 1626 1073 correxi
1640 1052 1762 1082 προεκα-

1046 1086 1189 1125 λεσάμην.
1202 1086 1297 1117 detuli
1311 1088 1365 1126 ipsi
1384 1088 1571 1126 sponsionem,
1593 1086 1658 1116 scil.
1687 1096 1766 1121 eam,

1047 1139 1120 1167 quae
1132 1129 1233 1158 statim
1251 1130 1435 1165 declaratur,
1459 1133 1492 1159 et
1514 1129 1608 1168 paulo
1632 1132 1703 1167 post
1730 1139 1763 1168 p.

1048 1173 1144 1203 1046.
1161 1174 1192 1202 3.
1206 1182 1330 1211 quoque
1348 1177 1613 1202 commemoratur.

1091 1232 1134 1237 —-
1149 1217 1201 1245 21.
1226 1215 1341 1256 δωρεὰν]
1365 1216 1458 1251 ultro,
1473 1219 1570 1254 sponte
1584 1224 1658 1249 mea,
1681 1214 1766 1243 nulla

1048 1258 1117 1297 lege
1132 1264 1273 1296 cogente.

1093 1302 1189 1332 1045.
1210 1303 1241 1331 3.
1265 1302 1321 1335 τὰς
1347 1300 1457 1343 κριθὰς]
1483 1299 1670 1330 medimnum
1702 1300 1765 1329 fru-

1049 1343 1157 1374 menti.

1092 1404 1135 1410 —
1158 1389 1189 1417 4.
1205 1386 1252 1416 τὸν
1266 1386 1345 1429 οῖνον]
1371 1391 1529 1417 metretam
1553 1386 1630 1416 vini.
1674 1385 1767 1415 Phae-

1050 1430 1145 1469 nippo
1160 1430 1263 1470 itaque
1279 1431 1303 1460 si
1320 1441 1414 1461 annus
1436 1430 1576 1461 eveniret
1590 1439 1720 1469 prosper
1735 1434 1768 1458 et

1049 1473 1149 1507 ferax,
1166 1474 1288 1503 fuerunt
1303 1474 1394 1503 annui
1412 1473 1542 1510 reditus,
1569 1472 1598 1502 in
1615 1473 1767 1502 frumento

1050 1516 1175 1555 quidem
1204 1519 1290 1547 1800
1326 1517 1463 1547 drachm.
1493 1516 1523 1546 in
1562 1515 1635 1546 vino
1667 1520 1771 1544 autem

1051 1561 1146 1590 9600.
1172 1560 1230 1590 hoe
1254 1563 1302 1590 est
1329 1565 1459 1599 quatuor
1485 1559 1612 1594 talenta,
1634 1568 1701 1588 cum
1725 1559 1768 1588 36

1050 1602 1153 1632 minis.
1169 1603 1248 1632 adde
1266 1603 1400 1634 reditum
1417 1614 1434 1633 e
1455 1602 1547 1642 lignis
1560 1602 1617 1643 (12
1633 1601 1769 1631 draehm.

1052 1644 1083 1674 in
1099 1645 1195 1682 diem,
1215 1646 1247 1676 h.
1264 1656 1291 1675 e.
1308 1651 1379 1686 post
1402 1645 1642 1676 detractosdies
1657 1645 1768 1678 festos,

1051 1687 1163 1726 quibus
1178 1693 1341 1727 exportare
1357 1693 1389 1718 et
1404 1689 1538 1718 vendere
1557 1687 1640 1727 ligna
1655 1696 1714 1716 non
1729 1685 1768 1715 li-

1051 1729 1159 1769 cebat)
1171 1731 1265 1760 ferme
1282 1733 1368 1760 4000
1384 1731 1555 1766 drachmas,
1573 1741 1627 1760 seu
1643 1732 1696 1760 40.
1712 1729 1768 1759 mi-

1051 1781 1116 1801 nas.
1134 1771 1278 1801 universe
1293 1775 1313 1801 5
1330 1773 1456 1808 talenta,
1474 1775 1514 1802 16
1530 1773 1640 1802 minas.

1095 1831 1138 1836 »-
1153 1816 1204 1844 16.
1230 1814 1374 1854 τουτοισὶ]
1401 1815 1448 1843 his
1470 1814 1631 1851 judicibus
1656 1819 1686 1844 et
1708 1814 1767 1844 cir-

1052 1857 1214 1886 cumstanti
1243 1856 1433 1887 multitudini
1465 1856 1579 1886 civium
1605 1857 1770 1887 Athenien-

1052 1900 1143 1930 sium.
1216 1906 1219 1908 '

1095 1960 1139 1965 -—
1153 1942 1231 1972 ibid.
1253 1941 1424 1985 πεποίηκας]
1449 1944 1517 1974 scil.
1537 1942 1663 1986 χξηστόν
1676 1953 1708 1972 τι
1721 1942 1772 1972 καῖ

1054 1984 1223 2027 πςοσφιλές.

1096 2047 1140 2053 -
1154 2033 1207 2060 QO.
1222 2029 1358 2071 πατέςες]
1387 2034 1473 2061 erant
1498 2030 1578 2060 enim
1596 2028 1769 2070 Phaenippo

1053 2074 1116 2104 duo
1132 2077 1250 2112 patres,
1266 2084 1368 2109 verus,
1381 2078 1414 2104 et
1429 2074 1608 2113 adoptivus.

1099 2118 1193 2147 1046.
1206 2118 1237 2147 3.
1252 2117 1301 2147 τὴν
1316 2115 1483 2157 πςόκλησιν]
1501 2127 1531 2147 v.
1547 2128 1576 2156 p.
1594 2117 1690 2146 1044.
1704 2118 1760 2146 20.

1096 2177 1140 2183 -—-
1157 2162 1208 2190 1⁰2.
1225 2158 1283 2189 ἀπὸ
1298 2161 1354 2189 τῶν
1369 2159 1481 2200 ἵππων]
1505 2159 1615 2189 alludit
1638 2158 1678 2188 ad
1699 2168 1773 2197 pro-

1053 2203 1208 2239 verbium,
1231 2212 1265 2232 ex
1284 2212 1356 2242 equo
1379 2204 1412 2232 in
1436 2204 1551 2232 asinum
1574 2202 1704 2232 transiit.
1725 2201 1772 2230 fa-

1053 2251 1121 2276 cete
1137 2249 1168 2274 et
1182 2245 1259 2275 false
1274 2245 1356 2276 ridet
1368 2245 1573 2285 Phaenippum
1586 2245 1625 2274 de
1641 2244 1772 2275 mollitie

1054 2294 1086 2320 et
1097 2288 1231 2327 ignavia.
1572 2301 1575 2303 Α

1098 2349 1142 2354 ·-
1158 2334 1209 2363 23.
1221 2330 1396 2372 ἀπολαύειν]
1405 2330 1531 2361 correxi
1541 2329 1704 2360 ἀπολλύειν.
1722 2330 1774 2369 qui

1054 2375 1110 2404 sibi
1125 2375 1266 2404 videntur
1281 2376 1427 2411 amittere,
1449 2373 1570 2413 perdere
1577 2385 1590 2412 ς
1613 2375 1637 2404 si
1651 2373 1723 2414 quid
1740 2374 1774 2402 in

1053 2427 1145 2456 remp.
1160 2423 1290 2458 erogent.

1098 2477 1142 2483 —-
1158 2462 1210 2491 25.
1226 2458 1400 2502 μαρτυξίαν]
1422 2461 1460 2490 de
1482 2459 1587 2499 lepida
1604 2458 1772 2499 Phaenippi

1056 2502 1242 2544 ἴπποτροφία.
1345 2534 1364 2544 ,

1099 2563 1143 2570 --
1157 2549 1211 2578 27.
1225 2546 1258 2577 ἔα
1274 2547 1388 2588 ταῦτα]
1406 2546 1584 2586 interpellat
1595 2548 1681 2575 actor
1696 2544 1773 2574 sori-

1057 2591 1126 2620 bam
1147 2590 1327 2620 recitantem
1349 2589 1513 2628 Phaenippi
1530 2588 1706 2628 ἀπογραφὴν,
1722 2587 1773 2617 vel

1057 2631 1227 2671 ἀπόφανσιν,
1249 2637 1281 2663 et
1302 2630 1393 2671 jubet
1412 2631 1573 2662 nonnullos
1598 2632 1664 2670 ejus
1688 2630 1775 2660 locos

1057 2675 1264 2716 praetermitti.
1605 2690 1608 2691 ⁷
1716 2687 1718 2689 ’

1103 2721 1197 2749 1047.
1215 2721 1246 2749 3.
1262 2716 1329 2755 λέγε
1344 2716 1466 2747 ἐντεῦθεν
1475 2717 1498 2744 εἷ
1513 2715 1569 2745 ἐπι-ἲ
1582 2714 1691 2748 τούτοις
1704 2715 1775 2744 τάδε

1058 2760 1178 2801 ὀφείλω]
1195 2761 1326 2791 distinxi
1345 2764 1377 2789 et
1392 2758 1513 2788 correxi
1529 2758 1588 2787 sic:
1600 2756 1671 2787 ἀλλ’
1685 2756 1775 2787 ἔντευ-

1059 2803 1111 2834 θενί
1127 2804 1210 2845 [seil.
1219 2804 1308 2844 ἄρχου
1320 2801 1543 2841 ἀναγινώσκειν]
1556 2800 1603 2829 sed
1616 2800 1651 2829 ab
1660 2800 1719 2830 illis
1728 2801 1776 2830 ’ἰη-

1058 2847 1130 2877 dicis
1146 2847 1237 2877 verbis
1250 2846 1346 2884 incipe
1361 2849 1406 2879 tu,
1428 2843 1534 2878 scriba,
1558 2843 1693 2877 recitare,
1709 2853 1773 2883 quo:

1059 2890 1101 2919 sic
1116 2895 1235 2919 sonant:
1251 2893 1310 2917 ErII
1322 2891 1487 2916 ΤΟΎΊῸΙΣ
1503 2891 1604 2915 ΤΑΔΕ
1622 2891 1774 2916 ΟΦΕΙΛΩ.

1062 2941 1174 2963 ευΡΕη
1202 2940 1260 2961 ms
1284 2939 1471 2960 cnu‘rmus
1500 2938 1578 2959 MEAE
1604 2939 1773 2959 sunsrnu—

1061 2984 1125 3006 11AE
1155 2983 1278 3007 nmmo,
1295 2982 1352 3011 ego
1366 2971 1564 3012 Phaenippus,
1578 2982 1662 3003 nAEc.

1103 3034 1146 3041 --
1161 3019 1192 3049 8.
1219 3014 1249 3051 ἧς
1263 3015 1284 3045 οἳ
1312 3014 1387 3055 νόμοι
1414 3014 1497 3055 κύςιον
1518 3015 1618 3046 τοῦτον
1649 3014 1776 3055 ποιοῦσι]
