1931 3323
336 198 415 240 190

326 304 411 337 nius-c.
445 302 673 332 circumflexum
707 303 784 332 enim
816 304 844 333 in
876 305 1041 344 penultima

324 346 474 376 editiones
490 345 579 384 hujus
598 345 702 375 chici
718 347 874 376 exhibent.

367 407 408 412 --
422 390 473 419 24.
483 387 601 429 μυρίας]
619 389 835 425 Lalamantius‚
853 394 930 419 teste
943 389 1040 419 Wolf.

325 432 538 471 suspicabatur
552 432 614 472 leg.
638 443 706 462 esse
725 432 835 473 χιλίας.
879 433 940 463 Sed
963 433 1039 463 bene

324 475 415 505 habet
445 474 579 514 vulgata.
624 475 682 505 Cui
714 476 864 506 credibile
896 476 948 511 sit,
978 481 1038 505 tam

322 518 479 557 copiosam
492 517 728 558 supellectilem,
739 524 867 554 vestem,
880 518 1038 555 mundum,

323 571 395 591 vasa
405 561 596 596 tricliniaria,
606 562 717 591 domus
731 562 962 602 perlocupletis‚
977 572 1035 592 non

320 604 416 634 fnisse
439 604 574 644 majoriS,
597 614 685 643 quam
711 610 799 634 sexta
821 605 926 634 talenti
948 609 1036 644 parte

320 648 478 678 aestimata.
522 647 594 678 Sola
610 648 707 677 vestis
728 648 879 683 mulieris,
901 649 952 678 cui
973 649 1034 678 sor-

320 696 400 721 tunae
416 700 562 730 perquam
577 691 706 720 modicae
727 696 840 727 essent,
855 692 961 721 decem
978 691 1035 721 mi-

321 735 380 771 nis,
395 744 448 764 seu
465 734 548 764 mille
564 733 909 768 drachmis,aestimatur
921 735 950 763 in
967 745 1034 764 ora-

316 779 402 807 tione
432 778 461 807 in
491 777 646 815 Spudiam.
704 777 863 806 Praeterea
895 777 921 806 si
949 778 1033 808 mille

318 821 478 851 drachmas
490 831 546 860 pro
562 819 667 849 decies
683 819 778 855 mille,
795 830 850 849 seu
865 821 962 850 minas
978 821 1032 850 de-

317 875 394 900 cem,
419 875 475 904 pro
491 867 611 893 centum
629 862 730 897 minis,
755 872 897 901 ponereS,
918 873 1034 893 summa

316 907 491 946 quindecim
524 906 707 936 talentorum
743 915 802 935 non
831 907 1033 942 coalesceret,

315 961 444 990 quorum
462 959 586 979 censum
607 949 832 979 Demosthenes
850 949 892 979 ait
912 950 970 980 tria
989 956 1033 980 ta-

317 994 398 1023 lenta
414 992 611 1033 dependisse,
624 1002 678 1021 seu
693 991 828 1031 quintam
844 992 938 1022 totius
952 1003 1032 1023 sum-

314 1047 372 1066 mae
394 1042 523 1076 partem.
567 1036 721 1066 Ponamus
743 1045 878 1065 summas
894 1035 1031 1076 singulas

314 1085 345 1110 et
361 1084 585 1119 computemus.
887 1078 892 1082 '

315 1127 335 1153 4
350 1123 474 1158 talenta,
509 1124 550 1153 50
589 1120 677 1150 minae
711 1119 832 1162 ἀρχαίου
864 1120 1031 1162 κεφαλαίου.

550 1164 599 1205 (ν.
619 1163 686 1204 15.)

505 1210 548 1240 50
564 1207 652 1238 minae
668 1207 759 1237 annui
773 1207 902 1237 reditus.
945 1207 1029 1238 Ihid.

505 1255 547 1284 20
563 1251 651 1281 minae
664 1253 751 1286 ebur,
765 1252 890 1287 ferrum,
906 1251 986 1291 ligna
998 1251 1028 1281 in

547 1295 658 1325 lectos.

314 1257 330 1283 1
350 1253 453 1282 talent.

506 1341 548 1368 10
562 1338 654 1367 minae
669 1337 749 1376 galla
765 1342 794 1367 et
811 1348 864 1368 aes.

502 1384 545 1413 30
561 1380 649 1411 minae
667 1381 787 1410 domus.

503 1428 546 1455 40
562 1425 650 1454 minae
675 1424 817 1462 supellex
844 1423 1026 1459 domestica,

547 1479 630 1503 vasa,
659 1467 765 1502 vestis,
798 1467 930 1497 mundus
960 1478 1024 1497 mn-

547 1510 665 1540 liebris.

503 1557 544 1586 ΞΟ
559 1555 648 1584 minae
662 1553 782 1592 argenti
794 1552 966 1592 praesentis.

503 1600 543 1628 10
561 1597 649 1627 minae
669 1596 787 1636 argenti
813 1597 928 1627 foenore
951 1607 1024 1627 nau-

544 1641 607 1671 tico
623 1639 746 1670 crediti.

502 1685 544 1715 24
559 1683 648 1713 minae
663 1682 694 1712 in
711 1693 816 1712 mensa
834 1682 990 1713 Pasionis.
1005 1717 1007 1720 Α

522 1729 543 1757 6
558 1727 646 1757 minae
659 1726 690 1756 in
705 1736 810 1755 mensa
829 1726 967 1765 Pyladis.

314 1343 329 1369 1
349 1339 455 1370 taient.

311 1431 326 1456 1
346 1426 452 1456 talent.

309 1559 324 1585 1
344 1555 451 1585 talent.

311 1603 325 1628 1
345 1599 449 1629 talent.

502 1772 542 1801 16
560 1771 649 1800 minae
665 1769 747 1809 apud
762 1769 984 1799 Demomelem.

307 1817 324 1843 1
344 1814 492 1844 talentum
515 1814 679 1843 conflatum
702 1823 719 1842 e
743 1812 870 1842 summis
896 1812 1022 1843 minutis

540 1855 674 1887 diversis
689 1860 795 1885 mutuo
806 1855 897 1886 datis.

303 1901 428 1930 Summa
444 1900 567 1930 conficit
584 1902 623 1930 14
637 1899 749 1929 talenta
764 1909 833 1928 cum
859 1900 901 1929 36
917 1898 1019 1929 minis.

304 1944 418 1983 Ecquis
442 1945 550 1982 probet
574 1942 717 1982 denique,
734 1943 830 1972 solam
854 1942 966 1981 gallam
989 1947 1020 1973 et

303 1998 346 2016 aes
363 1991 481 2027 septem
491 1987 702 2017 drachmarum
714 1985 851 2016 millibus
861 1985 1019 2021 aestimari,

302 2035 414 2061 tantam
439 2031 560 2070 copiam
579 2030 684 2065 vestis,
709 2029 922 2068 supellectilis,
947 2039 1019 2059 vasa

301 2078 347 2104 tot
369 2075 461 2104 aurea
483 2079 514 2103 et
536 2077 691 2113 argentea,
714 2074 861 2102 mundum
885 2072 1018 2112 deniqne

299 2120 447 2148 matronae
462 2117 582 2154 divitis,
597 2127 654 2146 non
671 2116 729 2146 nisi
746 2115 829 2145 mille
842 2115 1017 2146 drachmis?

300 2160 455 2191 Abhorret
472 2161 540 2190 hoc.
572 2162 645 2200 Ipse
659 2160 883 2190 Demosthenes
899 2170 930 2198 p.
942 2162 1018 2190 817.

300 2205 353 2234 23.
370 2214 443 2234 vasa
455 2208 598 2242 argentea
615 2203 682 2232 sola
697 2213 765 2232 cum
781 2203 894 2232 mundo
911 2203 1017 2233 matris

299 2246 430 2277 aestimat
445 2249 532 2278 5000
547 2246 714 2276 drachmis.
726 2256 801 2284 ergo
817 2245 935 2284 reliqua
949 2251 1018 2276 tan-

297 2290 392 2320 tidem
406 2291 502 2321 fuisse
517 2291 616 2320 minus
631 2288 813 2319 credemus?

340 2351 384 2357 -
400 2336 453 2366 26.
478 2332 597 2373 ἔκδοσιν]
622 2332 706 2363 Citat
726 2332 756 2362 b.
771 2332 792 2362 l.
813 2331 969 2371 Harpoor.
985 2343 1015 2362 v.

297 2375 414 2411 ἔκδοσις.

341 2423 416 2450 817.
432 2423 462 2451 2.
489 2417 719 2461 διακεχρημένον]
745 2418 830 2449 Gitat
845 2419 875 2448 h.
891 2418 912 2448 l.
932 2420 1014 2449 Har·
1031 2445 1033 2447 ,

296 2468 414 2502 pocrat.
433 2474 462 2492 v.
479 2462 702 2505 διακεχρημένον.

339 2525 382 2529 -—
396 2509 426 2537 3.
451 2505 525 2536 ὀκτὼ
540 2506 691 2547 τάλαντα]
717 2512 786 2534 octo
810 2504 923 2534 talenta
944 2514 1012 2534 cum

296 2549 434 2580 dimidio.
462 2551 598 2580 calculus
624 2560 684 2580 non
719 2549 797 2578 bene
828 2547 1012 2577 subductus.

295 2593 439 2623 Contiunt
464 2593 542 2623 enim
565 2603 581 2622 e
604 2591 816 2632 superioribus
844 2591 968 2620 summis
993 2593 1012 2620 8

295 2636 408 2666 talenta
429 2641 460 2666 et
482 2636 523 2666 56
546 2637 646 2672 minae,
662 2636 691 2665 h.
709 2645 737 2664 e.
752 2643 862 2664 novem
886 2634 1011 2669 talenta,

294 2679 394 2709 minus
410 2684 540 2718 quatuor
556 2679 657 2714 minis,
673 2677 785 2708 demtis
806 2677 874 2706 scil.
889 2677 1011 2707 duobus

293 2723 443 2758 articulis,
460 2723 511 2761 qui
527 2721 619 2762 primi
631 2721 739 2751 suntin
750 2720 854 2750 tabula
871 2720 1011 2760 superius

294 2767 404 2804 posita.
421 2776 534 2806 ergone
555 2775 613 2805 pro
629 2765 780 2805 τριάκοντα
802 2763 862 2802 leg.
885 2769 933 2793 est
949 2774 1010 2793 πεν-

292 2809 434 2841 τήκονταὲ

335 2871 379 2876 -—
393 2857 424 2884 4.
439 2850 632 2892 συμπάντων]
654 2849 783 2880 subaudi
799 2847 831 2878 τὸ
847 2849 1009 2888 κεφάλαιον,

293 2907 309 2926 e
325 2896 504 2936 praemissis.

335 2958 379 2962 —-
397 2942 447 2971 14.
473 2938 521 2968 καὶ
546 2937 601 2976 ἐγὼ
623 2935 700 2977 οῖδα]
728 2936 928 2974 Augustanus
957 2936 1011 2966 dat

290 2983 339 3012 καὶ
361 2981 529 3022 ἔγωγόῖδα.
553 2981 661 3011 molius
682 2978 859 3010 conveniret
883 2979 931 3009 καὶ
955 2977 1010 3017 ἐγὼ

290 3025 314 3055 δ’
328 3025 401 3057 οῖδα.
411 3026 484 3058 dedi
498 3030 600 3056 tamen
616 3023 705 3059 illud,
716 3022 786 3064 quia
802 3023 920 3053 codicis
939 3023 1008 3053 boni

721 196 754 237 1.
779 196 812 238 Ι.
837 196 1059 239 REISKE
1090 196 1422 239 ANNOTATA

1077 303 1257 332 auctoritate
1275 304 1393 334 nititur.
1794 340 1798 345 Ι

1118 362 1160 367 -
1178 350 1228 377 18.
1250 346 1298 375 καὶ
1323 347 1384 386 περὶ
1408 348 1460 376 τῶν
1486 345 1597 387 ἄλλων]
1621 347 1750 378 subaudi
1774 359 1792 379 a

1074 389 1226 418 communi
1257 387 1395 428 ἐπιδείξω.
1440 390 1500 419 Sed
1528 401 1565 419 an
1594 389 1684 420 etiam
1713 392 1790 421 bene

1075 432 1184 461 Graece
1211 432 1327 461 dicitur
1348 431 1526 463 ἐπιδεικνύναι
1553 432 1615 473 περί
1637 435 1727 468 τινος.)
1752 444 1788 464 an

1073 475 1160 504 deest
1174 475 1279 514 potius
1293 473 1433 515 διέξειμι.)
1458 475 1583 505 videtur
1597 477 1654 506 hoc
1676 478 1789 516 proba-

1072 517 1178 547 bilius.
1195 517 1257 547 nisi
1274 519 1415 548 volumus
1431 517 1596 558 ποιήσομαι
1612 520 1677 554 τοὺς
1691 519 1790 559 λόγους

1071 571 1087 589 e
1105 571 1136 590 v.
1154 563 1205 592 15.
1223 565 1374 600 repetere,
1392 561 1447 592 sed
1461 562 1520 591 hoc
1536 561 1726 600 longiuscule
1741 574 1788 593 ar-

1071 603 1229 634 cessitum.

1113 649 1187 678 318.
1200 649 1251 678 19.
1268 645 1458 688 ἀπογράψας]
1475 647 1568 686 paulo
1585 652 1653 677 ante
1668 659 1698 688 p.
1711 650 1786 679 817.

1067 700 1138 728 pen.
1155 689 1350 730 ἀπεγράψατο
1372 691 1502 720 dixerat.
1519 700 1576 730 ego
1593 700 1666 721 vero
1682 690 1725 720 nil
1740 691 1787 721 in-

1068 734 1186 763 teresse
1209 734 1238 763 h.
1255 734 1275 763 l.
1293 734 1416 773 quidem
1440 733 1596 764 existimo.
1619 744 1649 763 v.
1664 744 1696 774 p.
1710 736 1784 766 828.

1111 820 1185 849 819.
1203 821 1233 849 2.
1247 817 1280 848 τό
1295 818 1428 862 ἀρχαῖον]
1450 820 1585 859 appellat
1601 819 1704 850 dotem
1721 831 1785 851 ma-

1067 860 1136 896 tris,
1150 864 1192 891 80
1209 862 1319 892 minas.

1108 921 1152 926 —-
1167 905 1241 934 ibid.
1257 904 1290 933 τὸ
1305 907 1358 935 τῶν
1374 904 1478 934 δώδεκα.
1494 903 1578 947 ἐτῶν]
1603 906 1727 936 correxi
1751 905 1785 936 τό

1065 943 1139 986 ἔργον
1169 950 1223 977 τῶν
1250 947 1353 978 δώδεκα.
1379 945 1458 978 ἐτῶν.
1487 948 1588 978 codex
1621 950 1702 988 Aug.
1729 951 1784 980 dat

1066 988 1146 1025 δέκα,
1163 992 1215 1020 sed
1231 990 1354 1025 vitiose,
1365 990 1396 1019 id
1413 991 1496 1029 quod
1512 1001 1551 1020 ex
1567 997 1711 1031 computo
1729 1003 1782 1032 ap-

1064 1038 1164 1070 paret.
1185 1034 1343 1072 octoginta
1358 1033 1446 1062 minae
1463 1033 1539 1063 dant
1552 1033 1581 1063 in
1593 1045 1738 1070 mensem,
1756 1036 1783 1066 si

1065 1085 1157 1106 usura
1173 1081 1219 1107 est
1234 1075 1429 1112 drachmalis,
1447 1078 1488 1108 80
1505 1077 1678 1108 drachmas.
1717 1078 1783 1108 De·

1063 1120 1239 1150 mosthenes
1260 1120 1340 1150 enim
1361 1120 1564 1150 drachmalem
1589 1121 1780 1152 solummodo

1063 1163 1160 1201 ponit.
1205 1164 1284 1193 Haeo
1306 1163 1464 1202 octoginta
1485 1163 1638 1194 drachmae
1661 1166 1779 1195 duode—

1062 1205 1126 1235 cies
1139 1205 1259 1236 iteratae
1272 1207 1346 1236 dant
1362 1206 1391 1237 in
1405 1216 1513 1236 annum
1528 1208 1591 1238 960
1608 1207 1781 1238 drachmas.

1062 1248 1141 1279 Haec
1156 1251 1220 1280 960
1235 1251 1386 1280 drachmae
1403 1260 1512 1280 rursus
1530 1249 1700 1281 duodecies
1721 1251 1779 1281 ite-

1061 1297 1137 1322 ratae
1146 1293 1281 1323 efficiunt
1289 1303 1409 1322 usuram
1419 1293 1661 1329 duodecennem,
1672 1296 1778 1326 11520

1062 1335 1285 1372 drachmarum,
1302 1336 1359 1365 hoc
1382 1341 1429 1365 est
1446 1347 1536 1366 unum
1560 1337 1718 1373 talentum,
1736 1339 1779 1369 55

1060 1379 1166 1415 minas,
1183 1389 1251 1408 cum
1269 1381 1311 1409 ⁰20
1323 1379 1487 1408 drachmis.
1504 1390 1572 1418 quae
1587 1379 1683 1410 addes
1696 1391 1778 1411 sum-

1059 1431 1117 1451 mae
1134 1423 1297 1462 superiori,
1315 1422 1365 1451 uni
1384 1423 1497 1452 talento
1518 1432 1588 1452 cnm
1614 1424 1655 1453 20
1677 1423 1776 1454 minis.

1062 1465 1191 1495 habebis
1212 1468 1233 1496 3
1253 1465 1467 1502 talenta,·cum
1493 1466 1534 1496 15
1559 1465 1661 1500 minis,
1680 1471 1711 1496 et
1735 1469 1777 1498 ⁶20

1058 1507 1223 1539 drachmis.
1268 1509 1330 1539 Sed
1347 1508 1478 1538 decenni
1498 1519 1591 1539 usura
1606 1519 1665 1538 non
1682 1510 1776 1540 conti-

1059 1556 1144 1582 neret
1165 1552 1227 1582 nisi
1250 1555 1269 1583 2
1290 1552 1415 1587 talenta,
1438 1555 1480 1582 40
1503 1551 1610 1588 minas,
1633 1553 1675 1583 35
1705 1554 1778 1583 dra-

1057 1595 1172 1625 chmas.
1203 1596 1346 1625 Attamen
1358 1595 1506 1634 Aphobus
1517 1605 1575 1624 non
1592 1595 1674 1634 plue,
1685 1606 1775 1635 quam

1057 1638 1218 1675 decennio,
1234 1638 1359 1668 tutelam
1373 1638 1483 1678 gessit,
1493 1642 1564 1679 etp.
1575 1640 1649 1669 8⁸20.
1665 1641 1696 1669 6.
1712 1640 1776 1669 duo

1056 1684 1185 1717 tantum,
1201 1686 1232 1711 et
1245 1691 1275 1711 v.
1292 1684 1344 1712 20.
1355 1687 1426 1712 octo
1443 1691 1536 1711 annos
1553 1688 1702 1712 numerat.
1719 1682 1773 1722 qui

1056 1724 1221 1754 conficiunt
1235 1724 1354 1755 decem.
1384 1723 1525 1760 Biennio,
1540 1728 1700 1763 postquam
1719 1727 1774 1761 de-

1055 1767 1152 1798 functi
1169 1772 1287 1798 tutores
1303 1767 1402 1799 tutela
1416 1771 1531 1804 essent,
1548 1766 1631 1797 dixit
1648 1767 1688 1798 iis
1705 1779 1773 1799 ora-

1055 1815 1103 1839 tor
1114 1811 1208 1841 diem.
1252 1811 1314 1841 Sed
1326 1811 1411 1841 itlius
1429 1821 1551 1851 quoque
1566 1810 1683 1841 biennii
1700 1822 1772 1842 usu-

1055 1863 1104 1883 ras
1120 1855 1148 1884 ei
1164 1854 1327 1892 debebant,
1340 1853 1422 1894 quod
1433 1853 1508 1884 nihil
1521 1853 1550 1884 ei
1562 1853 1772 1886 reddidissent

1054 1906 1159 1927 eorum
1180 1898 1326 1935 omnium,
1343 1907 1412 1937 quae
1434 1896 1571 1938 ipsorum
1594 1897 1666 1928 fidei
1687 1908 1772 1928 corn-

1053 1940 1147 1970 missa
1165 1941 1296 1971 fuerant.

1096 2001 1139 2006 -—
1155 1987 1185 2016 6.
1214 1985 1264 2014 τοῦ
1288 1981 1487 2026 ἐργαστηρίου]
1511 1982 1667 2013 fabrorum
1696 1989 1771 2024 puta

1053 2026 1173 2066 gladios
1189 2028 1380 2058 cadentium.
1396 2037 1427 2057 v.
1440 2038 1470 2067 p.
1486 2028 1561 2057 816.
1578 2028 1610 2058 5.

1094 2088 1137 2093 --
1148 2072 1176 2100 9.
1186 2071 1335 2112 ἁπάντων]
1349 2069 1474 2100 correxi
1483 2067 1538 2099 ἀπ’
1547 2069 1650 2100 αὐτῶν.
1661 2080 1770 2110 exspe-

1052 2117 1119 2144 ctes
1138 2113 1193 2143 ἀπ’
1212 2114 1310 2145 αὐτοῦ.
1335 2123 1406 2143 nam
1427 2113 1468 2144 de
1491 2123 1549 2143 una
1571 2116 1688 2142 tantum
1705 2113 1770 2144 offi-

1051 2156 1279 2197 cinaloquitur.
1321 2156 1382 2188 Sed
1398 2155 1644 2186 accommodavit
1667 2162 1770 2186 orator

1051 2200 1217 2230 orationem
1249 2198 1322 2242 ιτιτρός
1350 2198 1384 2229 'rb
1413 2197 1559 2238 νοούμενον,
1590 2198 1646 2234 rei,
1678 2209 1768 2238 qnam

1049 2248 1151 2273 mente
1169 2243 1314 2283 agitabat,
1331 2242 1400 2272 scil.
1413 2243 1469 2272 τῶν
1483 2240 1659 2282 ἀνδςαπόδων
1674 2244 1729 2271 τῶν
1743 2241 1768 2273 ἐν

1049 2287 1094 2326 τῷ
1107 2284 1279 2328 ἐργαστηρίῳ
1294 2283 1495 2327 ἐργαζομένων.
1507 2296 1537 2315 v.
1553 2285 1591 2315 ad
1607 2296 1638 2316 v.
1650 2286 1681 2316 6.

1094 2347 1136 2352 —-
1148 2330 1224 2360 ibid.
1237 2329 1359 2371 τούτων]
1373 2328 1456 2359 redit
1470 2328 1507 2358 ad
1521 2332 1639 2359 tutores
1653 2329 1769 2359 Demo·-

1049 2372 1177 2402 sthenis.

1092 2433 1136 2439 —-
1153 2419 1203 2447 18.
1219 2414 1342 2456 τούτων]
1367 2424 1436 2444 cum
1460 2413 1661 2454 praemisisset
1684 2413 1768 2454 ἔργα·

1048 2458 1167 2500 στήριον,
1196 2464 1297 2489 tamen
1323 2457 1431 2488 τούτων
1460 2457 1595 2497 subjicit.
1640 2457 1767 2488 Scilicet

1047 2499 1226 2543 ἐξγαστῆςιον
1249 2507 1296 2532 est
1313 2511 1390 2540 grex
1412 2510 1573 2540 operarum
1594 2500 1626 2530 in
1648 2500 1768 2531 officina

1047 2547 1178 2583 quadam
1197 2546 1242 2576 rei
1260 2544 1381 2575 cuidam
1404 2544 1547 2585 parandae
1563 2544 1766 2583 operantium.

1047 2598 1122 2627 ergo
1139 2593 1224 2619 recte
1239 2588 1346 2619 τούτων
1367 2592 1510 2628 usurpat,
1526 2586 1594 2617 scil.
1613 2588 1669 2616 ’τῶν
1682 2584 1766 2628 ἔργα·

1046 2642 1112 2661 των.

1089 2693 1132 2698 -
1148 2676 1201 2706 19.
1215 2674 1309 2716 αὐτὰ]
1330 2673 1398 2704 scil.
1414 2674 1455 2704 τὰ
1475 2672 1642 2713 ἀνδράποδα
1660 2671 1708 2702 καὶ
1723 2673 1765 2702 τὰ

1046 2717 1139 2748 αὐτῶν
1149 2717 1229 2759 ἔργα.

1089 2777 1133 2784 ·-
1150 2764 1202 2792 22.
1219 2759 1299 2802 ἀργὸν
1313 2758 1354 2801 <pii
1368 2757 1522 2799 γενέσθαι]
1539 2757 1608 2787 scil.
1624 2756 1658 2787 τὸ
1679 2755 1764 2798 {gya-

1045 2803 1165 2845 στῆςιον.

1088 2864 1132 2870 --
1143 2847 1200 2877 ult.
1217 2845 1321 2885 ἐκείνῳ]
1336 2843 1520 2884 Therippidi
1534 2848 1619 2882 puta.

1088 2893 1164 2921 820.
1179 2892 1210 2921 3.
1220 2889 1304 2930 ἔργα]
1318 2889 1375 2919 hoc
1387 2897 1494 2923 versu,
1509 2887 1582 2917 item
1596 2897 1625 2917 v.
1640 2888 1673 2917 7.
1690 2891 1762 2916 sunt

1046 2944 1094 2965 res
1120 2934 1159 2964 ab
1183 2933 1245 2964 illis
1272 2931 1377 2972 operis
1401 2930 1576 2967 elaboratae,
1599 2934 1632 2961 ut
1657 2928 1762 2965 cultri,

1046 2977 1151 3017 gladii.

1087 3037 1130 3046 --
1146 3022 1197 3050 14.
1215 3018 1328 3060 ἐκεῖνος]
1343 3017 1469 3057 Milyas.
