<?xml version="1.0" encoding="UTF-8"?>
<!DOCTYPE html PUBLIC "-//W3C//DTD XHTML 1.0 Transitional//EN"
    "http://www.w3.org/TR/xhtml1/DTD/xhtml1-transitional.dtd">
<html xmlns="http://www.w3.org/1999/xhtml" xml:lang="en" lang="en">
 <head>
  <title>
</title>
<meta http-equiv="Content-Type" content="text/html;charset=utf-8" />
  <meta name='ocr-system' content='tesseract 3.04.00' />
  <meta name='ocr-capabilities' content='ocr_page ocr_carea ocr_par ocr_line ocrx_word'/>
</head>
<body>
  <div class='ocr_page' id='page_1' title='image "./oratoresatticie09dobs/oratoresatticie09dobs_0461.png"; bbox 0 0 1931 3322; ppageno 0'>
   <div class='ocr_carea' id='block_1_1' title="bbox 442 179 1253 225">
    <p class='ocr_par' dir='ltr' id='par_1_1' title="bbox 442 179 1253 225">
     <span class='ocr_line' id='line_1_1' title="bbox 442 179 1253 225; baseline -0.002 0"><span class='ocrx_word' id='word_1_1' title='bbox 442 183 527 225; x_wconf 91' lang='lat' dir='ltr'><strong>AD</strong></span> <span class='ocrx_word' id='word_1_2' title='bbox 561 181 738 225; x_wconf 79' lang='lat' dir='ltr'>ORAT.</span> <span class='ocrx_word' id='word_1_3' title='bbox 768 180 856 224; x_wconf 93' lang='lat' dir='ltr'><strong>DE</strong></span> <span class='ocrx_word' id='word_1_4' title='bbox 886 179 1253 225; x_wconf 86' lang='lat' dir='ltr'>SYMMORIIS.</span> 
     </span>
    </p>
   </div>
   <div class='ocr_carea' id='block_1_2' title="bbox 1491 183 1576 225">
    <p class='ocr_par' dir='ltr' id='par_1_2' title="bbox 1491 183 1576 225">
     <span class='ocr_line' id='line_1_2' title="bbox 1491 183 1576 225; baseline 0.012 -1"><span class='ocrx_word' id='word_1_5' title='bbox 1491 183 1576 225; x_wconf 78' lang='lat'><strong>449</strong></span> 
     </span>
    </p>
   </div>
   <div class='ocr_carea' id='block_1_3' title="bbox 111 285 1580 416">
    <p class='ocr_par' dir='ltr' id='par_1_3' title="bbox 111 285 1580 416">
     <span class='ocr_line' id='line_1_3' title="bbox 112 285 1580 331; baseline 0.003 -15"><span class='ocrx_word' id='word_1_6' title='bbox 112 286 199 320; x_wconf 62' lang='grc' dir='ltr'><strong>ὠσὶν</strong></span> <span class='ocrx_word' id='word_1_7' title='bbox 211 287 403 331; x_wconf 64' lang='grc' dir='ltr'><strong><em>κατῄσχυνεν,</em></strong></span> <span class='ocrx_word' id='word_1_8' title='bbox 427 289 490 321; x_wconf 64' lang='grc' dir='ltr'><strong>οὔτε</strong></span> <span class='ocrx_word' id='word_1_9' title='bbox 505 290 580 320; x_wconf 67' lang='grc' dir='ltr'><strong><em>πάνυ</em></strong></span> <span class='ocrx_word' id='word_1_10' title='bbox 593 287 677 331; x_wconf 56' lang='grc' dir='ltr'><strong>ῥᾴδιον</strong></span> <span class='ocrx_word' id='word_1_11' title='bbox 690 289 769 320; x_wconf 59' lang='grc' dir='ltr'><strong>κατὰ</strong></span> <span class='ocrx_word' id='word_1_12' title='bbox 782 289 831 321; x_wconf 60' lang='lat' dir='ltr'><strong>‘rin</strong></span> <span class='ocrx_word' id='word_1_13' title='bbox 866 285 1000 326; x_wconf 80' lang='lat' dir='ltr'><strong>Vigerns</strong></span> <span class='ocrx_word' id='word_1_14' title='bbox 1021 286 1060 318; x_wconf 81' lang='lat' dir='ltr'><strong>de</strong></span> <span class='ocrx_word' id='word_1_15' title='bbox 1076 285 1230 320; x_wconf 82' lang='lat' dir='ltr'><strong>Idiotism.</strong></span> <span class='ocrx_word' id='word_1_16' title='bbox 1245 291 1274 320; x_wconf 84' lang='grc'><strong>1.</strong></span> <span class='ocrx_word' id='word_1_17' title='bbox 1288 287 1344 318; x_wconf 87' lang='lat' dir='ltr'><strong>Gr.</strong></span> <span class='ocrx_word' id='word_1_18' title='bbox 1362 297 1388 318; x_wconf 88' lang='lat' dir='ltr'><strong>c.</strong></span> <span class='ocrx_word' id='word_1_19' title='bbox 1406 287 1436 318; x_wconf 83' lang='lat'><strong>5.</strong></span> <span class='ocrx_word' id='word_1_20' title='bbox 1453 291 1530 318; x_wconf 70' lang='lat' dir='ltr'><strong>nect.</strong></span> <span class='ocrx_word' id='word_1_21' title='bbox 1547 289 1580 323; x_wconf 71' lang='grc'><strong>8.</strong></span> 
     </span>
     <span class='ocr_line' id='line_1_4' title="bbox 111 327 1577 374; baseline 0.001 -14"><span class='ocrx_word' id='word_1_22' title='bbox 111 329 194 368; x_wconf 56' lang='lat' dir='ltr'><strong>{Eleu</strong></span> <span class='ocrx_word' id='word_1_23' title='bbox 225 331 333 368; x_wconf 66' lang='grc' dir='ltr'><strong>εἰπεῖν,</strong></span> <span class='ocrx_word' id='word_1_24' title='bbox 360 333 453 363; x_wconf 77' lang='grc' dir='ltr'><strong><em>πολλή</em></strong></span> <span class='ocrx_word' id='word_1_25' title='bbox 484 332 513 362; x_wconf 81' lang='grc' dir='ltr'><strong>τ’</strong></span> <span class='ocrx_word' id='word_1_26' title='bbox 537 333 676 374; x_wconf 78' lang='grc' dir='ltr'><strong><em>αἰσχύνη,</em></strong></span> <span class='ocrx_word' id='word_1_27' title='bbox 700 331 831 370; x_wconf 67' lang='grc' dir='ltr'><strong><em>λέγοντος</em></strong></span> <span class='ocrx_word' id='word_1_28' title='bbox 864 327 891 368; x_wconf 85' lang='lat'><strong>§.</strong></span> <span class='ocrx_word' id='word_1_29' title='bbox 910 329 962 359; x_wconf 86' lang='lat'><strong>16.</strong></span> <span class='ocrx_word' id='word_1_30' title='bbox 980 338 1013 367; x_wconf 85' lang='lat' dir='ltr'><strong>p.</strong></span> <span class='ocrx_word' id='word_1_31' title='bbox 1030 331 1104 360; x_wconf 80' lang='grc'><strong>271.</strong></span> <span class='ocrx_word' id='word_1_32' title='bbox 1121 335 1153 360; x_wconf 86' lang='lat' dir='ltr'><strong>et</strong></span> <span class='ocrx_word' id='word_1_33' title='bbox 1167 329 1254 371; x_wconf 83' lang='lat' dir='ltr'>impr.</span> <span class='ocrx_word' id='word_1_34' title='bbox 1270 331 1414 370; x_wconf 81' lang='lat' dir='ltr'><strong>Hoogev.</strong></span> <span class='ocrx_word' id='word_1_35' title='bbox 1438 330 1481 360; x_wconf 79' lang='lat' dir='ltr'><strong>ad</strong></span> <span class='ocrx_word' id='word_1_36' title='bbox 1506 340 1577 362; x_wconf 85' lang='lat' dir='ltr'><strong>enm</strong></span> 
     </span>
     <span class='ocr_line' id='line_1_5' title="bbox 115 372 1577 416; baseline 0.001 -14"><span class='ocrx_word' id='word_1_37' title='bbox 115 372 198 412; x_wconf 82' lang='grc' dir='ltr'><strong><em>ἐμοῦ,</em></strong></span> <span class='ocrx_word' id='word_1_38' title='bbox 220 374 309 404; x_wconf 69' lang='grc' dir='ltr'><strong><em>ταῦτ’</em></strong></span> <span class='ocrx_word' id='word_1_39' title='bbox 330 373 446 405; x_wconf 74' lang='grc' dir='ltr'><strong>ἐλάττω</strong></span> <span class='ocrx_word' id='word_1_40' title='bbox 469 376 585 416; x_wconf 64' lang='lat' dir='ltr'><strong>&lt;pavitur</strong></span> <span class='ocrx_word' id='word_1_41' title='bbox 607 377 659 410; x_wconf 75' lang='grc' dir='ltr'><strong>τῆς</strong></span> <span class='ocrx_word' id='word_1_42' title='bbox 681 373 708 405; x_wconf 81' lang='grc' dir='ltr'><strong><em>ἐν</em></strong></span> <span class='ocrx_word' id='word_1_43' title='bbox 721 374 838 414; x_wconf 73' lang='grc' dir='ltr'><strong><em>ἑκάστῳ</em></strong></span> <span class='ocrx_word' id='word_1_44' title='bbox 863 372 977 407; x_wconf 89' lang='lat' dir='ltr'><strong>locum,</strong></span> <span class='ocrx_word' id='word_1_45' title='bbox 993 381 1083 410; x_wconf 84' lang='lat' dir='ltr'><strong>quem</strong></span> <span class='ocrx_word' id='word_1_46' title='bbox 1097 372 1208 410; x_wconf 80' lang='lat' dir='ltr'><strong>partim</strong></span> <span class='ocrx_word' id='word_1_47' title='bbox 1224 372 1391 412; x_wconf 82' lang='lat' dir='ltr'>sequimur.</span> <span class='ocrx_word' id='word_1_48' title='bbox 1435 373 1525 403; x_wconf 88' lang='lat' dir='ltr'><strong>Idem</strong></span> <span class='ocrx_word' id='word_1_49' title='bbox 1536 373 1577 403; x_wconf 89' lang='lat' dir='ltr'><strong>de</strong></span> 
     </span>
    </p>
   </div>
   <div class='ocr_carea' id='block_1_4' title="bbox 102 416 828 3055">
    <p class='ocr_par' dir='ltr' id='par_1_4' title="bbox 106 416 828 669">
     <span class='ocr_line' id='line_1_6' title="bbox 111 416 828 459; baseline 0.003 -14"><span class='ocrx_word' id='word_1_50' title='bbox 111 416 155 445; x_wconf 75' lang='grc' dir='ltr'><strong><em>νῦν</em></strong></span> <span class='ocrx_word' id='word_1_51' title='bbox 180 416 243 456; x_wconf 63' lang='lat' dir='ltr'><strong>weg?</strong></span> <span class='ocrx_word' id='word_1_52' title='bbox 269 416 356 447; x_wconf 76' lang='grc' dir='ltr'><strong><em>αὐτοῦ</em></strong></span> <span class='ocrx_word' id='word_1_53' title='bbox 380 417 457 456; x_wconf 78' lang='grc' dir='ltr'><strong><em>δόξης</em></strong></span> <span class='ocrx_word' id='word_1_54' title='bbox 482 417 674 459; x_wconf 69' lang='grc' dir='ltr'><strong>ὑπαρχούσης.</strong></span> <span class='ocrx_word' id='word_1_55' title='bbox 698 417 828 456; x_wconf 76' lang='lat' dir='ltr'><strong>olynth.</strong></span> 
     </span>
     <span class='ocr_line' id='line_1_7' title="bbox 111 458 823 500; baseline 0.003 -13"><span class='ocrx_word' id='word_1_56' title='bbox 111 458 178 488; x_wconf 85' lang='grc' dir='ltr'><strong>ΙΙΙ.</strong></span> <span class='ocrx_word' id='word_1_57' title='bbox 192 469 222 498; x_wconf 88' lang='lat' dir='ltr'><strong>p.</strong></span> <span class='ocrx_word' id='word_1_58' title='bbox 239 461 294 491; x_wconf 78' lang='lat'><strong>55.</strong></span> <span class='ocrx_word' id='word_1_59' title='bbox 309 461 350 489; x_wconf 88' lang='lat' dir='ltr'><strong>de</strong></span> <span class='ocrx_word' id='word_1_60' title='bbox 361 461 546 499; x_wconf 86' lang='lat' dir='ltr'><strong>majoribus:</strong></span> <span class='ocrx_word' id='word_1_61' title='bbox 584 459 664 500; x_wconf 77' lang='grc' dir='ltr'><strong><em>μόνοι</em></strong></span> <span class='ocrx_word' id='word_1_62' title='bbox 680 459 707 490; x_wconf 85' lang='grc' dir='ltr'><strong>δὲ</strong></span> <span class='ocrx_word' id='word_1_63' title='bbox 723 459 823 499; x_wconf 61' lang='grc' dir='ltr'><strong><em>ἀνθρώ-</em></strong></span> 
     </span>
     <span class='ocr_line' id='line_1_8' title="bbox 110 499 828 543; baseline 0.003 -13"><span class='ocrx_word' id='word_1_64' title='bbox 110 511 171 532; x_wconf 77' lang='grc' dir='ltr'><strong><em>πων</em></strong></span> <span class='ocrx_word' id='word_1_65' title='bbox 193 499 313 542; x_wconf 73' lang='grc' dir='ltr'><strong>κρείττω</strong></span> <span class='ocrx_word' id='word_1_66' title='bbox 334 505 384 534; x_wconf 70' lang='grc' dir='ltr'><strong><em>τὴν</em></strong></span> <span class='ocrx_word' id='word_1_67' title='bbox 412 502 460 535; x_wconf 76' lang='grc' dir='ltr'><strong>ἐπὶ</strong></span> <span class='ocrx_word' id='word_1_68' title='bbox 483 504 542 538; x_wconf 77' lang='grc' dir='ltr'><strong><em>τοῖς</em></strong></span> <span class='ocrx_word' id='word_1_69' title='bbox 563 502 648 543; x_wconf 80' lang='grc' dir='ltr'><em>ἔργοις</em></span> <span class='ocrx_word' id='word_1_70' title='bbox 670 502 750 541; x_wconf 73' lang='grc' dir='ltr'><strong><em>δόξαν</em></strong></span> <span class='ocrx_word' id='word_1_71' title='bbox 771 504 828 532; x_wconf 70' lang='grc' dir='ltr'><strong>τῶν</strong></span> 
     </span>
     <span class='ocr_line' id='line_1_9' title="bbox 106 542 828 581; baseline 0.001 -8"><span class='ocrx_word' id='word_1_72' title='bbox 106 542 275 581; x_wconf 68' lang='grc' dir='ltr'><strong><em>φθονούντων</em></strong></span> <span class='ocrx_word' id='word_1_73' title='bbox 296 545 461 576; x_wconf 72' lang='grc' dir='ltr'><strong>κατέλιπον.</strong></span> <span class='ocrx_word' id='word_1_74' title='bbox 491 545 632 576; x_wconf 80' lang='lat' dir='ltr'><strong>Justiuus</strong></span> <span class='ocrx_word' id='word_1_75' title='bbox 660 545 706 574; x_wconf 87' lang='lat'><strong>11.</strong></span> <span class='ocrx_word' id='word_1_76' title='bbox 737 555 766 574; x_wconf 88' lang='lat' dir='ltr'><strong>c.</strong></span> <span class='ocrx_word' id='word_1_77' title='bbox 795 548 828 576; x_wconf 85' lang='lat'><strong>6.</strong></span> 
     </span>
     <span class='ocr_line' id='line_1_10' title="bbox 110 585 825 628; baseline 0.003 -13"><span class='ocrx_word' id='word_1_78' title='bbox 110 585 178 616; x_wconf 85' lang='lat' dir='ltr'><strong>init.</strong></span> <span class='ocrx_word' id='word_1_79' title='bbox 221 591 244 605; x_wconf 85' lang='lat'><strong>“</strong></span> <span class='ocrx_word' id='word_1_80' title='bbox 256 588 419 628; x_wconf 75' lang='lat' dir='ltr'><strong>Opemque</strong></span> <span class='ocrx_word' id='word_1_81' title='bbox 451 585 682 618; x_wconf 68' lang='lat' dir='ltr'>Atheniensium</span> <span class='ocrx_word' id='word_1_82' title='bbox 713 587 825 617; x_wconf 86' lang='lat' dir='ltr'><strong>effectu</strong></span> 
     </span>
     <span class='ocr_line' id='line_1_11' title="bbox 109 628 674 669; baseline 0.005 -12"><span class='ocrx_word' id='word_1_83' title='bbox 109 630 226 669; x_wconf 82' lang='lat' dir='ltr'><strong>majora</strong></span> <span class='ocrx_word' id='word_1_84' title='bbox 238 640 326 668; x_wconf 82' lang='lat' dir='ltr'><strong>quarn</strong></span> <span class='ocrx_word' id='word_1_85' title='bbox 342 636 415 660; x_wconf 78' lang='lat' dir='ltr'><strong>voto</strong></span> <span class='ocrx_word' id='word_1_86' title='bbox 429 628 548 660; x_wconf 86' lang='lat' dir='ltr'><strong>fuere.’&#39;</strong></span> <span class='ocrx_word' id='word_1_87' title='bbox 569 630 674 660; x_wconf 71' lang='lat' dir='ltr'>IDEM.</span> 
     </span>
    </p>

    <p class='ocr_par' dir='ltr' id='par_1_5' title="bbox 106 671 826 1043">
     <span class='ocr_line' id='line_1_12' title="bbox 155 671 826 713; baseline 0 -12"><span class='ocrx_word' id='word_1_88' title='bbox 155 672 192 701; x_wconf 88' lang='lat' dir='ltr'><strong>P.</strong></span> <span class='ocrx_word' id='word_1_89' title='bbox 222 674 295 703; x_wconf 85' lang='grc'><strong>283.</strong></span> <span class='ocrx_word' id='word_1_90' title='bbox 322 675 354 703; x_wconf 83' lang='grc'><strong>4.</strong></span> <span class='ocrx_word' id='word_1_91' title='bbox 383 672 496 713; x_wconf 72' lang='grc' dir='ltr'><strong><em>δοκῆτε]</em></strong></span> <span class='ocrx_word' id='word_1_92' title='bbox 543 671 649 702; x_wconf 72' lang='grc' dir='ltr'><strong>δοκεῖτε</strong></span> <span class='ocrx_word' id='word_1_93' title='bbox 688 671 826 702; x_wconf 85' lang='lat' dir='ltr'><strong>Bekker.</strong></span> 
     </span>
     <span class='ocr_line' id='line_1_13' title="bbox 107 714 825 754; baseline 0.001 -11"><span class='ocrx_word' id='word_1_94' title='bbox 107 714 193 752; x_wconf 88' lang='lat' dir='ltr'><strong>quod</strong></span> <span class='ocrx_word' id='word_1_95' title='bbox 210 715 298 744; x_wconf 79' lang='lat' dir='ltr'><strong>unice</strong></span> <span class='ocrx_word' id='word_1_96' title='bbox 313 715 436 754; x_wconf 84' lang='lat' dir='ltr'><strong>probari</strong></span> <span class='ocrx_word' id='word_1_97' title='bbox 448 718 593 754; x_wconf 78' lang='lat' dir='ltr'><strong>oportere</strong></span> <span class='ocrx_word' id='word_1_98' title='bbox 608 714 651 745; x_wconf 84' lang='lat' dir='ltr'><strong>ita</strong></span> <span class='ocrx_word' id='word_1_99' title='bbox 663 725 742 744; x_wconf 91' lang='lat' dir='ltr'><strong>nunc</strong></span> <span class='ocrx_word' id='word_1_100' title='bbox 752 725 825 744; x_wconf 88' lang='lat' dir='ltr'><strong>cou-</strong></span> 
     </span>
     <span class='ocr_line' id='line_1_14' title="bbox 109 756 825 796; baseline 0.004 -12"><span class='ocrx_word' id='word_1_101' title='bbox 109 761 183 792; x_wconf 86' lang='lat' dir='ltr'><strong>stat,</strong></span> <span class='ocrx_word' id='word_1_102' title='bbox 193 761 226 785; x_wconf 90' lang='lat' dir='ltr'><strong>ut</strong></span> <span class='ocrx_word' id='word_1_103' title='bbox 239 756 343 793; x_wconf 84' lang='lat' dir='ltr'><strong>mirer,</strong></span> <span class='ocrx_word' id='word_1_104' title='bbox 361 758 638 788; x_wconf 79' lang='lat' dir='ltr'><strong>Amersfoordtium</strong></span> <span class='ocrx_word' id='word_1_105' title='bbox 662 757 702 787; x_wconf 89' lang='lat' dir='ltr'><strong>de</strong></span> <span class='ocrx_word' id='word_1_106' title='bbox 718 758 825 796; x_wconf 88' lang='lat' dir='ltr'><strong>vulga-</strong></span> 
     </span>
     <span class='ocr_line' id='line_1_15' title="bbox 106 799 825 835; baseline 0.003 -7"><span class='ocrx_word' id='word_1_107' title='bbox 106 802 147 829; x_wconf 70' lang='lat' dir='ltr'><strong>‹ae</strong></span> <span class='ocrx_word' id='word_1_108' title='bbox 163 799 340 835; x_wconf 82' lang='lat' dir='ltr'><strong>soloecismo</strong></span> <span class='ocrx_word' id='word_1_109' title='bbox 356 800 432 831; x_wconf 86' lang='lat' dir='ltr'><strong>nibil</strong></span> <span class='ocrx_word' id='word_1_110' title='bbox 447 799 613 830; x_wconf 81' lang='lat' dir='ltr'><strong>monuisse.</strong></span> <span class='ocrx_word' id='word_1_111' title='bbox 648 801 675 828; x_wconf 83' lang='lat' dir='ltr'>V</span> <span class='ocrx_word' id='word_1_112' title='bbox 678 823 684 830; x_wconf 88' lang='lat'><strong>.</strong></span> <span class='ocrx_word' id='word_1_113' title='bbox 702 805 764 830; x_wconf 86' lang='lat' dir='ltr'><strong>not.</strong></span> <span class='ocrx_word' id='word_1_114' title='bbox 787 801 825 830; x_wconf 84' lang='lat' dir='ltr'><strong>ad</strong></span> 
     </span>
     <span class='ocr_line' id='line_1_16' title="bbox 110 843 823 882; baseline 0.003 -11"><span class='ocrx_word' id='word_1_115' title='bbox 110 851 142 882; x_wconf 85' lang='lat' dir='ltr'><strong>p.</strong></span> <span class='ocrx_word' id='word_1_116' title='bbox 159 844 211 872; x_wconf 73' lang='lat'><strong>44.</strong></span> <span class='ocrx_word' id='word_1_117' title='bbox 230 845 259 872; x_wconf 93' lang='lat'><strong>1.</strong></span> <span class='ocrx_word' id='word_1_118' title='bbox 275 844 328 873; x_wconf 86' lang='lat'><strong>45.</strong></span> <span class='ocrx_word' id='word_1_119' title='bbox 344 846 374 874; x_wconf 83' lang='lat'><strong>8.</strong></span> <span class='ocrx_word' id='word_1_120' title='bbox 391 843 441 873; x_wconf 83' lang='lat' dir='ltr'><strong>ed.</strong></span> <span class='ocrx_word' id='word_1_121' title='bbox 458 843 566 873; x_wconf 82' lang='lat' dir='ltr'><strong>Reisk.</strong></span> <span class='ocrx_word' id='word_1_122' title='bbox 579 843 631 873; x_wconf 86' lang='lat' dir='ltr'><strong>ubi</strong></span> <span class='ocrx_word' id='word_1_123' title='bbox 644 844 727 882; x_wconf 83' lang='lat' dir='ltr'><strong>quod</strong></span> <span class='ocrx_word' id='word_1_124' title='bbox 744 844 823 873; x_wconf 90' lang='lat' dir='ltr'><strong>Bre-</strong></span> 
     </span>
     <span class='ocr_line' id='line_1_17' title="bbox 109 884 824 925; baseline -0.003 -8"><span class='ocrx_word' id='word_1_125' title='bbox 109 884 191 917; x_wconf 79' lang='lat' dir='ltr'><strong>mius</strong></span> <span class='ocrx_word' id='word_1_126' title='bbox 207 884 297 922; x_wconf 87' lang='lat' dir='ltr'><strong>dicit,</strong></span> <span class='ocrx_word' id='word_1_127' title='bbox 313 886 346 916; x_wconf 71' lang='grc' dir='ltr'><strong><em>ἂν</em></strong></span> <span class='ocrx_word' id='word_1_128' title='bbox 363 887 394 916; x_wconf 92' lang='lat' dir='ltr'><strong>h.</strong></span> <span class='ocrx_word' id='word_1_129' title='bbox 410 886 431 915; x_wconf 93' lang='lat' dir='ltr'><strong>l.</strong></span> <span class='ocrx_word' id='word_1_130' title='bbox 453 885 628 925; x_wconf 86' lang='lat' dir='ltr'><strong>significare</strong></span> <span class='ocrx_word' id='word_1_131' title='bbox 652 895 741 924; x_wconf 83' lang='lat' dir='ltr'><strong>posse,</strong></span> <span class='ocrx_word' id='word_1_132' title='bbox 766 897 824 916; x_wconf 87' lang='lat' dir='ltr'><strong>nou</strong></span> 
     </span>
     <span class='ocr_line' id='line_1_18' title="bbox 109 928 825 968; baseline 0.004 -12"><span class='ocrx_word' id='word_1_133' title='bbox 109 928 272 957; x_wconf 81' lang='lat' dir='ltr'><strong>assentior.</strong></span> <span class='ocrx_word' id='word_1_134' title='bbox 326 930 384 959; x_wconf 88' lang='lat' dir='ltr'><strong>Est</strong></span> <span class='ocrx_word' id='word_1_135' title='bbox 413 928 584 959; x_wconf 77' lang='lat' dir='ltr'><strong>enuntiatio</strong></span> <span class='ocrx_word' id='word_1_136' title='bbox 614 928 825 968; x_wconf 80' lang='lat' dir='ltr'><strong>hypothetica.</strong></span> 
     </span>
     <span class='ocr_line' id='line_1_19' title="bbox 108 969 823 1012; baseline 0.003 -13"><span class='ocrx_word' id='word_1_137' title='bbox 108 969 141 1000; x_wconf 89' lang='lat' dir='ltr'><strong><em>H</em></strong></span> <span class='ocrx_word' id='word_1_138' title='bbox 145 969 309 1009; x_wconf 85' lang='lat' dir='ltr'><strong>ypothesin</strong></span> <span class='ocrx_word' id='word_1_139' title='bbox 321 971 444 1011; x_wconf 85' lang='lat' dir='ltr'><strong>supplet</strong></span> <span class='ocrx_word' id='word_1_140' title='bbox 456 971 604 1002; x_wconf 83' lang='lat' dir='ltr'><strong>Reiskius</strong></span> <span class='ocrx_word' id='word_1_141' title='bbox 613 971 645 1001; x_wconf 88' lang='lat' dir='ltr'><strong>in</strong></span> <span class='ocrx_word' id='word_1_142' title='bbox 661 975 724 1001; x_wconf 85' lang='lat' dir='ltr'><strong>not.</strong></span> <span class='ocrx_word' id='word_1_143' title='bbox 737 982 823 1012; x_wconf 89' lang='lat' dir='ltr'><strong>sequ.</strong></span> 
     </span>
     <span class='ocr_line' id='line_1_20' title="bbox 109 1013 308 1043; baseline 0.005 -1"><span class='ocrx_word' id='word_1_144' title='bbox 109 1013 308 1043; x_wconf 70' lang='lat' dir='ltr'>SanEFfflz.</span> 
     </span>
    </p>

    <p class='ocr_par' dir='ltr' id='par_1_6' title="bbox 104 1054 823 1309">
     <span class='ocr_line' id='line_1_21' title="bbox 150 1054 822 1098; baseline 0 -12"><span class='ocrx_word' id='word_1_145' title='bbox 150 1073 194 1078; x_wconf 91' lang='lat'>—</span> <span class='ocrx_word' id='word_1_146' title='bbox 209 1057 241 1086; x_wconf 81' lang='lat'><strong>5.</strong></span> <span class='ocrx_word' id='word_1_147' title='bbox 256 1054 404 1098; x_wconf 70' lang='grc' dir='ltr'><strong><em>δύνασθαι]</em></strong></span> <span class='ocrx_word' id='word_1_148' title='bbox 429 1056 528 1090; x_wconf 81' lang='lat' dir='ltr'><strong>Uncis</strong></span> <span class='ocrx_word' id='word_1_149' title='bbox 550 1056 676 1087; x_wconf 81' lang='lat' dir='ltr'>inclusit</span> <span class='ocrx_word' id='word_1_150' title='bbox 699 1055 822 1087; x_wconf 79' lang='lat' dir='ltr'><strong>Reiski-</strong></span> 
     </span>
     <span class='ocr_line' id='line_1_22' title="bbox 112 1098 822 1140; baseline 0.001 -12"><span class='ocrx_word' id='word_1_151' title='bbox 112 1108 161 1129; x_wconf 69' lang='grc' dir='ltr'><strong>υς.</strong></span> <span class='ocrx_word' id='word_1_152' title='bbox 208 1099 433 1137; x_wconf 85' lang='lat' dir='ltr'><strong>Reponendum</strong></span> <span class='ocrx_word' id='word_1_153' title='bbox 449 1104 557 1135; x_wconf 81' lang='lat' dir='ltr'><strong>censet</strong></span> <span class='ocrx_word' id='word_1_154' title='bbox 572 1099 684 1135; x_wconf 80' lang='grc' dir='ltr'><strong><em>δεόντως</em></strong></span> <span class='ocrx_word' id='word_1_155' title='bbox 710 1099 758 1129; x_wconf 87' lang='lat' dir='ltr'><strong>vel</strong></span> <span class='ocrx_word' id='word_1_156' title='bbox 781 1098 822 1140; x_wconf 80' lang='grc' dir='ltr'><strong>ὅρ-</strong></span> 
     </span>
     <span class='ocr_line' id='line_1_23' title="bbox 107 1138 821 1180; baseline 0.003 -11"><span class='ocrx_word' id='word_1_157' title='bbox 107 1138 171 1176; x_wconf 76' lang='grc' dir='ltr'><strong>Θῶς.</strong></span> <span class='ocrx_word' id='word_1_158' title='bbox 217 1142 280 1172; x_wconf 86' lang='lat' dir='ltr'><strong>Sed</strong></span> <span class='ocrx_word' id='word_1_159' title='bbox 301 1142 409 1172; x_wconf 83' lang='lat' dir='ltr'><strong>horum</strong></span> <span class='ocrx_word' id='word_1_160' title='bbox 432 1142 651 1172; x_wconf 83' lang='lat' dir='ltr'><strong>vocabulorum</strong></span> <span class='ocrx_word' id='word_1_161' title='bbox 683 1142 731 1171; x_wconf 88' lang='lat' dir='ltr'><strong>vis</strong></span> <span class='ocrx_word' id='word_1_162' title='bbox 757 1143 821 1180; x_wconf 87' lang='lat' dir='ltr'><strong>jam</strong></span> 
     </span>
     <span class='ocr_line' id='line_1_24' title="bbox 107 1183 823 1225; baseline 0.004 -13"><span class='ocrx_word' id='word_1_163' title='bbox 107 1183 183 1214; x_wconf 80' lang='lat' dir='ltr'><strong>latet</strong></span> <span class='ocrx_word' id='word_1_164' title='bbox 195 1184 224 1213; x_wconf 86' lang='lat' dir='ltr'><strong>in</strong></span> <span class='ocrx_word' id='word_1_165' title='bbox 240 1184 294 1214; x_wconf 87' lang='lat' dir='ltr'><strong>illo</strong></span> <span class='ocrx_word' id='word_1_166' title='bbox 306 1184 462 1224; x_wconf 64' lang='grc' dir='ltr'><strong>μάλιστα.</strong></span> <span class='ocrx_word' id='word_1_167' title='bbox 507 1187 615 1224; x_wconf 78' lang='lat' dir='ltr'><strong>ltaque</strong></span> <span class='ocrx_word' id='word_1_168' title='bbox 626 1185 712 1225; x_wconf 85' lang='lat' dir='ltr'><strong>vulg.</strong></span> <span class='ocrx_word' id='word_1_169' title='bbox 728 1185 823 1215; x_wconf 86' lang='lat' dir='ltr'><strong>lectio</strong></span> 
     </span>
     <span class='ocr_line' id='line_1_25' title="bbox 104 1227 823 1258; baseline 0.003 -2"><span class='ocrx_word' id='word_1_170' title='bbox 104 1231 157 1256; x_wconf 85' lang='lat' dir='ltr'><strong>est</strong></span> <span class='ocrx_word' id='word_1_171' title='bbox 185 1227 326 1258; x_wconf 84' lang='lat' dir='ltr'><strong>tenenda.</strong></span> <span class='ocrx_word' id='word_1_172' title='bbox 362 1228 638 1258; x_wconf 65' lang='lat' dir='ltr'><strong>Amensroonnr.</strong></span> <span class='ocrx_word' id='word_1_173' title='bbox 684 1228 823 1258; x_wconf 79' lang='lat' dir='ltr'><strong>Accede.</strong></span> 
     </span>
     <span class='ocr_line' id='line_1_26' title="bbox 107 1269 593 1309; baseline 0.004 -11"><span class='ocrx_word' id='word_1_174' title='bbox 107 1269 146 1298; x_wconf 84' lang='lat' dir='ltr'><strong>V.</strong></span> <span class='ocrx_word' id='word_1_175' title='bbox 160 1279 194 1309; x_wconf 90' lang='lat' dir='ltr'><strong>p.</strong></span> <span class='ocrx_word' id='word_1_176' title='bbox 207 1271 301 1300; x_wconf 81' lang='grc'><strong>1423.</strong></span> <span class='ocrx_word' id='word_1_177' title='bbox 321 1271 372 1301; x_wconf 84' lang='grc'><strong>13.</strong></span> <span class='ocrx_word' id='word_1_178' title='bbox 394 1271 593 1301; x_wconf 64' lang='lat' dir='ltr'><strong>Serum-*mt-</strong></span> 
     </span>
    </p>

    <p class='ocr_par' dir='ltr' id='par_1_7' title="bbox 102 1312 824 1642">
     <span class='ocr_line' id='line_1_27' title="bbox 149 1312 822 1354; baseline -0.001 -12"><span class='ocrx_word' id='word_1_179' title='bbox 149 1329 192 1334; x_wconf 86' lang='lat'><strong>—-</strong></span> <span class='ocrx_word' id='word_1_180' title='bbox 211 1312 289 1343; x_wconf 82' lang='lat' dir='ltr'><strong>ibid.</strong></span> <span class='ocrx_word' id='word_1_181' title='bbox 314 1313 570 1354; x_wconf 68' lang='grc' dir='ltr'><strong>παςεσκευάσὲαι]</strong></span> <span class='ocrx_word' id='word_1_182' title='bbox 594 1312 822 1353; x_wconf 72' lang='grc' dir='ltr'><strong>παρασκευάσα-</strong></span> 
     </span>
     <span class='ocr_line' id='line_1_28' title="bbox 105 1353 822 1394; baseline 0.004 -10"><span class='ocrx_word' id='word_1_183' title='bbox 105 1353 176 1384; x_wconf 70' lang='grc' dir='ltr'><strong>σθαι</strong></span> <span class='ocrx_word' id='word_1_184' title='bbox 190 1354 304 1394; x_wconf 84' lang='lat' dir='ltr'><strong>legitur</strong></span> <span class='ocrx_word' id='word_1_185' title='bbox 322 1357 439 1387; x_wconf 81' lang='lat' dir='ltr'><strong>Exord.</strong></span> <span class='ocrx_word' id='word_1_186' title='bbox 454 1357 541 1386; x_wconf 82' lang='lat' dir='ltr'>Orat.</span> <span class='ocrx_word' id='word_1_187' title='bbox 562 1356 651 1385; x_wconf 81' lang='lat' dir='ltr'>Vlll.</span> <span class='ocrx_word' id='word_1_188' title='bbox 674 1366 704 1394; x_wconf 89' lang='lat' dir='ltr'><strong>p.</strong></span> <span class='ocrx_word' id='word_1_189' title='bbox 728 1358 822 1387; x_wconf 80' lang='grc'><strong>1423.</strong></span> 
     </span>
     <span class='ocr_line' id='line_1_29' title="bbox 111 1398 822 1438; baseline 0.001 -11"><span class='ocrx_word' id='word_1_190' title='bbox 111 1399 162 1428; x_wconf 79' lang='grc'><strong>13.</strong></span> <span class='ocrx_word' id='word_1_191' title='bbox 179 1399 275 1436; x_wconf 88' lang='lat' dir='ltr'><strong>qnod,</strong></span> <span class='ocrx_word' id='word_1_192' title='bbox 298 1399 323 1429; x_wconf 89' lang='lat' dir='ltr'><strong>si</strong></span> <span class='ocrx_word' id='word_1_193' title='bbox 348 1409 463 1438; x_wconf 83' lang='lat' dir='ltr'><strong>paucas</strong></span> <span class='ocrx_word' id='word_1_194' title='bbox 479 1399 579 1430; x_wconf 82' lang='lat' dir='ltr'><strong>varias</strong></span> <span class='ocrx_word' id='word_1_195' title='bbox 603 1398 752 1428; x_wconf 81' lang='lat' dir='ltr'><strong>lectiones</strong></span> <span class='ocrx_word' id='word_1_196' title='bbox 766 1409 822 1428; x_wconf 84' lang='lat' dir='ltr'><strong>ex·</strong></span> 
     </span>
     <span class='ocr_line' id='line_1_30' title="bbox 102 1441 821 1481; baseline 0.001 -12"><span class='ocrx_word' id='word_1_197' title='bbox 102 1441 241 1481; x_wconf 82' lang='lat' dir='ltr'>ceperis,</span> <span class='ocrx_word' id='word_1_198' title='bbox 266 1441 349 1476; x_wconf 83' lang='lat' dir='ltr'><strong>idem</strong></span> <span class='ocrx_word' id='word_1_199' title='bbox 375 1447 425 1472; x_wconf 85' lang='lat' dir='ltr'><strong>est</strong></span> <span class='ocrx_word' id='word_1_200' title='bbox 452 1446 546 1481; x_wconf 82' lang='lat' dir='ltr'><strong>atque</strong></span> <span class='ocrx_word' id='word_1_201' title='bbox 575 1442 634 1472; x_wconf 83' lang='lat' dir='ltr'><strong>boo</strong></span> <span class='ocrx_word' id='word_1_202' title='bbox 664 1445 800 1471; x_wconf 85' lang='lat' dir='ltr'><strong>nostrum</strong></span> <span class='ocrx_word' id='word_1_203' title='bbox 815 1452 821 1470; x_wconf 74' lang='lat' dir='ltr'>z</span> 
     </span>
     <span class='ocr_line' id='line_1_31' title="bbox 104 1482 822 1524; baseline 0.004 -12"><span class='ocrx_word' id='word_1_204' title='bbox 104 1482 238 1522; x_wconf 86' lang='lat' dir='ltr'><strong>ideoque</strong></span> <span class='ocrx_word' id='word_1_205' title='bbox 268 1483 391 1514; x_wconf 85' lang='lat' dir='ltr'><strong>videtur</strong></span> <span class='ocrx_word' id='word_1_206' title='bbox 425 1485 658 1524; x_wconf 71' lang='lat' dir='ltr'><strong>praeferendum.</strong></span> <span class='ocrx_word' id='word_1_207' title='bbox 682 1486 822 1515; x_wconf 70' lang='lat' dir='ltr'><strong>Auens·</strong></span> 
     </span>
     <span class='ocr_line' id='line_1_32' title="bbox 108 1527 824 1566; baseline 0 -10"><span class='ocrx_word' id='word_1_208' title='bbox 108 1535 259 1557; x_wconf 61' lang='lat' dir='ltr'><strong>coorto-r.</strong></span> <span class='ocrx_word' id='word_1_209' title='bbox 302 1527 414 1557; x_wconf 83' lang='lat' dir='ltr'><strong>Recte.</strong></span> <span class='ocrx_word' id='word_1_210' title='bbox 440 1527 571 1566; x_wconf 73' lang='lat' dir='ltr'><strong>Vulgata</strong></span> <span class='ocrx_word' id='word_1_211' title='bbox 603 1536 664 1557; x_wconf 90' lang='lat' dir='ltr'><strong>non</strong></span> <span class='ocrx_word' id='word_1_212' title='bbox 690 1527 824 1557; x_wconf 86' lang='lat' dir='ltr'><strong>debebat</strong></span> 
     </span>
     <span class='ocr_line' id='line_1_33' title="bbox 108 1569 823 1610; baseline 0.003 -12"><span class='ocrx_word' id='word_1_213' title='bbox 108 1570 232 1607; x_wconf 80' lang='lat' dir='ltr'><strong>probari</strong></span> <span class='ocrx_word' id='word_1_214' title='bbox 243 1570 367 1600; x_wconf 86' lang='lat' dir='ltr'><strong>Bremio</strong></span> <span class='ocrx_word' id='word_1_215' title='bbox 376 1570 406 1600; x_wconf 89' lang='lat' dir='ltr'><strong>in</strong></span> <span class='ocrx_word' id='word_1_216' title='bbox 415 1575 477 1600; x_wconf 87' lang='lat' dir='ltr'><strong>not.</strong></span> <span class='ocrx_word' id='word_1_217' title='bbox 487 1571 525 1601; x_wconf 79' lang='lat' dir='ltr'><strong>ad</strong></span> <span class='ocrx_word' id='word_1_218' title='bbox 534 1581 566 1610; x_wconf 90' lang='lat' dir='ltr'><strong>p.</strong></span> <span class='ocrx_word' id='word_1_219' title='bbox 579 1571 635 1601; x_wconf 86' lang='lat'><strong>45.</strong></span> <span class='ocrx_word' id='word_1_220' title='bbox 646 1571 676 1600; x_wconf 88' lang='lat'><strong>8.</strong></span> <span class='ocrx_word' id='word_1_221' title='bbox 688 1569 823 1600; x_wconf 61' lang='lat' dir='ltr'><strong>Sense-</strong></span> 
     </span>
     <span class='ocr_line' id='line_1_34' title="bbox 107 1622 183 1642; baseline -0.013 -1"><span class='ocrx_word' id='word_1_222' title='bbox 107 1622 183 1642; x_wconf 66' lang='lat' dir='ltr'>FER.</span> 
     </span>
    </p>

    <p class='ocr_par' dir='ltr' id='par_1_8' title="bbox 104 1653 826 2242">
     <span class='ocr_line' id='line_1_35' title="bbox 149 1653 823 1696; baseline 0 -12"><span class='ocrx_word' id='word_1_223' title='bbox 149 1672 193 1677; x_wconf 92' lang='lat'>—</span> <span class='ocrx_word' id='word_1_224' title='bbox 204 1657 235 1685; x_wconf 86' lang='lat'><strong>6.</strong></span> <span class='ocrx_word' id='word_1_225' title='bbox 252 1654 274 1684; x_wconf 81' lang='grc' dir='ltr'><strong>εἶ</strong></span> <span class='ocrx_word' id='word_1_226' title='bbox 285 1653 393 1695; x_wconf 70' lang='grc' dir='ltr'><strong><em>μὲν-</em></strong></span> <span class='ocrx_word' id='word_1_227' title='bbox 403 1653 511 1685; x_wconf 64' lang='grc' dir='ltr'><strong><em>ἕέλτιον</em></strong></span> <span class='ocrx_word' id='word_1_228' title='bbox 519 1653 621 1696; x_wconf 78' lang='grc' dir='ltr'><strong><em>σχοίη]</em></strong></span> <span class='ocrx_word' id='word_1_229' title='bbox 646 1655 736 1684; x_wconf 78' lang='lat' dir='ltr'><strong>Hanc</strong></span> <span class='ocrx_word' id='word_1_230' title='bbox 745 1656 823 1684; x_wconf 79' lang='lat' dir='ltr'><strong>Ora-</strong></span> 
     </span>
     <span class='ocr_line' id='line_1_36' title="bbox 107 1697 821 1728; baseline 0 -2"><span class='ocrx_word' id='word_1_231' title='bbox 107 1701 208 1727; x_wconf 87' lang='lat' dir='ltr'><strong>torum</strong></span> <span class='ocrx_word' id='word_1_232' title='bbox 238 1697 364 1728; x_wconf 85' lang='lat' dir='ltr'><strong>dicendi</strong></span> <span class='ocrx_word' id='word_1_233' title='bbox 394 1708 496 1727; x_wconf 83' lang='lat' dir='ltr'><strong>curam</strong></span> <span class='ocrx_word' id='word_1_234' title='bbox 528 1708 595 1728; x_wconf 79' lang='lat' dir='ltr'><strong>cuin</strong></span> <span class='ocrx_word' id='word_1_235' title='bbox 626 1697 767 1727; x_wconf 85' lang='lat' dir='ltr'><strong>socordia</strong></span> <span class='ocrx_word' id='word_1_236' title='bbox 790 1697 821 1727; x_wconf 89' lang='lat' dir='ltr'><strong>in</strong></span> 
     </span>
     <span class='ocr_line' id='line_1_37' title="bbox 105 1739 821 1781; baseline -0.003 -11"><span class='ocrx_word' id='word_1_237' title='bbox 105 1741 226 1781; x_wconf 79' lang='lat' dir='ltr'><strong>agendo</strong></span> <span class='ocrx_word' id='word_1_238' title='bbox 241 1741 432 1779; x_wconf 72' lang='lat' dir='ltr'><strong>conjunctam</strong></span> <span class='ocrx_word' id='word_1_239' title='bbox 446 1740 560 1780; x_wconf 79' lang='lat' dir='ltr'><strong>saepius</strong></span> <span class='ocrx_word' id='word_1_240' title='bbox 575 1739 821 1779; x_wconf 86' lang='lat' dir='ltr'><strong>graviterincre-</strong></span> 
     </span>
     <span class='ocr_line' id='line_1_38' title="bbox 107 1782 821 1822; baseline -0.003 -8"><span class='ocrx_word' id='word_1_241' title='bbox 107 1788 161 1822; x_wconf 79' lang='lat' dir='ltr'>pat.</span> <span class='ocrx_word' id='word_1_242' title='bbox 178 1784 411 1813; x_wconf 82' lang='lat' dir='ltr'><strong>Demosthenes.</strong></span> <span class='ocrx_word' id='word_1_243' title='bbox 456 1783 611 1821; x_wconf 79' lang='lat' dir='ltr'><strong>Exemplo</strong></span> <span class='ocrx_word' id='word_1_244' title='bbox 627 1782 689 1812; x_wconf 82' lang='lat' dir='ltr'><strong>siut</strong></span> <span class='ocrx_word' id='word_1_245' title='bbox 704 1783 821 1813; x_wconf 87' lang='lat' dir='ltr'><strong>Exord.</strong></span> 
     </span>
     <span class='ocr_line' id='line_1_39' title="bbox 107 1825 820 1865; baseline 0.001 -10"><span class='ocrx_word' id='word_1_246' title='bbox 107 1827 197 1856; x_wconf 77' lang='lat' dir='ltr'><strong>Orat.</strong></span> <span class='ocrx_word' id='word_1_247' title='bbox 217 1826 264 1855; x_wconf 87' lang='lat' dir='ltr'><strong>X.</strong></span> <span class='ocrx_word' id='word_1_248' title='bbox 286 1831 383 1857; x_wconf 76' lang='lat' dir='ltr'><strong>totum</strong></span> <span class='ocrx_word' id='word_1_249' title='bbox 400 1837 430 1865; x_wconf 86' lang='lat' dir='ltr'><strong>p.</strong></span> <span class='ocrx_word' id='word_1_250' title='bbox 445 1828 543 1857; x_wconf 78' lang='grc'><strong>1424.</strong></span> <span class='ocrx_word' id='word_1_251' title='bbox 561 1825 638 1856; x_wconf 87' lang='lat' dir='ltr'><strong>Phil.</strong></span> <span class='ocrx_word' id='word_1_252' title='bbox 654 1825 700 1854; x_wconf 89' lang='grc' dir='ltr'><strong>ΙΙ.</strong></span> <span class='ocrx_word' id='word_1_253' title='bbox 721 1837 751 1865; x_wconf 92' lang='lat' dir='ltr'><strong>p.</strong></span> <span class='ocrx_word' id='word_1_254' title='bbox 768 1827 820 1856; x_wconf 84' lang='lat'><strong>66.</strong></span> 
     </span>
     <span class='ocr_line' id='line_1_40' title="bbox 108 1866 820 1907; baseline -0.001 -9"><span class='ocrx_word' id='word_1_255' title='bbox 108 1871 160 1898; x_wconf 81' lang='grc'><strong>20.</strong></span> <span class='ocrx_word' id='word_1_256' title='bbox 177 1869 228 1898; x_wconf 86' lang='lat' dir='ltr'><strong>ed.</strong></span> <span class='ocrx_word' id='word_1_257' title='bbox 248 1868 353 1899; x_wconf 76' lang='lat' dir='ltr'><strong>Reisk.</strong></span> <span class='ocrx_word' id='word_1_258' title='bbox 378 1868 401 1898; x_wconf 81' lang='grc' dir='ltr'><strong>εἰ</strong></span> <span class='ocrx_word' id='word_1_259' title='bbox 423 1867 478 1907; x_wconf 81' lang='grc' dir='ltr'><strong><em>μὲν</em></strong></span> <span class='ocrx_word' id='word_1_260' title='bbox 492 1866 534 1898; x_wconf 64' lang='grc' dir='ltr'><strong>οὖν</strong></span> <span class='ocrx_word' id='word_1_261' title='bbox 555 1867 603 1897; x_wconf 73' lang='grc' dir='ltr'><strong>καὶ</strong></span> <span class='ocrx_word' id='word_1_262' title='bbox 617 1869 660 1897; x_wconf 76' lang='grc' dir='ltr'><strong><em>νῦν</em></strong></span> <span class='ocrx_word' id='word_1_263' title='bbox 674 1866 766 1905; x_wconf 69' lang='grc' dir='ltr'><strong>λέγειν</strong></span> <span class='ocrx_word' id='word_1_264' title='bbox 781 1868 820 1897; x_wconf 85' lang='grc' dir='ltr'><strong>δι-</strong></span> 
     </span>
     <span class='ocr_line' id='line_1_41' title="bbox 104 1908 823 1952; baseline -0.003 -11"><span class='ocrx_word' id='word_1_265' title='bbox 104 1910 237 1951; x_wconf 50' lang='grc' dir='ltr'><strong>καιότερα.</strong></span> <span class='ocrx_word' id='word_1_266' title='bbox 250 1912 318 1952; x_wconf 76' lang='grc' dir='ltr'><strong><em>ὑμῖν</em></strong></span> <span class='ocrx_word' id='word_1_267' title='bbox 333 1910 456 1951; x_wconf 71' lang='grc' dir='ltr'><strong>ἐξαρκεῖ,</strong></span> <span class='ocrx_word' id='word_1_268' title='bbox 471 1911 569 1951; x_wconf 72' lang='grc' dir='ltr'><strong><em>ῥᾴδιον,</em></strong></span> <span class='ocrx_word' id='word_1_269' title='bbox 585 1910 634 1940; x_wconf 71' lang='grc' dir='ltr'><strong>καὶ</strong></span> <span class='ocrx_word' id='word_1_270' title='bbox 650 1908 728 1944; x_wconf 82' lang='grc' dir='ltr'><strong><em>πόνος</em></strong></span> <span class='ocrx_word' id='word_1_271' title='bbox 739 1910 823 1946; x_wconf 79' lang='grc' dir='ltr'><strong><em>οἰδεῖς</em></strong></span> 
     </span>
     <span class='ocr_line' id='line_1_42' title="bbox 107 1953 820 1994; baseline -0.001 -11"><span class='ocrx_word' id='word_1_272' title='bbox 107 1953 246 1994; x_wconf 60' lang='lat' dir='ltr'><strong>nerino-‘rc</strong></span> <span class='ocrx_word' id='word_1_273' title='bbox 262 1954 305 1994; x_wconf 69' lang='grc' dir='ltr'><strong>τῷ</strong></span> <span class='ocrx_word' id='word_1_274' title='bbox 319 1955 496 1993; x_wconf 63' lang='grc' dir='ltr'><strong>πράγματι·</strong></span> <span class='ocrx_word' id='word_1_275' title='bbox 513 1953 536 1983; x_wconf 84' lang='grc' dir='ltr'><strong>εἶ</strong></span> <span class='ocrx_word' id='word_1_276' title='bbox 552 1953 580 1984; x_wconf 83' lang='grc' dir='ltr'><strong>δὲ</strong></span> <span class='ocrx_word' id='word_1_277' title='bbox 596 1964 624 1983; x_wconf 81' lang='grc' dir='ltr'><strong>κ.</strong></span> <span class='ocrx_word' id='word_1_278' title='bbox 641 1964 670 1982; x_wconf 80' lang='grc' dir='ltr'><strong>τ.</strong></span> <span class='ocrx_word' id='word_1_279' title='bbox 687 1959 718 1982; x_wconf 87' lang='grc' dir='ltr'><strong>λ.</strong></span> <span class='ocrx_word' id='word_1_280' title='bbox 737 1953 820 1982; x_wconf 87' lang='lat' dir='ltr'><strong>Phil.</strong></span> 
     </span>
     <span class='ocr_line' id='line_1_43' title="bbox 104 1995 823 2036; baseline -0.001 -10"><span class='ocrx_word' id='word_1_281' title='bbox 104 1997 133 2026; x_wconf 92' lang='grc' dir='ltr'><strong>Ῐ.</strong></span> <span class='ocrx_word' id='word_1_282' title='bbox 149 2007 180 2036; x_wconf 87' lang='lat' dir='ltr'><strong>p.</strong></span> <span class='ocrx_word' id='word_1_283' title='bbox 197 1999 252 2029; x_wconf 86' lang='lat'><strong>51.</strong></span> <span class='ocrx_word' id='word_1_284' title='bbox 267 1999 297 2027; x_wconf 87' lang='lat'><strong>6.</strong></span> <span class='ocrx_word' id='word_1_285' title='bbox 321 1998 343 2027; x_wconf 80' lang='grc' dir='ltr'><strong>εἶ</strong></span> <span class='ocrx_word' id='word_1_286' title='bbox 366 1997 432 2036; x_wconf 80' lang='grc' dir='ltr'><strong><em>μὲν,</em></strong></span> <span class='ocrx_word' id='word_1_287' title='bbox 453 1995 505 2026; x_wconf 67' lang='grc' dir='ltr'><strong>ὅσα</strong></span> <span class='ocrx_word' id='word_1_288' title='bbox 528 1997 560 2026; x_wconf 75' lang='grc' dir='ltr'><strong><em>ἄν</em></strong></span> <span class='ocrx_word' id='word_1_289' title='bbox 582 2007 628 2030; x_wconf 80' lang='grc' dir='ltr'><strong>’τις</strong></span> <span class='ocrx_word' id='word_1_290' title='bbox 649 1995 757 2036; x_wconf 71' lang='grc' dir='ltr'><strong>ὑπερβῇ</strong></span> <span class='ocrx_word' id='word_1_291' title='bbox 779 1996 823 2034; x_wconf 63' lang='grc' dir='ltr'><strong>τῷ</strong></span> 
     </span>
     <span class='ocr_line' id='line_1_44' title="bbox 105 2038 823 2080; baseline -0.001 -12"><span class='ocrx_word' id='word_1_292' title='bbox 105 2038 190 2077; x_wconf 80' lang='grc' dir='ltr'>λόγῳ,</span> <span class='ocrx_word' id='word_1_293' title='bbox 221 2039 264 2069; x_wconf 74' lang='grc' dir='ltr'><strong><em>ἵνα,</em></strong></span> <span class='ocrx_word' id='word_1_294' title='bbox 285 2042 327 2080; x_wconf 71' lang='grc' dir='ltr'><strong>μὴ</strong></span> <span class='ocrx_word' id='word_1_295' title='bbox 350 2039 475 2080; x_wconf 69' lang='grc' dir='ltr'><strong>λυπήσῃ,</strong></span> <span class='ocrx_word' id='word_1_296' title='bbox 506 2039 556 2068; x_wconf 77' lang='grc' dir='ltr'><strong>καὶ</strong></span> <span class='ocrx_word' id='word_1_297' title='bbox 577 2041 618 2069; x_wconf 76' lang='grc' dir='ltr'><strong>τὰ</strong></span> <span class='ocrx_word' id='word_1_298' title='bbox 647 2038 823 2078; x_wconf 67' lang='grc' dir='ltr'><strong>’ω’ξίιγμοιτσ.</strong></span> 
     </span>
     <span class='ocr_line' id='line_1_45' title="bbox 106 2080 826 2123; baseline -0.003 -11"><span class='ocrx_word' id='word_1_299' title='bbox 106 2082 310 2121; x_wconf 72' lang='grc' dir='ltr'><strong>ὑπερβήσεται,</strong></span> <span class='ocrx_word' id='word_1_300' title='bbox 335 2082 378 2112; x_wconf 81' lang='grc' dir='ltr'><strong>δεῖ</strong></span> <span class='ocrx_word' id='word_1_301' title='bbox 390 2081 456 2123; x_wconf 78' lang='grc' dir='ltr'>πρὸς</span> <span class='ocrx_word' id='word_1_302' title='bbox 472 2082 557 2113; x_wconf 71' lang='grc' dir='ltr'><strong><em>ἡδονὴν</em></strong></span> <span class='ocrx_word' id='word_1_303' title='bbox 573 2081 746 2121; x_wconf 65' lang='grc' dir='ltr'><strong><em>δημηγορεῖν·</em></strong></span> <span class='ocrx_word' id='word_1_304' title='bbox 762 2082 785 2113; x_wconf 87' lang='grc' dir='ltr'><strong>εἷ</strong></span> <span class='ocrx_word' id='word_1_305' title='bbox 801 2080 826 2110; x_wconf 87' lang='grc' dir='ltr'><strong>δ’</strong></span> 
     </span>
     <span class='ocr_line' id='line_1_46' title="bbox 106 2123 825 2167; baseline 0 -13"><span class='ocrx_word' id='word_1_306' title='bbox 106 2125 121 2154; x_wconf 76' lang='grc' dir='ltr'>ἦ</span> <span class='ocrx_word' id='word_1_307' title='bbox 133 2127 188 2155; x_wconf 78' lang='grc' dir='ltr'><strong><em>τῶν</em></strong></span> <span class='ocrx_word' id='word_1_308' title='bbox 202 2125 290 2163; x_wconf 80' lang='grc' dir='ltr'><strong><em>λόγων</em></strong></span> <span class='ocrx_word' id='word_1_309' title='bbox 300 2126 395 2167; x_wconf 78' lang='grc' dir='ltr'><strong>χάρις,</strong></span> <span class='ocrx_word' id='word_1_310' title='bbox 406 2125 440 2155; x_wconf 75' lang='grc' dir='ltr'><strong><em>ἂν</em></strong></span> <span class='ocrx_word' id='word_1_311' title='bbox 455 2123 471 2166; x_wconf 74' lang='grc' dir='ltr'><em>ᾗ</em></span> <span class='ocrx_word' id='word_1_312' title='bbox 486 2127 528 2163; x_wconf 74' lang='grc' dir='ltr'><strong>μὴ</strong></span> <span class='ocrx_word' id='word_1_313' title='bbox 546 2124 738 2165; x_wconf 59' lang='lat' dir='ltr'><strong>vrgao-luxoveo,</strong></span> <span class='ocrx_word' id='word_1_314' title='bbox 753 2123 825 2164; x_wconf 73' lang='grc' dir='ltr'><strong>ἔςγῳ</strong></span> 
     </span>
     <span class='ocr_line' id='line_1_47' title="bbox 105 2166 823 2210; baseline 0.001 -13"><span class='ocrx_word' id='word_1_315' title='bbox 105 2166 197 2207; x_wconf 64' lang='grc' dir='ltr'><strong>ζημίαι</strong></span> <span class='ocrx_word' id='word_1_316' title='bbox 209 2167 346 2207; x_wconf 69' lang='grc' dir='ltr'><strong>γίγνεται,</strong></span> <span class='ocrx_word' id='word_1_317' title='bbox 359 2167 475 2210; x_wconf 77' lang='grc' dir='ltr'><strong><em>αἰσχρόν</em></strong></span> <span class='ocrx_word' id='word_1_318' title='bbox 485 2167 551 2198; x_wconf 71' lang='grc' dir='ltr'><strong>ἐστι</strong></span> <span class='ocrx_word' id='word_1_319' title='bbox 561 2179 589 2198; x_wconf 78' lang='grc' dir='ltr'><strong>κ.</strong></span> <span class='ocrx_word' id='word_1_320' title='bbox 601 2179 630 2197; x_wconf 79' lang='grc' dir='ltr'><strong>τ.</strong></span> <span class='ocrx_word' id='word_1_321' title='bbox 642 2173 671 2196; x_wconf 92' lang='grc' dir='ltr'><strong>λ.</strong></span> <span class='ocrx_word' id='word_1_322' title='bbox 683 2169 823 2198; x_wconf 69' lang='lat' dir='ltr'><strong>Amzns-</strong></span> 
     </span>
     <span class='ocr_line' id='line_1_48' title="bbox 105 2221 255 2242; baseline 0.013 -2"><span class='ocrx_word' id='word_1_323' title='bbox 105 2221 255 2242; x_wconf 68' lang='lat' dir='ltr'><strong>roonor.</strong></span> 
     </span>
    </p>

    <p class='ocr_par' dir='ltr' id='par_1_9' title="bbox 104 2252 824 2422">
     <span class='ocr_line' id='line_1_49' title="bbox 148 2252 819 2294; baseline -0.004 -9"><span class='ocrx_word' id='word_1_324' title='bbox 148 2271 191 2276; x_wconf 93' lang='lat'>—</span> <span class='ocrx_word' id='word_1_325' title='bbox 202 2254 281 2285; x_wconf 86' lang='lat' dir='ltr'>ibid.</span> <span class='ocrx_word' id='word_1_326' title='bbox 299 2253 337 2293; x_wconf 77' lang='grc' dir='ltr'><strong>[οἱ</strong></span> <span class='ocrx_word' id='word_1_327' title='bbox 351 2252 549 2294; x_wconf 68' lang='grc' dir='ltr'><strong><em>μέλλοντες-Π</em></strong></span> <span class='ocrx_word' id='word_1_328' title='bbox 575 2254 638 2283; x_wconf 81' lang='lat' dir='ltr'><strong>Cur</strong></span> <span class='ocrx_word' id='word_1_329' title='bbox 657 2253 819 2284; x_wconf 82' lang='lat' dir='ltr'><strong>Reiskium</strong></span> 
     </span>
     <span class='ocr_line' id='line_1_50' title="bbox 104 2297 823 2336; baseline -0.001 -10"><span class='ocrx_word' id='word_1_330' title='bbox 104 2306 226 2336; x_wconf 87' lang='lat' dir='ltr'><strong>sequar,</strong></span> <span class='ocrx_word' id='word_1_331' title='bbox 243 2307 301 2327; x_wconf 90' lang='lat' dir='ltr'><strong>non</strong></span> <span class='ocrx_word' id='word_1_332' title='bbox 313 2297 415 2326; x_wconf 87' lang='lat' dir='ltr'><strong>video.</strong></span> <span class='ocrx_word' id='word_1_333' title='bbox 430 2298 706 2327; x_wconf 66' lang='lat' dir='ltr'><strong>Amensrooanr.</strong></span> <span class='ocrx_word' id='word_1_334' title='bbox 723 2297 823 2326; x_wconf 85' lang='lat' dir='ltr'><strong>Recte</strong></span> 
     </span>
     <span class='ocr_line' id='line_1_51' title="bbox 105 2338 824 2371; baseline -0.004 0"><span class='ocrx_word' id='word_1_335' title='bbox 105 2350 201 2371; x_wconf 80' lang='lat' dir='ltr'><strong>uncos</strong></span> <span class='ocrx_word' id='word_1_336' title='bbox 212 2339 343 2370; x_wconf 85' lang='lat' dir='ltr'><strong>removit</strong></span> <span class='ocrx_word' id='word_1_337' title='bbox 354 2350 422 2370; x_wconf 88' lang='lat' dir='ltr'><strong>cum</strong></span> <span class='ocrx_word' id='word_1_338' title='bbox 433 2339 677 2370; x_wconf 85' lang='lat' dir='ltr'><strong>Amerssoordtio</strong></span> <span class='ocrx_word' id='word_1_339' title='bbox 687 2338 824 2369; x_wconf 87' lang='lat' dir='ltr'><strong>Bekker.</strong></span> 
     </span>
     <span class='ocr_line' id='line_1_52' title="bbox 106 2382 650 2422; baseline 0.002 -11"><span class='ocrx_word' id='word_1_340' title='bbox 106 2382 198 2415; x_wconf 82' lang='lat' dir='ltr'>Conf.</span> <span class='ocrx_word' id='word_1_341' title='bbox 214 2393 244 2422; x_wconf 91' lang='lat' dir='ltr'><strong>p.</strong></span> <span class='ocrx_word' id='word_1_342' title='bbox 263 2384 358 2413; x_wconf 78' lang='grc'><strong>1423.</strong></span> <span class='ocrx_word' id='word_1_343' title='bbox 377 2386 428 2413; x_wconf 83' lang='lat'><strong>14.</strong></span> <span class='ocrx_word' id='word_1_344' title='bbox 453 2383 650 2414; x_wconf 75' lang='lat' dir='ltr'>SanEFER.</span> 
     </span>
    </p>

    <p class='ocr_par' dir='ltr' id='par_1_10' title="bbox 104 2423 822 2542">
     <span class='ocr_line' id='line_1_53' title="bbox 149 2423 822 2466; baseline 0 -12"><span class='ocrx_word' id='word_1_345' title='bbox 149 2442 193 2451; x_wconf 74' lang='lat'><strong>--</strong></span> <span class='ocrx_word' id='word_1_346' title='bbox 207 2425 283 2456; x_wconf 90' lang='lat' dir='ltr'>ibid.</span> <span class='ocrx_word' id='word_1_347' title='bbox 305 2423 395 2464; x_wconf 74' lang='grc' dir='ltr'><strong>λέγειν</strong></span> <span class='ocrx_word' id='word_1_348' title='bbox 419 2424 511 2466; x_wconf 75' lang='grc' dir='ltr'><strong><em>δεινοὶ]</em></strong></span> <span class='ocrx_word' id='word_1_349' title='bbox 534 2426 617 2455; x_wconf 86' lang='lat' dir='ltr'><strong>Cave</strong></span> <span class='ocrx_word' id='word_1_350' title='bbox 639 2426 752 2463; x_wconf 85' lang='lat' dir='ltr'><strong>jungas</strong></span> <span class='ocrx_word' id='word_1_351' title='bbox 775 2423 822 2454; x_wconf 80' lang='grc' dir='ltr'><strong>λέ-</strong></span> 
     </span>
     <span class='ocr_line' id='line_1_54' title="bbox 104 2466 822 2507; baseline -0.001 -9"><span class='ocrx_word' id='word_1_352' title='bbox 104 2477 164 2507; x_wconf 70' lang='grc' dir='ltr'><strong>γειν</strong></span> <span class='ocrx_word' id='word_1_353' title='bbox 180 2466 265 2498; x_wconf 83' lang='grc' dir='ltr'><strong>δεινοί.</strong></span> <span class='ocrx_word' id='word_1_354' title='bbox 289 2467 370 2502; x_wconf 79' lang='grc' dir='ltr'><strong>δεινὸς</strong></span> <span class='ocrx_word' id='word_1_355' title='bbox 384 2469 485 2507; x_wconf 86' lang='lat' dir='ltr'><strong>ipsum</strong></span> <span class='ocrx_word' id='word_1_356' title='bbox 511 2477 568 2507; x_wconf 82' lang='lat' dir='ltr'><strong>per</strong></span> <span class='ocrx_word' id='word_1_357' title='bbox 584 2478 617 2497; x_wconf 87' lang='lat' dir='ltr'><strong>se</strong></span> <span class='ocrx_word' id='word_1_358' title='bbox 632 2468 671 2498; x_wconf 84' lang='lat' dir='ltr'><strong>de</strong></span> <span class='ocrx_word' id='word_1_359' title='bbox 691 2468 822 2497; x_wconf 82' lang='lat' dir='ltr'><strong>facundo</strong></span> 
     </span>
     <span class='ocr_line' id='line_1_55' title="bbox 107 2511 456 2542; baseline -0.003 -1"><span class='ocrx_word' id='word_1_360' title='bbox 107 2511 233 2541; x_wconf 88' lang='lat' dir='ltr'><strong>dicitur.</strong></span> <span class='ocrx_word' id='word_1_361' title='bbox 257 2512 456 2542; x_wconf 73' lang='lat' dir='ltr'>SCHAEFER.</span> 
     </span>
    </p>

    <p class='ocr_par' dir='ltr' id='par_1_11' title="bbox 107 2550 824 2759">
     <span class='ocr_line' id='line_1_56' title="bbox 149 2550 822 2594; baseline -0.003 -10"><span class='ocrx_word' id='word_1_362' title='bbox 149 2554 288 2584; x_wconf 87' lang='lat' dir='ltr'><strong>—ibid.</strong></span> <span class='ocrx_word' id='word_1_363' title='bbox 308 2551 456 2594; x_wconf 73' lang='grc' dir='ltr'><strong><em>Φανείημεν</em></strong></span> <span class='ocrx_word' id='word_1_364' title='bbox 481 2550 571 2593; x_wconf 74' lang='grc' dir='ltr'><strong><em>ὄντες]</em></strong></span> <span class='ocrx_word' id='word_1_365' title='bbox 601 2551 687 2582; x_wconf 86' lang='lat' dir='ltr'><strong>Nihil</strong></span> <span class='ocrx_word' id='word_1_366' title='bbox 712 2552 822 2582; x_wconf 81' lang='lat' dir='ltr'><strong>abesse</strong></span> 
     </span>
     <span class='ocr_line' id='line_1_57' title="bbox 108 2595 824 2631; baseline -0.007 -2"><span class='ocrx_word' id='word_1_367' title='bbox 108 2596 259 2629; x_wconf 77' lang='lat' dir='ltr'><strong>Reiskius</strong></span> <span class='ocrx_word' id='word_1_368' title='bbox 292 2596 383 2627; x_wconf 84' lang='lat' dir='ltr'><strong>facile</strong></span> <span class='ocrx_word' id='word_1_369' title='bbox 414 2596 558 2631; x_wconf 82' lang='lat' dir='ltr'><strong>vidisset,</strong></span> <span class='ocrx_word' id='word_1_370' title='bbox 588 2595 613 2625; x_wconf 83' lang='lat' dir='ltr'><strong>si</strong></span> <span class='ocrx_word' id='word_1_371' title='bbox 641 2595 824 2625; x_wconf 79' lang='lat' dir='ltr'><strong>attendisset</strong></span> 
     </span>
     <span class='ocr_line' id='line_1_58' title="bbox 109 2638 824 2679; baseline -0.004 -9"><span class='ocrx_word' id='word_1_372' title='bbox 109 2640 169 2670; x_wconf 80' lang='lat' dir='ltr'><strong>vim</strong></span> <span class='ocrx_word' id='word_1_373' title='bbox 184 2639 402 2679; x_wconf 75' lang='lat' dir='ltr'><strong>oppositionis.</strong></span> <span class='ocrx_word' id='word_1_374' title='bbox 445 2638 575 2669; x_wconf 83' lang='lat' dir='ltr'><strong>Scilicet</strong></span> <span class='ocrx_word' id='word_1_375' title='bbox 588 2638 648 2672; x_wconf 71' lang='grc' dir='ltr'><strong><em>τοῖς</em></strong></span> <span class='ocrx_word' id='word_1_376' title='bbox 663 2638 753 2672; x_wconf 83' lang='grc' dir='ltr'><strong><em>δεινοῖς</em></strong></span> <span class='ocrx_word' id='word_1_377' title='bbox 768 2648 824 2677; x_wconf 87' lang='lat' dir='ltr'><strong>op-</strong></span> 
     </span>
     <span class='ocr_line' id='line_1_59' title="bbox 108 2680 823 2723; baseline -0.004 -9"><span class='ocrx_word' id='word_1_378' title='bbox 108 2682 232 2723; x_wconf 83' lang='lat' dir='ltr'><strong>ponitur·</strong></span> <span class='ocrx_word' id='word_1_379' title='bbox 248 2693 277 2714; x_wconf 86' lang='lat' dir='ltr'><strong>v.</strong></span> <span class='ocrx_word' id='word_1_380' title='bbox 299 2685 331 2713; x_wconf 88' lang='lat'><strong>8.</strong></span> <span class='ocrx_word' id='word_1_381' title='bbox 349 2682 491 2721; x_wconf 59' lang='grc' dir='ltr'><strong><em>ὁστισοῦν,</em></strong></span> <span class='ocrx_word' id='word_1_382' title='bbox 514 2680 536 2711; x_wconf 93' lang='lat' dir='ltr'><strong>i.</strong></span> <span class='ocrx_word' id='word_1_383' title='bbox 552 2691 580 2712; x_wconf 86' lang='lat' dir='ltr'><strong>e.</strong></span> <span class='ocrx_word' id='word_1_384' title='bbox 595 2681 687 2711; x_wconf 89' lang='lat' dir='ltr'><strong>homo</strong></span> <span class='ocrx_word' id='word_1_385' title='bbox 704 2681 752 2711; x_wconf 87' lang='lat' dir='ltr'><strong>vel</strong></span> <span class='ocrx_word' id='word_1_386' title='bbox 767 2680 823 2710; x_wconf 89' lang='lat' dir='ltr'><strong>mi-</strong></span> 
     </span>
     <span class='ocr_line' id='line_1_60' title="bbox 107 2725 494 2759; baseline -0.005 -3"><span class='ocrx_word' id='word_1_387' title='bbox 107 2725 189 2759; x_wconf 78' lang='lat' dir='ltr'><strong>njrne</strong></span> <span class='ocrx_word' id='word_1_388' title='bbox 204 2726 362 2757; x_wconf 75' lang='lat' dir='ltr'><strong>facundus.</strong></span> <span class='ocrx_word' id='word_1_389' title='bbox 385 2725 494 2754; x_wconf 72' lang='lat' dir='ltr'>Imm.</span> 
     </span>
    </p>

    <p class='ocr_par' dir='ltr' id='par_1_12' title="bbox 108 2765 824 3022">
     <span class='ocr_line' id='line_1_61' title="bbox 151 2765 823 2808; baseline -0.006 -9"><span class='ocrx_word' id='word_1_390' title='bbox 151 2784 195 2791; x_wconf 83' lang='lat'><strong>—-</strong></span> <span class='ocrx_word' id='word_1_391' title='bbox 208 2770 241 2799; x_wconf 88' lang='lat'><strong>¹7.</strong></span> <span class='ocrx_word' id='word_1_392' title='bbox 265 2766 296 2798; x_wconf 69' lang='grc' dir='ltr'><strong>εὖ</strong></span> <span class='ocrx_word' id='word_1_393' title='bbox 316 2765 368 2798; x_wconf 75' lang='grc' dir='ltr'><strong><em>οἶδ’</em></strong></span> <span class='ocrx_word' id='word_1_394' title='bbox 391 2767 454 2808; x_wconf 72' lang='grc' dir='ltr'><strong>ὅτι]</strong></span> <span class='ocrx_word' id='word_1_395' title='bbox 478 2766 624 2798; x_wconf 83' lang='lat' dir='ltr'><strong>Formula</strong></span> <span class='ocrx_word' id='word_1_396' title='bbox 639 2765 758 2796; x_wconf 87' lang='lat' dir='ltr'><strong>Graecis</strong></span> <span class='ocrx_word' id='word_1_397' title='bbox 774 2776 823 2796; x_wconf 87' lang='lat' dir='ltr'><strong>so-</strong></span> 
     </span>
     <span class='ocr_line' id='line_1_62' title="bbox 108 2808 822 2850; baseline -0.003 -10"><span class='ocrx_word' id='word_1_398' title='bbox 108 2810 218 2842; x_wconf 75' lang='lat' dir='ltr'><strong>lemnis</strong></span> <span class='ocrx_word' id='word_1_399' title='bbox 239 2815 331 2849; x_wconf 75' lang='lat' dir='ltr'><strong>atque</strong></span> <span class='ocrx_word' id='word_1_400' title='bbox 356 2810 387 2840; x_wconf 87' lang='lat' dir='ltr'><strong>in</strong></span> <span class='ocrx_word' id='word_1_401' title='bbox 412 2819 597 2850; x_wconf 83' lang='lat' dir='ltr'><strong>quocunque</strong></span> <span class='ocrx_word' id='word_1_402' title='bbox 619 2819 731 2848; x_wconf 86' lang='lat' dir='ltr'><strong>genere</strong></span> <span class='ocrx_word' id='word_1_403' title='bbox 750 2808 822 2838; x_wconf 87' lang='lat' dir='ltr'><strong>scri-</strong></span> 
     </span>
     <span class='ocr_line' id='line_1_63' title="bbox 109 2852 824 2893; baseline -0.001 -10"><span class='ocrx_word' id='word_1_404' title='bbox 109 2858 231 2893; x_wconf 67' lang='lat' dir='ltr'><strong>piorum</strong></span> <span class='ocrx_word' id='word_1_405' title='bbox 249 2854 426 2893; x_wconf 76' lang='lat' dir='ltr'><strong>frequenter</strong></span> <span class='ocrx_word' id='word_1_406' title='bbox 437 2853 542 2889; x_wconf 77' lang='lat' dir='ltr'><strong>obvia,</strong></span> <span class='ocrx_word' id='word_1_407' title='bbox 553 2852 641 2891; x_wconf 88' lang='lat' dir='ltr'><strong>cujus</strong></span> <span class='ocrx_word' id='word_1_408' title='bbox 657 2856 756 2881; x_wconf 77' lang='lat' dir='ltr'><strong>tamen</strong></span> <span class='ocrx_word' id='word_1_409' title='bbox 772 2862 824 2882; x_wconf 78' lang='lat' dir='ltr'><strong>va-</strong></span> 
     </span>
     <span class='ocr_line' id='line_1_64' title="bbox 109 2894 824 2936; baseline -0.003 -11"><span class='ocrx_word' id='word_1_410' title='bbox 109 2895 186 2928; x_wconf 81' lang='lat' dir='ltr'><strong>riam</strong></span> <span class='ocrx_word' id='word_1_411' title='bbox 199 2899 383 2936; x_wconf 74' lang='lat' dir='ltr'><strong>potestatem</strong></span> <span class='ocrx_word' id='word_1_412' title='bbox 403 2896 620 2934; x_wconf 80' lang='lat' dir='ltr'><strong>diversamque</strong></span> <span class='ocrx_word' id='word_1_413' title='bbox 647 2894 824 2924; x_wconf 79' lang='lat' dir='ltr'><strong>collocatio-</strong></span> 
     </span>
     <span class='ocr_line' id='line_1_65' title="bbox 109 2936 824 2978; baseline -0.004 -8"><span class='ocrx_word' id='word_1_414' title='bbox 109 2948 190 2975; x_wconf 78' lang='lat' dir='ltr'><strong>nem,</strong></span> <span class='ocrx_word' id='word_1_415' title='bbox 216 2938 367 2978; x_wconf 79' lang='lat' dir='ltr'><strong>imprimis</strong></span> <span class='ocrx_word' id='word_1_416' title='bbox 391 2939 673 2972; x_wconf 78' lang='lat' dir='ltr'><strong>Demosthenieam,</strong></span> <span class='ocrx_word' id='word_1_417' title='bbox 698 2936 824 2968; x_wconf 84' lang='lat' dir='ltr'><strong>uberius</strong></span> 
     </span>
     <span class='ocr_line' id='line_1_66' title="bbox 109 2981 824 3022; baseline -0.001 -10"><span class='ocrx_word' id='word_1_418' title='bbox 109 2981 172 3012; x_wconf 80' lang='lat' dir='ltr'>h.1.</span> <span class='ocrx_word' id='word_1_419' title='bbox 187 2981 347 3022; x_wconf 79' lang='lat' dir='ltr'><strong>explicare</strong></span> <span class='ocrx_word' id='word_1_420' title='bbox 363 2982 537 3014; x_wconf 74' lang='lat' dir='ltr'><strong>statuimus.</strong></span> <span class='ocrx_word' id='word_1_421' title='bbox 584 2982 632 3013; x_wconf 80' lang='lat' dir='ltr'><strong>De</strong></span> <span class='ocrx_word' id='word_1_422' title='bbox 644 2990 680 3011; x_wconf 74' lang='lat' dir='ltr'><strong>ea</strong></span> <span class='ocrx_word' id='word_1_423' title='bbox 695 2985 824 3020; x_wconf 86' lang='lat' dir='ltr'><strong>egerunt</strong></span> 
     </span>
    </p>

    <p class='ocr_par' dir='ltr' id='par_1_13' title="bbox 152 3033 279 3055">
     <span class='ocr_line' id='line_1_67' title="bbox 152 3033 279 3055; baseline 0.016 -2"><span class='ocrx_word' id='word_1_424' title='bbox 152 3033 230 3055; x_wconf 70' lang='lat' dir='ltr'>vor..</span> <span class='ocrx_word' id='word_1_425' title='bbox 246 3035 279 3055; x_wconf 74' lang='lat' dir='ltr'><strong>v.</strong></span> 
     </span>
    </p>
   </div>
   <div class='ocr_carea' id='block_1_5' title="bbox 855 413 1578 3053">
    <p class='ocr_par' dir='ltr' id='par_1_14' title="bbox 855 413 1578 3053">
     <span class='ocr_line' id='line_1_68' title="bbox 862 413 1577 455; baseline 0.004 -12"><span class='ocrx_word' id='word_1_426' title='bbox 862 413 978 444; x_wconf 76' lang='lat' dir='ltr'><strong>Panic.</strong></span> <span class='ocrx_word' id='word_1_427' title='bbox 995 416 1025 443; x_wconf 91' lang='lat'><strong>1.</strong></span> <span class='ocrx_word' id='word_1_428' title='bbox 1042 415 1095 444; x_wconf 89' lang='lat' dir='ltr'><strong>Gr.</strong></span> <span class='ocrx_word' id='word_1_429' title='bbox 1111 425 1143 453; x_wconf 90' lang='lat' dir='ltr'><strong>p.</strong></span> <span class='ocrx_word' id='word_1_430' title='bbox 1155 417 1228 446; x_wconf 83' lang='lat'>876.</span> <span class='ocrx_word' id='word_1_431' title='bbox 1245 422 1274 445; x_wconf 75' lang='lat' dir='ltr'><strong>et</strong></span> <span class='ocrx_word' id='word_1_432' title='bbox 1287 426 1319 454; x_wconf 88' lang='lat' dir='ltr'><strong>p.</strong></span> <span class='ocrx_word' id='word_1_433' title='bbox 1331 417 1402 446; x_wconf 87' lang='lat'>880.</span> <span class='ocrx_word' id='word_1_434' title='bbox 1418 426 1486 455; x_wconf 85' lang='lat' dir='ltr'>sqq.</span> <span class='ocrx_word' id='word_1_435' title='bbox 1503 416 1577 446; x_wconf 86' lang='lat' dir='ltr'><strong>sub-</strong></span> 
     </span>
     <span class='ocr_line' id='line_1_69' title="bbox 863 456 1576 493; baseline 0.006 -8"><span class='ocrx_word' id='word_1_436' title='bbox 863 456 1049 486; x_wconf 80' lang='lat' dir='ltr'><strong>audiendum</strong></span> <span class='ocrx_word' id='word_1_437' title='bbox 1073 467 1141 486; x_wconf 83' lang='lat' dir='ltr'><strong>esse</strong></span> <span class='ocrx_word' id='word_1_438' title='bbox 1166 463 1272 488; x_wconf 84' lang='lat' dir='ltr'><strong>censet</strong></span> <span class='ocrx_word' id='word_1_439' title='bbox 1296 456 1378 488; x_wconf 72' lang='grc' dir='ltr'><strong><em>τοῦτ’</em></strong></span> <span class='ocrx_word' id='word_1_440' title='bbox 1396 456 1501 493; x_wconf 74' lang='grc' dir='ltr'>ἀληθές</span> <span class='ocrx_word' id='word_1_441' title='bbox 1522 458 1576 489; x_wconf 86' lang='lat' dir='ltr'><strong>vel</strong></span> 
     </span>
     <span class='ocr_line' id='line_1_70' title="bbox 861 497 1574 540; baseline 0.006 -13"><span class='ocrx_word' id='word_1_442' title='bbox 861 497 955 537; x_wconf 73' lang='grc' dir='ltr'><em>σαφές</em></span> <span class='ocrx_word' id='word_1_443' title='bbox 971 498 1060 530; x_wconf 75' lang='grc' dir='ltr'><strong>ἐστιν.</strong></span> <span class='ocrx_word' id='word_1_444' title='bbox 1103 498 1236 529; x_wconf 82' lang='lat' dir='ltr'><strong>Videtur</strong></span> <span class='ocrx_word' id='word_1_445' title='bbox 1246 506 1345 530; x_wconf 75' lang='lat' dir='ltr'><strong>[amen</strong></span> <span class='ocrx_word' id='word_1_446' title='bbox 1361 501 1464 540; x_wconf 85' lang='lat' dir='ltr'><strong>potius</strong></span> <span class='ocrx_word' id='word_1_447' title='bbox 1479 501 1574 531; x_wconf 87' lang='lat' dir='ltr'><strong>tacite</strong></span> 
     </span>
     <span class='ocr_line' id='line_1_71' title="bbox 861 541 1574 582; baseline 0.006 -12"><span class='ocrx_word' id='word_1_448' title='bbox 861 542 1062 581; x_wconf 82' lang='lat' dir='ltr'><strong>repetendum</strong></span> <span class='ocrx_word' id='word_1_449' title='bbox 1086 551 1157 571; x_wconf 86' lang='lat' dir='ltr'><strong>esse</strong></span> <span class='ocrx_word' id='word_1_450' title='bbox 1172 541 1252 571; x_wconf 85' lang='lat' dir='ltr'><strong>idem</strong></span> <span class='ocrx_word' id='word_1_451' title='bbox 1271 543 1407 579; x_wconf 81' lang='lat' dir='ltr'><strong>verbum,</strong></span> <span class='ocrx_word' id='word_1_452' title='bbox 1436 544 1472 573; x_wconf 86' lang='lat' dir='ltr'><strong>ad</strong></span> <span class='ocrx_word' id='word_1_453' title='bbox 1490 544 1574 582; x_wconf 84' lang='lat' dir='ltr'><strong>quod</strong></span> 
     </span>
     <span class='ocr_line' id='line_1_72' title="bbox 860 583 1575 618; baseline 0.001 -4"><span class='ocrx_word' id='word_1_454' title='bbox 860 583 890 614; x_wconf 89' lang='lat' dir='ltr'><strong>in</strong></span> <span class='ocrx_word' id='word_1_455' title='bbox 908 584 1055 614; x_wconf 85' lang='lat' dir='ltr'><strong>Oratione</strong></span> <span class='ocrx_word' id='word_1_456' title='bbox 1065 585 1208 618; x_wconf 81' lang='lat' dir='ltr'><strong>refertur,</strong></span> <span class='ocrx_word' id='word_1_457' title='bbox 1221 588 1255 613; x_wconf 90' lang='lat' dir='ltr'><strong>ut</strong></span> <span class='ocrx_word' id='word_1_458' title='bbox 1267 584 1315 613; x_wconf 87' lang='lat' dir='ltr'><strong>hic</strong></span> <span class='ocrx_word' id='word_1_459' title='bbox 1329 585 1402 615; x_wconf 77' lang='grc' dir='ltr'><strong><em>οὐδὲν</em></strong></span> <span class='ocrx_word' id='word_1_460' title='bbox 1414 586 1447 615; x_wconf 67' lang='grc' dir='ltr'><strong><em>ἂν</em></strong></span> <span class='ocrx_word' id='word_1_461' title='bbox 1460 585 1575 618; x_wconf 75' lang='grc' dir='ltr'><strong><em>βέλτιον</em></strong></span> 
     </span>
     <span class='ocr_line' id='line_1_73' title="bbox 860 626 1574 667; baseline 0.006 -12"><span class='ocrx_word' id='word_1_462' title='bbox 860 626 958 667; x_wconf 74' lang='grc' dir='ltr'><strong><em>σχοίη,</em></strong></span> <span class='ocrx_word' id='word_1_463' title='bbox 984 626 1105 657; x_wconf 85' lang='lat' dir='ltr'><strong>sicutin</strong></span> <span class='ocrx_word' id='word_1_464' title='bbox 1122 626 1210 657; x_wconf 89' lang='lat' dir='ltr'><strong>Pauli</strong></span> <span class='ocrx_word' id='word_1_465' title='bbox 1224 626 1368 665; x_wconf 81' lang='lat' dir='ltr'><strong>Apostoli</strong></span> <span class='ocrx_word' id='word_1_466' title='bbox 1382 629 1449 657; x_wconf 88' lang='lat' dir='ltr'><strong>loco</strong></span> <span class='ocrx_word' id='word_1_467' title='bbox 1466 629 1574 659; x_wconf 81' lang='lat' dir='ltr'><strong>Actor.</strong></span> 
     </span>
     <span class='ocr_line' id='line_1_74' title="bbox 860 669 1573 709; baseline 0 -9"><span class='ocrx_word' id='word_1_468' title='bbox 860 669 992 700; x_wconf 86' lang='lat' dir='ltr'>XXVI.</span> <span class='ocrx_word' id='word_1_469' title='bbox 1008 672 1060 700; x_wconf 83' lang='grc'><strong>27.</strong></span> <span class='ocrx_word' id='word_1_470' title='bbox 1073 670 1151 700; x_wconf 88' lang='lat' dir='ltr'><strong>hanc</strong></span> <span class='ocrx_word' id='word_1_471' title='bbox 1159 669 1375 709; x_wconf 83' lang='lat' dir='ltr'><strong>repetitionem</strong></span> <span class='ocrx_word' id='word_1_472' title='bbox 1386 670 1502 699; x_wconf 83' lang='lat' dir='ltr'><strong>diserte</strong></span> <span class='ocrx_word' id='word_1_473' title='bbox 1517 681 1573 700; x_wconf 88' lang='lat' dir='ltr'><strong>ex-</strong></span> 
     </span>
     <span class='ocr_line' id='line_1_75' title="bbox 860 711 1573 751; baseline 0 -9"><span class='ocrx_word' id='word_1_474' title='bbox 860 716 942 742; x_wconf 83' lang='lat' dir='ltr'><strong>stare</strong></span> <span class='ocrx_word' id='word_1_475' title='bbox 971 712 1089 743; x_wconf 90' lang='lat' dir='ltr'><strong>monuit</strong></span> <span class='ocrx_word' id='word_1_476' title='bbox 1119 711 1362 750; x_wconf 87' lang='lat' dir='ltr'><strong>Hoogeveenius</strong></span> <span class='ocrx_word' id='word_1_477' title='bbox 1393 713 1433 742; x_wconf 83' lang='lat' dir='ltr'><strong>ad</strong></span> <span class='ocrx_word' id='word_1_478' title='bbox 1468 711 1573 751; x_wconf 87' lang='lat' dir='ltr'><strong>Vigeri</strong></span> 
     </span>
     <span class='ocr_line' id='line_1_76' title="bbox 861 754 1575 785; baseline 0 0"><span class='ocrx_word' id='word_1_479' title='bbox 861 758 891 785; x_wconf 90' lang='lat'><strong>1.</strong></span> <span class='ocrx_word' id='word_1_480' title='bbox 909 766 936 785; x_wconf 92' lang='lat' dir='ltr'><strong>c.</strong></span> <span class='ocrx_word' id='word_1_481' title='bbox 953 756 1002 785; x_wconf 86' lang='lat' dir='ltr'><strong>Cf.</strong></span> <span class='ocrx_word' id='word_1_482' title='bbox 1023 760 1054 785; x_wconf 91' lang='lat' dir='ltr'><strong>et</strong></span> <span class='ocrx_word' id='word_1_483' title='bbox 1074 755 1113 785; x_wconf 89' lang='lat' dir='ltr'>A.</span> <span class='ocrx_word' id='word_1_484' title='bbox 1131 754 1272 785; x_wconf 82' lang='lat' dir='ltr'><strong>Matthiae</strong></span> <span class='ocrx_word' id='word_1_485' title='bbox 1284 754 1315 784; x_wconf 90' lang='lat' dir='ltr'><strong>in</strong></span> <span class='ocrx_word' id='word_1_486' title='bbox 1331 756 1502 784; x_wconf 85' lang='lat' dir='ltr'><strong>Grammat.</strong></span> <span class='ocrx_word' id='word_1_487' title='bbox 1521 755 1575 785; x_wconf 85' lang='lat' dir='ltr'><strong>Gr.</strong></span> 
     </span>
     <span class='ocr_line' id='line_1_77' title="bbox 861 796 1575 838; baseline 0 -11"><span class='ocrx_word' id='word_1_488' title='bbox 861 797 888 837; x_wconf 85' lang='lat'><strong>§.</strong></span> <span class='ocrx_word' id='word_1_489' title='bbox 911 799 1059 829; x_wconf 77' lang='lat' dir='ltr'>613.V1.</span> <span class='ocrx_word' id='word_1_490' title='bbox 1086 809 1118 838; x_wconf 89' lang='lat' dir='ltr'><strong>p.</strong></span> <span class='ocrx_word' id='word_1_491' title='bbox 1145 800 1218 830; x_wconf 84' lang='lat'>905.</span> <span class='ocrx_word' id='word_1_492' title='bbox 1264 798 1365 827; x_wconf 85' lang='lat' dir='ltr'><strong>Recte</strong></span> <span class='ocrx_word' id='word_1_493' title='bbox 1379 796 1511 827; x_wconf 79' lang='lat' dir='ltr'><strong>vertitur</strong></span> <span class='ocrx_word' id='word_1_494' title='bbox 1530 803 1575 827; x_wconf 75' lang='lat' dir='ltr'><strong>sat</strong></span> 
     </span>
     <span class='ocr_line' id='line_1_78' title="bbox 858 839 1575 876; baseline 0 -7"><span class='ocrx_word' id='word_1_495' title='bbox 858 841 927 871; x_wconf 80' lang='lat' dir='ltr'><strong>scio.</strong></span> <span class='ocrx_word' id='word_1_496' title='bbox 971 841 1071 871; x_wconf 85' lang='lat' dir='ltr'><strong>Modo</strong></span> <span class='ocrx_word' id='word_1_497' title='bbox 1094 845 1195 871; x_wconf 84' lang='lat' dir='ltr'><strong>antem</strong></span> <span class='ocrx_word' id='word_1_498' title='bbox 1215 839 1362 876; x_wconf 90' lang='lat' dir='ltr'><strong>occurrit,</strong></span> <span class='ocrx_word' id='word_1_499' title='bbox 1389 839 1496 870; x_wconf 84' lang='lat' dir='ltr'><strong>addito</strong></span> <span class='ocrx_word' id='word_1_500' title='bbox 1520 840 1575 869; x_wconf 80' lang='lat' dir='ltr'><strong>ad-</strong></span> 
     </span>
     <span class='ocr_line' id='line_1_79' title="bbox 860 881 1574 920; baseline -0.003 -7"><span class='ocrx_word' id='word_1_501' title='bbox 860 882 968 914; x_wconf 88' lang='lat' dir='ltr'><strong>verbio</strong></span> <span class='ocrx_word' id='word_1_502' title='bbox 983 881 1023 920; x_wconf 65' lang='lat'><strong>23,</strong></span> <span class='ocrx_word' id='word_1_503' title='bbox 1048 884 1139 914; x_wconf 92' lang='lat' dir='ltr'><strong>modo</strong></span> <span class='ocrx_word' id='word_1_504' title='bbox 1154 883 1261 914; x_wconf 85' lang='lat' dir='ltr'><strong>eodem</strong></span> <span class='ocrx_word' id='word_1_505' title='bbox 1278 883 1414 916; x_wconf 83' lang='lat' dir='ltr'><strong>omisso:</strong></span> <span class='ocrx_word' id='word_1_506' title='bbox 1438 892 1574 913; x_wconf 89' lang='lat' dir='ltr'><strong>nonnun-</strong></span> 
     </span>
     <span class='ocr_line' id='line_1_80' title="bbox 859 924 1576 965; baseline 0 -10"><span class='ocrx_word' id='word_1_507' title='bbox 859 936 949 964; x_wconf 86' lang='lat' dir='ltr'><strong>quam</strong></span> <span class='ocrx_word' id='word_1_508' title='bbox 975 927 1065 957; x_wconf 83' lang='lat' dir='ltr'><strong>etiam</strong></span> <span class='ocrx_word' id='word_1_509' title='bbox 1083 936 1139 965; x_wconf 86' lang='lat' dir='ltr'><strong>pro</strong></span> <span class='ocrx_word' id='word_1_510' title='bbox 1155 927 1213 956; x_wconf 92' lang='lat' dir='ltr'><strong>hoc</strong></span> <span class='ocrx_word' id='word_1_511' title='bbox 1239 925 1323 956; x_wconf 85' lang='lat' dir='ltr'><strong>aliud</strong></span> <span class='ocrx_word' id='word_1_512' title='bbox 1347 924 1516 961; x_wconf 82' lang='lat' dir='ltr'><strong>invenitur,</strong></span> <span class='ocrx_word' id='word_1_513' title='bbox 1541 930 1576 955; x_wconf 89' lang='lat' dir='ltr'><strong>ut</strong></span> 
     </span>
     <span class='ocr_line' id='line_1_81' title="bbox 858 967 1575 1009; baseline -0.001 -11"><span class='ocrx_word' id='word_1_514' title='bbox 858 968 943 1008; x_wconf 72' lang='grc' dir='ltr'>σάφα,</span> <span class='ocrx_word' id='word_1_515' title='bbox 952 970 1002 999; x_wconf 86' lang='lat' dir='ltr'><strong>vel</strong></span> <span class='ocrx_word' id='word_1_516' title='bbox 1012 968 1142 1009; x_wconf 66' lang='grc' dir='ltr'><strong>ἇκςιζῶς.</strong></span> <span class='ocrx_word' id='word_1_517' title='bbox 1165 970 1201 999; x_wconf 90' lang='lat' dir='ltr'><strong>In</strong></span> <span class='ocrx_word' id='word_1_518' title='bbox 1213 979 1392 1009; x_wconf 88' lang='lat' dir='ltr'><strong>quacunque</strong></span> <span class='ocrx_word' id='word_1_519' title='bbox 1407 967 1575 998; x_wconf 80' lang='lat' dir='ltr'><strong>sententia-</strong></span> 
     </span>
     <span class='ocr_line' id='line_1_82' title="bbox 858 1010 1574 1050; baseline 0.001 -10"><span class='ocrx_word' id='word_1_520' title='bbox 858 1021 924 1041; x_wconf 91' lang='lat' dir='ltr'><strong>rum</strong></span> <span class='ocrx_word' id='word_1_521' title='bbox 941 1017 1028 1050; x_wconf 85' lang='lat' dir='ltr'><strong>parte</strong></span> <span class='ocrx_word' id='word_1_522' title='bbox 1044 1012 1211 1047; x_wconf 83' lang='lat' dir='ltr'><strong>invenitur,</strong></span> <span class='ocrx_word' id='word_1_523' title='bbox 1234 1017 1299 1041; x_wconf 87' lang='lat' dir='ltr'><strong>tum</strong></span> <span class='ocrx_word' id='word_1_524' title='bbox 1315 1011 1346 1041; x_wconf 87' lang='lat' dir='ltr'><strong>in</strong></span> <span class='ocrx_word' id='word_1_525' title='bbox 1362 1010 1449 1041; x_wconf 89' lang='lat' dir='ltr'><strong>initio</strong></span> <span class='ocrx_word' id='word_1_526' title='bbox 1465 1017 1496 1041; x_wconf 84' lang='lat' dir='ltr'><strong>et</strong></span> <span class='ocrx_word' id='word_1_527' title='bbox 1509 1021 1574 1041; x_wconf 87' lang='lat' dir='ltr'><strong>me-</strong></span> 
     </span>
     <span class='ocr_line' id='line_1_83' title="bbox 858 1053 1575 1094; baseline -0.001 -11"><span class='ocrx_word' id='word_1_528' title='bbox 858 1053 923 1090; x_wconf 89' lang='lat' dir='ltr'><strong>dio,</strong></span> <span class='ocrx_word' id='word_1_529' title='bbox 934 1055 1041 1084; x_wconf 83' lang='lat' dir='ltr'><strong>tamin</strong></span> <span class='ocrx_word' id='word_1_530' title='bbox 1056 1054 1219 1086; x_wconf 81' lang='lat' dir='ltr'><strong>earundem</strong></span> <span class='ocrx_word' id='word_1_531' title='bbox 1233 1055 1303 1085; x_wconf 90' lang='lat' dir='ltr'><strong>fine.</strong></span> <span class='ocrx_word' id='word_1_532' title='bbox 1349 1053 1529 1094; x_wconf 81' lang='lat' dir='ltr'><strong>Opponitur</strong></span> <span class='ocrx_word' id='word_1_533' title='bbox 1544 1053 1575 1083; x_wconf 89' lang='lat' dir='ltr'><strong>ei</strong></span> 
     </span>
     <span class='ocr_line' id='line_1_84' title="bbox 858 1095 1577 1135; baseline 0 -9"><span class='ocrx_word' id='word_1_534' title='bbox 858 1107 940 1135; x_wconf 82' lang='lat' dir='ltr'><strong>saepe</strong></span> <span class='ocrx_word' id='word_1_535' title='bbox 959 1097 1035 1127; x_wconf 83' lang='lat' dir='ltr'><strong>alia:</strong></span> <span class='ocrx_word' id='word_1_536' title='bbox 1061 1097 1108 1127; x_wconf 76' lang='grc' dir='ltr'><strong>οὐκ</strong></span> <span class='ocrx_word' id='word_1_537' title='bbox 1124 1096 1175 1127; x_wconf 64' lang='grc' dir='ltr'><strong><em>οἷδ’</em></strong></span> <span class='ocrx_word' id='word_1_538' title='bbox 1190 1097 1248 1133; x_wconf 75' lang='grc' dir='ltr'><strong>ὅτι,</strong></span> <span class='ocrx_word' id='word_1_539' title='bbox 1265 1097 1313 1127; x_wconf 88' lang='lat' dir='ltr'><strong>vel</strong></span> <span class='ocrx_word' id='word_1_540' title='bbox 1330 1101 1361 1127; x_wconf 83' lang='lat' dir='ltr'><strong>et</strong></span> <span class='ocrx_word' id='word_1_541' title='bbox 1376 1097 1425 1126; x_wconf 72' lang='lat' dir='ltr'><strong>vim</strong></span> <span class='ocrx_word' id='word_1_542' title='bbox 1441 1095 1493 1126; x_wconf 67' lang='grc' dir='ltr'><strong><em>οἶδ’</em></strong></span> <span class='ocrx_word' id='word_1_543' title='bbox 1506 1095 1521 1126; x_wconf 77' lang='grc' dir='ltr'><strong>δ’</strong></span> <span class='ocrx_word' id='word_1_544' title='bbox 1533 1107 1577 1127; x_wconf 65' lang='grc' dir='ltr'><strong>τη</strong></span> 
     </span>
     <span class='ocr_line' id='line_1_85' title="bbox 857 1139 1575 1178; baseline 0.004 -10"><span class='ocrx_word' id='word_1_545' title='bbox 857 1139 983 1169; x_wconf 89' lang='lat' dir='ltr'><strong>difficile</strong></span> <span class='ocrx_word' id='word_1_546' title='bbox 1007 1144 1106 1171; x_wconf 78' lang='lat' dir='ltr'><strong>autem</strong></span> <span class='ocrx_word' id='word_1_547' title='bbox 1123 1145 1172 1173; x_wconf 76' lang='lat' dir='ltr'><strong>est</strong></span> <span class='ocrx_word' id='word_1_548' title='bbox 1193 1140 1312 1175; x_wconf 85' lang='lat' dir='ltr'><strong>videre,</strong></span> <span class='ocrx_word' id='word_1_549' title='bbox 1338 1145 1439 1170; x_wconf 87' lang='lat' dir='ltr'><strong>utrum</strong></span> <span class='ocrx_word' id='word_1_550' title='bbox 1461 1139 1575 1178; x_wconf 82' lang='lat' dir='ltr'><strong>cuique</strong></span> 
     </span>
     <span class='ocr_line' id='line_1_86' title="bbox 857 1181 1575 1218; baseline 0 -7"><span class='ocrx_word' id='word_1_551' title='bbox 857 1182 926 1212; x_wconf 84' lang='lat' dir='ltr'><strong>loco</strong></span> <span class='ocrx_word' id='word_1_552' title='bbox 942 1183 1116 1213; x_wconf 85' lang='lat' dir='ltr'><strong>conveniat.</strong></span> <span class='ocrx_word' id='word_1_553' title='bbox 1161 1182 1294 1212; x_wconf 89' lang='lat' dir='ltr'><strong>Videtur</strong></span> <span class='ocrx_word' id='word_1_554' title='bbox 1316 1188 1428 1218; x_wconf 80' lang='lat' dir='ltr'><strong>tamen,</strong></span> <span class='ocrx_word' id='word_1_555' title='bbox 1453 1181 1480 1211; x_wconf 83' lang='lat' dir='ltr'><strong>si</strong></span> <span class='ocrx_word' id='word_1_556' title='bbox 1496 1182 1575 1211; x_wconf 80' lang='lat' dir='ltr'><strong>affir-</strong></span> 
     </span>
     <span class='ocr_line' id='line_1_87' title="bbox 856 1222 1576 1265; baseline 0 -11"><span class='ocrx_word' id='word_1_557' title='bbox 856 1226 968 1254; x_wconf 76' lang='lat' dir='ltr'><strong>mantis</strong></span> <span class='ocrx_word' id='word_1_558' title='bbox 990 1230 1050 1261; x_wconf 87' lang='lat' dir='ltr'><strong>est,</strong></span> <span class='ocrx_word' id='word_1_559' title='bbox 1073 1224 1102 1255; x_wconf 70' lang='grc' dir='ltr'><strong>εἶ’]</strong></span> <span class='ocrx_word' id='word_1_560' title='bbox 1120 1223 1243 1261; x_wconf 71' lang='grc' dir='ltr'><strong>οἶδ’ἕτι,</strong></span> <span class='ocrx_word' id='word_1_561' title='bbox 1261 1225 1311 1255; x_wconf 89' lang='lat' dir='ltr'><strong>vel</strong></span> <span class='ocrx_word' id='word_1_562' title='bbox 1328 1224 1510 1265; x_wconf 86' lang='lat' dir='ltr'><strong>simpliciter</strong></span> <span class='ocrx_word' id='word_1_563' title='bbox 1524 1222 1576 1255; x_wconf 78' lang='grc' dir='ltr'><strong><em>οἶδ’</em></strong></span> 
     </span>
     <span class='ocr_line' id='line_1_88' title="bbox 856 1266 1575 1308; baseline 0 -11"><span class='ocrx_word' id='word_1_564' title='bbox 856 1266 909 1303; x_wconf 73' lang='grc' dir='ltr'><strong>ὅτι,</strong></span> <span class='ocrx_word' id='word_1_565' title='bbox 934 1268 1099 1308; x_wconf 84' lang='lat' dir='ltr'><strong>legendum</strong></span> <span class='ocrx_word' id='word_1_566' title='bbox 1115 1278 1183 1301; x_wconf 87' lang='lat' dir='ltr'><strong>esse</strong></span> <span class='ocrx_word' id='word_1_567' title='bbox 1198 1267 1254 1304; x_wconf 81' lang='grc' dir='ltr'><strong>δ’τι,</strong></span> <span class='ocrx_word' id='word_1_568' title='bbox 1272 1268 1299 1298; x_wconf 90' lang='lat' dir='ltr'><strong>si</strong></span> <span class='ocrx_word' id='word_1_569' title='bbox 1314 1267 1466 1308; x_wconf 85' lang='lat' dir='ltr'><strong>negantis,</strong></span> <span class='ocrx_word' id='word_1_570' title='bbox 1479 1267 1509 1297; x_wconf 92' lang='lat' dir='ltr'><strong>in</strong></span> <span class='ocrx_word' id='word_1_571' title='bbox 1525 1267 1575 1297; x_wconf 73' lang='grc' dir='ltr'><strong>οὐκ</strong></span> 
     </span>
     <span class='ocr_line' id='line_1_89' title="bbox 856 1308 1574 1351; baseline 0 -11"><span class='ocrx_word' id='word_1_572' title='bbox 856 1308 935 1340; x_wconf 78' lang='grc' dir='ltr'><strong><em>οῖδ’ὃ’</em></strong></span> <span class='ocrx_word' id='word_1_573' title='bbox 949 1322 979 1341; x_wconf 79' lang='grc' dir='ltr'><strong>τι</strong></span> <span class='ocrx_word' id='word_1_574' title='bbox 999 1311 1214 1351; x_wconf 84' lang='lat' dir='ltr'><strong>separandum.</strong></span> <span class='ocrx_word' id='word_1_575' title='bbox 1258 1311 1309 1341; x_wconf 82' lang='lat' dir='ltr'><strong>Sic</strong></span> <span class='ocrx_word' id='word_1_576' title='bbox 1325 1316 1409 1341; x_wconf 83' lang='lat' dir='ltr'><strong>certe</strong></span> <span class='ocrx_word' id='word_1_577' title='bbox 1426 1315 1459 1340; x_wconf 86' lang='lat' dir='ltr'><strong>ut</strong></span> <span class='ocrx_word' id='word_1_578' title='bbox 1476 1313 1574 1340; x_wconf 86' lang='lat' dir='ltr'><strong>statu-</strong></span> 
     </span>
     <span class='ocr_line' id='line_1_90' title="bbox 856 1353 1575 1393; baseline -0.001 -10"><span class='ocrx_word' id='word_1_579' title='bbox 856 1364 943 1384; x_wconf 86' lang='lat' dir='ltr'><strong>amus</strong></span> <span class='ocrx_word' id='word_1_580' title='bbox 965 1355 1082 1384; x_wconf 86' lang='lat' dir='ltr'><strong>faciunt</strong></span> <span class='ocrx_word' id='word_1_581' title='bbox 1108 1354 1265 1393; x_wconf 81' lang='lat' dir='ltr'><strong>exempla,</strong></span> <span class='ocrx_word' id='word_1_582' title='bbox 1287 1353 1318 1383; x_wconf 89' lang='lat' dir='ltr'><strong>in</strong></span> <span class='ocrx_word' id='word_1_583' title='bbox 1341 1354 1455 1393; x_wconf 86' lang='lat' dir='ltr'><strong>quibus</strong></span> <span class='ocrx_word' id='word_1_584' title='bbox 1481 1363 1575 1392; x_wconf 75' lang='lat' dir='ltr'><strong>supra.</strong></span> 
     </span>
     <span class='ocr_line' id='line_1_91' title="bbox 856 1396 1576 1436; baseline 0.001 -11"><span class='ocrx_word' id='word_1_585' title='bbox 856 1396 1008 1427; x_wconf 89' lang='lat' dir='ltr'><strong>dictorum</strong></span> <span class='ocrx_word' id='word_1_586' title='bbox 1022 1398 1125 1434; x_wconf 83' lang='lat' dir='ltr'><strong>fidem,</strong></span> <span class='ocrx_word' id='word_1_587' title='bbox 1136 1398 1252 1436; x_wconf 78' lang='lat' dir='ltr'><strong>justum</strong></span> <span class='ocrx_word' id='word_1_588' title='bbox 1268 1397 1405 1427; x_wconf 88' lang='lat' dir='ltr'><strong>ordinem</strong></span> <span class='ocrx_word' id='word_1_589' title='bbox 1421 1401 1576 1432; x_wconf 85' lang='lat' dir='ltr'><strong>tenentes,</strong></span> 
     </span>
     <span class='ocr_line' id='line_1_92' title="bbox 857 1439 1575 1479; baseline 0 -10"><span class='ocrx_word' id='word_1_590' title='bbox 857 1439 937 1469; x_wconf 88' lang='lat' dir='ltr'><strong>tueri</strong></span> <span class='ocrx_word' id='word_1_591' title='bbox 958 1440 1148 1479; x_wconf 73' lang='lat' dir='ltr'><strong>conabimur,</strong></span> <span class='ocrx_word' id='word_1_592' title='bbox 1167 1439 1258 1470; x_wconf 81' lang='lat' dir='ltr'><strong>simul</strong></span> <span class='ocrx_word' id='word_1_593' title='bbox 1281 1439 1404 1477; x_wconf 87' lang='lat' dir='ltr'><strong>illorum</strong></span> <span class='ocrx_word' id='word_1_594' title='bbox 1425 1449 1486 1478; x_wconf 83' lang='lat' dir='ltr'><strong>ope</strong></span> <span class='ocrx_word' id='word_1_595' title='bbox 1503 1449 1575 1478; x_wconf 89' lang='lat' dir='ltr'><strong>pro-</strong></span> 
     </span>
     <span class='ocr_line' id='line_1_93' title="bbox 857 1481 1575 1518; baseline 0.001 -7"><span class='ocrx_word' id='word_1_596' title='bbox 857 1483 977 1518; x_wconf 84' lang='lat' dir='ltr'><strong>bantes,</strong></span> <span class='ocrx_word' id='word_1_597' title='bbox 1000 1483 1077 1514; x_wconf 88' lang='lat' dir='ltr'><strong>hanc</strong></span> <span class='ocrx_word' id='word_1_598' title='bbox 1090 1483 1249 1513; x_wconf 82' lang='lat' dir='ltr'><strong>formulam</strong></span> <span class='ocrx_word' id='word_1_599' title='bbox 1265 1493 1335 1513; x_wconf 88' lang='lat' dir='ltr'><strong>cum</strong></span> <span class='ocrx_word' id='word_1_600' title='bbox 1351 1481 1494 1514; x_wconf 83' lang='lat' dir='ltr'><strong>omnibus</strong></span> <span class='ocrx_word' id='word_1_601' title='bbox 1509 1482 1575 1512; x_wconf 77' lang='lat' dir='ltr'><strong>fere</strong></span> 
     </span>
     <span class='ocr_line' id='line_1_94' title="bbox 859 1524 1575 1565; baseline 0 -11"><span class='ocrx_word' id='word_1_602' title='bbox 859 1525 945 1555; x_wconf 89' lang='lat' dir='ltr'><strong>verbi</strong></span> <span class='ocrx_word' id='word_1_603' title='bbox 967 1526 1066 1556; x_wconf 89' lang='lat' dir='ltr'><strong>modis</strong></span> <span class='ocrx_word' id='word_1_604' title='bbox 1089 1525 1342 1565; x_wconf 83' lang='lat' dir='ltr'><strong>temporibusque</strong></span> <span class='ocrx_word' id='word_1_605' title='bbox 1359 1524 1515 1564; x_wconf 82' lang='lat' dir='ltr'><strong>conjungi.</strong></span> <span class='ocrx_word' id='word_1_606' title='bbox 1530 1542 1575 1548; x_wconf 92' lang='lat'><em>-</em></span> 
     </span>
     <span class='ocr_line' id='line_1_95' title="bbox 857 1565 1577 1608; baseline 0 -12"><span class='ocrx_word' id='word_1_607' title='bbox 857 1568 895 1597; x_wconf 93' lang='lat' dir='ltr'><strong>In</strong></span> <span class='ocrx_word' id='word_1_608' title='bbox 910 1569 1057 1608; x_wconf 87' lang='lat' dir='ltr'><strong>praesenti</strong></span> <span class='ocrx_word' id='word_1_609' title='bbox 1068 1567 1195 1599; x_wconf 85' lang='lat' dir='ltr'><strong>indicat.</strong></span> <span class='ocrx_word' id='word_1_610' title='bbox 1213 1568 1278 1598; x_wconf 79' lang='lat' dir='ltr'><strong>sine</strong></span> <span class='ocrx_word' id='word_1_611' title='bbox 1293 1565 1323 1597; x_wconf 71' lang='grc' dir='ltr'><strong>εὖ</strong></span> <span class='ocrx_word' id='word_1_612' title='bbox 1337 1568 1437 1597; x_wconf 86' lang='lat' dir='ltr'><strong>media</strong></span> <span class='ocrx_word' id='word_1_613' title='bbox 1454 1571 1577 1597; x_wconf 87' lang='lat' dir='ltr'><strong>senten-</strong></span> 
     </span>
     <span class='ocr_line' id='line_1_96' title="bbox 857 1610 1573 1650; baseline 0 -11"><span class='ocrx_word' id='word_1_614' title='bbox 857 1610 910 1640; x_wconf 83' lang='lat' dir='ltr'><strong>tia.</strong></span> <span class='ocrx_word' id='word_1_615' title='bbox 957 1611 1188 1641; x_wconf 82' lang='lat' dir='ltr'><strong>Demosthenes</strong></span> <span class='ocrx_word' id='word_1_616' title='bbox 1208 1610 1238 1640; x_wconf 91' lang='lat' dir='ltr'><strong>in</strong></span> <span class='ocrx_word' id='word_1_617' title='bbox 1266 1610 1348 1640; x_wconf 89' lang='lat' dir='ltr'><strong>Mid.</strong></span> <span class='ocrx_word' id='word_1_618' title='bbox 1373 1620 1404 1650; x_wconf 88' lang='lat' dir='ltr'><strong>p.</strong></span> <span class='ocrx_word' id='word_1_619' title='bbox 1427 1611 1502 1641; x_wconf 85' lang='lat'>535.</span> <span class='ocrx_word' id='word_1_620' title='bbox 1519 1612 1573 1641; x_wconf 85' lang='lat'><strong>19.</strong></span> 
     </span>
     <span class='ocr_line' id='line_1_97' title="bbox 857 1651 1575 1691; baseline 0 -10"><span class='ocrx_word' id='word_1_621' title='bbox 857 1653 906 1683; x_wconf 86' lang='lat' dir='ltr'><strong>ed.</strong></span> <span class='ocrx_word' id='word_1_622' title='bbox 921 1652 1030 1685; x_wconf 84' lang='lat' dir='ltr'><strong>Reisk.</strong></span> <span class='ocrx_word' id='word_1_623' title='bbox 1054 1653 1112 1685; x_wconf 76' lang='grc' dir='ltr'><strong><em>οὐδὲ</em></strong></span> <span class='ocrx_word' id='word_1_624' title='bbox 1137 1664 1170 1690; x_wconf 78' lang='grc' dir='ltr'><strong>γε</strong></span> <span class='ocrx_word' id='word_1_625' title='bbox 1195 1651 1279 1683; x_wconf 77' lang='grc' dir='ltr'><strong><em>ἐκεῖνο</em></strong></span> <span class='ocrx_word' id='word_1_626' title='bbox 1308 1653 1393 1685; x_wconf 76' lang='grc' dir='ltr'><strong><em>οὐδεὶς</em></strong></span> <span class='ocrx_word' id='word_1_627' title='bbox 1414 1653 1503 1691; x_wconf 73' lang='grc' dir='ltr'><strong><em>ὑμῶν,</em></strong></span> <span class='ocrx_word' id='word_1_628' title='bbox 1523 1651 1575 1682; x_wconf 57' lang='lat' dir='ltr'><strong>ow·</strong></span> 
     </span>
     <span class='ocr_line' id='line_1_98' title="bbox 855 1692 1576 1735; baseline 0 -11"><span class='ocrx_word' id='word_1_629' title='bbox 855 1692 911 1731; x_wconf 69' lang='grc' dir='ltr'><strong>ἔτι,</strong></span> <span class='ocrx_word' id='word_1_630' title='bbox 927 1696 1104 1734; x_wconf 67' lang='grc' dir='ltr'><strong><em>μνημονεύω.</em></strong></span> <span class='ocrx_word' id='word_1_631' title='bbox 1120 1706 1149 1726; x_wconf 93' lang='lat' dir='ltr'><strong>c.</strong></span> <span class='ocrx_word' id='word_1_632' title='bbox 1171 1695 1270 1726; x_wconf 89' lang='lat' dir='ltr'><strong>Arist.</strong></span> <span class='ocrx_word' id='word_1_633' title='bbox 1285 1695 1313 1725; x_wconf 92' lang='lat'><strong>1.</strong></span> <span class='ocrx_word' id='word_1_634' title='bbox 1332 1705 1363 1735; x_wconf 85' lang='lat' dir='ltr'><strong>p.</strong></span> <span class='ocrx_word' id='word_1_635' title='bbox 1380 1697 1456 1725; x_wconf 82' lang='lat'>784.</span> <span class='ocrx_word' id='word_1_636' title='bbox 1470 1698 1524 1726; x_wconf 80' lang='grc'><strong>24.</strong></span> <span class='ocrx_word' id='word_1_637' title='bbox 1537 1695 1576 1724; x_wconf 68' lang='lat' dir='ltr'><strong>eriz</strong></span> 
     </span>
     <span class='ocr_line' id='line_1_99' title="bbox 857 1736 1575 1779; baseline 0.001 -13"><span class='ocrx_word' id='word_1_638' title='bbox 857 1736 892 1773; x_wconf 81' lang='grc' dir='ltr'><strong>δ’,</strong></span> <span class='ocrx_word' id='word_1_639' title='bbox 907 1737 960 1767; x_wconf 65' lang='grc' dir='ltr'><strong><em>οἶδ’</em></strong></span> <span class='ocrx_word' id='word_1_640' title='bbox 972 1738 1031 1775; x_wconf 69' lang='grc' dir='ltr'><strong>ὅτι,</strong></span> <span class='ocrx_word' id='word_1_641' title='bbox 1056 1739 1105 1769; x_wconf 76' lang='grc' dir='ltr'><strong>καὶ</strong></span> <span class='ocrx_word' id='word_1_642' title='bbox 1129 1740 1170 1769; x_wconf 72' lang='grc' dir='ltr'><strong>’νεὶ</strong></span> <span class='ocrx_word' id='word_1_643' title='bbox 1196 1736 1359 1778; x_wconf 74' lang='grc' dir='ltr'><strong>ἀντίγραφα.</strong></span> <span class='ocrx_word' id='word_1_644' title='bbox 1374 1738 1467 1768; x_wconf 74' lang='grc' dir='ltr'><strong><em>αὐτῶν</em></strong></span> <span class='ocrx_word' id='word_1_645' title='bbox 1485 1736 1575 1779; x_wconf 83' lang='grc' dir='ltr'><strong>ἔχεις.</strong></span> 
     </span>
     <span class='ocr_line' id='line_1_100' title="bbox 858 1779 1576 1822; baseline 0.001 -12"><span class='ocrx_word' id='word_1_646' title='bbox 858 1781 993 1822; x_wconf 88' lang='lat' dir='ltr'><strong>Philipp.</strong></span> <span class='ocrx_word' id='word_1_647' title='bbox 1014 1782 1061 1812; x_wconf 90' lang='lat'><strong>11.</strong></span> <span class='ocrx_word' id='word_1_648' title='bbox 1077 1792 1110 1821; x_wconf 89' lang='lat' dir='ltr'><strong>p.</strong></span> <span class='ocrx_word' id='word_1_649' title='bbox 1127 1783 1181 1812; x_wconf 77' lang='lat'><strong>73.</strong></span> <span class='ocrx_word' id='word_1_650' title='bbox 1200 1784 1251 1811; x_wconf 90' lang='lat'><strong>11.</strong></span> <span class='ocrx_word' id='word_1_651' title='bbox 1274 1782 1373 1811; x_wconf 76' lang='grc' dir='ltr'><strong>ταῦτα.</strong></span> <span class='ocrx_word' id='word_1_652' title='bbox 1388 1782 1444 1820; x_wconf 63' lang='grc' dir='ltr'><strong>γὰρ</strong></span> <span class='ocrx_word' id='word_1_653' title='bbox 1456 1779 1576 1811; x_wconf 78' lang='grc' dir='ltr'><strong>ἅπαντα.</strong></span> 
     </span>
     <span class='ocr_line' id='line_1_101' title="bbox 856 1822 1574 1865; baseline 0.001 -11"><span class='ocrx_word' id='word_1_654' title='bbox 856 1840 899 1847; x_wconf 93' lang='lat'><strong>—·-</strong></span> <span class='ocrx_word' id='word_1_655' title='bbox 912 1822 1108 1863; x_wconf 81' lang='grc' dir='ltr'><strong><em>μνημονεύετ’,</em></strong></span> <span class='ocrx_word' id='word_1_656' title='bbox 1132 1822 1186 1854; x_wconf 67' lang='grc' dir='ltr'><strong><em>οἶδ’</em></strong></span> <span class='ocrx_word' id='word_1_657' title='bbox 1204 1823 1260 1858; x_wconf 76' lang='grc' dir='ltr'><strong>ὅτι,</strong></span> <span class='ocrx_word' id='word_1_658' title='bbox 1284 1823 1420 1865; x_wconf 63' lang='grc' dir='ltr'><strong><em>ῥηθέντα,</em></strong></span> <span class='ocrx_word' id='word_1_659' title='bbox 1439 1823 1491 1853; x_wconf 89' lang='lat' dir='ltr'><strong>ubi</strong></span> <span class='ocrx_word' id='word_1_660' title='bbox 1509 1825 1574 1863; x_wconf 75' lang='lat' dir='ltr'><strong>jam</strong></span> 
     </span>
     <span class='ocr_line' id='line_1_102' title="bbox 857 1866 1574 1905; baseline 0 -9"><span class='ocrx_word' id='word_1_661' title='bbox 857 1866 1061 1905; x_wconf 84' lang='lat' dir='ltr'><strong>Hoogeveen.</strong></span> <span class='ocrx_word' id='word_1_662' title='bbox 1084 1867 1121 1896; x_wconf 86' lang='lat' dir='ltr'><strong>ad</strong></span> <span class='ocrx_word' id='word_1_663' title='bbox 1137 1866 1245 1905; x_wconf 79' lang='lat' dir='ltr'><strong>Vigeri</strong></span> <span class='ocrx_word' id='word_1_664' title='bbox 1261 1866 1289 1895; x_wconf 90' lang='lat'><strong>1.</strong></span> <span class='ocrx_word' id='word_1_665' title='bbox 1304 1877 1332 1896; x_wconf 88' lang='lat' dir='ltr'><strong>c.</strong></span> <span class='ocrx_word' id='word_1_666' title='bbox 1345 1871 1505 1895; x_wconf 84' lang='lat' dir='ltr'><strong>monuerat</strong></span> <span class='ocrx_word' id='word_1_667' title='bbox 1519 1866 1574 1896; x_wconf 90' lang='lat' dir='ltr'><strong>de·</strong></span> 
     </span>
     <span class='ocr_line' id='line_1_103' title="bbox 858 1906 1575 1948; baseline 0.001 -10"><span class='ocrx_word' id='word_1_668' title='bbox 858 1919 928 1938; x_wconf 89' lang='lat' dir='ltr'><strong>esse</strong></span> <span class='ocrx_word' id='word_1_669' title='bbox 945 1906 984 1939; x_wconf 82' lang='grc' dir='ltr'><strong>ε’ὗ.</strong></span> <span class='ocrx_word' id='word_1_670' title='bbox 1031 1910 1116 1940; x_wconf 85' lang='lat' dir='ltr'><strong>Male</strong></span> <span class='ocrx_word' id='word_1_671' title='bbox 1130 1908 1226 1948; x_wconf 86' lang='lat' dir='ltr'><strong>igitur</strong></span> <span class='ocrx_word' id='word_1_672' title='bbox 1242 1913 1274 1938; x_wconf 88' lang='lat' dir='ltr'><strong>et</strong></span> <span class='ocrx_word' id='word_1_673' title='bbox 1294 1913 1400 1939; x_wconf 79' lang='lat' dir='ltr'><strong>contra</strong></span> <span class='ocrx_word' id='word_1_674' title='bbox 1419 1908 1575 1939; x_wconf 83' lang='lat' dir='ltr'><strong>Codicum</strong></span> 
     </span>
     <span class='ocr_line' id='line_1_104' title="bbox 857 1949 1578 1987; baseline -0.001 -6"><span class='ocrx_word' id='word_1_675' title='bbox 857 1961 1040 1981; x_wconf 87' lang='lat' dir='ltr'><strong>consensum</strong></span> <span class='ocrx_word' id='word_1_676' title='bbox 1057 1952 1209 1982; x_wconf 85' lang='lat' dir='ltr'><strong>Reiskius</strong></span> <span class='ocrx_word' id='word_1_677' title='bbox 1228 1951 1307 1981; x_wconf 84' lang='lat' dir='ltr'><strong>illud</strong></span> <span class='ocrx_word' id='word_1_678' title='bbox 1327 1949 1468 1987; x_wconf 86' lang='lat' dir='ltr'><strong>inseruit,</strong></span> <span class='ocrx_word' id='word_1_679' title='bbox 1490 1951 1578 1981; x_wconf 88' lang='lat' dir='ltr'><strong>nullo</strong></span> 
     </span>
     <span class='ocr_line' id='line_1_105' title="bbox 858 1993 1574 2034; baseline 0.001 -11"><span class='ocrx_word' id='word_1_680' title='bbox 858 1994 987 2034; x_wconf 84' lang='lat' dir='ltr'><strong>insuper</strong></span> <span class='ocrx_word' id='word_1_681' title='bbox 1002 1995 1032 2024; x_wconf 92' lang='lat' dir='ltr'><strong>in</strong></span> <span class='ocrx_word' id='word_1_682' title='bbox 1049 1999 1137 2025; x_wconf 84' lang='lat' dir='ltr'><strong>textu</strong></span> <span class='ocrx_word' id='word_1_683' title='bbox 1154 1998 1279 2025; x_wconf 78' lang='lat' dir='ltr'><strong>mutatae</strong></span> <span class='ocrx_word' id='word_1_684' title='bbox 1300 1993 1442 2024; x_wconf 83' lang='lat' dir='ltr'><strong>lectionis</strong></span> <span class='ocrx_word' id='word_1_685' title='bbox 1466 1994 1574 2024; x_wconf 84' lang='lat' dir='ltr'><strong>addito</strong></span> 
     </span>
     <span class='ocr_line' id='line_1_106' title="bbox 859 2035 1574 2076; baseline 0.003 -11"><span class='ocrx_word' id='word_1_686' title='bbox 859 2036 958 2075; x_wconf 84' lang='lat' dir='ltr'><strong>signo.</strong></span> <span class='ocrx_word' id='word_1_687' title='bbox 980 2037 1178 2076; x_wconf 74' lang='lat' dir='ltr'><strong>Thucydides</strong></span> <span class='ocrx_word' id='word_1_688' title='bbox 1205 2038 1252 2066; x_wconf 80' lang='lat' dir='ltr'>lt.</span> <span class='ocrx_word' id='word_1_689' title='bbox 1278 2039 1328 2067; x_wconf 81' lang='lat'><strong>64.</strong></span> <span class='ocrx_word' id='word_1_690' title='bbox 1353 2035 1402 2066; x_wconf 67' lang='lat' dir='ltr'><strong>mi</strong></span> <span class='ocrx_word' id='word_1_691' title='bbox 1421 2035 1456 2066; x_wconf 78' lang='grc' dir='ltr'><strong>δι’</strong></span> <span class='ocrx_word' id='word_1_692' title='bbox 1476 2036 1574 2072; x_wconf 72' lang='grc' dir='ltr'><strong><em>αὐτὴν,</em></strong></span> 
     </span>
     <span class='ocr_line' id='line_1_107' title="bbox 858 2077 1576 2119; baseline 0 -11"><span class='ocrx_word' id='word_1_693' title='bbox 858 2078 907 2109; x_wconf 68' lang='grc' dir='ltr'><strong><em>οἶδ’</em></strong></span> <span class='ocrx_word' id='word_1_694' title='bbox 922 2079 978 2116; x_wconf 67' lang='grc' dir='ltr'><strong>ἔτι,</strong></span> <span class='ocrx_word' id='word_1_695' title='bbox 994 2082 1154 2119; x_wconf 78' lang='grc' dir='ltr'><strong>μισοῦμοιι.</strong></span> <span class='ocrx_word' id='word_1_696' title='bbox 1201 2081 1242 2110; x_wconf 82' lang='lat' dir='ltr'><strong>Et</strong></span> <span class='ocrx_word' id='word_1_697' title='bbox 1265 2090 1334 2110; x_wconf 86' lang='lat' dir='ltr'><strong>cum</strong></span> <span class='ocrx_word' id='word_1_698' title='bbox 1357 2077 1387 2110; x_wconf 71' lang='grc' dir='ltr'><strong>εὖ</strong></span> <span class='ocrx_word' id='word_1_699' title='bbox 1410 2079 1576 2109; x_wconf 78' lang='lat' dir='ltr'><strong>AEschiues</strong></span> 
     </span>
     <span class='ocr_line' id='line_1_108' title="bbox 859 2121 1575 2163; baseline 0 -11"><span class='ocrx_word' id='word_1_700' title='bbox 859 2133 886 2152; x_wconf 89' lang='lat' dir='ltr'><strong>c.</strong></span> <span class='ocrx_word' id='word_1_701' title='bbox 899 2123 1050 2152; x_wconf 83' lang='lat' dir='ltr'><strong>Timarch.</strong></span> <span class='ocrx_word' id='word_1_702' title='bbox 1066 2123 1135 2163; x_wconf 90' lang='lat' dir='ltr'><strong>(ed.</strong></span> <span class='ocrx_word' id='word_1_703' title='bbox 1154 2121 1353 2163; x_wconf 79' lang='lat' dir='ltr'><strong>Taucbnitz.)</strong></span> <span class='ocrx_word' id='word_1_704' title='bbox 1370 2132 1402 2162; x_wconf 91' lang='lat' dir='ltr'><strong>p.</strong></span> <span class='ocrx_word' id='word_1_705' title='bbox 1416 2124 1469 2153; x_wconf 77' lang='lat'><strong>32.</strong></span> <span class='ocrx_word' id='word_1_706' title='bbox 1485 2122 1507 2151; x_wconf 78' lang='lat' dir='ltr'><strong>s.</strong></span> <span class='ocrx_word' id='word_1_707' title='bbox 1525 2122 1575 2152; x_wconf 72' lang='grc' dir='ltr'><strong>καῖ</strong></span> 
     </span>
     <span class='ocr_line' id='line_1_109' title="bbox 859 2162 1577 2205; baseline 0.001 -11"><span class='ocrx_word' id='word_1_708' title='bbox 859 2162 889 2194; x_wconf 72' lang='grc' dir='ltr'><strong>εὖ</strong></span> <span class='ocrx_word' id='word_1_709' title='bbox 903 2165 955 2196; x_wconf 69' lang='grc' dir='ltr'><strong><em>οἶδ’</em></strong></span> <span class='ocrx_word' id='word_1_710' title='bbox 969 2165 1011 2196; x_wconf 70' lang='grc' dir='ltr'><strong>ὅτι</strong></span> <span class='ocrx_word' id='word_1_711' title='bbox 1027 2165 1149 2196; x_wconf 76' lang='grc' dir='ltr'><strong><em>δοκοῦσιν</em></strong></span> <span class='ocrx_word' id='word_1_712' title='bbox 1162 2166 1231 2205; x_wconf 80' lang='grc' dir='ltr'><strong><em>ὑμῖν</em></strong></span> <span class='ocrx_word' id='word_1_713' title='bbox 1246 2168 1340 2199; x_wconf 71' lang='grc' dir='ltr'>καλῶς</span> <span class='ocrx_word' id='word_1_714' title='bbox 1354 2163 1438 2205; x_wconf 79' lang='grc' dir='ltr'><strong>ἔχειν.</strong></span> <span class='ocrx_word' id='word_1_715' title='bbox 1454 2164 1528 2194; x_wconf 87' lang='lat' dir='ltr'><strong>ibid.</strong></span> <span class='ocrx_word' id='word_1_716' title='bbox 1544 2174 1577 2204; x_wconf 79' lang='lat' dir='ltr'><strong>p.</strong></span> 
     </span>
     <span class='ocr_line' id='line_1_110' title="bbox 859 2205 1575 2249; baseline -0.001 -11"><span class='ocrx_word' id='word_1_717' title='bbox 859 2211 913 2239; x_wconf 87' lang='grc'><strong>40.</strong></span> <span class='ocrx_word' id='word_1_718' title='bbox 938 2208 998 2249; x_wconf 76' lang='grc' dir='ltr'><strong>περὶ</strong></span> <span class='ocrx_word' id='word_1_719' title='bbox 1022 2206 1052 2238; x_wconf 68' lang='grc' dir='ltr'><strong><em>οὗ</em></strong></span> <span class='ocrx_word' id='word_1_720' title='bbox 1077 2209 1180 2238; x_wconf 61' lang='grc' dir='ltr'><strong>«πάλαι</strong></span> <span class='ocrx_word' id='word_1_721' title='bbox 1205 2205 1234 2239; x_wconf 72' lang='grc' dir='ltr'><strong>εὗ</strong></span> <span class='ocrx_word' id='word_1_722' title='bbox 1258 2206 1307 2238; x_wconf 69' lang='grc' dir='ltr'><strong><em>οἶδ’</em></strong></span> <span class='ocrx_word' id='word_1_723' title='bbox 1330 2207 1374 2238; x_wconf 76' lang='grc' dir='ltr'><strong>δ’τι</strong></span> <span class='ocrx_word' id='word_1_724' title='bbox 1390 2206 1575 2248; x_wconf 67' lang='grc' dir='ltr'><strong>θαυμάζετε.</strong></span> 
     </span>
     <span class='ocr_line' id='line_1_111' title="bbox 860 2250 1573 2289; baseline -0.003 -8"><span class='ocrx_word' id='word_1_725' title='bbox 860 2251 912 2281; x_wconf 88' lang='lat' dir='ltr'><strong>Sic</strong></span> <span class='ocrx_word' id='word_1_726' title='bbox 932 2256 963 2282; x_wconf 82' lang='lat' dir='ltr'><strong>et</strong></span> <span class='ocrx_word' id='word_1_727' title='bbox 978 2252 1010 2281; x_wconf 89' lang='lat' dir='ltr'><strong>in</strong></span> <span class='ocrx_word' id='word_1_728' title='bbox 1026 2250 1115 2281; x_wconf 88' lang='lat' dir='ltr'><strong>initio</strong></span> <span class='ocrx_word' id='word_1_729' title='bbox 1128 2252 1288 2281; x_wconf 89' lang='lat' dir='ltr'><strong>sententiae</strong></span> <span class='ocrx_word' id='word_1_730' title='bbox 1303 2251 1529 2280; x_wconf 84' lang='lat' dir='ltr'><strong>Demosthenes</strong></span> <span class='ocrx_word' id='word_1_731' title='bbox 1541 2260 1573 2289; x_wconf 89' lang='lat' dir='ltr'><strong>p.</strong></span> 
     </span>
     <span class='ocr_line' id='line_1_112' title="bbox 860 2290 1573 2333; baseline -0.003 -9"><span class='ocrx_word' id='word_1_732' title='bbox 860 2295 985 2324; x_wconf 84' lang='lat' dir='ltr'><strong>Phorm.</strong></span> <span class='ocrx_word' id='word_1_733' title='bbox 1003 2304 1033 2333; x_wconf 91' lang='lat' dir='ltr'><strong>p.</strong></span> <span class='ocrx_word' id='word_1_734' title='bbox 1051 2295 1125 2325; x_wconf 76' lang='lat'>954.</span> <span class='ocrx_word' id='word_1_735' title='bbox 1140 2297 1190 2325; x_wconf 87' lang='grc'><strong>12.</strong></span> <span class='ocrx_word' id='word_1_736' title='bbox 1207 2293 1263 2332; x_wconf 77' lang='grc' dir='ltr'><strong>ἐγὼ</strong></span> <span class='ocrx_word' id='word_1_737' title='bbox 1277 2292 1333 2332; x_wconf 80' lang='grc' dir='ltr'><strong><em>μὲν</em></strong></span> <span class='ocrx_word' id='word_1_738' title='bbox 1349 2295 1404 2332; x_wconf 73' lang='grc' dir='ltr'><strong>γὰρ</strong></span> <span class='ocrx_word' id='word_1_739' title='bbox 1418 2290 1448 2322; x_wconf 72' lang='grc' dir='ltr'><strong>εὖ</strong></span> <span class='ocrx_word' id='word_1_740' title='bbox 1464 2291 1515 2323; x_wconf 70' lang='grc' dir='ltr'><strong><em>οἶδ’</em></strong></span> <span class='ocrx_word' id='word_1_741' title='bbox 1528 2291 1573 2322; x_wconf 74' lang='grc' dir='ltr'><strong>ὅτι</strong></span> 
     </span>
     <span class='ocr_line' id='line_1_113' title="bbox 859 2335 1577 2377; baseline -0.003 -11"><span class='ocrx_word' id='word_1_742' title='bbox 859 2338 968 2372; x_wconf 80' lang='grc' dir='ltr'><strong><em>τοῦτον,</em></strong></span> <span class='ocrx_word' id='word_1_743' title='bbox 983 2337 1036 2367; x_wconf 86' lang='lat' dir='ltr'><strong>ubi</strong></span> <span class='ocrx_word' id='word_1_744' title='bbox 1051 2348 1091 2367; x_wconf 82' lang='lat' dir='ltr'><strong>ex</strong></span> <span class='ocrx_word' id='word_1_745' title='bbox 1102 2335 1354 2377; x_wconf 78' lang='lat' dir='ltr'><strong>praecedentibus</strong></span> <span class='ocrx_word' id='word_1_746' title='bbox 1366 2335 1577 2374; x_wconf 82' lang='lat' dir='ltr'><strong>supplendum</strong></span> 
     </span>
     <span class='ocr_line' id='line_1_114' title="bbox 859 2378 1575 2418; baseline -0.003 -8"><span class='ocrx_word' id='word_1_747' title='bbox 859 2380 916 2410; x_wconf 72' lang='grc' dir='ltr'><strong>οἴει.</strong></span> <span class='ocrx_word' id='word_1_748' title='bbox 941 2386 972 2410; x_wconf 89' lang='lat' dir='ltr'><strong>et</strong></span> <span class='ocrx_word' id='word_1_749' title='bbox 995 2380 1116 2418; x_wconf 87' lang='lat' dir='ltr'><strong>plenius</strong></span> <span class='ocrx_word' id='word_1_750' title='bbox 1145 2379 1235 2409; x_wconf 88' lang='lat' dir='ltr'><strong>etiam</strong></span> <span class='ocrx_word' id='word_1_751' title='bbox 1261 2379 1380 2409; x_wconf 84' lang='lat' dir='ltr'><strong>Exord.</strong></span> <span class='ocrx_word' id='word_1_752' title='bbox 1398 2378 1527 2408; x_wconf 88' lang='lat' dir='ltr'>XXIV.</span> <span class='ocrx_word' id='word_1_753' title='bbox 1543 2388 1575 2417; x_wconf 91' lang='lat' dir='ltr'><strong>p.</strong></span> 
     </span>
     <span class='ocr_line' id='line_1_115' title="bbox 861 2419 1575 2462; baseline -0.003 -10"><span class='ocrx_word' id='word_1_754' title='bbox 861 2425 954 2454; x_wconf 81' lang='lat'>1433.</span> <span class='ocrx_word' id='word_1_755' title='bbox 972 2425 1023 2453; x_wconf 82' lang='grc'><strong>27,</strong></span> <span class='ocrx_word' id='word_1_756' title='bbox 1041 2421 1096 2461; x_wconf 70' lang='grc' dir='ltr'><strong>ἐγὼ</strong></span> <span class='ocrx_word' id='word_1_757' title='bbox 1112 2420 1208 2452; x_wconf 75' lang='grc' dir='ltr'><strong>δὀῖδα.</strong></span> <span class='ocrx_word' id='word_1_758' title='bbox 1223 2420 1278 2460; x_wconf 79' lang='grc' dir='ltr'><strong><em>μὲν</em></strong></span> <span class='ocrx_word' id='word_1_759' title='bbox 1289 2419 1365 2450; x_wconf 80' lang='grc' dir='ltr'><strong><em>τοῦθ’</em></strong></span> <span class='ocrx_word' id='word_1_760' title='bbox 1378 2420 1422 2451; x_wconf 75' lang='grc' dir='ltr'><strong>ὅτι</strong></span> <span class='ocrx_word' id='word_1_761' title='bbox 1434 2432 1575 2462; x_wconf 76' lang='grc' dir='ltr'><strong><em>-πξοσ-</em></strong></span> 
     </span>
     <span class='ocr_line' id='line_1_116' title="bbox 859 2464 1576 2507; baseline -0.001 -13"><span class='ocrx_word' id='word_1_762' title='bbox 859 2465 990 2507; x_wconf 79' lang='grc' dir='ltr'><strong><em>δέχονται</em></strong></span> <span class='ocrx_word' id='word_1_763' title='bbox 1033 2466 1151 2499; x_wconf 77' lang='grc' dir='ltr'><strong>πάντες.</strong></span> <span class='ocrx_word' id='word_1_764' title='bbox 1197 2466 1379 2503; x_wconf 79' lang='lat' dir='ltr'><strong>quibuscum</strong></span> <span class='ocrx_word' id='word_1_765' title='bbox 1419 2464 1576 2500; x_wconf 80' lang='lat' dir='ltr'><strong>convenit,</strong></span> 
     </span>
     <span class='ocr_line' id='line_1_117' title="bbox 858 2507 1574 2547; baseline -0.003 -9"><span class='ocrx_word' id='word_1_766' title='bbox 858 2508 933 2538; x_wconf 88' lang='lat' dir='ltr'><strong>item</strong></span> <span class='ocrx_word' id='word_1_767' title='bbox 967 2510 996 2538; x_wconf 90' lang='lat' dir='ltr'><strong>in</strong></span> <span class='ocrx_word' id='word_1_768' title='bbox 1028 2507 1116 2538; x_wconf 88' lang='lat' dir='ltr'><strong>initio</strong></span> <span class='ocrx_word' id='word_1_769' title='bbox 1145 2508 1291 2547; x_wconf 84' lang='lat' dir='ltr'><strong>positum,</strong></span> <span class='ocrx_word' id='word_1_770' title='bbox 1319 2507 1420 2547; x_wconf 84' lang='lat' dir='ltr'><strong>Epist.</strong></span> <span class='ocrx_word' id='word_1_771' title='bbox 1450 2507 1514 2538; x_wconf 87' lang='lat'>111.</span> <span class='ocrx_word' id='word_1_772' title='bbox 1541 2516 1574 2546; x_wconf 89' lang='lat' dir='ltr'><strong>p.</strong></span> 
     </span>
     <span class='ocr_line' id='line_1_118' title="bbox 860 2548 1575 2591; baseline -0.006 -9"><span class='ocrx_word' id='word_1_773' title='bbox 860 2552 955 2582; x_wconf 81' lang='lat'>1475.</span> <span class='ocrx_word' id='word_1_774' title='bbox 974 2554 1025 2582; x_wconf 86' lang='grc'><strong>22.</strong></span> <span class='ocrx_word' id='word_1_775' title='bbox 1040 2548 1069 2580; x_wconf 72' lang='grc' dir='ltr'><strong>εὖ</strong></span> <span class='ocrx_word' id='word_1_776' title='bbox 1084 2552 1139 2591; x_wconf 70' lang='grc' dir='ltr'><strong>γὰρ</strong></span> <span class='ocrx_word' id='word_1_777' title='bbox 1154 2549 1231 2585; x_wconf 77' lang='grc' dir='ltr'><strong>ἴστε,</strong></span> <span class='ocrx_word' id='word_1_778' title='bbox 1247 2548 1291 2580; x_wconf 79' lang='grc' dir='ltr'><strong>δ’τι</strong></span> <span class='ocrx_word' id='word_1_779' title='bbox 1306 2567 1348 2572; x_wconf 82' lang='grc'>-</span> <span class='ocrx_word' id='word_1_780' title='bbox 1363 2549 1474 2590; x_wconf 75' lang='grc' dir='ltr'><strong><em>φαύλην</em></strong></span> <span class='ocrx_word' id='word_1_781' title='bbox 1496 2548 1575 2588; x_wconf 73' lang='grc' dir='ltr'><strong><em>δόξαν</em></strong></span> 
     </span>
     <span class='ocr_line' id='line_1_119' title="bbox 859 2592 1573 2633; baseline -0.004 -10"><span class='ocrx_word' id='word_1_782' title='bbox 859 2595 873 2624; x_wconf 80' lang='grc' dir='ltr'>ἦ</span> <span class='ocrx_word' id='word_1_783' title='bbox 889 2594 979 2628; x_wconf 59' lang='grc' dir='ltr'><strong>«πόλις</strong></span> <span class='ocrx_word' id='word_1_784' title='bbox 1005 2594 1162 2633; x_wconf 69' lang='grc' dir='ltr'><strong>λαμβάνει.</strong></span> <span class='ocrx_word' id='word_1_785' title='bbox 1185 2592 1348 2623; x_wconf 84' lang='lat' dir='ltr'><strong>AEscbines</strong></span> <span class='ocrx_word' id='word_1_786' title='bbox 1370 2603 1397 2622; x_wconf 90' lang='lat' dir='ltr'><strong>c.</strong></span> <span class='ocrx_word' id='word_1_787' title='bbox 1419 2593 1573 2623; x_wconf 84' lang='lat' dir='ltr'><strong>Timarch.</strong></span> 
     </span>
     <span class='ocr_line' id='line_1_120' title="bbox 859 2633 1574 2676; baseline -0.006 -9"><span class='ocrx_word' id='word_1_788' title='bbox 859 2648 889 2676; x_wconf 89' lang='lat' dir='ltr'><strong>p.</strong></span> <span class='ocrx_word' id='word_1_789' title='bbox 908 2641 960 2668; x_wconf 82' lang='grc'><strong>21.</strong></span> <span class='ocrx_word' id='word_1_790' title='bbox 975 2635 1004 2667; x_wconf 75' lang='grc' dir='ltr'><strong>εὖ</strong></span> <span class='ocrx_word' id='word_1_791' title='bbox 1020 2635 1044 2666; x_wconf 81' lang='grc' dir='ltr'><strong>δ’</strong></span> <span class='ocrx_word' id='word_1_792' title='bbox 1061 2637 1124 2666; x_wconf 78' lang='grc' dir='ltr'><strong>ἴστε</strong></span> <span class='ocrx_word' id='word_1_793' title='bbox 1140 2654 1180 2658; x_wconf 92' lang='grc'>-</span> <span class='ocrx_word' id='word_1_794' title='bbox 1191 2635 1235 2666; x_wconf 73' lang='grc' dir='ltr'><strong>ἔτι</strong></span> <span class='ocrx_word' id='word_1_795' title='bbox 1250 2652 1293 2660; x_wconf 82' lang='lat'><strong>-·</strong></span> <span class='ocrx_word' id='word_1_796' title='bbox 1308 2636 1330 2666; x_wconf 81' lang='grc' dir='ltr'><strong><em>οἳ</em></strong></span> <span class='ocrx_word' id='word_1_797' title='bbox 1346 2635 1422 2675; x_wconf 81' lang='grc' dir='ltr'><strong><em>νόμοι</em></strong></span> <span class='ocrx_word' id='word_1_798' title='bbox 1439 2633 1574 2673; x_wconf 65' lang='grc' dir='ltr'><strong>σώζουσι.</strong></span> 
     </span>
     <span class='ocr_line' id='line_1_121' title="bbox 861 2677 1571 2718; baseline -0.008 -8"><span class='ocrx_word' id='word_1_799' title='bbox 861 2681 896 2710; x_wconf 87' lang='lat' dir='ltr'><strong>In</strong></span> <span class='ocrx_word' id='word_1_800' title='bbox 914 2680 973 2710; x_wconf 74' lang='lat' dir='ltr'><strong>tine</strong></span> <span class='ocrx_word' id='word_1_801' title='bbox 994 2678 1113 2718; x_wconf 85' lang='lat' dir='ltr'><strong>periodi</strong></span> <span class='ocrx_word' id='word_1_802' title='bbox 1127 2678 1261 2709; x_wconf 88' lang='lat' dir='ltr'><strong>occurrit</strong></span> <span class='ocrx_word' id='word_1_803' title='bbox 1274 2679 1355 2718; x_wconf 83' lang='lat' dir='ltr'><strong>apud</strong></span> <span class='ocrx_word' id='word_1_804' title='bbox 1372 2677 1571 2715; x_wconf 73' lang='lat' dir='ltr'><strong>Aristophani.</strong></span> 
     </span>
     <span class='ocr_line' id='line_1_122' title="bbox 860 2721 1572 2761; baseline -0.004 -8"><span class='ocrx_word' id='word_1_805' title='bbox 860 2723 946 2753; x_wconf 86' lang='lat' dir='ltr'><strong>Plut.</strong></span> <span class='ocrx_word' id='word_1_806' title='bbox 982 2724 1057 2753; x_wconf 80' lang='lat'>183.</span> <span class='ocrx_word' id='word_1_807' title='bbox 1095 2722 1134 2752; x_wconf 84' lang='lat' dir='ltr'><strong>ab</strong></span> <span class='ocrx_word' id='word_1_808' title='bbox 1170 2721 1394 2761; x_wconf 78' lang='lat' dir='ltr'><strong>Hoogeveenio</strong></span> <span class='ocrx_word' id='word_1_809' title='bbox 1425 2721 1572 2750; x_wconf 75' lang='lat' dir='ltr'><strong>citatum:</strong></span> 
     </span>
     <span class='ocr_line' id='line_1_123' title="bbox 858 2761 1574 2804; baseline -0.008 -9"><span class='ocrx_word' id='word_1_810' title='bbox 858 2765 1028 2801; x_wconf 76' lang='grc' dir='ltr'><strong><em>Μονοῦτατος</em></strong></span> <span class='ocrx_word' id='word_1_811' title='bbox 1042 2766 1097 2804; x_wconf 69' lang='grc' dir='ltr'><strong>γὰρ</strong></span> <span class='ocrx_word' id='word_1_812' title='bbox 1119 2763 1147 2795; x_wconf 72' lang='grc' dir='ltr'><strong>εἶ</strong></span> <span class='ocrx_word' id='word_1_813' title='bbox 1170 2765 1206 2794; x_wconf 77' lang='grc' dir='ltr'><strong>σὺ</strong></span> <span class='ocrx_word' id='word_1_814' title='bbox 1223 2764 1334 2794; x_wconf 76' lang='grc' dir='ltr'><strong><em>πάντων</em></strong></span> <span class='ocrx_word' id='word_1_815' title='bbox 1349 2763 1436 2796; x_wconf 77' lang='grc' dir='ltr'><strong><em>αἴτιος</em></strong></span> <span class='ocrx_word' id='word_1_816' title='bbox 1450 2761 1502 2791; x_wconf 75' lang='grc' dir='ltr'><strong>Καὶ</strong></span> <span class='ocrx_word' id='word_1_817' title='bbox 1517 2763 1574 2790; x_wconf 63' lang='grc' dir='ltr'><strong>τῶν</strong></span> 
     </span>
     <span class='ocr_line' id='line_1_124' title="bbox 858 2804 1574 2846; baseline -0.007 -8"><span class='ocrx_word' id='word_1_818' title='bbox 858 2811 950 2838; x_wconf 75' lang='grc' dir='ltr'><strong><em>κακῶν</em></strong></span> <span class='ocrx_word' id='word_1_819' title='bbox 968 2808 1017 2838; x_wconf 70' lang='grc' dir='ltr'><strong>καὶ</strong></span> <span class='ocrx_word' id='word_1_820' title='bbox 1040 2810 1096 2838; x_wconf 77' lang='grc' dir='ltr'><strong><em>τῶν</em></strong></span> <span class='ocrx_word' id='word_1_821' title='bbox 1110 2807 1242 2846; x_wconf 70' lang='grc' dir='ltr'><strong><em>ἀγαθῶν,</em></strong></span> <span class='ocrx_word' id='word_1_822' title='bbox 1257 2805 1286 2837; x_wconf 69' lang='grc' dir='ltr'><strong>εὖ</strong></span> <span class='ocrx_word' id='word_1_823' title='bbox 1301 2804 1357 2835; x_wconf 74' lang='grc' dir='ltr'><strong>ἴσθ’</strong></span> <span class='ocrx_word' id='word_1_824' title='bbox 1373 2804 1426 2835; x_wconf 75' lang='grc' dir='ltr'><strong>δ’τι.</strong></span> <span class='ocrx_word' id='word_1_825' title='bbox 1439 2821 1481 2827; x_wconf 90' lang='lat'>—</span> <span class='ocrx_word' id='word_1_826' title='bbox 1495 2804 1574 2834; x_wconf 87' lang='lat' dir='ltr'><strong>Cum</strong></span> 
     </span>
     <span class='ocr_line' id='line_1_125' title="bbox 859 2847 1573 2891; baseline -0.008 -10"><span class='ocrx_word' id='word_1_827' title='bbox 859 2851 979 2891; x_wconf 85' lang='lat' dir='ltr'><strong>imperf.</strong></span> <span class='ocrx_word' id='word_1_828' title='bbox 997 2851 1123 2881; x_wconf 85' lang='lat' dir='ltr'><strong>indicat.</strong></span> <span class='ocrx_word' id='word_1_829' title='bbox 1141 2850 1247 2880; x_wconf 81' lang='lat' dir='ltr'><strong>addito</strong></span> <span class='ocrx_word' id='word_1_830' title='bbox 1263 2848 1305 2879; x_wconf 75' lang='grc' dir='ltr'><strong>ἂν.</strong></span> <span class='ocrx_word' id='word_1_831' title='bbox 1341 2847 1436 2878; x_wconf 83' lang='lat' dir='ltr'><strong>Initio</strong></span> <span class='ocrx_word' id='word_1_832' title='bbox 1453 2852 1573 2877; x_wconf 86' lang='lat' dir='ltr'><strong>senteu-</strong></span> 
     </span>
     <span class='ocr_line' id='line_1_126' title="bbox 860 2886 1574 2932; baseline -0.008 -8"><span class='ocrx_word' id='word_1_833' title='bbox 860 2894 911 2924; x_wconf 75' lang='lat' dir='ltr'><strong>tiae</strong></span> <span class='ocrx_word' id='word_1_834' title='bbox 940 2894 1166 2924; x_wconf 80' lang='lat' dir='ltr'><strong>Demosthenes</strong></span> <span class='ocrx_word' id='word_1_835' title='bbox 1187 2903 1218 2932; x_wconf 91' lang='lat' dir='ltr'><strong>p.</strong></span> <span class='ocrx_word' id='word_1_836' title='bbox 1242 2892 1314 2922; x_wconf 85' lang='lat' dir='ltr'><strong>Cor.</strong></span> <span class='ocrx_word' id='word_1_837' title='bbox 1334 2903 1364 2930; x_wconf 79' lang='lat' dir='ltr'><strong>p.</strong></span> <span class='ocrx_word' id='word_1_838' title='bbox 1379 2891 1453 2921; x_wconf 75' lang='lat'>‘286-</span> <span class='ocrx_word' id='word_1_839' title='bbox 1479 2891 1529 2918; x_wconf 92' lang='grc'><strong>10.</strong></span> <span class='ocrx_word' id='word_1_840' title='bbox 1545 2886 1574 2918; x_wconf 79' lang='grc' dir='ltr'><strong>εὖ</strong></span> 
     </span>
     <span class='ocr_line' id='line_1_127' title="bbox 859 2931 1572 2977; baseline -0.01 -10"><span class='ocrx_word' id='word_1_841' title='bbox 859 2938 913 2977; x_wconf 74' lang='grc' dir='ltr'><strong>γὰρ</strong></span> <span class='ocrx_word' id='word_1_842' title='bbox 928 2936 980 2967; x_wconf 73' lang='grc' dir='ltr'><strong><em>οἷδ’</em></strong></span> <span class='ocrx_word' id='word_1_843' title='bbox 998 2936 1056 2977; x_wconf 74' lang='grc' dir='ltr'><strong>ὅτι,</strong></span> <span class='ocrx_word' id='word_1_844' title='bbox 1071 2936 1095 2967; x_wconf 72' lang='grc' dir='ltr'><strong>εἰ</strong></span> <span class='ocrx_word' id='word_1_845' title='bbox 1110 2953 1153 2960; x_wconf 89' lang='lat'><strong>-—</strong></span> <span class='ocrx_word' id='word_1_846' title='bbox 1166 2958 1175 2972; x_wconf 87' lang='lat'><em>,</em></span> <span class='ocrx_word' id='word_1_847' title='bbox 1199 2935 1246 2964; x_wconf 73' lang='grc' dir='ltr'><strong>οὐκ</strong></span> <span class='ocrx_word' id='word_1_848' title='bbox 1266 2933 1298 2964; x_wconf 76' lang='grc' dir='ltr'><strong>Ξιν</strong></span> <span class='ocrx_word' id='word_1_849' title='bbox 1314 2932 1454 2973; x_wconf 69' lang='grc' dir='ltr'><strong><em>ἢκούομεν.</em></strong></span> <span class='ocrx_word' id='word_1_850' title='bbox 1471 2942 1498 2961; x_wconf 88' lang='lat' dir='ltr'><strong>c.</strong></span> <span class='ocrx_word' id='word_1_851' title='bbox 1518 2931 1572 2960; x_wconf 79' lang='lat' dir='ltr'><strong>Ni-</strong></span> 
     </span>
     <span class='ocr_line' id='line_1_128' title="bbox 860 2971 1573 3020; baseline 0.001 -11"><span class='ocrx_word' id='word_1_852' title='bbox 860 2985 954 3010; x_wconf 77' lang='lat' dir='ltr'><strong>costr.</strong></span> <span class='ocrx_word' id='word_1_853' title='bbox 967 2991 997 3020; x_wconf 92' lang='lat' dir='ltr'><strong>p.</strong></span> <span class='ocrx_word' id='word_1_854' title='bbox 1017 2981 1112 3012; x_wconf 78' lang='lat'>124⁷.</span> <span class='ocrx_word' id='word_1_855' title='bbox 1127 2980 1159 3010; x_wconf 87' lang='lat'><strong>6.</strong></span> <span class='ocrx_word' id='word_1_856' title='bbox 1179 2979 1201 3009; x_wconf 74' lang='grc' dir='ltr'><strong>εἴ</strong></span> <span class='ocrx_word' id='word_1_857' title='bbox 1218 2976 1273 3017; x_wconf 72' lang='grc' dir='ltr'><strong>μὲν</strong></span> <span class='ocrx_word' id='word_1_858' title='bbox 1287 2974 1329 3007; x_wconf 63' lang='grc' dir='ltr'><strong>οὖν</strong></span> <span class='ocrx_word' id='word_1_859' title='bbox 1345 2994 1386 2999; x_wconf 91' lang='grc'>-</span> <span class='ocrx_word' id='word_1_860' title='bbox 1404 2998 1411 3010; x_wconf 68' lang='grc' dir='ltr'>ι</span> <span class='ocrx_word' id='word_1_861' title='bbox 1429 2971 1457 3005; x_wconf 67' lang='grc' dir='ltr'>Ιῖ</span> <span class='ocrx_word' id='word_1_862' title='bbox 1468 2972 1516 3004; x_wconf 58' lang='grc' dir='ltr'><strong>οἶδ’</strong></span> <span class='ocrx_word' id='word_1_863' title='bbox 1531 2971 1573 3004; x_wconf 61' lang='lat'><strong>5⁷⁶</strong></span> 
     </span>
     <span class='ocr_line' id='line_1_129' title="bbox 859 3025 922 3053; baseline -0.016 0"><span class='ocrx_word' id='word_1_864' title='bbox 859 3025 880 3053; x_wconf 80' lang='lat'><strong>:3</strong></span> <span class='ocrx_word' id='word_1_865' title='bbox 898 3032 922 3052; x_wconf 76' lang='lat' dir='ltr'><strong>u</strong></span> 
     </span>
    </p>
   </div>
  </div>
 </body>
</html>
