1931 3323
307 222 393 264 364

307 333 429 371 jactura
444 331 610 372 opinionis.

355 392 399 398 —-
413 377 444 407 5.
466 375 516 405 καὶ
537 378 580 415 μὴ
605 375 667 418 δέξῃ
689 375 882 418 φιλιππίζειν]
916 377 1029 406 Demo·

313 419 450 449 sthenem
462 417 656 460 φιλιππίζειν
651 420 661 441 Ρ
671 420 741 459 quis
751 421 809 451 hoc
820 432 853 450 ci
856 421 941 451 edat.
936 420 946 437 ³
960 425 1029 449 ante

312 463 433 492 medius
449 463 560 492 fidius
552 473 619 504 ipse
636 463 750 503 Apollo
766 464 898 504 Pythius
912 461 1028 504 ἐφιλίπ-

312 515 401 536 ’ωισεν
425 505 475 536 ἄνι
499 506 538 536 de
554 517 614 546 quo
631 507 741 538 Cicero
765 507 819 549 [de
835 507 965 538 divinat.
980 507 1027 536 II.

312 559 340 577 c.
357 549 426 591 57.]
458 550 722 581 “Demosthenes
743 551 879 590 quidem,
900 551 952 590 qui
975 551 1028 580 ab-

311 591 381 622 hinc
399 603 494 623 annos
510 604 607 633 prope
623 594 714 625 CCC.
729 594 800 630 fuit,
811 596 875 633 jam
890 592 1028 634 φιλιππί-

311 634 366 675 ζειν
384 637 527 675 Pythiam
549 638 683 673 dicebat,
707 638 740 668 id
764 643 821 673 est,
847 637 934 677 quasi
958 647 1027 667 eum

310 679 461 719 Philippo
475 680 597 711 sacere’'
610 680 854 732 (hincfactz'ones
867 680 1028 720 dicimus).

311 721 364 752 Sic
379 723 516 764 μηδίζειν,
530 682 696 764 ἀττικίζειν,
717 722 884 764 λακωνίζειν,
909 722 956 763 [p.
976 726 1028 754 14.

309 765 359 795 ed.
377 768 418 797 D.
422 766 436 807 ]
457 768 585 797 Persico
597 774 627 798 et
645 766 908 806 Peloponnesiaco
926 766 1027 796 bellis.

308 809 495 840 Plutarchus
519 811 550 840 in
571 810 634 841 vita
649 810 733 840 dixit
747 808 957 851 δημοσθενίζειν
971 820 1028 850 pro

308 862 345 882 eo
363 854 446 891 quod
464 854 667 883 Demostheni
682 855 818 884 studere.

351 914 394 918 —
406 907 478 935 pen.
494 895 567 937 ωρός
580 897 711 927 τοιαύτην
724 899 787 927 τινα
802 896 926 927 ὑπόνοιαν
940 897 1028 926 ἱστά-

304 939 403 979 μενος]
429 940 638 978 Sicloquutus
655 946 702 970 est
716 941 809 970 etiam
825 941 856 971 in
873 941 933 971 alio
951 951 1025 979 quo-

305 982 376 1011 dam
393 988 574 1022 argumento
590 983 736 1014 Libanius
758 983 836 1025 [περὶ
852 987 907 1015 τῶν
921 983 947 1014 ἐν
961 984 1028 1025 Χερ-

303 1036 414 1066 porraceo.
432 1038 460 1065 p.
480 1029 532 1057 89.
550 1027 598 1056 cd.
616 1026 744 1067 Reisk.]
761 1028 811 1058 και
834 1027 856 1058 οἳ
876 1026 1028 1067 φιλιππί-

305 1059 397 1106 ζΟΡΤΕς
412 1071 466 1099 Τῶν
481 1081 607 1111 ρητῦξων,
621 1082 836 1112 Χατάτρξχθυθι
850 1083 900 1101 ‘Tou
916 1070 1029 1101 Δίθπέί-

303 1110 383 1148 ἓους,
403 1124 451 1142 και
472 1113 601 1153 κολάζειν
615 1114 740 1154 ἀξιοῦσιν
753 1113 846 1144 αὐτόν.
869 1112 943 1156 ‘tn-5³64·
958 1112 1000 1147 οὓς
1015 1114 1028 1143 ὀ

305 1155 496 1194 Δημοσθένης
521 1156 592 1198 διχη
609 1157 686 1198 ἵκω-ἐς
703 1157 897 1193 Διοπείθους’
889 1157 1026 1188 ι’στοιται.

303 1197 569 1238 Chrysostomus
561 1211 592 1229 rn
606 1202 792 1231 Iohannem:
808 1202 831 1230 εἰ
843 1202 887 1242 μῆ
900 1198 965 1241 πρὸς
976 1202 1027 1230 τὴν

302 1240 427 1272 ὑπόνοιαν
436 1242 542 1272 ταύτην
553 1244 711 1283 ἱστάμενος
719 1242 901 1278 ἐπανέλαβε.
924 1243 1025 1280 Suspz·

300 1284 411 1314 cionem
425 1290 517 1315 vocat
526 1286 652 1316 tacitam
665 1285 890 1324 objectionem·
881 1295 912 1314 ln
924 1287 1024 1314 mente

302 1327 456 1358 auditoris
481 1330 657 1359 haerentem.
680 1327 831 1358 ι’στασὲται
854 1326 930 1369 πρὸς,
953 1328 1025 1356 resi-

299 1375 385 1407 stere,
401 1370 629 1410 πξοσίστασθαι,
647 1372 688 1401 ad
710 1371 863 1410 scopulum
884 1369 951 1400 sive
967 1369 1025 1400 obi-

300 1423 361 1444 cem
388 1415 590 1445 (ιιίΙιιειεεερνο.
647 1415 814 1453 Euripides
845 1413 1026 1455 [Iphigenia

300 1457 375 1487 Aul.
391 1460 442 1488 03.
448 1458 461 1498 ]
478 1458 511 1487 τὸ
527 1457 554 1488 δὲ
571 1457 724 1498 φιλότιμον
742 1458 834 1496 γλυκυ
853 1456 920 1497 μὲν,
937 1457 1029 1487 λυπεῖ

301 1499 331 1530 δὲ
347 1502 585 1541 προσιστάμενον.
610 1503 770 1531 Decursus
781 1491 1023 1530 enimhonorum

300 1554 377 1573 crux
399 1550 446 1574 cst
468 1545 584 1575 homini
611 1544 784 1580 ambitioso,
806 1544 832 1574 si
857 1544 1022 1574 inhibetur.

299 1588 343 1617 Et
360 1592 434 1617 sunt
450 1588 608 1629 ἲσοδύναμα
619 1589 726 1624 multa,
743 1598 811 1627 quie
827 1587 947 1627 colligit
960 1589 1023 1618 Eu-

301 1631 434 1661 stathius
452 1630 498 1671 [in
520 1635 551 1663 4.
569 1631 714 1672 Odyss.],
734 1629 928 1671 ἀντιστρόφως
944 1630 1026 1669 λεγό-

297 1683 384 1712 μενα.
431 1675 474 1704 Ut
494 1675 666 1716 κηξιμύντης
684 1676 767 1715 apud
785 1674 1021 1714 Lycophronem

298 1716 404 1756 [Cass.
431 1720 506 1749 663.
509 1719 522 1759 ]
551 1724 582 1749 et
606 1717 782 1758 ἀλεξίκακος.
827 1718 914 1747 Idem
940 1718 1021 1747 enim

297 1761 345 1809 κῆρ
361 1771 409 1789 και
426 1772 495 1790 κακο
487 1761 521 1797 ἔν,
537 1761 653 1801 ἀμύνειν
666 1761 722 1791 καὶ
731 1760 850 1800 ἀλέξειν.
894 1761 946 1790 Sic
971 1769 1022 1801 φε-

297 1813 395 1843 ρενικος
411 1809 441 1833 et
457 1803 603 1858 νικηφόρος,
619 1804 775 1838 ἆελλ6πους
790 1804 838 1834 καῖ
859 1804 1021 1845 ποδηνεμος.

297 1846 425 1886 Quippe
440 1847 522 1877 idem
539 1848 634 1878 ἄελλα
649 1860 697 1877 και
713 1848 824 1888 ἄνεμος.

343 1908 387 1912 -
408 1891 462 1920 ult.
486 1893 626 1925 συνιστὰς
649 1890 763 1932 ἑαυτὸν]
787 1891 935 1921 συστῆσαι
960 1901 1021 1920 non

298 1932 397 1962 solum
414 1936 628 1969 commendare,
643 1939 672 1964 et
694 1945 747 1985 per
769 1935 868 1965 literas
887 1934 1021 1974 ignotum

299 1976 426 2007 laudare
441 1977 540 2013 alteri,
557 1978 612 2008 sed
628 1978 754 2018 proprie
765 1988 863 2008 emam
876 1977 1022 2008 adducere

297 2020 331 2049 in
346 2021 496 2057 notitiam,
511 2027 537 2051 et
550 2027 722 2061 praesentem
732 2023 840 2052 sistere.
861 2021 950 2050 Dem.
966 2021 1020 2060 [ad

298 2062 507 2102 Timotheum,
519 2076 551 2105 p.
563 2067 658 2096 1190.
671 2062 1021 2115 εὰ.Ιίε151ς]καιεδειτο

299 2106 388 2136 αὐτου
407 2119 559 2142 συστησας
577 2108 725 2144 Φιλώνδαν,
749 2107 861 2140 ἐπειδὰν
880 2105 1020 2146 αφίκηται

296 2147 331 2179 ἐκ
346 2150 537 2185 Μακεδονίας“
526 2164 537 2181 ο
555 2149 728 2187 Φιλωνδας,“
716 2163 741 2182 ον
756 2150 874 2183 συνίστη
890 2162 969 2186 ουτος
980 2150 1022 2191 τᾷἰ

298 2193 391 2246 Ζῐατρι
406 2194 451 2233 τςὶἶ
465 2193 540 2235 ἒμᾷἱ,
555 2195 631 2233 ἄγων
646 2195 721 2234 ξύλα
736 2197 777 2225 τὰ
794 2194 913 2225 δοθέντα
928 2194 1021 2234 τούτῳ

299 2235 354 2266 ὕπὸ
364 2234 517 2276 Ἀμύντου,
527 2250 561 2267 το
572 2239 670 2268 ναῦλον
680 2241 735 2268 τῶν
747 2238 837 2278 ξύλων
847 2239 1021 2279 παρασχεῖν.

298 2279 451 2320 Amyntas
481 2292 540 2312 rex
570 2281 762 2312 Macedoniae
785 2282 948 2312 Timotheo
969 2282 1022 2311 de-

297 2323 387 2354 derat
408 2325 503 2364 ligna‚
526 2335 593 2364 quae
616 2327 835 2365 deportaturus
859 2325 932 2355 inde
957 2328 1022 2354 erat

297 2366 437 2397 Athenas
458 2368 629 2399 Philondas
651 2369 777 2408 quidam
800 2368 1021 2399 navicularius.

297 2409 393 2439 Hunc
420 2411 602 2442 Timotheus
627 2412 752 2442 Pasioni
775 2411 947 2451 trapezitae,
971 2412 1021 2441 cui

295 2461 437 2491 magnam
468 2456 631 2493 pecuniam
661 2455 805 2491 debebat,
837 2459 1021 2494 praesentem

297 2496 452 2533 exhibuit,
471 2503 504 2527 ut
520 2503 672 2535 nosceret,
693 2504 725 2529 et
740 2499 903 2529 Philondae
914 2497 1022 2538 jussit,

299 2539 347 2579 [p.
365 2540 417 2569 15.
434 2541 484 2570 ed.
502 2542 559 2582 D.]
577 2542 603 2571 si
621 2543 704 2581 ligna
720 2542 930 2582 deportasset,
949 2551 1022 2571 nau-

296 2582 361 2611 lum
378 2583 512 2613 solvere.
559 2586 651 2621 Quod
674 2586 754 2616 filius
769 2585 910 2616 Pasionis
925 2585 1022 2624 Apol-

296 2625 425 2655 lodorus
442 2636 458 2655 a
474 2628 636 2658 Timotheo
659 2640 729 2659 cum
750 2629 869 2669 reliqua
889 2628 1023 2668 pecunia

294 2669 420 2709 repetit.
437 2669 528 2700 Plato
543 2669 734 2710 [Charmide.
747 2682 778 2711 p.
792 2676 866 2703 110.
881 2676 902 2702 t.
916 2673 955 2702 V.
971 2673 1021 2702 ed.

295 2712 389 2753 Bip.]
414 2723 482 2748 παι,
501 2712 564 2752 ἔφη,
585 2714 667 2744 κάλει
688 2714 842 2756 Χαρμίδην,
862 2716 958 2751 εἰπὼν,
976 2715 1021 2745 ὅτι

298 2755 441 2796 Βούλομαι
451 2755 535 2786 αὐτὸν
545 2756 633 2797 ἰατρῷ
642 2769 790 2789 συστῆσαι
801 2759 862 2812 περὶ
872 2771 924 2793 της
936 2757 1021 2789 ἀσθε-

296 2797 378 2834 νείας,
402 2811 432 2833 ης
455 2811 545 2840 πςωην
567 2800 635 2841 πρός
654 2811 694 2841 με
709 2800 815 2839 ἔλεγεν,
830 2801 873 2832 ὅτι
890 2803 1019 2833 aveant.

296 2842 443 2872 Medicus
459 2843 520 2873 iste
537 2849 603 2874 erat
618 2845 773 2881 Socrates,
785 2846 837 2875 eui
852 2846 1019 2876 tradendus

295 2886 355 2915 suit
371 2887 564 2917 Charmides.
599 2887 667 2918 Cic.
683 2888 755 2929 [pro
773 2890 828 2918 Cu
830 2889 885 2924 lio,
901 2890 1018 2931 c.1'7.]

296 2934 315 2947 ⁸·
335 2930 384 2958 (lb
401 2930 478 2959 hanc
496 2941 618 2961 causam
639 2942 750 2971 paiens
774 2931 831 2961 tibi
848 2932 928 2962 hunc
943 2943 1017 2972 pue-

295 2983 361 3003 ium
379 2975 606 3007 commendavit
619 2980 649 3006 et
662 2975 803 3014 tradidit,
816 2980 849 3006 ut
863 2975 893 3006 in
907 2976 1016 3007 amori-

656 221 915 290 DOUNAEI
950 221 1430 265 PRAELECTIONES

1064 333 1122 363 bus
1145 337 1236 373 atque
1258 333 1289 363 in
1309 334 1521 373 voluptatibus
1544 334 1780 365 adolescentiam

1063 387 1148 407 suam
1165 378 1332 407 collocaret
1342 376 1372 407 ?’'
1395 377 1501 408 Caesar
1517 377 1615 418 [Bell.
1631 379 1779 408 Gall.·lib.

1062 422 1093 449 7.
1107 431 1175 460 cap.
1190 420 1260 461 38]
1285 425 1306 438 “
1321 421 1362 450 Et
1383 431 1444 451 una
1465 422 1689 458 Viridomarus,
1709 421 1779 461 pari

1062 467 1152 493 aetate
1169 469 1199 494 et
1216 464 1324 502 gratia,
1340 465 1393 494 sed
1408 474 1520 503 genere
1540 465 1668 504 dispari,
1687 474 1778 504 quem

1062 508 1166 537 Caesar
1180 508 1239 537 sibi
1251 509 1288 538 ab
1302 507 1460 538 Divitiaco
1469 508 1627 545 traditum,
1644 509 1680 538 ad
1696 518 1779 538 sum-

1061 560 1140 581 mam
1157 551 1336 590 dignitatem
1355 561 1393 581 ex
1412 551 1519 581 humili
1533 552 1604 582 loco
1619 552 1776 591 perduxe-

1060 594 1138 624 rat.'’
1182 596 1267 634 Lego
1281 594 1472 634 produxerat,
1486 595 1569 634 quod
1586 605 1694 629 verum
1710 605 1779 624 esse

1060 637 1121 667 alio
1147 637 1216 668 loco
1241 638 1529 668 demonstrabimus.
1573 638 1699 668 Curtius
1723 638 1781 678 [de

1061 681 1124 711 reb.
1141 679 1231 712 Alex.
1242 682 1319 712 VII.
1333 685 1364 717 1,
1381 684 1433 712 28.
1451 685 1473 698 “
1484 682 1532 712 Ab
1548 681 1604 711 illo
1620 681 1725 711 traditi
1740 681 1780 710 ad

1060 724 1142 754 hunc
1158 726 1286 761 gradum
1306 725 1450 755 amicitiae
1471 729 1532 754 tuae
1549 722 1781 755 ascendimus.”

1061 767 1211 797 Horatius
1233 769 1270 798 ad
1297 768 1461 799 Claudium
1483 770 1639 800 Neronem
1660 767 1735 809 [lib.
1760 766 1782 797 i.

1062 820 1112 849 ep.
1129 813 1157 841 9.
1178 815 1206 841 1.
1224 811 1304 853 ss.]':

1106 883 1125 895 “
1138 877 1320 918 Septimius,
1337 879 1462 915 Claudi,
1476 878 1617 909 nimirum
1633 876 1783 917 intelligit

1234 932 1325 958 unus,

1106 964 1220 1002 Quanti
1238 975 1287 995 me
1303 964 1410 996 facias.

1231 1017 1323 1046 prece
1338 1005 1433 1045 cogit,

1103 1050 1232 1081 Scilicet
1253 1054 1287 1079 ut
1311 1049 1369 1079 tibi
1393 1058 1426 1078 se
1453 1048 1578 1079 laudare
1603 1053 1635 1078 et
1657 1049 1779 1078 tradere

1233 1101 1336 1126 coner,

1104 1136 1241 1174 Dignum
1257 1138 1358 1165 mente
1370 1134 1524 1175 domoque
1539 1134 1671 1175 legentis
1685 1135 1781 1166 hone-

1234 1182 1281 1208 sta
1297 1177 1465 1209 Neronis-'²

1455 965 1535 994 Nam
1557 973 1626 993 cum
1644 966 1734 1002 rogat
1750 966 1781 992 et

1059 1237 1224 1266 Postremo
1240 1236 1398 1268 concludit
1413 1236 1578 1277 epistolam
1592 1237 1648 1268 hac
1664 1237 1779 1267 συστά-

1058 1290 1101 1310 σει
1119 1279 1228 1320 [epist.
1245 1282 1275 1312 9.
1292 1280 1347 1310 lib.
1363 1283 1393 1311 1.
1410 1291 1441 1311 v.
1460 1281 1526 1323 13.]
1541 1291 1549 1311 ε

1102 1351 1123 1364 “
1141 1347 1250 1378 Scribe
1278 1348 1325 1378 tui
1354 1347 1460 1387 gregis
1486 1348 1580 1385 huno,
1605 1352 1637 1378 et
1666 1348 1777 1379 fortem

1229 1391 1322 1421 crede
1337 1390 1542 1431 bonumque.''

1059 1459 1099 1489 Et
1122 1457 1263 1498 quoniam
1287 1459 1440 1499 eiusmodi
1462 1459 1687 1490 commendatio
1711 1458 1779 1488 sive

1058 1502 1184 1533 traditio
1196 1513 1253 1532 non
1267 1502 1300 1532 fit
1312 1503 1378 1533 sine
1387 1502 1564 1533 laudatione
1574 1503 1687 1542 aliqua,
1699 1503 1779 1532 bene

1059 1546 1219 1586 copulavit
1233 1546 1359 1576 laudare
1376 1551 1407 1576 et
1422 1547 1554 1577 tradere.
1598 1547 1661 1577 Sed
1676 1543 1711 1575 τὸ
1725 1557 1778 1576 συ-

1059 1591 1168 1620 στῖσαι
1183 1588 1278 1631 κυρίως
1294 1594 1343 1620 est
1354 1590 1399 1625 id,
1414 1591 1498 1629 quod
1512 1589 1644 1620 diximus
1657 1600 1695 1620 ex
1713 1589 1779 1619 De-

1058 1634 1228 1668 mosthene,
1238 1643 1342 1663 coram
1354 1633 1464 1664 sistere
1473 1633 1612 1673 ignotum
1626 1644 1682 1673 pro
1695 1633 1777 1662 bono

1057 1676 1136 1706 viro.
1179 1677 1251 1707 Non
1274 1681 1308 1706 ut
1332 1676 1449 1706 Paulus
1473 1680 1505 1706 et
1526 1677 1685 1716 receptior
1699 1685 1777 1706 usus

1058 1719 1095 1759 [2
1112 1719 1221 1751 Cor.3
1226 1723 1278 1754 ,1.
1283 1719 1297 1760 ]
1313 1718 1467 1760 ἇξχὸμεθα
1481 1719 1569 1750 πάλιν
1583 1719 1700 1771 ἓαυτους
1716 1730 1780 1749 συν-

1271 1804 1558 1816 oeoeoeoeoeoeoe

1057 1849 1109 1879 Sic
1125 1849 1204 1879 enim
1227 1849 1406 1889 legendum,
1428 1859 1488 1879 nou
1512 1848 1534 1878 εἰ
1557 1851 1600 1888 μὴ
1624 1847 1778 1891 χρῄζομεν.

1057 1894 1159 1922 Beza:
1184 1896 1204 1910 “
1214 1899 1266 1922 aut
1279 1902 1351 1922 num
1366 1891 1556 1932 indigemus.
1550 1892 1569 1912 θ’
1573 1891 1580 1904 ’
1613 1893 1776 1932 Epictetus

1057 1936 1096 1965 de
1112 1936 1240 1966 Socrate
1257 1935 1400 1976 [Euchir.
1411 1947 1439 1965 c.
1452 1937 1504 1968 46.
1519 1936 1567 1965 ed.
1583 1934 1775 1975 Schweigh.]

1056 1978 1171 2020 ἤρχοντο
1187 1978 1260 2020 νωςός
1274 1978 1358 2009 αὐτὸν
1373 1978 1536 2019 Βουλόμενοι
1551 1978 1716 2030 φιλοσόφοις
1729 1977 1780 2009 ὑπ’

1056 2035 1142 2054 αυτου
1162 2022 1346 2054 συσταθηναι
1368 2021 1415 2062 [p.
1432 2025 1492 2053 16.
1505 2022 1554 2052 ed.
1573 2023 1614 2052 D.
1617 2019 1778 2064 ],κακεινος

1055 2067 1164 2104 ἀπῆγεν
1178 2066 1289 2101 αὐτούς.
1327 2065 1388 2095 Ille
1401 2075 1504 2096 coram
1519 2065 1695 2096 adducebat
1711 2075 1777 2102 eos,

1055 2120 1114 2139 non
1129 2120 1186 2149 per
1200 2109 1305 2139 literas
1320 2109 1563 2139 commendabat.
1585 2109 1716 2148 οἴω-ἄγειν
1731 2108 1776 2138 in-

1056 2153 1176 2183 terdum
1192 2153 1350 2189 adducere,
1366 2157 1399 2183 ut
1416 2151 1561 2189 ἀπελθεῖν,
1579 2153 1672 2188 adire,
1696 2153 1777 2182 ἄτιτο-

1056 2194 1180 2233 ἕλέπειν,
1195 2198 1353 2235 adspicere.

1097 2239 1229 2270 —ibid.
1245 2239 1293 2269 και
1304 2234 1518 2280 αδωςοδοκητον]
1533 2237 1696 2279 δωροδοκεῖν,
1710 2248 1777 2267 mn-

1054 2293 1126 2313 ‘newa
1145 2284 1287 2322 accipere,
1298 2282 1378 2336 *δῶρα
1394 2279 1544 2323 δέχεσθαι.
1589 2281 1651 2311 Sed
1671 2292 1697 2323 χ
1710 2281 1741 2310 in
1758 2292 1777 2311 κ

1056 2330 1191 2356 mutatur
1210 2325 1340 2360 Ἰωνικῶς.
1384 2326 1427 2356 Ut
1447 2322 1615 2360 καπνοδόκη,
1631 2323 1776 2362 ιστοδόκη,

1054 2368 1152 2406 ἰοδόκη,
1164 2370 1319 2409 pharetra.
1350 2368 1517 2404 πανδοκειον,
1536 2367 1696 2403 πανδοκευς,
1716 2373 1777 2398 sta-

1055 2412 1167 2449 bulum,
1183 2413 1373 2443 stabularius.
1410 2412 1462 2442 Sic
1477 2410 1629 2452 δωροδόκος,
1643 2412 1694 2451 qui
1708 2421 1776 2441 mu-

1054 2466 1127 2486 nera
1151 2457 1270 2496 accipit,
1294 2454 1507 2496 ἀδωροδόκητος,
1532 2456 1656 2496 integer,
1687 2454 1776 2484 nulla

1056 2500 1213 2540 largitione
1248 2504 1417 2538 corruptus,
1447 2496 1603 2538 δωροδοκία,
1637 2507 1774 2527 nonnun-

1056 2553 1146 2582 quam
1162 2553 1221 2573 non
1234 2553 1393 2573 munerum
1408 2543 1547 2580 acceptio,
1563 2541 1618 2571 sed
1633 2541 1696 2580 ipsa
1711 2541 1775 2571 lar-

1053 2587 1139 2627 gitio,
1162 2597 1216 2616 seu
1240 2586 1419 2625 corruptela.
1452 2585 1612 2615 Diodorus
1636 2583 1706 2624 [tib.
1722 2586 1774 2614 16.

1056 2641 1083 2660 c.
1098 2632 1151 2661 33.
1169 2635 1191 2660 t.
1207 2630 1254 2660 II.
1267 2630 1341 2659 107.
1353 2630 1403 2660 ed.
1413 2628 1550 2659 Wessel.
1554 2626 1695 2667 ]καιγαρ
1710 2638 1776 2661 τους

1055 2674 1230 2709 Θετταλούς,
1246 2671 1388 2714 μέγιστον
1399 2670 1520 2725 ’έχοντα-ς
1530 2673 1586 2701 τῶν
1599 2671 1775 2710 συμμαχων

1054 2716 1184 2757 ἀξίωμα,
1213 2715 1399 2757 δωροδοκήσας
1435 2714 1531 2746 ἔπεισε
1566 2725 1617 2745 την
1650 2712 1774 2754 ησυχίαν

1054 2759 1141 2801 ἔχειν.
1165 2760 1208 2790 Et
1220 2764 1267 2790 est
1279 2759 1368 2798 quasi
1382 2757 1557 2798 conjugatio
1572 2758 1627 2787 τῶν
1642 2755 1776 2796 Εβραίων

1054 2803 1179 2843 Hiphil,
1202 2807 1254 2833 aut
1274 2801 1436 2843 δωροδοκεῖν,
1459 2802 1588 2840 accipere
1611 2801 1687 2840 quod
1706 2800 1775 2830 des:

1054 2847 1209 2885 quomodo
1226 2845 1308 2876 dixit
1325 2845 1440 2875 Paulus
1458 2844 1556 2885 [Eph.
1569 2843 1612 2873 iv.
1628 2846 1659 2873 8.
1662 2843 1677 2885 ]
1699 2847 1722 2860 “
1740 2847 1772 2872 et

1053 2890 1142 2920 dedit
1164 2891 1244 2920 dona
1268 2888 1463 2919 hominibus:
1457 2887 1487 2904 ·”
1514 2887 1680 2917 secundum
1704 2886 1771 2915 He-

1052 2933 1167 2964 hraeam
1186 2933 1357 2971 veritatem,
1382 2930 1504 2972 accepit
1520 2940 1587 2970 quae
1608 2930 1696 2961 daret
1712 2929 1772 2960 sci-

1049 2976 1134 3009 lieet.
