1997 3323
394 204 473 245 114
713 208 715 211 ’
764 202 797 244 Ι.
822 203 856 245 I.
879 203 1101 246 REISKE

388 314 496 338 tamen
504 309 611 339 vitium
627 309 657 340 ei
673 311 822 341 vocabulo
834 311 916 347 insit,
932 317 965 342 ut
981 313 1016 342 ad
1034 323 1100 342 cor-

388 352 552 382 rectionem
575 354 740 392 confugere
761 365 886 385 necesse
913 356 966 391 sit,
998 361 1103 386 auctor

391 394 462 430 sim,
477 400 511 424 ut
527 396 711 437 λογοστξόφος
726 397 853 437 legatur.
869 399 941 437 quia
953 398 1102 436 ejusmodi

390 438 499 468 soribae
514 439 609 469 multa
631 441 740 479 partim
763 451 875 476 errore,
897 442 1005 480 partim
1026 441 1104 470 mala

389 481 497 510 fraude
513 486 603 520 atque
620 485 771 518 consulto,
788 485 862 513 falsa
877 485 1029 522 subjicere
1050 494 1102 514 ve-

390 525 433 554 ris
451 524 597 555 solebam.
642 527 747 556 Simile
769 528 891 556 ductum
908 528 946 556 de
962 526 1104 556 restioni-

390 567 447 597 bus
469 567 569 598 funem
600 569 880 609 contorquentibus,
909 570 996 607 eique
1020 569 1105 607 quis-

391 610 502 648 quilias
518 612 621 642 nescio
634 623 708 652 quas
724 613 941 647 intexentibus,
954 616 987 640 ut
999 612 1104 641 oculos

390 654 547 692 effugiant.

433 714 476 718 —-
490 698 564 727 ibid.
579 698 627 727 καὶ
643 697 712 731 Θεοῖς
726 696 838 738 ἐχθςὸς]
854 697 955 726 malim
968 696 1015 725 καὶ
1031 697 1106 730 θεοις

391 737 419 777 γ’
435 738 549 780 ἐχθρὸς,
568 742 615 770 vel
630 742 678 771 καὶ
695 741 769 773 θεοις
787 739 889 780 ἔχθξός
904 750 946 778 γε.
965 745 997 769 ut
1013 741 1104 770 modo

390 784 608 822 praecessitnoei
624 784 737 824 πονηρός
753 793 795 821 γε.

433 843 476 848 --
498 830 546 856 10.
563 825 800 866 ἀναβεβλημένον]
818 824 849 854 id
866 831 923 862 est,
936 826 1105 866 ἦμφιεφμέ-
1132 852 1135 854 ,

389 879 428 897 νον
453 868 492 909 ’τῇ
516 869 648 910 ἀναβολῇ.
676 870 726 909 qui
749 873 795 898 est
820 867 949 898 amictus
969 869 1107 908 corporis

392 912 537 948 exterior,
554 912 604 951 qui
626 912 751 952 reliquis
763 911 953 941 vestimentis
968 912 1106 951 superin—

388 955 507 992 jicitur.
527 960 576 985 est
596 955 689 994 igitur
706 957 768 984 liaec
786 955 951 984 sententia:
976 955 1106 985 amiotus

390 998 448 1026 hoc
463 999 578 1033 habitu,
595 1009 700 1028 manus
715 998 797 1028 intus
813 998 905 1028 habet
927 999 983 1028 sub
1003 998 1106 1039 pallio.

391 1051 511 1070 verum.

433 1101 475 1106 —
493 1087 541 1114 14.
557 1085 788 1126 τετταςάκοντα]
801 1084 958 1115 Corsinius
976 1088 1027 1115 14.
1044 1095 1108 1115 rna-

389 1126 435 1156 lit.
455 1137 559 1157 verum
575 1128 806 1167 diligentissimi
827 1128 859 1157 in
881 1129 1028 1159 tradenda
1052 1139 1107 1158 nu-

389 1179 540 1200 merorum
564 1172 693 1202 veritate
712 1182 770 1201 non
798 1175 868 1201 sunt
891 1177 1024 1208 veteres,
1052 1172 1107 1202 sed

389 1214 536 1244 rotundos
562 1215 654 1244 edere
683 1225 837 1251 numerOS,
868 1216 988 1246 tametsi
1014 1215 1107 1255 paulo

389 1255 506 1295 largius
530 1263 619 1296 atque
637 1258 795 1288 liberalius
811 1264 922 1294 amant,
943 1264 1107 1298 praeterea-

390 1309 450 1337 que
464 1305 600 1330 oratores
622 1306 682 1330 tam
710 1302 786 1331 arcti
809 1307 898 1341 atque
921 1302 1027 1340 pusilli
1043 1302 1107 1331 ani-

391 1342 449 1371 mis
465 1354 523 1373 non
538 1344 610 1379 sint,
627 1355 687 1383 quo
708 1345 806 1374 minus
821 1344 961 1384 religioni
978 1345 1035 1375 sibi
1051 1346 1108 1375 du·

392 1389 474 1422 cant,
491 1387 515 1416 si
532 1387 606 1426 quid
628 1389 775 1427 expediat
790 1388 978 1427 exaggerari,
994 1388 1026 1418 id
1049 1389 1108 1418 sci-

393 1433 479 1458 entes
494 1431 624 1470 dataque
636 1441 730 1470 opera
746 1441 942 1470 exaggerare.

434 1489 477 1494 —
493 1477 544 1504 18.
559 1474 659 1515 τοῦτο]
678 1475 735 1504 hoo
750 1475 864 1512 itaque,
880 1474 1005 1505 forsitan
1023 1475 1108 1513 igno-

392 1518 455 1543 tum
467 1516 636 1554 judicibus,
653 1519 691 1546 de
708 1522 808 1546 statua
830 1518 962 1553 Solonis,
989 1528 1108 1548 enarra-

391 1558 436 1586 vit
450 1558 716 1595 hal)itum‚1nanus
730 1561 786 1590 sub
802 1560 895 1600 pallio
908 1562 1108 1598 absconditae,

391 1607 478 1639 gestu
495 1603 728 1634 demonstravit.

434 1649 541 1676 —21.
554 1647 661 1677 ταύτην
672 1647 718 1676 οὐκ.
726 1646 913 1688 ἐμιμήσατο]
925 1648 1025 1678 malim
1039 1647 1109 1678 ταύ-

393 1698 442 1717 την
467 1689 513 1718 οὐκ
533 1689 614 1725 εἶδεν,
636 1689 691 1720 οὐδ’
715 1689 897 1729 ἐμιμήσατο.
924 1691 994 1730 quia
1017 1692 1108 1721 modo

394 1729 526 1767 dixerat,
542 1745 590 1764 την
604 1732 720 1766 Σόλωνος
735 1732 831 1774 ψυχὴν
844 1734 915 1763 ἰδεῖν.

436 1792 479 1796 -—
495 1776 549 1805 ult.
564 1775 696 1817 ἐξέδωκε]
723 1776 822 1806 simile
841 1778 965 1807 ductum
982 1777 1019 1807 de
1034 1778 1108 1813 filia,

392 1821 444 1846 aut
464 1828 577 1855 sorore,
599 1819 831 1856 consobrinave,
855 1820 881 1849 si
905 1831 994 1860 quam
1022 1826 1110 1860 pater

393 1859 516 1899 impius,
536 1868 588 1892 aut
606 1863 699 1892 frater
715 1863 896 1899 sceleratus,
913 1865 1055 1893 mercede
1071 1863 1109 1894 il-

391 1902 503 1939 lectus,
519 1911 570 1935 aut
589 1916 650 1945 quo
674 1905 762 1935 bonis
780 1906 847 1947 ejus
870 1907 937 1946 ipse
964 1908 1110 1946 potiatur,

391 1927 505 1976 homini
521 1948 602 1978 malo
628 1949 802 1987 peregrino,
817 1960 874 1988 pro
895 1950 1007 1989 pellice
1023 1950 1110 1980 habi-

389 1993 473 2024 turo,
487 1990 648 2021 lenonive
641 2002 670 2020 ln
682 1991 820 2030 lupanari
834 1992 1030 2031 expositum,
1046 1994 1109 2023 elo·

392 2038 453 2068 cet,
471 2043 507 2062 ea
522 2033 603 2072 lege,
621 2039 654 2064 ut
671 2035 776 2073 procul
790 2044 806 2063 a
823 2035 923 2073 patria
945 2036 1110 2065 abductam

391 2075 422 2104 iu
448 2077 597 2107 servitute
623 2077 743 2112 habent,
772 2081 805 2106 ut
829 2077 928 2107 adhuc
952 2078 1044 2107 hodie
1069 2089 1108 2108 ex

394 2119 505 2156 Anglia
520 2121 613 2150 multa
628 2120 725 2149 libera
740 2129 870 2158 corpora
884 2120 988 2159 plagio
1011 2131 1110 2151 surre-

393 2165 447 2199 pta
472 2161 502 2191 in
526 2163 698 2192 Americam
725 2166 978 2201 transportantur,
1003 2163 1110 2203 ibique

393 2205 489 2234 vitam
506 2205 645 2235 miseram
663 2205 692 2234 in
708 2205 880 2245 mancipatu
898 2206 1016 2236 finiunt.

437 2249 512 2278 421.
525 2250 554 2278 3.
570 2247 675 2287 ἐκεῖσε]
690 2248 718 2277 in
740 2249 959 2278 Macedoniam.

437 2308 480 2313 —
493 2293 523 2321 4.
546 2290 735 2332 ἐπρέσβευσε]
761 2292 883 2330 praetuli
898 2291 1110 2330 imperfectum

394 2332 556 2374 ἐπρέσβευε.
602 2335 716 2374 Regio,
734 2344 790 2373 pro
811 2344 870 2373 qua
887 2335 1060 2365 mandatum
1083 2336 1112 2365 ei

395 2377 494 2406 fuerat
515 2382 547 2407 ut
565 2379 658 2407 verba
680 2378 806 2414 faceret,
823 2383 915 2417 atque
931 2378 1112 2417 deprecare-

393 2425 452 2455 tur,
467 2424 513 2449 est
529 2421 732 2460 Amphipolis.

439 2480 481 2485 --
497 2465 527 2493 6.
541 2463 600 2505 δ’τι]
615 2465 765 2494 redundat
778 2465 805 2494 h.
819 2464 840 2494 l.
856 2468 886 2494 ut
902 2463 1013 2503 ubique
1027 2465 1112 2495 loco-

396 2516 474 2542 rum,
491 2506 542 2535 ubi
559 2510 589 2536 tu
607 2507 731 2537 alterius
746 2506 912 2537 orationem
933 2508 1046 2538 referre
1063 2519 1113 2537 or-

396 2549 486 2579 diris.
530 2549 687 2580 AEsohinis
704 2551 801 2581 oratio
818 2550 944 2590 proprie
965 2550 1074 2591 incipit
1097 2561 1114 2580 a

397 2591 457 2631 περι
473 2590 496 2621 δ’
510 2591 725 2632 Ἀμφιπόλεως.

438 2653 482 2659 —
496 2638 525 2665 8.
546 2636 711 2677 παρελθὼν]
735 2647 919 2676 progressus
937 2637 974 2666 ad
991 2636 1113 2666 concio-

395 2689 463 2708 nem
489 2680 566 2708 hanc
591 2684 732 2715 vestram,
753 2690 821 2710 cum
846 2691 863 2710 a
881 2680 1033 2719 legatione
1059 2680 1112 2710 do-

395 2733 477 2752 mum
492 2723 691 2752 redissemus.

439 2783 484 2788 -—
501 2767 530 2796 9.
547 2764 669 2805 τούτων]
694 2765 816 2795 correxi
835 2766 942 2796 τοῦτον.
968 2767 1113 2805 negabam

396 2810 488 2844 hunc,
512 2808 700 2844 AEschinem,
724 2809 763 2838 ad
786 2809 1019 2847 exsequendum
1048 2819 1114 2839 ora-

396 2853 482 2882 tione
497 2852 571 2882 mihi
588 2851 749 2890 reliquisse
766 2852 927 2890 quicquam
944 2861 1060 2886 eorum,
1077 2853 1115 2882 de

396 2896 509 2935 quibus
532 2896 601 2935 ipse
625 2905 693 2925 cum
718 2895 866 2935 Philippo
889 2904 979 2934 agere
1002 2895 1116 2925 consti-

394 2939 515 2969 ruisset.

440 3000 482 3005 —
501 2984 550 3013 11.
581 2979 754 3022 μεταδοῦναί
778 2981 847 3022 τινι]
880 2980 948 3012 scil.
975 2980 1040 3021 ἔφην
1066 2981 1115 3011 αὖ·

398 3036 453 3055 701¹.

1135 203 1464 247 ANNOTATA

1175 331 1217 335 —
1234 313 1285 343 15.
1309 313 1353 343 ὃτι
1376 313 1423 343 καὶ
1440 314 1452 343 ὁ
1469 312 1570 353 Σόλων]
1593 313 1716 344 detraxi
1737 313 1852 344 nrtiow

1134 356 1206 386 lum.
1251 356 1420 395 Significat,
1436 357 1528 387 etiam
1548 357 1641 387 Solon
1657 357 1775 394 oderat,
1790 367 1849 387 non

1135 409 1192 438 ego
1211 398 1293 428 solus
1311 399 1373 429 odi.

1178 459 1221 463 -
1237 443 1288 472 16.
1304 442 1332 471 οὐ
1343 441 1432 480 λέγειν
1446 442 1527 483 εἴσω]
1545 442 1627 473 Citat
1642 442 1702 474 }1.l.
1718 443 1854 473 Hermo-

1138 495 1229 524 genes
1245 497 1275 525 p.
1289 485 1362 516 ω65.

1179 545 1222 550 »-
1238 532 1290 559 18
1305 525 1462 568 προτείνας]
1475 528 1613 565 προτεῖναι
1635 530 1683 559 τὴν
1699 528 1784 570 χεῗξει
1805 526 1854 556 di-

1138 569 1238 599 citur
1231 582 1268 606 is,
1281 571 1334 609 qui
1348 581 1467 599 manum
1479 581 1561 600 suam
1575 572 1694 610 planam
1702 576 1734 600 et
1745 571 1854 609 explo-

1139 623 1201 642 sam
1218 623 1323 642 versus
1340 612 1514 651 largitorem
1531 614 1674 652 porrigit,
1690 623 1787 652 eoque
1801 622 1854 652 ge-

1140 659 1189 684 stu
1203 666 1311 685 munus
1327 655 1415 694 quasi
1427 660 1574 693 provocat
1597 661 1686 695 atque
1711 656 1852 695 proritat.

1139 698 1276 739 ὑποσχεῖν
1291 704 1390 727 autem
1407 698 1533 734 dicitur,
1549 698 1601 737 qui
1619 700 1722 728 manui
1737 698 1853 728 datoris

1140 741 1200 770 sibi
1230 741 1402 771 occurrenti
1434 751 1518 771 suam
1549 751 1669 771 manum
1698 740 1855 781 supponit,

1139 794 1197 823 quo
1209 785 1342 814 dandum
1359 793 1467 813 munus
1483 784 1630 824 excipiat.

1181 844 1224 850 —
1235 830 1288 858 22.
1305 826 1367 868 κᾷν]
1384 828 1505 857 etiamsi.
1521 827 1642 857 correxi
1655 825 1698 864 ἂν,
1710 827 1743 856 si.
1790 826 1855 856 Ob-

1140 870 1221 899 scuri
1239 870 1298 900 loci
1314 870 1493 900 sententiam
1508 870 1533 900 si
1550 870 1626 901 satis
1638 868 1792 910 percipio,
1807 869 1854 899 vi-

1141 913 1231 942 detur
1250 914 1314 943 haec
1330 923 1398 942 esse
1411 924 1417 942 τ
1435 913 1535 942 nullas
1549 917 1578 943 te
1590 923 1696 953 poenas
1711 913 1854 942 daturum

1141 966 1260 995 speras,
1276 955 1303 985 si
1322 955 1453 985 circulos
1474 959 1506 984 et
1526 962 1624 986 coetus
1646 961 1742 995 operto
1761 956 1856 994 capite

1140 1003 1320 1039 perreptans
1344 1009 1393 1028 me
1413 999 1618 1035 calumnieris,
1634 1009 1706 1037 quo,
1720 1008 1788 1038 quae
1811 997 1857 1027 sie

1141 1043 1170 1071 in
1183 1053 1230 1072 me
1241 1043 1351 1081 probra
1360 1042 1390 1071 in
1404 1042 1527 1082 vulgum
1542 1042 1675 1082 spargis,
1686 1051 1722 1071 ea
1732 1045 1857 1071 auctore

1141 1090 1275 1121 careant,
1293 1086 1330 1115 ad
1356 1085 1549 1125 primumque
1570 1095 1676 1115 eorum
1701 1089 1856 1114 auctorem

1141 1129 1223 1159 nullo
1231 1133 1322 1168 pacto
1330 1128 1485 1168 perveniri
1496 1128 1606 1167 possit.
1618 1126 1734 1159 πιλίδιον
1744 1132 1791 1159 est
1797 1127 1858 1157 tale

1143 1171 1229 1211 quid,
1245 1176 1335 1212 atque
1350 1172 1397 1201 ein
1416 1170 1606 1202 Pohlnz‘scher
1626 1170 1781 1201 Iudenhut
1802 1172 1857 1200 mit:

1142 1214 1393 1256 herabgelassenen
1405 1214 1561 1254 Krempen.
1570 1215 1639 1245 oder
1650 1215 1713 1245 eine
1728 1212 1766 1245 W
1766 1215 1858 1244 inter-

1141 1259 1236 1289 miitze
1256 1260 1309 1288 mit
1326 1257 1462 1297 Klappen
1484 1257 1681 1294 rundherum,
1695 1258 1742 1287 die
1756 1256 1859 1287 herab—

1142 1301 1263 1343 hengen,
1272 1303 1336 1332 dass
1347 1312 1416 1332 man
1424 1302 1508 1331 einen
1518 1300 1601 1331 nicht
1610 1300 1754 1331 erkennen
1767 1300 1859 1330 kann.

1139 1345 1183 1375 als
1206 1356 1289 1376 werin
1314 1346 1361 1375 ein
1389 1344 1528 1374 ehrbarer
1557 1343 1655 1373 llffann
1681 1353 1734 1373 zur
1758 1343 1858 1379 Hure‚

1141 1388 1209 1418 oder
1226 1390 1273 1419 ‘ius
1289 1386 1643 1427 Brandeweinboutikgen
1655 1387 1747 1427 ginge
1757 1386 1791 1427 [a
1801 1386 1859 1416 Po-

1142 1431 1196 1461 lish
1212 1431 1283 1462 Jew’
1285 1441 1298 1461 s
1313 1431 1364 1461 hat
1378 1430 1449 1460 with
1466 1429 1601 1470 thestaps
1615 1430 1654 1460 let
1670 1430 1765 1460 down.
1778 1439 1823 1466 or,
1839 1439 1859 1459 a

1140 1475 1255 1505 winter·
1247 1485 1313 1514 -cap
1325 1473 1395 1504 with
1409 1473 1545 1514 theflaps
1564 1473 1700 1513 hanging
1720 1472 1815 1508 down,
1829 1481 1860 1502 so

1141 1528 1172 1547 as
1185 1523 1213 1547 to
1219 1522 1338 1558 prevent
1354 1528 1372 1547 a
1380 1515 1530 1558 personfr
1531 1527 1575 1546 om
1587 1515 1672 1556 being
1681 1516 1861 1556 recognized.

1130 1562 1202 1600 just
1223 1571 1255 1591 as
1277 1559 1360 1590 when
1379 1572 1397 1590 a
1417 1571 1485 1590 man
1502 1559 1539 1600 eff
1553 1559 1706 1589 character
1720 1568 1785 1600 goes
1799 1564 1827 1588 to
1841 1569 1861 1588 ιι

1141 1603 1246 1640 whore,
1266 1615 1299 1634 m·
1314 1603 1360 1634 the
1375 1602 1618 1644 brandy-bottle].
1629 1612 1660 1633 v.
1676 1601 1861 1642 interpretes

1142 1647 1292 1684 Petronii,
1307 1647 1345 1677 ad
1361 1646 1450 1682 illud,
1475 1650 1572 1685 operto
1591 1646 1695 1684 capite,
1719 1644 1751 1675 in
1777 1645 1859 1684 ejus-

1144 1690 1228 1720 modi
1244 1689 1382 1721 minutiis
1397 1699 1556 1729 operosos.

1183 1751 1227 1756 -—-
1243 1735 1299 1763 ult.
1314 1733 1460 1773 μεγάλην]
1475 1731 1577 1762 malim
1597 1730 1732 1772 μεγάλῃς
1744 1730 1790 1771 (in
1806 1730 1861 1760 da-

1141 1776 1205 1807 tivo
1226 1775 1325 1817 plur.)
1344 1786 1401 1816 pro
1423 1776 1580 1815 μεγάλαις,
1596 1778 1629 1804 ut
1645 1775 1682 1805 ad
1699 1773 1862 1816 ἀφραδίῃσιν

1140 1820 1300 1850 referatur.

1184 1866 1257 1895 422.
1269 1866 1299 1895 6.
1306 1862 1451 1904 χρήματα
1460 1860 1540 1903 δ’-]
1550 1871 1655 1893 versus
1663 1860 1808 1903 χρήματα
1818 1877 1861 1883 ——-

1142 1907 1180 1936 ad
1195 1917 1268 1938 πεπ.
1292 1906 1396 1937 multis
1412 1917 1429 1935 a
1450 1905 1539 1936 libris
1563 1905 1662 1940 abest,
1683 1907 1807 1933 rectene
1823 1913 1862 1932 an

1143 1959 1246 1986 secus,
1262 1950 1343 1980 haud
1360 1949 1550 1987 disceptabo.
1567 1958 1626 1987 ego
1642 1947 1785 1986 equidem
1801 1947 1862 1976 ista

1144 1993 1308 2022 omissione
1325 1992 1367 2022 nil
1380 1992 1528 2022 offendar.
1545 2001 1643 2030 neque
1658 1990 1766 2029 probo,
1779 1989 1862 2028 quod

1143 2035 1232 2065 multi
1245 2036 1323 2066 tales
1339 2036 1464 2065 lacunas
1478 2034 1559 2065 areis
1569 2033 1674 2064 vacuis
1688 2032 1863 2072 relinquen-

1144 2078 1192 2107 dis
1208 2079 1418 2119 designarunt.
1443 2088 1511 2118 quae
1528 2086 1622 2117 opera
1637 2081 1703 2106 erat
1716 2085 1863 2115 superva-

1144 2130 1249 2150 canea.
1267 2125 1455 2160 quapropter
1474 2120 1567 2149 laudo
1589 2120 1705 2148 factum
1727 2118 1863 2157 Taylori,

1145 2162 1198 2202 qui
1220 2173 1317 2193 vaona
1341 2162 1395 2192 illa
1417 2161 1517 2202 spatia
1541 2161 1738 2200 complendo,
1762 2160 1862 2192 hiatus

1145 2205 1332 2241 obliteravit,
1347 2206 1406 2235 hoc
1425 2209 1484 2241 est,
1499 2204 1694 2234 hexametros
1716 2205 1863 2234 hexame-

1146 2249 1215 2284 tris,
1242 2253 1450 2288 pentametros
1469 2247 1669 2286 pentametris
1692 2246 1865 2287 copulavit,

1145 2296 1179 2321 υἱ
1193 2291 1231 2321 ad
1247 2293 1388 2322 obtutum
1404 2291 1479 2320 nihil
1494 2292 1604 2321 deesse
1619 2295 1776 2331 appareat.
1806 2290 1863 2320 So-

1145 2335 1249 2365 lebant
1263 2335 1342 2365 enim
1362 2338 1486 2364 veteres
1501 2344 1560 2364 non
1576 2334 1675 2364 solum
1692 2343 1801 2364 versus
1817 2333 1865 2362 in-

1146 2379 1284 2413 choatos,
1301 2382 1332 2407 et
1356 2377 1396 2408 ad
1419 2377 1582 2407 dimidium
1606 2377 1786 2416 perductos,
1810 2376 1867 2406 de-

1146 2420 1286 2457 stituere,
1302 2421 1358 2451 sed
1370 2420 1474 2457 etiam,
1489 2421 1693 2456 hexametros,
1707 2425 1864 2459 pentame-

1146 2468 1249 2494 trosve
1273 2464 1439 2505 geminare,
1457 2464 1585 2503 insuper
1608 2463 1711 2493 habita
1733 2462 1865 2492 alterna-

1146 2507 1240 2543 tione,
1265 2512 1329 2543 aut,
1357 2518 1414 2547 pro
1437 2517 1471 2537 re
1494 2511 1576 2542 nata,
1599 2506 1733 2545 syllabas
1759 2510 1864 2536 contra

1147 2555 1283 2580 naturam
1309 2560 1451 2586 usumve,
1482 2551 1654 2589 producere
1682 2553 1735 2579 aut
1770 2548 1865 2578 corri-

1147 2604 1232 2633 pere.
1257 2594 1289 2623 id
1318 2594 1398 2633 quod
1428 2593 1508 2633 ipsis
1536 2593 1611 2623 vitio
1637 2601 1696 2621 non
1723 2590 1864 2623 dabatur.

1148 2637 1298 2676 Exempla
1315 2637 1385 2667 talis
1409 2636 1541 2667 licentiae
1564 2637 1602 2666 ab
1622 2634 1684 2665 illis
1707 2639 1864 2674 usurpatae

1147 2680 1306 2720 complura
1329 2680 1410 2720 apud
1437 2680 1604 2713 Stobaeum,
1631 2677 1865 2717 Diogenemque

1147 2723 1304 2754 Laertium
1331 2726 1481 2762 prostant.
1525 2722 1598 2752 Huc
1633 2721 1786 2759 pertinent
1811 2721 1866 2751 illa

1147 2767 1229 2805 apud
1246 2766 1401 2796 Julianum
1413 2766 1492 2805 Aug.
1503 2775 1533 2804 p.
1546 2765 1619 2795 199.
1633 2767 1664 2793 et
1679 2765 1753 2794 213.
1769 2763 1821 2793 ubi
1833 2763 1865 2793 in

1147 2809 1281 2839 Cratetis
1298 2809 1433 2848 elegiaco
1450 2807 1584 2837 carmine
1600 2806 1666 2836 bini
1682 2806 1865 2846 pentametri

1149 2863 1218 2882 sese
1233 2852 1374 2891 protinus
1389 2850 1582 2889 insequentes
1597 2849 1750 2889 leguntur.

1191 2911 1235 2918 -—
1251 2897 1302 2926 13.
1325 2891 1413 2923 ταῦτ’
1426 2892 1488 2933 ἤδη]
1506 2893 1587 2923 idem
1603 2896 1652 2922 est
1670 2896 1760 2932 atque
1777 2891 1803 2921 si
1819 2891 1866 2922 di-

1148 2937 1268 2968 xisset:
1286 2937 1332 2967 διὰ
1347 2947 1445 2966 ταυτα
1461 2936 1502 2966 δή.
1518 2936 1557 2965 ob
1572 2935 1658 2965 haeo
1649 2945 1726 2979 ipsa.
1733 2935 1842 2974 igitur.

1191 2999 1233 3004 —
1248 2983 1300 3011 18.
1312 2979 1453 3021 τρύχεται
1468 2979 1525 3020 —]
1541 2979 1620 3009 male
1635 2973 1864 3018 interpnnotum

1148 3034 1218 3055 esse
1240 3023 1266 3054 si
1289 3023 1339 3054 eui
1356 3023 1454 3054 minus
1468 3020 1646 3059 videatur,'
1636 3031 1677 3059 ιε,
1698 3032 1753 3062 per
1767 3031 1815 3052 me
1830 3020 1868 3050 li-
