1931 3323
336 228 418 270 458
448 227 956 271 AMERSFOORDTII
988 227 1061 268 ET
1094 226 1434 269 SCHAEFERI
1468 225 1725 269 ANNOTT.

336 333 376 363 tis
393 344 457 363 eam
475 335 615 364 refertam
632 345 699 365 esse
715 334 850 364 nonnulli
863 335 1041 364 clamarunt.

338 376 497 407 Universae
509 383 621 413 autem,
637 388 725 417 quam
742 378 893 414 dedimus,
909 378 1043 416 explica-

335 418 412 448 tioni
429 421 607 460 plerumque
628 422 780 451 consentit
799 421 997 455 Schohastes,
1014 420 1043 448 in

336 463 444 500 paucis
458 468 556 493 tamen
572 464 768 494 dissentiens.
805 464 939 494 Woltius
953 464 1043 493 etiarn

336 505 373 534 ad
392 517 419 544 p.
444 508 516 536 183.
533 509 564 537 8.
586 511 669 537 recte
685 507 763 536 hunc
778 508 877 536 locum
894 506 1044 536 exhibuit.

339 548 484 578 Errorem
507 554 605 580 tamen
629 550 696 591 ejus
713 550 741 579 in
759 550 814 580 lv.
832 550 1046 579 animadvertit

335 592 399 628 jam
425 592 574 622 Reiskius
596 593 631 623 ad
657 604 687 623 v.
713 596 764 624 28.
811 593 893 623 Mate
916 593 988 622 item
1013 602 1045 621 se

340 635 431 664 habet
455 635 526 671 vl„
547 637 599 666 ubi
622 641 721 666 tamen
744 646 886 666 numerus
910 638 929 666 9
953 636 982 665 in
1000 635 1046 664 bis

342 677 458 714 verbis,
487 680 658 709 trierarchos
687 682 717 716 9,
750 680 915 718 typothetae
944 688 1047 707 errore

341 721 462 758 positus
485 731 553 751 esse
580 722 702 752 videtur
729 733 781 760 pro
803 726 833 753 6.
861 723 965 751 IDEM.
990 721 1047 750 Er-

340 773 439 793 rorem
475 765 594 794 Reiskii
625 766 834 795 subaudientis
862 764 1050 803 στρατιώτας

340 807 505 846 castigavit
517 808 777 838 Amersfoordtius
787 808 816 837 in
828 812 898 837 nota
910 807 1050 846 proxime

341 856 500 888 sequente.
548 852 618 879 Non
639 850 834 890 cogitandum
850 851 907 880 hoc
928 850 996 879 loco
1011 850 1050 878 de

340 893 449 922 militia
465 894 613 928 obeunda,
625 895 678 924 sed
695 895 733 923 de
749 895 846 924 classe
862 893 1052 923 instruenda.

340 935 484 965 Ceterum
509 937 547 965 de
573 941 638 966 tota
662 939 717 966 hac
746 949 779 967 re
809 948 839 967 v.
878 935 1053 966 Boeckhius

342 979 452 1008 OEcon.
478 979 572 1008 Polit.
602 980 713 1010 Athen.
743 985 766 1010 t.
789 981 836 1011 ΙΙ.
859 991 889 1019 p.
914 981 987 1010 105.
1011 990 1053 1009 SS.

341 1022 538 1052 SCHAEFER.

384 1081 428 1087 -
444 1064 521 1095 ibid.
537 1067 601 1099 τοὺς
620 1066 771 1101 διακοσίους
787 1085 829 1091 --
843 1073 919 1106 φημι
940 1065 1053 1108 χρῆναι]

343 1108 507 1138 Probanda
520 1113 567 1138 est
582 1110 751 1149 explicatio
768 1110 872 1140 Wolfii
889 1109 1054 1144 censentis,

342 1161 500 1180 numerum
515 1155 598 1183 1200
609 1155 867 1192 symmoritaruin,
881 1153 973 1182 variis
982 1162 1055 1181 cau·

344 1194 389 1223 sis
406 1194 607 1231 imminutum,
620 1197 675 1226 hac
689 1196 905 1226 Demosthenis
919 1197 985 1234 lege
1001 1195 1055 1224 de-

344 1247 405 1266 nuo
421 1238 516 1267 fuisse
539 1239 711 1278 impletum,
728 1240 816 1269 novis
839 1238 954 1267 coactis
974 1248 1054 1276 sym-

344 1280 474 1309 moritis.
519 1282 596 1311 Haec
618 1283 740 1321 quidem
757 1282 864 1311 melius
881 1292 913 1311 se
934 1281 1056 1314 liabent,

344 1333 432 1361 quam
458 1334 526 1362 quae
547 1326 600 1354 dat
623 1326 771 1355 Reiskius
794 1326 858 1354 haeo
881 1325 981 1353 omnia
998 1333 1056 1352 non

346 1366 385 1395 de
409 1369 594 1405 symuioritis
619 1369 673 1398 sed
690 1370 730 1398 de
751 1368 946 1407 στρατιώταις
961 1367 1057 1405 expli-

346 1419 430 1438 cans.
482 1411 560 1446 Quae
591 1411 615 1440 si
649 1422 721 1441 vera
749 1412 820 1447 sint,
847 1411 926 1441 haud
957 1411 1059 1449 video,

348 1452 421 1491 quid
443 1452 614 1483 faciendum
636 1455 677 1484 sit
692 1456 890 1494 sequentibus
911 1464 940 1483 v.
958 1457 1009 1482 11.
1029 1451 1059 1482 ἐκ

347 1494 432 1525 τοίνυν
453 1495 559 1525 τούτων
579 1497 672 1536 οἴομαι
690 1499 742 1528 δεῖν
763 1501 877 1529 ποιῆσαι
897 1494 1061 1536 συμμορίας

348 1538 458 1573 εἴκοσιν,
484 1540 571 1579 ὥςπερ
599 1542 640 1570 νῦν
673 1541 752 1578 εἰσὶν,
780 1540 914 1579 ἑξήκοντα
940 1537 1061 1579 σώματ’

349 1580 473 1622 ἔχουσαν
504 1583 638 1614 ἑκάστην.
682 1586 755 1621 Sed,
785 1590 817 1614 ut
841 1585 954 1619 dicam,
978 1583 1059 1623 quod

351 1625 464 1661 sentio,
480 1625 557 1665 (etsi
572 1627 643 1656 dico
661 1629 852 1665 verecunde3
869 1628 966 1666 pudet
980 1626 1060 1656 enim

349 1677 410 1702 me,
431 1679 537 1707 parum
562 1670 763 1701 exercitatum
780 1673 937 1709 juvenem,
963 1670 1061 1699 virum

351 1712 575 1749 reprehendere
591 1718 622 1742 et
637 1714 783 1744 doctrinae
797 1715 885 1744 laude
901 1714 1061 1751 insignem,

353 1757 384 1783 et
411 1755 512 1784 inultis
541 1757 714 1786 nominibus
738 1758 776 1786 de
804 1757 884 1786 omni
907 1757 1061 1786 literarum

353 1807 464 1835 genere
486 1800 607 1837 egregie
625 1800 763 1829 meritum
777 1799 800 1837 3)
822 1801 850 1829 iu
874 1800 965 1837 hujus
983 1799 1063 1836 legis

352 1840 602 1879 interpretatione
633 1844 745 1882 saepius
779 1843 953 1872 festinantia
991 1842 1064 1871 Rei-

354 1883 455 1913 skium
484 1884 685 1922 impedivisse
716 1886 848 1921 videtur,
874 1895 933 1924 quo
964 1885 1063 1914 minus

353 1936 436 1956 verae
460 1928 674 1966 explicationis
696 1929 920 1968 indagationem
938 1929 1063 1958 multum

353 1975 486 2000 curaret.
508 1973 784 2003 AMERsroonDT·

398 2030 441 2035 -—
456 2016 488 2044 6.
504 2022 579 2053 φημι
595 2016 708 2056 χρηναι]
726 2015 867 2046 Solennis
882 2015 1066 2045 Oratoribus

355 2056 495 2093 formula,
519 2068 610 2097 quum
634 2058 713 2097 legis
738 2069 808 2088 mox
836 2069 854 2088 a.
877 2069 909 2088 se
932 2058 1066 2088 ferendae

355 2099 473 2129 faciunt
506 2100 699 2131 mentionem.
746 2101 902 2132 Vertitur:
939 2107 1067 2139 oportewe

356 2143 494 2179 existima,
510 2154 624 2183 (equum
640 2154 746 2174 censeo.
792 2146 842 2174 Ita
859 2144 940 2174 Phil.
957 2145 1020 2174 111.
1037 2155 1068 2183 p.

362 2187 433 2215 11‘2.
451 2189 502 2216 12.
523 2187 571 2216 ed.
590 2187 700 2217 Reisk.
717 2189 739 2217 εἰ
754 2186 809 2226 μὲν
822 2205 866 2210 —-
882 2188 958 2227 φημὶ
980 2186 1068 2225 ἔγωγε

359 2227 436 2266 ἄγειν
459 2230 537 2268 ἡμᾶς
559 2230 612 2260 δεῖν
635 2230 774 2272 [εἰρήνην]
798 2231 850 2261 Sic
874 2236 904 2260 et
926 2231 1004 2260 infra
1031 2231 1069 2260 de

362 2272 512 2309 Symmor.
530 2284 562 2312 p.
582 2276 653 2303 184.
672 2278 701 2303 1.
716 2273 793 2313 φημὶ
814 2275 878 2307 τοὺς
895 2274 1072 2313 στρατηγοὺς

361 2314 414 2344 δεῖν
429 2315 570 2355 διανεῖμαι
591 2315 693 2351 τόπους
708 2316 786 2347 δέκα.

363 2360 415 2388 21.
441 2361 472 2389 9.
501 2360 578 2399 φημῖ
604 2361 634 2390 δὴ
663 2361 717 2390 δεῖν
742 2361 820 2399 ὑμᾶς
843 2361 911 2400 ἅμα
934 2362 994 2395 τοῖς
1018 2360 1073 2400 μὲν

361 2401 514 2435 Ὀλυνθίοις
529 2402 643 2435 Βοηθεῖν.
692 2405 737 2433 De
759 2404 880 2434 Corona
901 2404 1072 2433 Trierarcli.

364 2454 396 2481 p.
419 2447 510 2474 1228.
532 2449 563 2475 7.
585 2446 623 2476 διο
645 2446 721 2486 φημὶ
744 2446 796 2476 δειν
814 2446 900 2481 αυτὸς
920 2447 1074 2487 στεφανοῦ-

363 2485 441 2517 σθαι.
486 2489 661 2527 Olyntb.1.
689 2501 718 2529 p.
751 2494 801 2519 14.
830 2493 859 2520 5.
891 2495 936 2519 est
967 2490 1074 2520 eodem

366 2539 476 2559 sensu:
500 2531 576 2571 φημι
606 2532 635 2564 δη
663 2533 730 2574 διχῆ
758 2531 909 2565 Βοηθητὲον
937 2531 1013 2562 εἰναι.
1045 2537 1076 2562 et

366 2573 447 2609 apud
469 2574 539 2603 Iso(
531 2581 634 2604 ratem
652 2576 690 2605 de
715 2577 795 2606 Pace
812 2587 842 2614 p.
858 2579 932 2607 281.
954 2576 1029 2615 φημὶ
1046 2576 1075 2606 δὴ

366 2626 408 2644 ουν
429 2617 526 2656 χξῆναι
543 2617 682 2647 ποιεισθαι
698 2620 745 2649 τὴν
767 2619 872 2659 εἶρηνην.
917 2620 966 2649 Ita
985 2619 1074 2649 etiam

369 2659 502 2689 occurrit
517 2659 813 2701 oi'oflma,ut11nfrap
831 2665 968 2693 286.‘21.
984 2661 1076 2701 οἴομαι

368 2700 397 2732 δὴ
414 2701 467 2732 δειν
480 2703 610 2739 -ὑμᾶς
621 2721 664 2725 —
676 2702 877 2744 ψηφίσασθαι.
891 2710 922 2735 et
938 2705 1078 2735 similiter

369 2755 439 2774 mox
458 2756 489 2784 p.
506 2748 579 2776 287.
596 2749 646 2777 102.
663 2751 693 2776 et
708 2747 810 2777 κελευω
824 2749 899 2778 1b1d
916 2760 943 2778 v.
962 2759 1031 2787 pen.
1047 2753 1078 2778 et

370 2797 402 2825 p.
419 2790 492 2818 288.
505 2794 608 2828 antep.
626 2790 667 2818 uti
685 2794 714 2819 et
729 2791 809 2829 apud
824 2792 1036 2830 Thucydidem
1052 2793 1077 2821 Ι.

371 2833 424 2861 82.
454 2831 555 2866 αὐτοὺς
582 2832 684 2863 κελεύω
710 2832 756 2872 ἐξίν
781 2831 931 2864 Ελάπτειν.
976 2835 1078 2873 Atque

371 2874 477 2903 horum
495 2876 639 2905 nonnulla
655 2881 754 2905 tamen
776 2881 845 2905 sunt
864 2878 1026 2915 eJ'usmodi,
1045 2882 1079 2906 ut

372 2917 477 2954 potius
501 2919 619 2948 consilii
635 2929 725 2957 quam
747 2918 870 2948 disertae
892 2920 970 2959 legis
994 2921 1079 2950 vide-

371 2964 460 2988 antur
480 2971 550 2990 esse
572 2963 764 3001 praeparatio.
808 2963 958 2992 Caeterum
983 2964 1080 2994 minus

374 3003 474 3031 valent
490 3004 553 3033 haec
569 3005 679 3040 omnia,
697 3016 783 3045 quam
799 3006 923 3044 γράφειν,
939 3016 998 3044 quo
1013 3006 1081 3044 ipsa

374 3045 450 3083 legis
466 3048 582 3085 rogatio
599 3048 761 3079 indicatur.
801 3049 925 3088 Olyntli.
944 3050 969 3078 Ι.
984 3060 1012 3087 p.
1030 3053 1079 3083 14.

832 2318 957 2355 Olynth.
979 2318 1022 2347 ΙΙ.
1039 2327 1070 2355 p.
1105 2318 1112 2325 ‘

1077 338 1129 365 24.
1143 336 1179 364 σὺ
1195 335 1310 375 γράφεις
1324 335 1410 366 ταῦτ’
1420 335 1485 366 εῖναι
1498 334 1713 375 στρατιωτικὴ
1733 335 1782 373 μὲ

1078 377 1123 409 Δί’
1137 379 1184 408 οὐκ
1205 378 1304 417 ἔγωγε.
1327 389 1394 418 quae
1412 383 1511 409 tamen
1533 383 1567 408 ut
1584 378 1654 408 fiant
1676 377 1785 408 eodem

1077 422 1146 450 loco
1169 422 1284 451 indicat
1300 422 1430 451 maxime
1448 432 1481 451 se
1497 426 1614 461 optare.
1659 421 1693 450 ln
1715 420 1784 459 ipso

1078 470 1176 494 autem
1190 465 1311 503 scriptae
1322 465 1399 504 legis
1409 465 1509 504 capite
1520 465 1681 494 utebantur
1691 464 1787 493 verbo

1078 508 1172 538 εἰπεῖν.
1221 508 1290 538 Vid.
1305 518 1343 538 ex
1361 508 1526 537 innumeris
1538 506 1688 546 exemplis
1699 505 1788 541 illud,

1079 552 1158 590 quod
1177 556 1224 580 est
1239 552 1325 580 Orat.
1349 561 1402 588 pro
1418 551 1488 580 cor.
1505 561 1540 589 p.
1557 552 1631 579 288.
1653 552 1705 581 28.
1730 555 1788 579 Δη-

1079 593 1221 634 μοσθένης
1244 592 1435 633 Δημοσθένους
1456 593 1601 627 Παιανιεὺς
1622 592 1713 622 erm-ev:
1738 591 1789 621 cui

1081 637 1278 677 psephismati
1291 642 1361 676 post
1373 637 1531 667 victoriam
1544 637 1582 665 ad
1593 635 1790 665 Chaeroneam

1081 680 1212 709 illudens
1226 691 1280 710 rex
1297 680 1460 719 Philippus
1474 678 1654 710 vocabulum
1665 677 1791 717 adjecit,

1083 728 1117 751 ut
1143 724 1213 752 inde
1240 724 1326 753 fieret
1349 723 1519 753 versiculus
1542 721 1716 761 (Plutarch.
1748 720 1788 750 V.

1084 766 1301 802 Demosthen.)
1317 765 1495 806 Δημοσθένης
1510 764 1708 805 Δημοσθένους
1719 770 1791 792 Παι·

1083 809 1169 842 ανιεὺς
1191 807 1255 837 ταδ’
1269 808 1353 839 εἶπεν.
1399 810 1551 838 Caeterum
1570 808 1722 837 notionem
1746 816 1794 835 ex-

1083 852 1244 887 istimandi,
1268 852 1444 890 judicandi,
1474 851 1606 881 censendi
1633 850 1665 880 in
1697 850 1794 879 verbo

1084 894 1160 934 φημὶ
1176 896 1301 934 insuper
1316 896 1447 933 probant
1462 894 1529 923 loca
1546 893 1742 923 Demosthen.
1754 893 1793 922 de

1086 938 1237 977 Symmor.
1253 948 1285 977 p.
1298 939 1372 968 185.
1386 941 1436 968 15.
1453 938 1599 979 χςῆματα
1607 935 1661 976 μὲν
1677 935 1706 966 δὴ
1718 935 1795 975 φημὶ

1086 980 1153 1011 εῖναι
1176 980 1255 1010 τότε.
1278 986 1309 1011 et
1331 992 1359 1011 c.
1380 981 1542 1011 Tlieocrin.
1565 990 1596 1019 p.
1619 980 1715 1010 1323.
1742 982 1796 1009 23.

1087 1023 1163 1063 φημὶ
1190 1024 1277 1055 331—-
1292 1023 1426 1066 Θεοκρίνην
1451 1022 1540 1066 ἔνοχον
1565 1022 1631 1054 εῖναι
1654 1033 1683 1052 κ.
1710 1033 1741 1052 τ.
1766 1028 1796 1052 λ.

1087 1068 1360 1098 Amnnsroonn‘r.

1130 1128 1173 1133 -—
1189 1113 1218 1141 8.
1241 1110 1406 1150 ἀποδείξητε
1424 1110 1457 1140 τὸ
1473 1109 1598 1151 πλῆθος]
1617 1109 1738 1148 plenum
1753 1119 1799 1138 ex-

1089 1153 1221 1189 hibeatis,
1233 1160 1267 1183 ut
1281 1155 1354 1184 nihil
1368 1154 1461 1185 desit.
1503 1154 1640 1183 Verbum
1654 1153 1712 1182 hoc
1728 1151 1799 1181 illu-

1089 1197 1466 1236 stravitWyttenbachius
1474 1197 1513 1227 ad
1528 1197 1659 1226 Selecta.
1677 1194 1797 1225 Hister.

1089 1249 1121 1278 p.
1139 1240 1213 1269 439.
1236 1241 1341 1268 IDEM.

1133 1299 1176 1304 ——
1193 1283 1221 1311 9.
1237 1283 1291 1310 τῶν
1303 1281 1509 1321 ἔπικλῆξωνέ
1520 1279 1734 1322 ἀφαιρεθέντων]
1758 1281 1797 1309 V.

1094 1324 1268 1355 Boeckhius
1285 1326 1395 1355 OEcon.
1421 1325 1515 1355 Polit.
1539 1325 1648 1354 Athen.
1667 1329 1690 1354 t.
1707 1325 1752 1353 ll.
1767 1334 1800 1363 p.

1093 1371 1144 1399 83.
1157 1379 1181 1398 s.
1194 1369 1240 1407 cuj
1247 1378 1281 1397 us
1295 1368 1577 1407 interpretationem
1592 1367 1631 1397 ad
1646 1369 1701 1396 τῶν
1715 1365 1801 1406 ὅςφα-

1093 1413 1168 1440 νικῶν
1187 1429 1229 1433 —-
1249 1414 1304 1441 τῶν
1326 1413 1478 1442 κοινωνικῶν
1500 1409 1710 1441 subaudientis
1731 1421 1802 1451 χρη-

1093 1457 1197 1493 μάτων
1213 1464 1322 1484 vereor
1332 1460 1365 1484 ut
1380 1454 1537 1484 tenorloci
1552 1454 1703 1488 admittat,
1713 1463 1802 1492 quem

1094 1498 1184 1528 facile
1207 1502 1334 1536 apparet
1363 1497 1401 1527 de
1423 1499 1558 1538 σώμασι,
1581 1507 1640 1527 non
1665 1497 1704 1526 de
1733 1497 1803 1538 χξῆ·

1093 1552 1198 1580 μασιν,
1225 1552 1328 1580 agere.
1373 1541 1480 1571 Malim
1517 1541 1612 1580 igitur
1646 1540 1804 1579 vulgatum

1095 1585 1165 1614 olim
1195 1583 1311 1625 ὀρφανῶν
1337 1586 1520 1615 restituere:
1549 1593 1670 1624 quoque
1696 1583 1805 1613 melius

1096 1633 1255 1667 sequentes
1269 1627 1396 1666 genitivi
1408 1628 1613 1666 respondeant
1624 1626 1805 1656 anteceden-

1096 1671 1190 1706 tibus,
1216 1671 1356 1709 suspicor
1382 1672 1570 1712 κληρουχικῶν
1595 1675 1626 1700 et
1654 1671 1806 1699 κοινωνικῶν

1097 1715 1239 1743 mutanda
1254 1714 1285 1743 in
1308 1714 1466 1755 κληρούχων
1486 1718 1517 1743 et
1537 1715 1671 1744 κοινωνῶν.
1714 1712 1805 1742 conf.

1097 1762 1158 1786 not.
1190 1757 1227 1786 ad
1257 1758 1386 1796 Gregor.
1407 1757 1544 1787 Corinth.
1569 1767 1599 1794 p.
1627 1758 1700 1786 110.
1737 1756 1808 1785 Non

1096 1810 1174 1838 nego
1190 1800 1440 1840 Lexicographos
1450 1800 1513 1829 suis
1522 1800 1552 1829 in
1561 1799 1648 1829 libris
1660 1799 1805 1828 habuisse

1097 1845 1286 1884 κληρουχικῶν
1315 1849 1346 1872 et
1377 1845 1546 1873 κοινωνικῶν;
1574 1843 1697 1872 videtur
1727 1842 1808 1871 enirn

1100 1886 1207 1915 vitium
1238 1897 1307 1916 esse
1339 1891 1496 1925 pervetus:
1533 1886 1588 1915 sed
1622 1885 1695 1914 vide
1722 1885 1809 1919 mihi,

1098 1935 1287 1968 quantopere
1302 1930 1367 1959 haec
1383 1929 1535 1968 scriptura
1545 1929 1615 1959 illos
1627 1929 1811 1965 turbaverit;

1099 1983 1166 2002 cum
1184 1972 1263 2002 enim
1285 1974 1472 2014 κληρουχικῶν
1489 1973 1528 2001 de
1547 1971 1697 2013 χρήμασιν
1717 1971 1811 2000 inter-

1099 2020 1302 2054 pretarentur,
1318 2026 1423 2046 rursus
1442 2018 1595 2045 κοινωνικῶν
1615 2015 1654 2044 de
1676 2015 1812 2056 σώμασιν

1100 2059 1331 2091 intellexerunt.
1355 2059 1553 2089 Semnan.

1143 2119 1187 2124 —--
1201 2102 1277 2132 ibid.
1299 2104 1354 2132 τῶν
1375 2100 1543 2142 ἓπικληςων]
1567 2101 1719 2132 Wolfius:
1753 2111 1812 2141 pu-

1101 2144 1164 2175 ellae
1177 2145 1349 2184 parentibus
1369 2150 1396 2175 et
1408 2144 1561 2186 fratribus
1582 2144 1670 2175 orbae:
1700 2145 1811 2184 quibus

1103 2188 1189 2218 addit
1204 2188 1345 2218 Valesius
1367 2189 1405 2218 ad
1428 2189 1613 2228 Harpocrat.
1631 2199 1664 2227 p.
1686 2191 1759 2219 112.
1780 2189 1813 2219 b.

1104 2232 1178 2262 edit.
1196 2232 1298 2261 Blano.
1315 2237 1344 2261 et
1355 2242 1406 2261 avo
1416 2236 1547 2270 paterno.
1584 2231 1646 2260 Sed
1663 2231 1813 2263 Reiskius

1104 2285 1161 2304 non
1179 2275 1245 2304 vult
1256 2274 1413 2304 subaudiri
1425 2273 1577 2314 παρθένων,
1589 2275 1641 2304 sed
1657 2276 1814 2314 σωμάτων,

1104 2319 1235 2357 ideoque
1258 2318 1319 2357 legi
1343 2318 1457 2348 mavult
1479 2316 1667 2359 ἒωικληρικῶν
1688 2323 1719 2348 et
1740 2330 1814 2349 mox

1106 2360 1260 2401 ὀρφανικῶν,
1284 2366 1316 2391 ut·
1335 2360 1519 2391 conveniant
1539 2371 1607 2390 cum
1628 2365 1815 2404 κληρουχικῶν

1107 2410 1137 2434 et
1156 2407 1318 2434 κοινωνικῶν.
1363 2404 1494 2434 Reiskio
1510 2408 1610 2434 autem
1627 2405 1676 2435 hic
1693 2416 1751 2435 non
1769 2406 1816 2436 vi-

1107 2449 1197 2476 detur
1219 2448 1498 2486 obtemperandum.
1543 2448 1652 2487 Neque
1681 2448 1761 2478 enim
1784 2450 1815 2479 in

1109 2490 1260 2529 prioribus
1276 2491 1337 2520 illis
1358 2491 1517 2520 vocabulis
1539 2501 1616 2530 opus
1633 2494 1681 2520 est
1703 2493 1817 2521 subau-

1108 2533 1172 2563 dito
1193 2533 1349 2572 σωμάτων,
1370 2538 1403 2563 ut
1418 2534 1528 2572 quibus
1548 2534 1719 2573 singulares
1739 2535 1819 2565 indi-

1109 2581 1215 2606 cantur
1227 2577 1375 2612 homines,
1386 2577 1468 2607 nulla
1480 2577 1636 2607 societatis
1652 2578 1820 2608 necessitu-

1109 2620 1230 2649 dinisve
1254 2620 1364 2659 copula
1390 2620 1471 2649 inter
1500 2630 1533 2649 se
1551 2619 1672 2658 juncti:
1696 2626 1818 2651 contra-

1110 2662 1188 2692 rium
1205 2674 1277 2693 vero
1290 2663 1428 2693 obtinet
1420 2674 1449 2692 in
1465 2662 1695 2702 posterioribus,
1706 2665 1817 2702 quibus

1110 2711 1193 2735 recte
1203 2707 1350 2746 σωμάτων
1360 2706 1431 2736 addi
1445 2706 1558 2745 possit.
1579 2706 1818 2744 Harpocration,

1112 2759 1252 2787 quocum,
1264 2750 1336 2779 utin
1350 2748 1517 2788 plerisque,
1530 2749 1741 2788 convenitEty
1747 2751 1819 2780 mol.

1112 2792 1158 2821 Μ.
1175 2803 1203 2822 v.
1219 2791 1337 2826 ἓπίδικος
1351 2803 1380 2822 κ.
1396 2803 1426 2822 τ.
1439 2798 1470 2822 λ.
1484 2792 1592 2821 hahet:
1609 2790 1751 2833 ἐπίκληρος
1764 2792 1820 2832 μέν

1112 2833 1191 2864 ἐστιν
1207 2835 1220 2864 ἦ
1239 2834 1287 2865 ἐπὶ
1307 2835 1394 2865 »παντὶ
1412 2836 1455 2873 τῷ
1472 2833 1561 2873 κλήρῳ
1579 2833 1675 2874 ὅςφανῆ
1691 2842 1820 2866 καταλε-

1113 2876 1265 2918 λειμμένη,
1280 2879 1324 2917 μὴ
1343 2877 1417 2911 ὄντος
1438 2877 1512 2918 αὐτῇ
1525 2877 1658 2917 ἀδελφοῦ.
1675 2879 1689 2908 ἦ
1708 2878 1734 2908 δὲ
1748 2880 1820 2910 αὕτη

1112 2921 1160 2950 καὶ
1191 2920 1376 2961 ἐπικληςῖτις.
1410 2920 1462 2950 ubi
1497 2931 1526 2950 v.
1563 2925 1662 2950 notas.
1698 2923 1821 2952 Anii-:n-

1115 2974 1281 2995 sroonnr.
1303 2964 1429 2993 Frustra
1451 2973 1484 2993 se
1505 2963 1597 2993 torsit
1621 2964 1669 2993 vir
1688 2965 1820 3004 optimus

1113 3006 1297 3047 (Reiskius)
1330 3006 1481 3036 somnians
1509 3006 1659 3043 militiam,
1688 3008 1726 3037 de
1762 3018 1822 3047 qua

1115 3052 1227 3080 Orator
1253 3060 1309 3079 non
1335 3049 1495 3089 cogitavit.
1519 3050 1557 3080 V.
1582 3051 1707 3080 not.¹ad
1735 3061 1762 3081 v.
1789 3052 1819 3081 6.
