1931 3322
323 219 390 261 IN
421 218 598 261 ORAT.
623 217 706 260 DE
737 215 1044 259 RHODIOR.
1079 214 1432 260 LIBERTATE.

147 330 291 356 statutum
306 326 339 357 in
348 327 447 356 animo
459 324 571 361 habere,
581 323 692 363 γνώμην
703 321 856 354 ποιεῖσθαι.

150 369 235 399 Hinc
252 369 451 408 ἀπογινώσκειν
472 373 503 399 et
518 369 683 407 ἇπογνᾶνοιι.
698 376 789 401 secus,
806 366 856 395 vel

147 411 201 442 hoc
215 422 273 442 non
288 422 343 442 esse
345 412 536 453 joclendnm,
551 417 687 441 statuere.
703 414 733 440 et
744 408 856 446 ἀπέγνω

147 455 236 484 τοῦτο
250 456 337 485 ποιεῖν
351 460 400 486 est
414 455 490 485 nihil
506 454 589 484 atiud
606 463 692 493 quam
709 451 775 490 ἔγνω
791 453 854 481 τοῦ·

147 507 182 526 το
196 499 240 537 μῆ
256 500 353 528 ποιεῖν.
370 499 475 528 statuit
491 497 542 528 hoc
561 496 742 537 ‘nonfacere-
757 500 788 525 et
804 495 855 524 ad-

148 540 252 570 dendo
263 542 445 579 particulam
454 540 626 580 negativam
635 539 856 573 πλεοναστικῶς,

147 592 233 613 more
249 584 437 620 Atticorum,
451 595 517 623 quae
531 583 579 613 vel
591 583 710 612 omuino
721 579 854 619 παρέλκει

148 625 198 655 vel
215 627 305 657 etiam
328 628 439 657 fortius
460 630 561 665 negat,
582 624 693 662 ἀπέγνω
714 635 798 652 τουτο
812 624 855 662 μὴ

149 670 246 699 ποιεῖν.
289 670 339 700 Ita
353 670 403 700 hic
425 670 538 707 ἀπέγνω
553 669 595 708 μὴ
615 666 736 699 Βοηθεῖν.
748 667 857 696 statuit

147 712 294 742 auxilinm
305 712 458 754 nonfme.
488 712 586 750 Quam
604 710 746 750 syntaxin
763 710 856 739 miror

147 755 288 794 equidem
299 756 414 793 fugisse
429 754 671 785 oculatissimum
682 753 856 782 Thesauro-

148 798 297 837 graphum
321 798 365 828 H.
393 798 514 837 steph,
530 797 582 836 qui
610 798 648 826 de
673 796 730 826 hoc
761 797 856 826 verbo

125 870 129 872 .
148 849 243 879 agens
277 840 353 871 citat
382 842 462 871 huuc
493 841 595 870 locum
626 839 855 875 Demosthenis,

149 883 264 913 omissa
279 884 431 923 particula
445 883 588 922 negativa
602 894 609 912 :
633 886 653 900 “
667 883 702 912 In
718 882 775 911 hac
791 882 855 923 (iu-

147 925 232 966 quit)
242 926 463 966 significatione
477 926 601 966 ponitur
615 925 741 955 verbum
757 926 854 963 away.

147 968 181 999 in
202 970 259 1000 hoc
274 971 344 999 loeo
360 968 591 1004 Demosthenis,
611 968 724 1006 ἀπέγνω
739 966 855 1004 βοηθεῖν,

147 1014 259 1043 censuit
273 1023 331 1043 non
347 1023 402 1043 esse
415 1012 580 1053 ferendum
594 1010 771 1042 aua-ilium?
792 1011 855 1041 imo

146 1054 270 1093 ἀπέγνω
283 1057 326 1095 μῆ
337 1055 460 1089 Βοηθεῖν.
504 1056 682 1094 Quanquam
697 1060 728 1084 et
743 1054 856 1093 legitur

148 1097 207 1127 hoc
219 1100 346 1130 verbum
363 1100 462 1130 hocin
476 1109 565 1129 sensu
577 1098 668 1128 etiam
685 1097 748 1128 sine
762 1097 856 1136 parti-

148 1141 219 1171 cula
240 1143 395 1181 negativa,
423 1147 456 1172 ut
480 1143 566 1172 Plut.
589 1142 701 1171 Anton.
726 1140 768 1180 [e.
785 1140 855 1180 34.]

149 1182 302 1219 Οὗεντίδιος
322 1184 351 1215 δὲ
366 1184 488 1226 ΠαξΘοῐις
507 1184 563 1224 μὲν
577 1183 742 1225 προσωτέρω
757 1183 857 1214 διώκειν

147 1226 280 1265 ἀπέγνω.
293 1230 409 1265 statuit,
424 1230 549 1265 censuit,
570 1227 695 1257 Parthos
710 1238 764 1257 non
780 1228 857 1257 ulte·

147 1271 213 1300 rius
224 1272 370 1310 prosequi.
393 1272 480 1302 Idem
496 1271 526 1301 in
540 1272 634 1302 Thes.
651 1269 697 1310 [e.
713 1269 762 1311 6.]
777 1269 856 1300 ἂωὲ-

148 1323 204 1350 γνω
227 1315 319 1346 πλεῖν.
341 1317 454 1345 censuit
476 1325 535 1345 ποη
561 1324 618 1344 esse
642 1314 857 1354 navigandum.

148 1357 193 1386 At
218 1357 347 1388 Aristid.
374 1357 496 1397 ἀπέγνω
525 1358 568 1398 μὴ
601 1355 747 1390 διαβαίνειν
771 1356 857 1398 (cum

147 1400 262 1438 partic.
277 1399 366 1441 neg.)
379 1403 485 1432 statuit
499 1412 556 1431 non
567 1409 621 1431 esse
634 1401 858 1431 transeundum.

148 1442 210 1472 etsi
235 1443 496 1484 interpretantur:
533 1445 693 1483 desperavit
716 1444 751 1474 de
773 1449 857 1474 tran-

149 1486 219 1516 situ.
263 1486 343 1519 Haec
372 1487 454 1518 enim
475 1487 726 1527 frequentissima
749 1492 797 1517 est
816 1486 857 1517 si·

149 1529 306 1566 gnificatio
342 1530 433 1570 hujus
466 1531 553 1561 verbi
587 1530 784 1568 οἷπογινῶσκω,
813 1540 857 1560 sc.

148 1572 319 1614 ἀπελπίζω,
331 1574 462 1611 ἀπαυδῶ,
477 1573 643 1613 ἀπαγορεύω
656 1584 663 1602 :
686 1573 745 1603 etsi
760 1574 798 1603 ab
814 1573 856 1603 al-

147 1619 213 1645 tera
227 1616 399 1655 derivetur,
416 1623 447 1647 et
458 1617 495 1647 ab
511 1627 548 1647 ea
559 1617 743 1656 dependeat.
779 1616 856 1646 Cum

150 1658 231 1688 enim
252 1659 322 1698 quis
347 1670 386 1690 ex
414 1665 499 1691 certo
525 1660 618 1690 animi
644 1660 802 1700 proposito
825 1664 857 1690 et

149 1702 278 1732 consilio
294 1708 400 1733 censet
414 1703 528 1743 aliquid
543 1713 601 1733 non
618 1713 689 1733 esse
705 1704 855 1742 agendum

299 1747 522 1785 quodammodo
534 1747 704 1785 despondet
720 1751 751 1775 et
764 1746 803 1775 de
819 1756 856 1776 eo

149 1787 268 1826 agendo
289 1789 455 1828 desperat:
486 1793 577 1828 atque
601 1789 671 1819 hinc
691 1787 857 1827 ἀπέγνωκε,

147 1830 231 1868 quod
245 1832 371 1871 proprie
385 1832 492 1870 ἔγνωκα.
506 1833 592 1862 τοῦτο
601 1834 645 1871 μὴ
658 1833 754 1867 ποιεῖν,
765 1832 857 1862 etiam

149 1882 188 1903 ex
200 1876 399 1914 consequenti
411 1875 560 1916 significat
569 1873 722 1914 ἀπελπίζω
732 1876 857 1913 despero.

150 1917 246 1947 Porro
261 1918 300 1947 de
315 1918 433 1958 duplici
456 1919 511 1948 hac
526 1918 748 1958 significatione
772 1923 857 1948 note-

149 1964 200 1989 tur
221 1960 279 1991 hoc
294 1960 458 1992 discrimen
479 1961 510 1992 in
538 1961 679 2001 syntaxi:
702 1959 857 1999 Ἀπογινώ-

149 2013 210 2031 σκω
232 2003 264 2033 in
283 2005 408 2044 propria
422 2009 453 2035 et
470 2004 615 2045 primaeva
635 2004 857 2043 significatione

149 2045 213 2086 (uti
227 2046 308 2086 hic),
324 2058 380 2087 pro
395 2047 501 2086 ἔγνωκα
512 2049 598 2078 τοῦτο
612 2049 654 2087 μῆ
670 2047 766 2083 ποιεῖν,
777 2057 852 2077 sem-

149 2098 207 2128 per
222 2091 410 2121 construitur
426 2102 495 2121 cum
519 2091 667 2121 infinitivo
693 2091 833 2129 sequenti
849 2103 855 2121 :

151 2137 182 2162 at
197 2133 381 2171 ἀπογινώσκω
393 2144 449 2173 pro
465 2133 619 2175 ἀπελπίζω
630 2134 719 2163 modo
731 2143 798 2162 cum
811 2133 856 2163 iu-

149 2175 284 2212 finitivo‚
299 2179 390 2207 modo
412 2177 523 2219 (idque
547 2176 678 2217 saepius)
698 2187 766 2207 cum
783 2187 856 2206 casu

151 2220 302 2258 sequenti,
317 2231 414 2260 eoque
431 2222 480 2251 vel
495 2221 588 2260 genit.
604 2221 703 2261 (quod
714 2220 857 2258 frequen-

150 2261 230 2303 tius)
261 2263 308 2293 vel
333 2264 437 2315 (quod
455 2263 572 2304 rarius)
595 2274 696 2293 accus.
727 2264 857 2294 Aristot.

152 2304 226 2335 Eth.
243 2305 287 2336 iii.
303 2309 335 2338 6.
359 2308 381 2338 οἳ
395 2305 452 2347 μὲν
466 2310 522 2348 γὰρ
537 2307 719 2345 ἀπεγνώκασι
735 2308 783 2337 τὴν
797 2318 856 2336 σω-

151 2343 257 2387 τηςίιιν.
280 2354 308 2379 et
331 2349 362 2379 hi
376 2351 490 2390 quidem
515 2351 668 2389 desperant
694 2351 729 2380 de
751 2349 855 2380 salute.

152 2391 274 2422 Arrian.
288 2392 327 2422 de
343 2403 417 2432 exp.
434 2393 523 2423 Alex.
542 2394 563 2423 1.
579 2393 621 2423 ἰν.
638 2392 681 2433 [c.
699 2393 768 2434 28]
785 2393 858 2423 ἄπο-

151 2433 259 2472 γνόντες
271 2437 313 2465 τὰ
328 2433 456 2475 σφέτερα.
479 2437 657 2477 πράγματα..
679 2447 748 2467 eum
762 2437 796 2466 de
812 2446 857 2467 re-

151 2478 203 2506 bus
215 2479 275 2508 suis
288 2478 491 2517 desperassent.

194 2537 237 2543 —-
248 2523 299 2551 10.
319 2521 600 2563 προσκαθεζόμενος]
615 2522 741 2552 assidens
753 2522 799 2553 vel
813 2523 859 2552 ob-

151 2563 257 2595 sidens.
279 2563 453 2604 Καθὲζομαι,
486 2572 517 2596 et
539 2564 790 2605 προσ-καθέζομαι,
813 2571 859 2596 est

154 2607 280 2638 verbum
302 2608 446 2638 tactio-um
471 2614 501 2638 et
527 2608 671 2645 militare,
691 2609 736 2638 uti
757 2614 787 2638 et
804 2619 858 2639 uos

153 2649 248 2688 vulgo
272 2656 300 2680 tu
322 2651 359 2680 sit
382 2651 466 2681 doum
489 2651 595 2693 bcfure,
612 2652 639 2681 1ι.
665 2662 694 2681 e.
717 2651 858 2682 obsidere

153 2693 259 2724 urbem
285 2701 339 2723 aut
361 2695 518 2727 castellum
542 2695 700 2724 obsidione
724 2695 858 2734 cingere,

154 2736 236 2775 quod
249 2746 308 2767 uuo
322 2738 414 2768 verbo
427 2738 481 2768 Gr.
496 2738 654 2777 eleganter
666 2743 697 2768 et
709 2749 762 2776 pro
776 2749 858 2768 more

155 2788 212 2809 suo
227 2780 381 2820 πολιορκεῖν
395 2780 513 2811 dicunt.
544 2779 800 2820 Πρω-καθέζεσθαι
813 2785 861 2811 est

154 2824 324 2863 πολεῦςκεῖη
346 2829 377 2854 et
392 2834 602 2863 nonnunquam
618 2823 767 2863 σαφηνείας
779 2825 846 2866 χάρ
840 2835 861 2854 ν

153 2865 282 2896 verbum
297 2868 449 2907 πολιορκεῖν
468 2877 536 2898 cum
552 2878 589 2898 eo
604 2868 811 2906 conjungitur,
827 2872 861 2897 ut

153 2908 235 2960 apud
251 2908 391 2949 Thucyd.
417 2909 454 2951 [1.
479 2910 500 2941 i.
521 2912 573 2941 61.
576 2911 590 2951 ]
606 2909 860 2950 προ-καθεζόμενοι

154 2951 205 2984 τῖεν
222 2950 327 2982 Πύδναν
336 2950 554 3003 ἐπολιόρκησαν
570 2959 602 2984 et
624 2954 705 2985 Xeu.
726 2953 858 2993 [Cyrop.

153 2992 188 3024 ii.
203 2995 235 3025 4.
250 2997 302 3026 11.
305 2994 319 3035 ]
334 2993 515 3036 ἐπολιόρκησε
530 2995 768 3036 προσκοιθημενος.
788 2998 859 3027 obsi-

154 3037 227 3068 dens
245 3038 450 3081 oppugnabat,
465 3039 514 3070 vel
536 3040 677 3071 obsidione
700 3041 863 3071 circumde-

199 3089 275 3111 vot..
292 3091 323 3112 v.

1516 214 1600 257 529

889 323 944 353 dit.
984 323 1160 362 Saepissime
1173 328 1287 359 autem,
1297 324 1362 355 sine
1377 322 1531 363 πολιορκειν
1545 325 1598 352 aut

889 366 1052 405 ωολιοςκία,
1069 367 1321 409 προσκαθέζεσθαι
1337 367 1476 398 absolute
1491 369 1539 395 est
1549 364 1598 394 ob-

888 409 992 444 sidere,
1009 410 1186 450 plerumque
1202 422 1270 441 cum
1284 412 1346 441 dat.
1361 409 1522 449 aliquando
1533 407 1599 438 sine

889 462 971 481 casu.
1007 453 1144 491 Thucyd.
1162 454 1180 483 1.
1198 455 1217 483 i.
1237 454 1322 495 [26.]
1339 465 1363 484 π
1365 450 1599 494 ροσκαὲεζόμενοι

888 506 924 524 τη
951 492 1042 525 πόλει.
1058 495 1211 526 obsidentes
1231 497 1340 526 u1·.bem
1366 497 1450 527 Xeu
1473 494 1599 526 Hellen.

888 537 910 566 1.
933 538 955 567 i.
979 538 1023 578 [c.
1049 541 1079 568 5.
1105 541 1155 567 21.
1161 538 1173 577 ]
1201 537 1271 569 εἷλον
1296 539 1474 579 Ἀκράγαντα
1504 544 1598 577 λιμφ,

887 581 977 621 μάχη
1003 580 1060 618 μὲν
1083 581 1265 616 ἡττηθέντες,
1289 581 1537 622 προσκαθεζόμενοι
1569 579 1598 610 δὲ

889 622 968 653 ἑπτὰ.
984 636 1088 662 μνιας.
1103 625 1242 654 Τὶιιιοιιὶ
1260 625 1279 654 l.
1290 627 1309 655 i.
1330 626 1397 665 [1.1
1401 626 1414 665 ]
1430 627 1469 654 de
1479 623 1598 654 Graecis

889 668 926 696 ad
956 667 1077 705 Trojain
1097 668 1315 697 militantibus.
1343 666 1487 708 πολιοξκίοι
1511 665 1535 696 δ
1565 665 1599 696 ἂν

889 709 1177 750 ωςοσκαθεζόμενοι’
1168 722 1194 740 εν
1222 709 1354 741 ἐλάσσονί
1382 721 1414 740 τε
1441 709 1526 750 χρόνῳ
1547 709 1598 738 και

888 754 1057 793 ἀπονώτερον
1066 765 1115 784 την
1124 752 1218 794 Τροίαν
1226 751 1306 784 εἱλον.
1319 755 1344 784 si
1354 753 1472 792 Trqjum
1481 753 1599 783 assidua

889 797 1032 826 obsidione
1046 799 1224 835 pressissent,
1234 803 1261 827 et
1269 798 1357 828 citius
1364 795 1524 838 etfacilius
1535 804 1598 824 eam

887 846 1113 879 expugnassent.

931 900 974 905 ——
994 886 1045 913 1⁴2.
1059 881 1484 922 πλεονεκτεῖν-ἐλαττοῦνται]
1507 878 1599 911 Anti-

888 926 981 956 theta.
1002 927 1176 956 πλεονεκτεῖν
1185 931 1234 956 est
1248 926 1313 965 plus
1325 926 1427 955 habere
1442 934 1542 965 qnam,
1553 923 1599 953 al-

888 974 984 998 terum
995 971 1167 999 antecellere
1180 980 1189 1005 ;
1214 967 1428 1004 ἐλαττοῧσὲιοιι,
1440 969 1537 998 minus
1547 966 1601 996 ha-

889 1011 954 1042 bere
980 1022 1076 1052 quam.
1100 1013 1272 1047 πλεονεκτεῖ,
1305 1012 1358 1051 qui
1381 1011 1411 1041 in
1442 1011 1544 1049 aliqua
1566 1020 1601 1040 re

889 1059 937 1084 est
952 1055 1104 1094 superior,
1120 1061 1151 1085 et
1167 1055 1196 1085 in
1207 1055 1325 1085 meliori
1340 1054 1516 1084 conditione
1532 1057 1602 1092 est;

889 1095 1065 1128 ἐλαττοῦται
1081 1108 1097 1127 e
1117 1103 1231 1133 contra,
1245 1098 1297 1137 qui
1312 1097 1440 1127 inferior
1455 1101 1486 1127 et
1501 1096 1531 1126 in
1544 1096 1598 1126 de-

891 1141 996 1170 teriori
1018 1141 1204 1171 conditione.
1228 1141 1270 1180 τῷ
1286 1141 1460 1171 πλεονεκτεῖν
1472 1139 1600 1179 proprie

890 1185 1058 1223 opponitur
1078 1196 1112 1213 το
1125 1186 1304 1224 μειονεκτεῖν,
1326 1189 1361 1213 ut
1381 1195 1424 1213 τω
1443 1182 1528 1213 πλέον
1550 1182 1601 1213 vel

891 1227 1009 1257 πλεῖον”
997 1238 1080 1268 εχειν,
1093 1227 1125 1258 τὸ
1134 1229 1214 1268 μεῖον
1227 1227 1302 1270 ἔχειν
1312 1224 1387 1257 vel
1373 1238 1457 1258 ηττον
1465 1225 1540 1268 ἔχειν
1549 1225 1600 1256 vel

890 1268 1010 1301 ἔλαττον
1025 1270 1110 1312 ἔχειν.
1154 1271 1216 1300 Sed
1241 1272 1279 1301 ab
1298 1271 1382 1301 hisee
1401 1270 1502 1300 tribus
1518 1279 1602 1300 com-

891 1314 1037 1352 parativis
1049 1315 1129 1354 μεῖον
1141 1317 1190 1344 et
1181 1325 1264 1344 ηττον
1275 1319 1305 1344 et
1320 1313 1443 1344 ἔλαττον
1457 1312 1602 1344 derivan-

891 1361 940 1386 tur
957 1358 1049 1387 verba
1071 1357 1229 1397 μειοῦσθαι
1251 1363 1283 1388 et
1297 1356 1445 1388 ἧττῖισθοιι
1460 1360 1492 1386 et
1511 1354 1603 1386 ἔλατ-

890 1399 1030 1431 voveam:
1071 1402 1126 1431 sed
1151 1411 1170 1431 a
1193 1400 1402 1440 comparativo
1434 1399 1520 1431 πλέον
1548 1399 1601 1429 vel

891 1445 987 1473 πλεῖον
1002 1454 1059 1474 non
1078 1445 1110 1474 fit
1125 1446 1256 1474 verbum
1271 1443 1435 1475 πλεοῦσ-ῗῑοιι
1451 1443 1501 1472 vel
1516 1448 1602 1473 πλει-

890 1485 1006 1523 οῦσὲαι,
1023 1487 1154 1527 ideoque
1175 1498 1232 1527 pro
1257 1498 1294 1517 eo
1311 1487 1425 1516 dicitur
1440 1486 1490 1518 vel
1510 1495 1601 1524 sepa-

890 1529 978 1560 ratim
997 1530 1091 1560 «πλέον
1107 1530 1182 1572 ἔχειν
1210 1531 1259 1562 vel
1283 1530 1468 1570 conjunctim
1488 1535 1603 1560 πλεονε-

889 1574 978 1610 κτεῖν,
992 1574 1041 1603 cni
1053 1575 1236 1604 contrarium
1252 1574 1431 1615 μειονεκτεῖν.
1467 1573 1515 1603 Ea
1529 1582 1602 1612 pra-

891 1616 971 1646 vitas
988 1621 1037 1647 est
1056 1618 1192 1648 humanae
1210 1623 1335 1653 naturae,
1359 1622 1392 1647 ut
1407 1626 1503 1646 voces
1516 1615 1602 1656 ipsas

891 1669 949 1690 una
964 1671 1033 1690 cum
1049 1661 1141 1691 rebus
1160 1668 1337 1700 corrumpat
1355 1665 1386 1690 et
1400 1660 1428 1689 iu
1445 1661 1536 1698 pejus
1552 1669 1600 1689 ra·

891 1703 973 1742 piat:
997 1703 1196 1744 inexplebitis
1212 1710 1260 1734 est
1274 1703 1406 1734 habendi
1424 1702 1505 1738 sitis,
1517 1702 1602 1732 insa-

890 1745 1004 1776 tiabilis
1016 1747 1151 1777 avaritiae
1164 1748 1300 1786 hydrops
1313 1758 1320 1776 ε
1342 1757 1403 1786 quo
1413 1746 1484 1786 plus
1494 1755 1602 1775 sumus

890 1789 967 1828 poti,
985 1800 1045 1829 quo
1072 1791 1142 1830 plus
1166 1791 1323 1827 trahemus,
1344 1800 1381 1819 eo
1398 1790 1469 1829 plus
1488 1788 1601 1819 habere

891 1833 1052 1872 cupimus:
1085 1834 1198 1863 crescit
1223 1844 1307 1863 amor
1327 1832 1442 1863 nummi

890 1875 972 1905 dixit
986 1876 1038 1905 ine
1065 1876 1095 1906 in
1117 1878 1205 1915 cujus
1227 1876 1336 1906 diebus
1359 1880 1519 1915 argeutum
1535 1878 1602 1905 erat

891 1918 971 1948 sicut
986 1919 1107 1958 lapides
1120 1924 1209 1949 terrae
1296 1929 1397 1949 rerum
1414 1918 1554 1954 satietas,
1569 1921 1602 1948 at

891 1961 956 1991 auri
977 1967 1008 1991 et
1033 1962 1153 2001 argenti
1174 1962 1258 1993 nulla
1282 1963 1425 2000 satietas3
1447 1962 1530 1991 uude
1554 1961 1600 1991 sic

890 2004 1054 2044 aliquando
1076 2006 1134 2035 lusi
1159 2011 1190 2036 et
1211 2006 1301 2036 allusi
1318 2006 1355 2036 ad
1379 2006 1481 2035 locum
1505 2014 1601 2044 quen-

890 2048 958 2077 dam
972 2048 1171 2079 Homericum

932 2107 1047 2138 Πάντων
1061 2107 1116 2146 μὲν
1138 2105 1315 2148 adgesto-rtis,
1330 2107 1418 2138 ἔειπεν
1431 2106 1603 2148 τυφλός“0·

1047 2163 1060 2181 n
1078 2162 1113 2185 ος·

964 2163 1105 2235 Χξυςόνρδὲ
1121 2192 1310 2233 Βλέψος-,οὒκ
1329 2193 1361 2224 ἂν
1381 2193 1455 2224 ἔειπε
1472 2193 1557 2234 κόρος.

891 2261 1044 2298 Quorsum
1061 2261 1147 2291 haec?
1175 2263 1233 2292 viz.
1245 2262 1351 2292 insana
1362 2261 1515 2291 bominum
1529 2272 1601 2293 ava-

890 2305 961 2335 ritia
982 2311 1011 2335 et
1035 2306 1105 2344 plus
1130 2305 1260 2336 habendi
1285 2305 1440 2344 cupiditas
1461 2305 1546 2341 fecit,
1566 2310 1601 2336 ut

891 2349 981 2378 etiam
1009 2349 1066 2378 boc
1089 2349 1212 2378 verbum
1237 2349 1423 2384 πλεονεκτεῖν,
1452 2349 1533 2388 quod
1559 2359 1601 2379 ex

892 2402 946 2422 sua
963 2391 1057 2431 stirpe
1073 2397 1104 2421 et
1115 2391 1232 2430 origine
1247 2392 1321 2421 nibil
1336 2392 1481 2421 vitiosum
1499 2395 1599 2428 sonat,

892 2435 1036 2475 paulatim
1053 2441 1150 2465 tamen
1171 2435 1338 2473 degeneret
1351 2435 1382 2464 in
1397 2435 1510 2464 malum
1531 2445 1601 2465 sen-

893 2489 958 2508 sum
992 2484 1023 2508 et
1059 2478 1088 2507 in
1126 2479 1263 2517 pejorem
1303 2483 1418 2517 partem
1453 2483 1600 2510 sumatur.

893 2522 1070 2552 Πλεονεκτεῖν
1084 2521 1207 2561 proprie
1223 2528 1269 2551 est
1283 2522 1354 2561 plus
1371 2520 1484 2557 habere,
1499 2523 1530 2552 in
1543 2531 1602 2552 me·

893 2564 962 2594 lieri
981 2565 1146 2594 conditione
1166 2574 1232 2599 esse,
1253 2570 1343 2604 atque
1363 2565 1406 2595 ita
1425 2564 1489 2595 fere
1516 2565 1599 2605 apud

894 2608 1039 2638 Ethuicos
1060 2612 1091 2637 et
1111 2608 1252 2647 puriores
1279 2609 1355 2644 Gr.;
1386 2613 1415 2638 at
1435 2608 1517 2647 apud
1540 2609 1600 2638 Ec-

892 2651 965 2681 cles.
983 2651 1096 2691 Script.
1112 2653 1287 2682 πλεονεκτεῖν
1297 2651 1469 2690 saepissime
1483 2651 1511 2681 in
1525 2651 1602 2683 vitio

892 2695 1016 2733 ponitur
1040 2705 1095 2733 pro
1114 2696 1182 2734 plus
1203 2695 1305 2725 habere
1320 2695 1416 2734 cupio,
1439 2695 1507 2733 plns
1527 2693 1600 2724 milti

892 2747 1005 2768 assumo
1021 2745 1071 2767 aut
1086 2739 1212 2774 vendico,
1225 2749 1308 2778 quam
1322 2749 1377 2777 par
1391 2743 1431 2767 est
1446 2741 1498 2767 aut
1513 2747 1600 2777 quan

893 2781 964 2811 mihi
981 2783 1131 2812 convenit:
1155 2786 1185 2810 et
1201 2781 1357 2820 πλεονεξία,
1372 2780 1454 2819 quod
1474 2780 1599 2819 proprie

894 2829 942 2854 est
956 2825 1142 2855 commoditas
1153 2830 1293 2863 praestans
1308 2833 1343 2854 ac
1358 2824 1458 2852 melior
1472 2823 1600 2854 conditio

893 2866 945 2908 (ut
965 2867 1047 2907 apud
1071 2868 1251 2902 Isocratem,
1277 2868 1419 2901 Dionem,
1442 2872 1473 2895 et
1491 2865 1600 2907 alios),

893 2915 1002 2949 postea
1018 2911 1087 2949 poni
1103 2912 1198 2950 caepit
1213 2921 1268 2950 pro
1283 2910 1409 2939 avaritia
1425 2913 1456 2939 et
1470 2909 1536 2948 plus
1547 2909 1601 2940 ha-

894 2953 980 2983 bendi
1001 2955 1174 2994 cupiditate,
1199 2959 1230 2982 ut
1247 2952 1358 2992 passim
1384 2952 1465 2990 apud
1491 2952 1602 2983 Patres

895 3002 925 3026 et
942 2997 973 3027 in
989 2998 1029 3028 N.
1049 2997 1081 3028 F.
1128 2996 1209 3027 Nam
1233 3001 1266 3027 ut
1289 2993 1441 3034 «πλεονεξίαι
1460 2994 1498 3026 ὼ
1518 2996 1602 3036 Apo-

896 3040 977 3070 stolo
995 3041 1090 3071 Paulo
1104 3046 1238 3070 sumatur
1258 3049 1313 3079 pro
1334 3048 1455 3069 venerea
1469 3038 1603 3075 libidine.

897 3085 917 3113 3
939 3094 958 3113 ἰ’
