1931 3323
299 192 385 233 262

299 295 376 336 quid
389 296 447 326 hoe
459 294 518 326 sibi
530 295 615 326 velit.
631 306 720 328 num:
735 295 769 327 ἐκ
782 295 869 327 πόσου
884 295 1010 337 διαφόρου

301 339 340 370 εἴη
361 342 375 370 ᾗ
392 341 568 378 καταλλαγὴ
594 340 644 370 τοῦ
659 339 666 350 ’
677 341 802 370 Ara-cmii
830 340 1009 381 νομίσματος

300 382 364 412 ἀντὶ
379 383 429 412 τοῦ
445 381 551 413 Θασίου
568 382 582 414 ἢ
600 383 691 413 ἄλλου
709 395 767 414 του.
784 391 896 423 quanto
913 385 1007 413 inter-

300 425 445 455 trimento
460 426 589 465 pecunia
608 425 714 457 Attica
729 437 798 456 cum
817 426 938 461 Thasia,
956 430 1008 455 aut

301 468 380 498 alius
403 470 614 508 cujuscunque
640 469 699 499 loci
723 476 806 500 esset
827 474 1008 509 permutata.

300 522 337 542 an
352 511 475 551 potius:
489 511 521 542 ἐκ
535 512 624 543 πόσου
633 512 715 543 τόκου
724 513 761 543 εἴη
772 513 805 544 τὸ
820 512 1007 553 συμβόλαιον.

300 559 445 594 quantum
461 555 561 586 foenus
579 561 662 586 esset
677 557 716 586 de
733 567 912 596 unaquaque
929 566 1008 586 sum·

299 608 349 628 ma
358 598 427 628 aeris
437 598 528 629 alieni
536 599 859 639 mihidependendum.
868 598 898 628 ἐκ
909 599 1009 634 πόσου,

299 642 415 681 quanti,
430 646 488 678 est,
498 647 531 672 ut
540 641 570 681 ἐξ
581 641 752 683 ἐλαχίστου,
763 643 896 672 vilissimo
903 644 1008 681 pretio,

299 694 332 724 p.
350 686 442 716 1230.
455 687 485 716 5.
500 695 536 715 au
553 690 599 715 est
611 684 642 714 ἔκ
657 684 745 715 πόσου
759 685 863 726 χρόνου.
879 696 919 714 ex
935 696 1009 724 quo-

298 737 367 758 nam
387 733 525 767 ternpore
545 728 691 767 coeperim
711 739 753 758 aes
773 729 914 767 quodque
935 729 1008 757 alie-

297 780 369 800 num
385 770 508 801 debere.

342 831 386 836 —
401 813 1009 854 ρειι.ἒκε’λευεν]εοὶ1.Τὶιιιοιῃιιοὶιιις.Αιι-

301 860 448 896 gustanus
472 858 526 887 dat
547 855 677 886 ἐκελευον.
699 856 781 895 quod
804 856 903 895 possit
925 856 1009 892 ferri,

298 900 484 938 imperabant
506 900 550 930 illi
570 901 641 934 duo,
655 899 873 929 Timomochus
890 903 964 938 puta
979 905 1011 929 et

300 943 457 982 Polycles.
503 943 565 972 Sed
582 947 707 981 praestat
722 943 855 981 vulgata.

344 988 438 1016 1217.
457 988 507 1015 17.
523 985 598 1015 ὥστε
613 985 685 1016 αυτῆ
697 987 739 1025 μὴ
756 984 907 1027 παρέχειν]
925 985 1010 1015 vide-

298 1032 348 1059 tur
369 1030 413 1067 μὴ
436 1029 597 1058 delendum
613 1039 691 1058 esse.
716 1039 752 1058 an
774 1030 906 1058 nesciret
928 1039 1009 1068 resp.

300 1082 368 1102 esse
390 1072 536 1111 quosdam
558 1072 684 1108 civium,
701 1072 753 1111 qui
772 1077 898 1111 possent
913 1080 1009 1102 arma-

299 1119 400 1145 menta
417 1115 456 1145 de
479 1126 534 1145 suo
560 1116 649 1152 dare3
672 1125 733 1154 qua
755 1126 794 1145 ex
818 1116 1008 1153 ignoratione

299 1158 398 1195 fieret,
419 1163 452 1189 ut
472 1159 540 1197 ipsa
560 1158 666 1188 daret?
690 1159 721 1189 h.
747 1169 774 1188 e.
796 1158 904 1188 ideone
924 1169 1007 1198 resp.

299 1201 387 1231 daret
407 1206 602 1237 armamenta,
624 1203 705 1240 quod
733 1202 866 1231 nesciret
887 1213 955 1232 esse
978 1202 1008 1231 in

299 1244 421 1275 civibus
451 1247 515 1276 suis
547 1245 678 1283 aliquos,
711 1246 762 1285 qui
793 1251 920 1284 Possent
949 1245 1009 1284 ipsi

298 1287 372 1318 dare
382 1287 393 1317 ?

340 1348 384 1354 —-
400 1334 450 1362 22.
473 1329 690 1371 διεφθαρμένον]
715 1336 785 1360 ante
808 1329 1010 1371 διεφθαρμένον

299 1373 388 1404 deest
398 1379 451 1404 aut
464 1373 670 1415 παρεχομένου,
684 1380 736 1404 aut
750 1374 850 1404 saltim
867 1373 925 1404 καί.
936 1379 1010 1414 post

297 1417 380 1448 idem
402 1419 509 1448 vocab.
536 1416 730 1458 διεφθαρμένον
752 1417 857 1447 addidi
875 1416 941 1457 μὲν,
958 1417 1009 1447 cui

296 1461 466 1500 respondet
481 1459 509 1491 δὲ
526 1471 556 1490 v.
572 1462 623 1492 25.

342 1506 437 1535 1218.
464 1507 496 1534 7.
519 1502 618 1543 αὐτὸς]
647 1504 767 1533 correxi
795 1502 906 1538 αὐτούς.
934 1503 1010 1543 quod

296 1552 395 1577 autem
408 1547 446 1576 ad
462 1551 570 1577 nautas
583 1552 610 1575 et
627 1547 731 1576 milites
743 1565 784 1569 —-
797 1547 918 1582 attinet,
935 1548 958 1576 εἰ
974 1550 1010 1576 tu

297 1600 341 1624 eos
359 1591 403 1620 ais
420 1601 438 1619 α
455 1600 498 1620 me
518 1595 666 1628 corruptos
679 1599 744 1619 esse.
765 1590 827 1629 περὶ
843 1590 1010 1629 respondet

297 1633 409 1663 Latino
432 1634 477 1669 de,
498 1633 580 1672 quod
602 1633 692 1662 etiam
717 1633 775 1662 hoc
803 1633 894 1662 ruodo
922 1643 1010 1662 usur-

294 1680 396 1717 patur.

340 1721 436 1750 1219.
462 1721 512 1749 19.
535 1718 708 1759 Πραξικλεῖ]
735 1729 802 1748 num
827 1716 1008 1758 Πραξιτέλει.

296 1762 401 1793 notius
417 1762 540 1801 quidem
554 1762 611 1791 hoc
623 1772 731 1791 nomen
745 1766 803 1797 est,
819 1772 907 1800 quam
923 1761 1009 1790 illud.

344 1808 436 1835 1220.
454 1808 506 1836 12.
524 1804 771 1845 τριηραρχήματι]
789 1805 857 1834 scil.
874 1804 915 1843 τῷ
930 1802 1007 1843 ἐμῷ,

297 1852 329 1879 et
340 1849 383 1878 sic
393 1859 513 1888 quoque
523 1849 582 1881 τοῖς
592 1847 758 1883 ἐπιβάταις,
771 1847 930 1882 militibus,
943 1847 1008 1885 qui-

296 1893 354 1922 bus
368 1902 426 1930 ego
443 1902 541 1921 essem
558 1901 642 1920 usus.
689 1892 745 1920 Est
763 1895 862 1920 autem
880 1891 1008 1930 τριηράρ-

297 1946 398 1976 χημα,
408 1935 550 1975 supellex
561 1933 705 1969 triremis,
721 1937 905 1964 armamenta
919 1943 1007 1963 omne

684 190 720 232 I.
744 190 778 232 Ι.
802 189 1025 232 REISKE
1057 189 1384 232 ANNOTATA

1044 307 1151 336 genus.
1164 297 1239 327 citat
1249 298 1280 327 b.
1293 298 1313 327 l.
1327 299 1477 337 Harpocr.
1493 308 1522 328 v.
1537 298 1751 339 rgkngdgxnfae'a‘.

1045 340 1240 370 nihilominus
1256 346 1354 370 tamen
1370 341 1524 381 antiquum
1547 342 1602 371 hoe
1619 352 1686 371 esse
1704 342 1749 371 vi-

1046 383 1120 413 tium
1131 383 1282 422 suspicor,
1291 385 1666 425 εῑΙεὲ.θεεεπληρώματι,
1673 395 1750 414 nau—

1044 428 1090 456 tis.
1106 437 1136 456 v.
1152 437 1183 465 p.
1200 429 1294 456 1217.
1312 429 1362 457 20.
1375 432 1406 456 et
1421 438 1491 467 peu

1087 471 1181 500 1222.
1197 472 1228 499 4.
1240 469 1285 499 τὸν
1293 469 1499 512 ὑποδεχόμενον
1506 482 1570 504 τους
1581 469 1748 510 φεύγοντας]

1044 512 1173 542 subaudi
1189 524 1226 547 οις
1239 511 1277 543 {vs
1270 512 1391 554 χεσθαι
1407 514 1471 547 τοὺς
1485 513 1636 553 φεύγοντας
1650 512 1751 546 αὐτοὺς

1043 554 1201 586 κελεύουσιν
1216 556 1238 585 οἱ
1252 555 1339 594 νόμοι.

1086 617 1129 622 ——
1145 601 1196 629 26.
1219 597 1397 639 Καλλίππῳ]
1415 602 1486 638 post
1500 596 1678 638 Καλλίππῳ,
1698 602 1751 627 aut

1044 647 1114 683 post
1128 641 1292 682 μισθῶσαι,
1307 642 1407 672 nullus
1426 642 1532 672 dubito
1555 642 1661 671 deesse
1680 651 1748 671 wa-

1047 684 1177 727 ραδόντα,
1192 690 1243 714 aut
1259 685 1357 715 simile
1373 685 1457 724 quid.

1087 746 1128 751 --
1145 731 1196 759 27.
1217 728 1357 769 περιάγω]
1372 729 1605 758 circumduceret
1620 737 1677 766 per
1692 736 1747 765 op-

1044 770 1118 810 pida
1133 772 1249 801 Graecae
1266 772 1347 801 illius
1359 782 1429 802 orae.
1474 771 1534 801 Sed
1555 771 1674 801 videtur
1690 779 1746 810 po-

1044 814 1105 843 tius
1122 824 1138 842 e
1154 815 1363 853 superioribus
1377 814 1438 855 leg.
1459 825 1526 844 esse
1547 813 1681 854 παρίιγοι,
1696 814 1750 843 ad—

1045 857 1173 891 duceret,
1188 868 1203 886 e
1220 857 1403 887 Macedonia
1418 858 1456 887 ad
1472 867 1505 887 se
1520 857 1550 886 in
1563 858 1707 886 Thasum.

1090 902 1186 930 1223.
1204 902 1234 929 8.
1255 898 1395 940 λήψεται]
1417 910 1476 930 non
1492 903 1668 935 mutassem,
1691 898 1748 928 nisi

1046 943 1170 972 codices
1195 941 1337 979 λήψεσθαι
1357 942 1627 981 praescripsissem.
1650 942 1693 972 sic
1719 953 1750 981 p.

1046 987 1140 1016 1220.
1158 989 1211 1015 14.
1230 985 1314 1021 οὗδεῖς
1327 987 1381 1026 γὰρ
1401 985 1480 1025 αὐτῷ
1501 983 1672 1026 παραμένει,
1691 995 1749 1024 pro

1044 1027 1132 1058 οὐδένα
1148 1030 1202 1068 γὰρ
1217 1029 1295 1068 αὐτῷ’
1310 1030 1495 1069 παραμενεῖν.

1086 1089 1129 1094 --
1148 1082 1218 1110 pen.
1235 1072 1338 1113 ἀκαρῆ]
1361 1072 1436 1102 citat
1458 1071 1703 1110 h.1.Harpoor.
1719 1080 1749 1100 v,

1044 1115 1150 1154 ἀκαρεῖ,
1168 1115 1221 1144 ubi
1246 1116 1377 1153 vulgatae
1393 1116 1442 1145 ed.
1470 1114 1650 1153 trajectione
1665 1113 1749 1143 labo-

1044 1162 1121 1187 rant.
1140 1159 1215 1197 Leg.
1232 1158 1310 1187 enim
1325 1164 1390 1187 est:
1414 1157 1511 1198 ἀκαρεὶ
1522 1169 1584 1187 αντι
1597 1168 1646 1186 του
1657 1154 1752 1197 μικρὸν

1044 1200 1058 1231 ἢ
1074 1200 1153 1230 ουδεν.
1163 1199 1231 1240 παρ’
1241 1199 1409 1241 Ἀντιφῶντι
1424 1200 1472 1230 καὶ
1487 1198 1658 1240 Δημοσθένει
1673 1198 1698 1228 ἒν
1707 1198 1750 1238 τῷ

1046 1243 1111 1296 πρὸς
1122 1243 1280 1274 Πολυκλέα.
1306 1244 1380 1284 [non
1399 1242 1642 1284 ΚάλλιππονἏι]
1629 1259 1634 1286 Ι
1663 1242 1749 1273 ”.Ακη

1043 1286 1127 1321 πόλις
1141 1287 1214 1317 αὕτη
1229 1286 1255 1316 ἐν
1271 1285 1397 1326 Φοινικία,
1411 1298 1440 1317 ην
1454 1287 1583 1336 Νικάνωρ.

1088 1332 1182 1361 1224
1207 1332 1237 1361 9.
1260 1319 1428 1371 ἀνέγνωμεν]
1452 1330 1573 1359 correxi
1594 1328 1750 1366 ἀνέγνωκεν,

1044 1372 1111 1402 scil.
1128 1373 1238 1402 scriba.

1088 1418 1184 1448 1225.
1198 1417 1249 1446 16.
1258 1413 1294 1445 ἇῗν
1302 1414 1435 1445 ἀκούοντά
1442 1425 1483 1455 με
1491 1414 1540 1445 καὶ
1549 1416 1626 1455 παρὰ
1637 1414 1750 1455 τῶν--]

1043 1459 1146 1489 malim
1159 1456 1196 1489 οἷν
1210 1459 1344 1489 ἀκούοντα
1354 1460 1394 1489 τοὶ
1410 1458 1465 1498 μὲν
1479 1460 1556 1499 παρὰ
1566 1460 1621 1488 τῶν
1634 1467 1750 1487 —nam

1043 1513 1084 1541 με
1100 1503 1201 1532 statim
1214 1507 1286 1541 post
1300 1503 1369 1532 loco
1386 1512 1441 1531 suo
1455 1501 1636 1540 insequitur.

1088 1547 1184 1576 1226.
1200 1547 1251 1575 13.
1271 1544 1316 1574 τὸν
1331 1544 1425 1586 νόμον]
1443 1545 1568 1574 eandem
1584 1544 1695 1584 legem,
1711 1543 1750 1574 de

1043 1599 1102 1628 qua
1113 1590 1175 1628 jum
1187 1599 1218 1628 p.
1234 1591 1328 1620 1224.
1347 1592 1396 1618 11.
1413 1592 1713 1618 commemoraverat.

1085 1649 1129 1655 —
1144 1634 1197 1662 16.
1212 1630 1294 1672 ὅπου]
1307 1632 1379 1661 dedi
1395 1631 1434 1661 de
1451 1642 1518 1661 meo
1533 1630 1605 1661 ξ’ποι.
1616 1640 1751 1670 quorsum

1042 1673 1216 1715 auffugerz‘t.

1085 1736 1127 1740 -
1144 1720 1194 1748 17.
1206 1716 1307 1759 χρόνῳ]
1326 1721 1395 1757 post
1406 1715 1492 1758 χρόνῳ
1507 1717 1630 1747 videtur
1642 1715 1749 1746 titulus

1041 1759 1123 1799 νόμος
1132 1761 1252 1796 deesse,
1269 1769 1299 1790 et
1316 1760 1422 1790 titulus
1434 1760 1627 1799 ἀναλώματα.

1088 1822 1128 1827 —
1143 1805 1196 1834 23.
1211 1803 1225 1834 ἢ
1242 1803 1325 1844 ὑπὲρ]
1347 1803 1418 1833 dedi
1431 1802 1445 1834 ἢ
1460 1803 1516 1844 οὐχ
1528 1801 1608 1842 ὑπέρ.
1623 1813 1653 1832 v.
1669 1801 1751 1832 dicta

1042 1847 1081 1876 ad
1097 1858 1128 1886 p.
1146 1849 1240 1877 1198.
1258 1850 1309 1877 14.

1083 1908 1127 1913 -
1139 1900 1209 1929 pen.
1226 1888 1353 1929 ἀπιέναι]
1369 1888 1435 1919 scil.
1451 1887 1693 1929 ἀπροφασίστους,
1710 1887 1751 1917 nil

1042 1937 1230 1963 cunctantes.

298 2116 384 2157 AD
418 2114 785 2157 ORATIONEM
819 2114 942 2156 PRO
976 2113 1232 2155 CORONA
1263 2112 1732 2155 TRIERARCHALI.

340 2246 511 2276 Videturin
523 2245 648 2285 gratiam
663 2245 799 2283 ejusdem
813 2244 1007 2284 Apollodori,

298 2289 443 2320 Pasionis
459 2289 524 2325 filii,
540 2299 609 2319 esse
625 2289 751 2328 scripta,
766 2298 822 2327 pro
838 2298 898 2327 quo
914 2292 1009 2326 agunt

298 2334 369 2362 duae
385 2333 571 2371 superiores.

342 2378 437 2407 1228.
451 2379 480 2406 1.
504 2376 526 2405 εἶ
546 2373 601 2415 μὲν
616 2373 658 2404 οὖν
674 2373 743 2413 δ’τῳ]
768 2373 820 2403 dat
836 2373 1008 2412 Augustani

298 2420 426 2448 alterum
449 2419 642 2458 exemplum3
666 2418 745 2457 quod
772 2417 797 2446 si
823 2426 928 2446 verum
949 2421 1008 2452 est,

297 2472 425 2492 necesse
444 2467 493 2492 est
512 2462 654 2491 nonnulla
673 2460 880 2501 praecessisse,
897 2459 1008 2499 quibus

298 2504 390 2534 hodie
406 2515 572 2534 careamus.

341 2566 384 2571 -—
407 2550 437 2578 9.
469 2546 698 2588 παρεσκεύασαν]
731 2545 863 2576 subaudi
887 2544 1008 2579 ἑαυτοῖς.

298 2591 373 2622 alias
389 2595 550 2629 praestaret
565 2590 595 2618 in
611 2590 711 2618 medio
726 2589 984 2629 παρεσκευάσαντο.

343 2636 439 2664 1229.
454 2637 484 2664 2.
508 2631 607 2672 τοῦτο]
632 2634 667 2662 ad
693 2633 848 2667 remotius,
872 2631 955 2662 ἐκεῖνο
970 2632 1006 2661 ad

299 2677 426 2717 propius
447 2675 528 2705 redit
550 2675 595 2714 (v.
617 2685 648 2713 p.
673 2678 766 2706 1233.
795 2675 874 2715 17.),
902 2680 1009 2704 contra

299 2731 414 2751 morem
429 2723 617 2750 consuetum.

342 2781 384 2787 -—
399 2763 474 2792 ibid.
497 2761 596 2802 τοῦτο]
622 2760 687 2790 scil.
703 2759 736 2790 τὸ
750 2759 929 2790 ἐπιδεικνύναι
945 2759 1008 2791 ἑαυ-

299 2819 364 2841 τους
380 2806 471 2845 ἀξίους
485 2806 533 2835 τοῦ
549 2803 701 2842 στεφάνου

342 2868 386 2874 -—-
401 2852 432 2881 3.
454 2847 550 2889 ἐκεῖνο]
575 2846 642 2876 scil
658 2845 690 2875 τὸ
706 2843 759 2885 ἐμὲ
775 2847 868 2880 κακῶς
883 2842 981 2883 λέγειν.

342 2911 386 2916 -—
414 2896 445 2923 8.
478 2888 662 2931 περιορμησῃ]
694 2888 818 2918 correxi
847 2887 1008 2939 περιορμίσῃ

301 2936 355 2977 [ab
371 2933 518 2976 ὁρμίζειν],
534 2932 654 2963 tametsi
670 2932 768 2961 malim
786 2929 957 2972 παρορμίσῃ.
979 2936 1010 2960 et

301 2980 347 3010 sic
363 2989 483 3019 quoque
499 2977 656 3014 deinceps.
671 2980 704 3004 ut
721 2986 749 3004 v.
767 2975 798 3005 9.

343 3040 386 3046 —-
402 3024 452 3052 10.
475 3032 504 3052 ου
517 3018 726 3060 καθείλκυσαν]
744 3017 866 3048 correxi
881 3014 938 3047 οὐδε
954 3027 1006 3046 κα-

1042 2242 1208 2274 θείλκυσαν.
1231 2254 1269 2273 ne
1285 2244 1323 2273 de
1339 2243 1475 2273 tabulato
1490 2242 1625 2283 quidem,
1641 2243 1693 2273 ubi
1709 2244 1752 2274 fa-

1043 2288 1159 2316 bricata
1186 2292 1245 2322 est,
1269 2287 1478 2321 detraxerunt,
1503 2287 1626 2322 nedum,
1652 2291 1684 2316 ut
1713 2287 1751 2317 ad

1043 2330 1203 2360 stationem
1216 2330 1248 2359 in
1265 2335 1354 2369 portu
1371 2330 1541 2359 condictam
1557 2330 1751 2362 adduxerint.

1084 2390 1128 2395 —
1143 2376 1193 2403 16.
1218 2372 1366 2414 ἀνήλωσα]
1391 2372 1522 2402 subaudi
1543 2372 1582 2407 εἷς
1599 2373 1696 2402 ταῦτα
1711 2376 1752 2404 τὸ,

1042 2415 1137 2447 σκεύη.

1083 2477 1127 2482 -—-
1143 2461 1193 2490 19.
1217 2459 1249 2489 ἂν
1264 2456 1422 2499 ἐπειρῶντο]
1446 2458 1585 2489 contraxi
1608 2459 1638 2488 in
1660 2469 1749 2489 unum

1043 2502 1224 2532 vocabulum
1235 2502 1420 2542 ἆνεπειρῶντο.
1429 2512 1461 2532 v.
1472 2512 1504 2531 v.
1515 2504 1566 2532 22.
1576 2506 1621 2530 est
1630 2511 1647 2530 a
1659 2502 1752 2532 verbo

1042 2544 1266 2586 ἀναπειρᾶσθαι,
1276 2545 1359 2584 quod
1369 2551 1428 2580 est,
1443 2544 1622 2586 praeludium
1634 2545 1754 2574 exerci-

1044 2589 1154 2618 tiorum
1167 2589 1280 2624 facere,
1297 2598 1352 2618 seu
1367 2588 1397 2618 in
1413 2598 1489 2618 nave
1505 2587 1632 2627 agenda,
1649 2597 1703 2617 seu
1718 2588 1750 2617 in

1043 2632 1155 2662 fidibus
1177 2631 1349 2671 pulsandis,
1373 2641 1426 2661 seu
1450 2630 1482 2660 iu
1505 2640 1681 2669 quacunque
1705 2641 1751 2668 re,

1044 2676 1132 2714 cujus
1158 2675 1192 2705 fit
1215 2673 1400 2715 perieulum,
1423 2678 1455 2704 et
1477 2672 1632 2714 specimen
1655 2683 1751 2713 expe-

1044 2718 1131 2747 titur.

1088 2762 1182 2791 1230.
1195 2763 1226 2791 2.
1241 2758 1350 2794 τούτοις
1364 2758 1433 2799 περὶ
1445 2758 1495 2788 τοῦ
1507 2757 1646 2798 στεφάνου
1657 2757 1752 2800 λόγος]

1043 2803 1143 2833 malim
1160 2802 1270 2837 τούτοις
1283 2804 1339 2832 τῶν
1357 2802 1416 2843 περὶ
1431 2801 1480 2831 τοῦ
1495 2800 1638 2840 στεφάνου
1651 2800 1753 2838 λόγων.

1085 2863 1129 2869 —-
1145 2849 1194 2876 10.
1217 2845 1326 2886 καλῶς]
1344 2850 1416 2885 post
1427 2846 1522 2878 καλῶς
1539 2844 1659 2874 videtur
1675 2843 1751 2882 ἐμοὶ,

1044 2894 1096 2919 aut
1109 2887 1157 2919 ὑπ’
1172 2888 1241 2928 ἐμοῦ
1261 2888 1382 2918 deesse.
1405 2897 1467 2928 quae
1487 2892 1585 2917 autem
1604 2897 1656 2928 ego
1677 2888 1753 2918 vobis

1043 2933 1177 2963 decenter
1199 2930 1394 2971 praeclmeque
1415 2930 1536 2960 inservii
1557 2935 1645 2970 atque
1665 2932 1753 2961 mini-

1043 2977 1146 3010 stravi,
1160 2984 1259 3005 eorum
1271 2975 1403 3015 gratiam
1414 2972 1564 3013 postulare
1577 2974 1630 3003 sibi
1645 2985 1663 3004 a
1677 2973 1754 3004 vobis

1045 3017 1156 3048 haberi.
