1948 3322
259 201 345 243 AD
380 196 747 242 ORATIONEM
784 196 866 237 DE
900 194 1085 236 FALSA
1119 193 1482 238 LEGATIONE.
1544 191 1597 234 89

135 307 319 346 junxeratis.
330 305 440 336 deinde
455 304 518 344 legi
531 304 635 339 velim,
653 301 802 335 sententia
817 301 850 332 id

139 351 325 389 postulante,
339 348 384 379 ὅτι
406 346 530 383 ἐποίησε,
554 346 688 387 προσήκει
708 345 851 376 δεικνύναι.

140 398 265 432 oportet
277 394 397 428 docere,
410 392 470 422 ista
486 392 586 422 omnia
610 401 644 422 se
669 400 737 420 esse
760 400 850 420 exse-

141 442 254 466 cutum.

183 480 256 510 343.
266 479 297 510 5.
320 475 388 518 εἶπές
399 487 431 515 γε
448 478 497 507 τοῦ
513 477 613 518 προῖκα
629 475 713 517 ἦμὶι]
726 476 764 505 ad
781 485 849 505 ver-

142 522 224 556 bum.
238 522 276 551 de
294 522 439 561 gratuito,
461 526 516 551 aut
540 520 741 550 mercenario.
772 519 803 548 h.
821 529 847 548 e.

105 593 115 599 ,
141 564 224 604 quod
238 564 347 593 attinet
363 565 400 594 ad
416 568 507 603 capnt
525 564 582 593 1100
591 580 643 592 --.
683 562 778 592 Plene
800 562 847 591 di-

138 607 252 636 xisset:
277 606 354 646 ὑπὲρ
370 617 404 645 γε
420 607 595 645 τοῦωςοῖκα
612 605 786 646 πρεσβεῦσαι
803 604 849 634 τὸν

139 647 320 689 versavi-nv,
331 649 345 681 ἢ
356 651 411 689 μὴ,
421 650 442 679 εἶ
456 649 497 679 δεῖ
506 649 645 687 λέγειν-
655 648 680 677 si
691 648 847 687 quaeritur,

138 692 164 722 si
180 693 281 731 agitur
295 694 441 728 boc,num
455 703 510 732 par
524 692 565 721 sit
575 692 710 731 legatum
724 690 859 730 operam'

138 736 302 774 gratuitam
318 745 442 773 navare,
458 745 494 765 an
514 735 658 771 vendere,
675 744 763 764 nemo
789 745 847 764 non

138 778 286 809 novit——.

181 825 284 854 —13.
301 819 454 863 ἐξελέγξω]
470 821 552 851 Citat
568 819 848 860 lul-Hermogenes

137 875 170 905 p.
182 867 257 897 418.
272 866 302 896 in
319 875 387 903 cap.
403 864 466 904 mgi
481 867 535 894 τῶν
550 864 615 894 ἴσων
629 865 806 905 σχημάτων.

155 942 158 946 ,
182 926 225 932 --
241 911 291 939 22.
304 908 338 938 ἂν
349 907 377 938 δὲ
388 910 430 947 μὴ
447 907 524 948 δείξω
538 909 637 938 ταῦτα
652 907 666 938 ἢ
681 910 724 946 μὴ
739 907 850 949 πάντα]

141 951 192 982 ubi
208 962 268 982 non
286 953 351 982 11πο
375 952 476 981 omnia
499 952 708 981 demonstrata
723 951 850 987 dedero,

139 999 193 1025 aut
208 995 307 1025 saltim
324 1005 382 1024 non
400 995 511 1024 omnia.
527 1005 644 1034 quaero,
661 1004 730 1023 num
753 996 851 1024 ταῦτα

139 1048 198 1068 11011
213 1038 294 1068 idem
311 1039 352 1068 sit
367 1048 435 1073 eum
450 1039 556 1068 πάντα.
571 1048 650 1067 mera
666 1037 731 1066 baec
745 1043 792 1067 est
806 1038 851 1067 in-

139 1082 233 1111 fantia
248 1081 405 1120 loquendi.
437 1081 541 1111 Homo
556 1081 683 1110 linmane
698 1081 778 1117 loqui
797 1081 851 1109 do-

139 1129 208 1154 ctus
220 1124 264 1154 sic
273 1125 392 1154 diceret
404 1135 411 1153 :
427 1123 502 1162 εἰμὴ
517 1125 614 1154 ταῦτα
625 1121 714 1162 δείξω,
730 1122 756 1157 ἢ,
772 1123 794 1152 εἰ
808 1124 851 1162 ,ab

139 1167 248 1203 πάντα,
270 1168 310 1197 τίι
332 1177 364 1205 γε
390 1168 520 1196 πλεῖστα
542 1166 590 1196 καὶ
617 1165 850 1206 κεφαλαιότατα.

141 1211 201 1240 nisi
223 1211 288 1240 baec
311 1209 412 1240 omnia
435 1211 530 1249 plana
556 1210 732 1244 reddidero,
747 1217 808 1243 aut,
825 1210 851 1239 si

139 1254 240 1284 minus
251 1254 351 1283 onmia
366 1253 470 1289 liceat,
482 1253 630 1292 pleraque
642 1257 725 1282 certe
742 1259 773 1282 et
786 1254 851 1292 pal-

141 1296 288 1327 maria—
301 1307 369 1336 quae
386 1296 458 1336 ἢμῆ
475 1296 562 1326 uncis
577 1296 701 1326 inclusi.

183 1357 227 1363 —-
241 1342 293 1371 27.
307 1341 372 1375 τοὺς
386 1339 523 1380 πολλοὺς]
537 1339 659 1369 detraxi
677 1339 850 1369 articulum.

141 1393 210 1412 nam
223 1383 297 1413 alias
314 1384 377 1417 τοὺς
393 1381 546 1417 πλείστους
557 1382 721 1413 dicendum
732 1383 851 1413 fuisset.

146 1426 278 1456 Vestrum
292 1426 451 1466 plerosque.

186 1471 261 1499 344.
277 1473 307 1500 4.
329 1468 394 1500 ἔστι
413 1468 497 1499 τοίνυν
520 1467 661 1510 οὗτος-]
685 1468 768 1499 citat
784 1470 851 1499 11.1.

145 1513 295 1552 Hermog.
313 1523 343 1552 p.
358 1515 432 1543 287.
448 1517 480 1543 et
496 1512 692 1542 Minucianus
709 1523 739 1552 p.
758 1515 830 1543 164.

187 1574 228 1578 —
244 1558 276 1585 7.
297 1555 345 1585 καὶ
366 1555 440 1598 ἔχων
455 1554 678 1597 Ἰσχανδρον-]
698 1556 852 1586 Aristides

144 1599 183 1628 de
201 1600 241 1628 1).
257 1599 294 1628 C.
309 1609 340 1638 p.
356 1602 430 1630 242.
445 1599 493 1628 καὶ
508 1599 542 1629 τὸ
557 1598 728 1640 πλαγιάζειν
741 1601 783 1631 τὰ
797 1600 853 1631 vob-

141 1653 232 1682 ματα
244 1642 384 1680 μάλιστα
400 1641 550 1682 περιβολῆς
563 1640 651 1673 ἐστίν.
668 1643 744 1673 ὥστε
764 1643 812 1672 καὶ
828 1642 854 1673 ἓν

140 1685 208 1720 ταῖς
219 1685 394 1724 ἀφηγήσεσιν
405 1686 427 1715 εἶ
444 1685 643 1724 πλαγιασθείη
657 1688 698 1717 τὸ,
710 1686 852 1726 νοήματα,

141 1727 312 1766 θαυμαστὴν
323 1727 469 1768 πεξιέολῆν
483 1728 647 1769 ἐργάζεται.
665 1731 700 1765 ὡς
714 1730 762 1760 καὶ
774 1729 786 1759 ὁ
797 1736 853 1761 Δη-

140 1770 285 1808 μοσθένης
312 1770 338 1801 ἐν
367 1771 410 1811 τῷ
436 1772 504 1803 κατ’
530 1772 677 1814 Αἰσχίνου·
707 1772 756 1802 καὶ
780 1771 854 1814 ἔχων

135 1812 296 1854 Ἴσχανδρον
311 1814 358 1844 τὸν
372 1815 574 1855 Νεοπτολέμου
589 1816 853 1856 δευτεςαγωνιστῆν,

139 1856 188 1887 οὐκ
202 1855 324 1897 ὦξθωσεν
343 1858 436 1888 εἰπών·
461 1858 572 1900 προσῄει
595 1859 634 1900 τῇ
655 1857 750 1899 Caunii·
773 1860 855 1890 ἀλλὰ

141 1899 238 1930 πάλιν
252 1899 423 1938 ἐπλαγίασε·
435 1901 483 1931 καὶ
499 1903 617 1942 προσιὼν
631 1901 686 1941 μὲν
701 1902 740 1942 τῇ
754 1901 856 1944 Βουλῇ,

141 1945 260 1982 προσιὼν
282 1943 311 1973 δὲ
333 1943 377 1982 τῷ
400 1945 480 1984 δήμῳ
503 1944 565 1984 mg?
587 1945 703 1975 τούτων·
718 1945 766 1974 καῖ
781 1946 855 1974 ἄλλο

141 1986 409 2025 πεπλαγιασμένον·
422 1987 470 2016 καὶ
486 1986 595 2021 πείσας
611 1988 690 2028 ὑμᾶς
701 1989 855 2029 πανταχοῦ

141 2027 273 2069 urgeo-Ceae
286 2028 333 2060 ἐπὶ
349 2030 454 2061 τούτων
469 2029 608 2069 πέμπειν,
623 2037 683 2060 010.
702 2031 755 2060 ubi
773 2032 854 2060 Nor-

141 2081 244 2102 mann.
269 2073 352 2102 nulla
379 2073 417 2103 de
440 2083 531 2103 cansa
552 2079 723 2104 correctum
746 2074 771 2103 it
794 2073 855 2114 πεςῖ

139 2114 247 2146 τούτων
261 2117 343 2155 quod
358 2126 413 2155 pro
426 2117 543 2146 scholio
556 2117 657 2156 possit
673 2117 787 2147 haberi.

184 2177 229 2182 —
241 2162 292 2189 11.
309 2159 374 2201 καὶ]
400 2161 482 2199 qnod
499 2161 585 2190 uncis
609 2161 732 2196 inclusi,
750 2160 855 2189 delen-

140 2200 215 2232 dum
241 2203 377 2238 videtur,
401 2203 434 2233 id
461 2204 541 2242 quod
569 2208 653 2242 patet
677 2214 693 2233 e
716 2207 854 2233 constru-

140 2245 241 2276 ctione
252 2255 259 2274 2
269 2241 348 2280 οὗτός
357 2245 436 2276 ἐστιν
444 2247 456 2276 ὁ
465 2249 572 2288 πρῶτος
583 2245 798 2286 αἰσθόμενος-
806 2247 854 2277 καὶ

142 2285 236 2328 [οὗτός
254 2287 333 2319 ἔστιν
348 2289 376 2329 ὃ]
399 2290 503 2324 πείσας
518 2290 597 2330 ὑμᾶς
619 2289 750 2330 πξέσξεις
774 2291 854 2330 πέμ-

142 2342 215 2367 πειν,
226 2331 334 2368 &arraz
349 2332 488 2374 πςοσιὲναι
505 2334 542 2373 τῇ
557 2332 644 2374 Βουλῇ
657 2333 704 2363 καὶ
720 2334 763 2374 τῷ
776 2335 857 2374 δήμῳ

141 2378 224 2413 μετὰ
246 2376 296 2404 τοῦ
319 2374 489 2417 ’Ῑσχάνδςοω
507 2377 556 2406 bio
573 2381 620 2407 est
639 2377 704 2413 itte,
722 2377 773 2417 qni
790 2378 856 2417 pri-

139 2427 210 2447 mus
228 2418 406 2458 Philippum
424 2420 540 2450 Graecis
552 2419 691 2450 insidiari
709 2421 857 2450 sensit——

141 2460 193 2490 hic
209 2465 270 2497 est,
286 2463 338 2501 qui
354 2468 462 2493 auctor
475 2463 564 2493 vobis
578 2464 766 2502 legationum
783 2474 857 2503 qua-

140 2514 260 2544 cunque
276 2505 490 2536 mittendarum
506 2507 618 2544 factus,
633 2517 670 2536 eo
686 2508 780 2546 quod,
799 2518 858 2537 una

141 2557 209 2578 cum
219 2548 400 2584 Ischandro,
410 2549 466 2579 hac
478 2550 517 2579 de
526 2560 560 2580 re
569 2560 638 2580 cum
649 2555 816 2590 senatuque
826 2556 858 2581 et

141 2600 210 2620 cnm
232 2591 325 2630 plebe
349 2593 424 2631 egit.
440 2594 649 2632 postmodum,
665 2604 706 2624 ex
724 2595 858 2624 Arcadia

141 2643 300 2670 reversus,
325 2635 479 2666 orationes
505 2636 708 2673 renunciavit,
728 2647 747 2667 a
769 2648 802 2668 se
826 2638 857 2668 in

144 2677 260 2708 Decem
278 2677 364 2708 mille
382 2679 457 2708 viris
474 2680 594 2709 habitas
602 2697 656 2709 —.

184 2736 228 2744 ——
243 2722 295 2752 15.
321 2721 390 2764 ἔφη]
418 2733 506 2753 nemo
529 2723 611 2753 enirn
633 2727 769 2753 nostrum
793 2734 857 2753 om-

142 2762 224 2794 nium
240 2763 378 2794 interfuit
400 2766 545 2804 auditor;
568 2770 601 2796 ut
627 2766 803 2796 facillimum
829 2767 858 2797 ei

142 2805 184 2836 sit
197 2806 287 2837 nobis
303 2805 473 2848 imponere.

183 2866 226 2882 .—
241 2852 294 2882 19.
311 2850 436 2894 δεῖγμα]
453 2863 513 2882 non
530 2854 661 2884 movebo
679 2859 858 2884 controver-

143 2890 216 2922 siam
233 2893 360 2924 dictioni
384 2895 491 2935 δεῖγμα
516 2895 578 2936 περὶ
602 2895 703 2926 ἑαυτοῦ
727 2896 858 2938 ἐκφὲςειν,

143 2944 212 2965 oum
234 2935 340 2977 δεῖγμα
364 2937 465 2969 ἑαυτοῦ
488 2939 626 2970 sufficere
643 2941 754 2979 possit,
768 2940 858 2971 alias-

143 2987 214 3017 que,
234 2978 265 3009 ni
285 2981 386 3017 fallor,
410 2983 520 3012 soleat.
564 2983 694 3013 Interim
710 2994 777 3014 oum
795 2983 858 3024 πεςῖ

141 3020 246 3051 statim
273 3030 424 3062 recurrat,
451 3029 560 3057 auctor
587 3025 659 3064 siun,
685 3028 743 3058 boc
771 3026 857 3068 prius

187 3072 264 3094 vor..
281 3076 312 3096 v.

883 300 944 342 περὶ
970 310 1039 330 011111
1067 302 1145 342 παρὰ
1172 302 1322 337 mutandi,
1352 308 1444 342 atque
1473 299 1597 341 legendi

882 344 991 384 δεῖγμα
1007 343 1194 386 ἐξενηνοχότος
1207 344 1274 384 παρ’
1290 345 1400 375 ἑαυτοῦ.

924 390 1032 418 —24.
1061 389 1116 417 τῶν
1137 386 1363 428 ἆποδοσομὲνων]
1390 388 1542 426 Hermog.
1559 397 1591 426 p.

883 432 956 462 286.
970 430 1004 460 τό
1019 441 1051 461 τε
1063 428 1105 461 οὖν
1119 430 1190 460 κατ’
1202 430 1279 471 ἄρσιν
1294 431 1340 460 καὶ
1358 430 1440 461 θέσιν
1455 430 1595 470 περιβάλ-

882 480 935 510 λει,
948 473 1054 505 τέλειον
1069 475 1159 505 ποιοῦν
1175 472 1222 503 τὸν
1237 473 1325 512 λόγον.
1344 471 1401 503 οἷον·
1420 474 1474 515 οὐχ
1488 476 1522 507 ὡς
1538 476 1594 503 τῶν

880 517 1101 558 ἀποδωσομένων
1113 520 1154 547 τὰ.
1168 516 1303 558 ὑμέτερα.
1315 516 1381 546 εἶτα
1396 518 1410 547 ἦ
1424 515 1509 550 θέσις.
1526 515 1597 546 ἀλλ’

881 562 916 594 ὡς
931 564 985 590 τῶν
1000 561 1179 600 φυλαξόντων
1199 562 1263 595 τοὺς
1280 560 1394 595 ἄλλους.
1441 560 1597 590 Aristides

881 605 920 634 de
937 605 980 634 D.
996 606 1031 634 C.
1048 616 1080 644 p.
1092 607 1165 634 ⁶316.
1181 604 1325 644 περιβολὴν
1339 603 1367 633 δὲ
1380 603 1455 634 ποιεῖ
1467 603 1514 631 καὶ
1530 601 1596 632 ὅταν

881 659 924 680 τις
938 650 980 687 μὴ
996 647 1164 678 τάκόλουθα
1188 647 1307 688 ἐξετάζῃ
1331 646 1422 685 μόνον,
1441 647 1522 675 ἀλλὰ.
1548 645 1598 674 καὶ

882 690 1018 721 τάναντία
1033 691 1256 732 προσλαμβάνῃ.
1271 692 1306 723 ὡς
1322 689 1347 720 ἐν
1363 689 1407 728 τῷ
1427 691 1479 723 τῆς
1502 699 1596 728 'naga-

882 733 1044 771 πρεσβείας.
1060 734 1159 773 τὸμὲν
1174 735 1282 764 ἁπλοῦν
1293 731 1323 764 ’ἦν
1335 733 1383 763 καὶ
1399 732 1432 762 τὸ
1447 731 1599 762 ἀκόλουθον

883 775 980 810 οὕτως·
1002 776 1063 807 ἐπεὶ
1078 780 1132 818 γὰρ
1156 777 1384 819 ἐχειροτονήσατε
1407 777 1506 805 τοῦτον
1531 785 1599 814 πρε-

885 819 1020 855 σΒευτῆν,
1037 821 1073 854 ὡς
1088 821 1252 859 φυλάξοντα
1266 821 1330 854 τοὺς
1344 819 1458 853 ἄλλους.
1475 816 1598 849 ἐνταῦθα

883 862 917 892 τὸ
939 861 1055 893 ἐναντίον
1074 862 1234 902 προλαβὼν,
1249 862 1338 898 οὕτως
1359 861 1464 900 ἐπάγει
1481 862 1515 891 τὸ
1531 860 1597 890 ἀκέο

884 905 994 936 λουθον·
1012 905 1238 947 ἒχειξοτονῆσατε
1251 906 1361 940 τοῦτον,
1377 905 1505 945 πρότεξον
1521 903 1554 934 τὸ
1568 902 1601 934 τί

884 951 926 988 μὴ
944 950 1110 984 ποιήσοντα,
1126 948 1194 978 εἶτα
1209 948 1242 978 τὸ
1257 947 1288 977 τί
1301 948 1455 978 ποιήσοντα
1469 948 1531 988 (sic
1556 948 1601 978 lo—

885 1003 941 1022 cus
959 993 1007 1022 1110
1023 992 1214 1022 emendatius
1237 991 1383 1030 legetur).
1406 992 1462 1033 οὐχ
1484 993 1520 1026 ὡς
1543 993 1600 1021 τῶν

884 1034 1108 1075 ἀποδωσομένων
1131 1037 1171 1065 τὰ
1192 1034 1330 1076 ὑμέτερα,
1347 1032 1400 1065 οὐδ’
1416 1035 1451 1068 ὣς
1467 1037 1523 1064 τῶν
1539 1044 1599 1064 ωε·

885 1078 1080 1108 πιστεωιότων
1094 1078 1138 1117 τῷ
1154 1078 1296 1117 Φιλίππῳ.
1309 1077 1375 1109 εἶτα
1386 1079 1429 1108 νῦν
1440 1076 1472 1107 τὸ
1485 1077 1602 1108 ἀκόλου-

885 1121 944 1152 θον.
960 1123 1042 1152 ἀλλὰ
1065 1122 1100 1157 ὣς
1127 1121 1293 1161 φυλάξοντα
1315 1123 1379 1156 τοὺς
1404 1121 1519 1154 ἄλλους.
1564 1121 1600 1150 ln

886 1165 1020 1195 editione
1036 1165 1217 1204 Upsaliensi
1234 1175 1336 1204 operae
1353 1165 1449 1194 verba
1464 1164 1497 1194 τὸ
1512 1162 1544 1194 τί
1556 1165 1599 1203 μὴ

885 1208 1038 1238 ποιήσοντα
1065 1208 1241 1244 omiserant,
1268 1218 1336 1247 qnae
1361 1212 1431 1237 sunt
1455 1208 1602 1247 quodam-

885 1252 977 1280 modo
994 1251 1026 1281 in
1042 1252 1165 1287 Aldina,
1182 1257 1213 1281 et
1228 1250 1313 1281 1111110
1336 1251 1470 1281 restitui.
1514 1252 1600 1289 Quo-

885 1296 1048 1325 dammodo
1074 1295 1156 1329 dico,
1178 1294 1249 1334 quia
1263 1296 1305 1334 μὴ
1324 1295 1469 1334 exemplo
1485 1294 1599 1324 Aldino

885 1339 985 1368 deest.
1022 1339 1083 1368 Sed
1100 1339 1250 1368 sententia
1265 1338 1358 1368 docet
1374 1348 1411 1367 eo
1428 1338 1525 1367 careri
1541 1347 1601 1367 non

887 1392 986 1421 posse.
1034 1383 1083 1411 Ex
1110 1382 1164 1411 1110
1187 1392 1303 1417 errore,
1326 1391 1396 1411 011111
1419 1381 1600 1411 Aldinarum

886 1435 1061 1464 operarum,
1076 1430 1141 1454 tum
1160 1425 1402 1465 Upsaliensium,
1419 1429 1489 1454 nata
1503 1425 1600 1459 labes,

886 1478 954 1507 quae
971 1469 1087 1499 Latinae
1098 1469 1268 1499 Normanni
1284 1468 1532 1507 interpretationi
1547 1467 1601 1497 ad-

887 1512 986 1541 lnaesit.
1010 1512 1169 1542 Sententia
1180 1512 1246 1542 haec
1258 1516 1320 1541 est:
1332 1512 1411 1541 hunc
1423 1511 1601 1541 AEscbinem

885 1555 1020 1594 legatum
1037 1556 1396 1585 creastis—secundum
1420 1557 1484 1584 haec
1507 1555 1603 1584 verba

887 1599 1081 1635 universalia,
1102 1598 1175 1634 εἷπε,
1191 1598 1374 1638 significavit
1397 1604 1509 1633 orator,
1527 1597 1602 1636 quid

887 1642 1047 1678 facturum,
1062 1643 1134 1682 quid
1160 1653 1230 1672 non.
1255 1646 1287 1671 et
1310 1641 1443 1681 primum
1467 1641 1604 1681 quidem,

887 1685 962 1725 qnid
991 1697 1050 1716 non
1082 1686 1243 1715 facturum.
1272 1695 1330 1714 non
1362 1695 1422 1723 quo
1454 1685 1604 1714 venderet

888 1730 966 1758 bona
990 1735 1094 1760 vestra
1116 1729 1258 1759 mercede
1276 1728 1435 1767 Philippo.
1458 1738 1518 1758 11011
1541 1737 1602 1767 quo

886 1772 1047 1803 videretur
1060 1773 1152 1803 vobis
1170 1772 1321 1812 Philippo
1337 1772 1442 1801 fidere.
1454 1772 1514 1809 jam
1530 1772 1603 1800 sub-

883 1816 964 1854 jicit,
987 1816 1063 1855 quid
1087 1817 1249 1845 facturum.
1293 1816 1355 1844 Sed
1380 1825 1440 1853 quo
1467 1815 1603 1853 reliquos

888 1859 1017 1897 legatos,
1029 1858 1242 1889 fraudulentiae
1255 1864 1285 1888 et
1297 1857 1483 1898 proditionis
1496 1868 1606 1897 snspe-

888 1906 968 1937 ctos,
984 1904 1173 1932 observaret.

932 1947 1007 1976 345.
1023 1948 1056 1976 5.
1074 1946 1235 1985 ωεπξακὼς
1250 1943 1364 1985 ἑαυτὲν]
1389 1944 1604 1982 Hermogenes

889 1998 920 2026 p.
938 1990 1013 2019 943.
1029 1989 1086 2018 1111.
1101 1988 1269 2017 dictionem
1287 1988 1441 2027 πεπξακὼς
1457 1986 1556 2017 ἑαυτὸν
1576 1987 1605 2016 111

890 2031 975 2061 duris
987 2037 1017 2060 et
1029 2032 1148 2070 asperis
1161 2037 1310 2060 numerat.
1328 2035 1376 2059 est
1393 2041 1502 2070 nempe
1513 2039 1607 2069 grave

889 2076 1047 2115 probrum.
1065 2074 1178 2113 repetit
1194 2074 1275 2103 idem
1293 2083 1324 2112 p.
1341 2076 1417 2105 291.

931 2135 976 2140 -—-
991 2121 1043 2147 11.
1074 2117 1198 2148 ἐσκόπει
1223 2116 1410 2157 Φιλοκςάτης]
1440 2117 1529 2146 locus
1556 2115 1606 2146 hic

889 2162 967 2191 bene
982 2161 1087 2197 habet,
1098 2160 1204 2201 planus
1222 2166 1251 2190 et
1268 2165 1391 2200 apertus
1408 2165 1464 2196 est,
1479 2159 1608 2191 Jurinus

889 2215 993 2235 veram
1007 2205 1074 2243 ejus
1088 2203 1163 2235 vidit
1177 2204 1372 2239 sententiam,
1383 2214 1451 2243 qnae
1463 2204 1530 2234 haec
1541 2207 1588 2232 est
1601 2213 1608 2232 ε

891 2248 1085 2284 Philocrates
1112 2247 1138 2277 si
1168 2248 1285 2278 dudum
1314 2247 1481 2277 meditatus
1511 2251 1608 2282 esset,

890 2302 1020 2331 quonam
1047 2296 1139 2331 pacto
1166 2292 1242 2321 banc
1272 2301 1393 2330 pacem,
1421 2292 1510 2329 cujus
1537 2290 1607 2330 ipse

891 2342 998 2365 auctor
1013 2335 1103 2365 vobis
1119 2339 1178 2370 est,
1199 2335 1366 2373 impediret
1390 2338 1482 2373 atque
1505 2334 1608 2372 repel-

890 2378 981 2414 leret,
998 2388 1056 2408 non
1074 2379 1198 2409 videtur
1215 2378 1289 2408 mihi
1305 2378 1394 2407 aliter
1411 2377 1502 2407 citius
1517 2382 1608 2416 atque

889 2421 1007 2452 certius
1025 2423 1082 2451 1100
1109 2421 1204 2452 fuisse
1227 2426 1460 2457 consecuturus,
1477 2431 1566 2459 quam
1584 2421 1610 2450 si

892 2475 944 2495 eas
960 2465 1110 2495 scriberet
1123 2465 1210 2504 pacis
1226 2464 1432 2500 conditiones,
1443 2474 1519 2504 quas
1533 2464 1611 2493 scri-

892 2508 965 2548 psit.
988 2513 1048 2538 tam
1073 2509 1153 2538 enim
1175 2508 1260 2538 dnrae
1281 2512 1353 2538 sunt
1375 2513 1467 2546 atque
1495 2507 1609 2546 iniquae

892 2552 1100 2588 conditiones,
1125 2556 1156 2581 et
1186 2551 1321 2590 denique
1351 2551 1534 2586 inhonestae,
1563 2551 1609 2580 11ae

892 2595 1086 2625 conditiones
1102 2596 1140 2625 ab
1156 2605 1192 2625 eo
1209 2595 1346 2634 scriptae,
1362 2599 1395 2624 ut
1411 2594 1496 2624 nullo
1516 2594 1609 2624 modo

893 2648 949 2668 vos
967 2639 1004 2668 ad
1021 2649 1072 2668 eas
1085 2638 1154 2668 sitis
1170 2637 1363 2668 descensuri.

935 2700 978 2704 —
993 2684 1045 2711 17.
1068 2682 1105 2723 τῇ
1120 2679 1294 2723 ωροτεςαίᾳ]
1320 2690 1414 2720 supra
1429 2680 1467 2722 τῇ
1482 2679 1611 2719 erpo-ri&

892 2725 1028 2755 dixerat.
1050 2729 1214 2764 utrumque
1236 2731 1320 2755 recte
1344 2723 1429 2754 fecit.
1455 2725 1468 2754 ἦ
1490 2723 1610 2763 προτέρα

892 2767 1031 2799 ἐκκλησία
1055 2773 1086 2798 et
1109 2769 1123 2799 ἧ
1147 2767 1254 2809 ὑστέρα
1269 2772 1339 2798 sunt
1355 2767 1463 2797 concio
1479 2767 1565 2806 prior
1581 2772 1611 2795 et

893 2812 1064 2851 posterior;
1087 2821 1163 2851 quas
1174 2812 1250 2842 duas
1261 2811 1427 2842 conciones
1438 2810 1612 2848 complures

892 2855 960 2885 dies
983 2860 1152 2894 potuerunt
1164 2855 1368 2885 intercedere.
1387 2863 1491 2884 verum
1509 2853 1522 2882 ἦ
1539 2864 1612 2892 ωρο-

892 2897 990 2938 τεςαία
1006 2897 1098 2939 ἡμέρα
1119 2899 1265 2937 proxime
1282 2897 1433 2937 contingit
1451 2902 1481 2925 et
1494 2905 1612 2934 praece·

892 2942 940 2971 dit
962 2943 1012 2972 τὴν
1034 2941 1185 2982 ὑστεραίαν
1208 2941 1325 2982 ἡμέραν,
1348 2945 1381 2970 ut.
1406 2939 1508 2969 nullus
1533 2939 1611 2970 alius

892 2984 960 3014 dies
975 2984 1158 3016 intercedat.

936 3029 1013 3060 346.
1031 3031 1081 3059 10.
1104 3027 1174 3058 ἀλλ’
1188 3026 1282 3059 ἐπειδὴ
1297 3027 1385 3057 πάλιν
1399 3025 1457 3066 —]
1482 3027 1613 3056 Hermo-

894 3081 915 3100 N
