1931 3322
633 199 1123 243 ANNOTATIONES.

141 309 280 350 ἀλώπηξ.
294 308 363 340 ἀλλ’
375 308 466 350 ἐχῗνος
483 307 508 339 ἓν
520 307 614 348 μέγα.
658 310 758 339 Recte
779 309 858 339 enim

146 355 317 385 Pindarus:
340 352 423 382 ἄλλοι
448 350 503 382 ἐπ’
529 351 628 386 ἄλλοις
646 353 771 392 μεγάλοι
801 351 860 381 τόδ’

145 396 273 438 ἔσχατον
292 396 472 436 κορυφοῧνται
494 393 668 426 enarmonia.
712 398 753 426 Et
775 396 857 435 apud

145 440 306 479 AEsopnm,
328 438 394 468 cani
416 439 455 468 de
485 439 682 469 foecunditate
705 439 858 479 glorianti,

143 483 240 513 leaena
260 492 292 512 se
310 492 402 512 unum
412 482 513 521 inquit
524 493 644 522 parere,
657 484 710 512 sed
727 483 856 512 leonem.

185 543 230 548 —
243 525 319 555 ibid.
332 527 386 556 τῶν
398 524 540 555 Φιλίππου
553 525 757 566 πραγμάτων]
772 525 856 562 Qua-

141 568 168 598 si
191 568 293 598 dicat:
315 570 398 608 quod
421 570 458 599 ad
482 574 593 599 caetera
615 569 735 605 attinet,
753 573 855 608 perte·

141 621 216 642 nues
228 616 304 641 sunt
318 613 384 651 ejus
400 622 486 650 opes.

184 654 318 685 —ibid.
341 654 390 683 καὶ
414 653 584 694 βέλτιστον]
614 654 742 685 Scilicet
764 654 855 691 ἐστὶν,

138 698 227 728 etiam
249 698 389 736 optimum
411 704 453 728 est
473 698 562 728 nobis.
584 699 669 728 τοῦτο
694 698 743 728 καὶ
772 699 854 728 idem

138 744 199 770 est.
243 741 328 769 Nota
340 740 389 769 καὶ
404 751 487 781 saepe
503 741 688 779 redundare,
701 752 784 782 saepe
798 752 855 782 per

137 785 227 813 etiam
238 787 291 813 aut
304 784 349 813 vel
361 783 633 823 interpretandum.

182 828 266 856 —7.
281 825 314 855 τὸ
328 824 383 866 μὲν
395 827 466 868 γὰρ]
484 827 603 858 Prioris
616 827 713 868 partis
728 828 849 859 αἰτιολο-

137 867 200 908 γία,
215 868 433 900 distributione
450 870 517 900 sive
538 871 765 902 enumeratione
781 882 853 902 con.-

138 917 233 942 stans.
278 913 359 942 Nam
374 923 467 951 quum
486 913 613 944 duarum
635 915 766 952 partium
783 926 854 952 pro-

137 955 257 994 positio
275 955 326 991 sit,
338 956 458 995 duplici
474 956 566 985 etiam
585 956 713 990 ratione,
729 965 783 985 seu
801 967 856 994 po-

139 998 202 1028 tius
217 999 412 1038 expositione
430 999 614 1029 declaratur.
647 998 853 1028 Monarchiani

138 1042 220 1072 enim
234 1042 326 1072 bellis
337 1042 480 1081 gerendis
490 1046 692 1081 opportunam
705 1052 785 1078 esse,
799 1052 855 1081 pro

136 1086 282 1116 confesso
299 1085 404 1114 sumit.

179 1145 223 1152 --
237 1129 314 1159 ibid.
337 1126 444 1164 ἐκεῖνον,
463 1125 511 1158 ἕνα
525 1125 606 1167 ὄντα]
634 1127 734 1164 illum,
749 1129 800 1168 qui
814 1134 855 1158 est

137 1181 232 1202 unus.-
247 1182 313 1202 eum
327 1182 434 1207 unum,
447 1171 522 1211 quod
536 1171 561 1200 is
574 1180 662 1201 unus.
695 1171 855 1202 Sententia

136 1219 205 1245 est:
228 1215 326 1246 Unius
340 1214 500 1255 imperium
512 1214 551 1243 ad
567 1223 617 1243 res
634 1215 783 1253 gerendas
798 1226 852 1256 op-

136 1263 312 1298 portunum,
335 1257 444 1287 liberis
470 1256 652 1287 civitatibus
675 1263 852 1297 suspectum

135 1311 218 1332 esse.
264 1301 352 1332 Plato
367 1302 546 1331 Theaeteto:
569 1299 715 1330 Μέλισσον
733 1300 789 1341 μὲν
811 1299 853 1332 οὖν

135 1343 185 1379 καὶ
199 1345 265 1379 τοὺς
279 1344 396 1380 ἄλλους,
411 1343 438 1375 οἳ
450 1343 476 1374 ἓν
492 1343 585 1378 ἑστὼς
599 1342 716 1382 λέγουσι
733 1344 768 1374 τὸ
783 1347 851 1382 πᾶν,

134 1387 337 1429 αἲσχυνόμενος
355 1390 398 1428 μῆ
415 1389 552 1428 φορτικῶς
562 1386 853 1428 σκώπτωμεν,ἷττον

134 1431 327 1473 αἰσχύνομαι,
340 1430 355 1462 ἢ
372 1430 418 1461 ἕνα
431 1430 496 1461 ὅντα,
511 1431 691 1472 Παρμενίδην.

179 1492 223 1498 -·
237 1485 309 1515 pen.
334 1475 384 1505 καὶ
407 1474 509 1516 ῥητῶν]
534 1474 605 1515 ῥητοὶ
626 1474 674 1504 καὶ
696 1473 852 1515 ἇπόῥρητα,

136 1523 207 1548 sunt
220 1519 346 1549 dicenda
367 1523 395 1550 et
413 1519 549 1554 tacenda,
564 1523 667 1557 aperta
682 1523 710 1548 et
727 1528 852 1549 arcana.

136 1563 247 1601 Neque
258 1562 539 1603 reprehendendum
550 1565 673 1601 putem:
688 1562 713 1591 si
724 1561 854 1603 quissas

133 1611 163 1635 et
184 1604 395 1648 nefas‚fa71da
416 1611 443 1636 et
455 1604 599 1647 nefanda,
623 1605 851 1645 interpretetur.

136 1648 219 1685 Quia
234 1649 362 1680 honesta
377 1649 508 1689 vulgari,
524 1649 676 1688 flagitiosa
690 1648 784 1679 celari
803 1659 853 1679 so-

135 1691 212 1722 lent.

176 1752 220 1757 —
230 1735 308 1765 ibid.
320 1735 370 1766 καῖ
379 1734 552 1777 ἂποῤῥῖιτων]
565 1734 700 1765 Facilius
713 1738 853 1766 tacentur

134 1781 166 1808 et
181 1778 276 1808 latent
299 1789 335 1809 ea
356 1788 424 1818 quae
449 1789 528 1809 unns
548 1779 647 1814 novit,
672 1790 761 1818 quam
784 1789 852 1818 qnae

133 1822 252 1861 plures.
295 1823 411 1860 Quanti
422 1827 524 1851 autem
538 1821 672 1860 intersit,
685 1823 852 1861 imperato-

135 1874 202 1893 rum
216 1863 350 1902 ignorari
366 1864 508 1898 consilia,
524 1863 693 1894 declaravit
709 1865 852 1895 Caecilius

138 1907 295 1943 Metellus,
327 1917 401 1936 cnm·
430 1907 562 1941 diceret,
593 1907 633 1935 Se
656 1907 792 1936 tunicam
822 1908 853 1936 in

136 1948 239 1988 ignem
267 1951 489 1988 conjecturum,
513 1949 539 1979 si
562 1948 655 1978 sciret
675 1959 852 1980 arcanorum

137 2002 207 2023 esse
223 1993 389 2022 consciam.

179 2053 224 2059 —
238 2035 315 2066 ibid.
337 2034 498 2075 στρατηγὸν
518 2034 568 2064 καὶ
587 2033 740 2074 δεσπότην]
758 2035 855 2065 Athe-

136 2077 289 2108 niensium
316 2079 412 2108 duces
436 2088 498 2108 non
518 2081 605 2108 erant
631 2076 779 2107 δεο-,ωόται
805 2077 855 2106 καὶ

135 2121 349 2163 αὐτοκράτορες,
363 2132 424 2152 non
439 2121 553 2151 licebat
568 2120 614 2150 eis
636 2131 690 2150 suo
707 2122 854 2151 arbitratu

134 2165 261 2204 quidvis
291 2175 395 2205 agere,
417 2169 452 2195 ut
473 2163 696 2194 dictatoribus:
721 2164 776 2194 sed
791 2174 854 2194 me-

135 2211 222 2239 tuere
238 2208 312 2238 iram
327 2207 436 2248 populi
457 2208 656 2246 cogebantur,
677 2207 729 2247 qui
746 2207 852 2238 decern

135 2251 300 2291 aliquando
312 2252 421 2287 duces,
434 2255 469 2281 ut
480 2255 512 2281 et
527 2254 596 2280 ante
611 2250 684 2280 illos
700 2250 800 2280 virum
814 2251 853 2281 de

135 2294 296 2334 republica
321 2295 469 2335 praeclare
502 2294 644 2323 meritum
679 2293 852 2324 Miltiadem

136 2338 275 2369 Cimonis
289 2343 420 2378 patrem,
430 2338 602 2376 refragante
615 2337 755 2373 Socrate,
771 2338 855 2378 capi-

136 2381 177 2411 tis
193 2381 417 2412 condemnavit.
459 2381 510 2411 Sic
524 2381 624 2417 fiebat,
637 2386 673 2411 ut
687 2381 853 2420 aliquando

135 2425 284 2462 facerent,
299 2435 358 2455 uon
382 2435 450 2464 quae
473 2434 542 2455 esse
567 2424 694 2463 optima,
710 2425 764 2454 sed
784 2435 852 2464 qnae

135 2467 280 2498 facillime
295 2468 420 2509 probari
432 2478 524 2507 posse
540 2467 656 2507 populo
669 2468 846 2498 eredebant.

180 2529 226 2537 —-
244 2512 300 2542 ult.
333 2510 462 2551 ταμίαν]
490 2516 668 2551 quaestorem‚
700 2511 753 2550 qui
782 2511 853 2551 ipse

136 2554 241 2586 claves
263 2555 355 2585 habet
367 2554 480 2591 aerarii,
492 2564 547 2584 nec
569 2560 751 2594 exspectare
767 2555 853 2594 cogi-

136 2603 197 2635 tur,
215 2598 288 2628 dum
303 2598 420 2628 tributa
435 2601 687 2637 extorqueantur,
709 2602 743 2627 ut
757 2598 854 2628 vestri

136 2641 244 2672 duces.
263 2641 328 2678 vel,
347 2640 457 2682 ταμίαν
480 2641 614 2681 appellat
636 2642 855 2672 administrato-

136 2693 208 2720 rem,
217 2695 286 2715 eum
298 2684 351 2724 qui
360 2684 495 2724 negotiis
503 2688 626 2725 praeest,
637 2690 670 2715 ut
680 2685 853 2715 Homerus:

181 2745 250 2779 Ζεὺς
263 2743 328 2774 ὅστ’
343 2744 499 2786 ἀνθρώποις
513 2744 622 2785 ταμίης
645 2743 788 2785 πολέμοιο
806 2744 855 2775 τέ-

307 2798 427 2819 τυκται.

178 2836 298 2877 Jupiter
307 2844 335 2870 et
346 2839 413 2869 belli
422 2844 450 2870 et
460 2840 543 2879 pacis
555 2839 729 2870 mortalibus
739 2846 855 2871 auctor.

136 2896 239 2934 Quam
254 2899 436 2935 sententiam
451 2899 509 2930 etsi
520 2900 703 2931 Plutarchus
714 2911 768 2931 suo
781 2911 855 2940 quo-

138 2940 208 2970 dam
237 2941 364 2972 consilio
391 2943 608 2983 reprehendit:
639 2948 741 2975 tamen
764 2949 856 2984 poeta

138 2983 482 3023 sapientissimus,bellu
497 2998 556 3017 non
571 2986 725 3018 exsistere
737 2993 855 3018 tantum

137 3025 266 3057 consilio
289 3028 434 3066 numinis.
455 3030 627 3062 mortalium
655 3032 772 3063 scelera
796 3042 854 3071 pu—

182 3078 259 3100 vor..
283 3080 315 3101 v.

1520 200 1603 243 329

893 307 1015 342 utentis,
1032 308 1086 336 sed
1108 317 1212 337 eorum
1229 311 1358 338 eventus
1372 305 1460 337 etiam
1477 305 1542 345 regi
1559 306 1606 336 di-

894 350 1006 380 vinitus
1029 349 1193 389 significat.
1238 351 1290 380 Sic
1307 350 1471 390 Philippus
1487 349 1606 380 excita-

892 399 940 423 tus
958 397 1005 423 est
1020 393 1057 422 ad
1076 393 1229 432 punienda
1244 393 1371 433 flagitia,
1386 393 1556 424 socordiam
1575 397 1607 423 et

891 436 1093 475 arrogantiam
1108 438 1296 472 Graecorum,
1308 437 1381 466 acin
1394 437 1500 476 primis
1510 436 1606 466 Athe-

891 480 1054 514 niensium,
1071 479 1123 518 qui
1139 480 1262 509 oracula
1284 480 1430 514 Socratis,
1455 480 1609 515 Platonis,

890 524 1050 559 Isocratis,
1062 522 1289 556 Demostheni&
1301 528 1331 552 et
1341 522 1470 552 aliorum
1481 523 1604 563 (omnes

890 567 970 596 enim
987 566 1047 596 viri
1069 566 1225 605 sapientes
1238 563 1398 595 vaticinari
1414 566 1520 600 multa,
1544 576 1604 595 non

889 610 988 640 minus
1005 620 1095 649 quam
1116 610 1285 650 Delphicus
1303 608 1417 647 Apollo
1439 608 1604 647 quondam,

890 658 920 683 et
944 658 1073 692 possunt
1089 658 1119 683 et
1135 652 1250 692 solent)
1264 656 1523 690 contempserunt.
1548 662 1603 680 nec

888 697 971 726 aetati
993 702 1104 727 nostrae
1126 696 1270 736 exempla
1291 695 1414 725 desunt.
1456 695 1518 724 Sed
1539 694 1605 723 baec

887 739 941 779 ἔξω
956 742 1007 773 τῆς
1021 738 1194 774 ὑποθέσεως.

931 784 969 814 Ρ.
986 786 1037 814 12.
1054 786 1085 813 1.
1100 784 1182 825 ταχὺ
1198 781 1246 813 καὶ
1261 783 1338 812 κατὰ
1353 779 1457 822 καιρὸν]
1475 779 1542 809 Uno
1555 780 1606 818 ju-

887 827 990 863 bente,
1007 837 1112 857 omnes
1126 827 1156 857 in
1173 826 1272 860 officio
1294 829 1375 860 sunt,
1391 834 1450 854 non
1473 823 1606 853 interce-

886 871 964 900 dunt
989 871 1119 910 prolixae
1145 869 1389 910 disputationes:
1415 877 1474 897 non
1491 875 1608 905 exspe-

886 914 998 944 ctanda
1022 919 1070 944 est
1096 913 1237 948 aliorum,
1259 921 1426 951 eorumque
1447 921 1508 940 non
1535 919 1607 939 raro

887 957 1146 993 dissentientium,
1161 962 1192 987 et
1207 956 1354 987 malorum
1368 954 1483 985 civium
1500 957 1605 983 aucto-

886 998 974 1030 ritas.
1021 1000 1206 1031 Monarchiae
1236 999 1409 1034 commoda,
1437 999 1606 1028 Democra-

888 1041 940 1070 tiae
954 1044 1157 1080 incommoda,
1174 1043 1246 1074 vide
1262 1042 1419 1082 copiosius
1435 1041 1466 1070 in
1483 1042 1606 1071 Isocra-

889 1083 928 1113 tis
943 1085 1192 1126 συμβουλευτικᾷἱ,
1208 1091 1239 1117 et
1253 1086 1284 1116 in
1301 1085 1436 1116 oratione
1457 1084 1519 1122 περὶ
1535 1090 1606 1114 Στε-

887 1127 984 1165 φάνου,
995 1128 1048 1157 ubi
1064 1129 1288 1159 Demosthenes
1302 1131 1369 1158 acta
1379 1137 1434 1158 sna
1445 1130 1476 1156 et
1488 1126 1608 1165 copias,

888 1180 956 1199 cnm
973 1171 1049 1200 actis
1066 1176 1097 1201 et
1108 1172 1208 1211 copiis
1221 1171 1375 1211 Philippi,
1387 1170 1521 1210 eleganti
1533 1179 1605 1199 con-

887 1213 1022 1243 tentione
1036 1220 1203 1253 comparat.

928 1274 974 1280 —
987 1256 1067 1288 ibid.
1095 1257 1146 1288 καῖ
1173 1259 1253 1287 κατὰ
1276 1255 1377 1298 καιρὸν]
1409 1255 1448 1286 In
1470 1260 1608 1295 tempore,

887 1305 1014 1331 mature.
1059 1302 1140 1331 Nam
1167 1300 1310 1331 celeritas
1335 1301 1365 1329 in
1386 1299 1478 1330 bellis
1508 1299 1607 1340 pluri-

887 1353 968 1373 mum
986 1344 1080 1374 valet.
1097 1345 1180 1375 unde
1195 1344 1312 1375 Lucani
1327 1344 1452 1374 Caesar:

929 1403 1054 1434 “Tolle
1078 1414 1178 1434 moras
1203 1414 1325 1444 semper
1352 1402 1459 1433 nocuit
1483 1401 1608 1432 differre

1057 1447 1204 1487 paratis.”

887 1516 1112 1546 Demosthenes
1128 1521 1230 1546 autem
1247 1526 1330 1555 saepe
1344 1513 1494 1554 queritur,
1512 1512 1609 1543 Athe-

887 1559 1010 1589 nienses
1032 1559 1199 1600 apparandi
1216 1565 1336 1600 tempus
1352 1559 1382 1587 in
1403 1556 1608 1587 deliberando

887 1613 1077 1639 consumere,
1094 1608 1185 1643 atque
1199 1609 1299 1633 actum
1315 1611 1418 1641 agere.

930 1663 973 1669 —-
988 1650 1020 1678 2.
1043 1648 1144 1687 πολλῷ
1160 1645 1291 1688 προέχει]
1318 1645 1454 1675 ΒΙηΙΐιινη
1476 1642 1608 1673 excellit:

889 1689 969 1719 sicut
984 1690 1090 1720 dicunt
1104 1691 1199 1731 μικρῷ
1212 1689 1329 1729 μείζων,
1341 1688 1432 1728 paulo
1445 1688 1551 1726 major.
1571 1684 1617 1726 ''23‘

886 1734 1001 1775 κεφαλῇ’
1028 1734 1211 1774 μακεότεςος,
1242 1736 1336 1773 capite
1365 1732 1491 1770 longior,
1522 1733 1609 1765 1125ss

886 1775 1020 1818 Izupffs',
1045 1782 1123 1811 unet
1145 1776 1293 1811 umhueu
1315 1773 1416 1817 1³⁰t³ff
1433 1773 1573 1814 tanget.

930 1837 974 1843 -—
989 1821 1067 1852 ibid.
1084 1820 1150 1863 πςός
1161 1821 1189 1852 δὲ
1203 1821 1273 1862 τὰς]
1291 1819 1429 1850 Alterius
1445 1818 1543 1858 partis
1554 1816 1610 1846 de·

887 1864 1024 1894 claratio.
1466 1893 1467 1896 Ἴ

931 1925 974 1930 --
999 1908 1076 1937 ibid.
1107 1909 1164 1941 τὰς
1191 1905 1407 1945 καταλλαγὰς]
1435 1903 1610 1940 διαλλαγεὶς,

888 1951 970 1986 quod
982 1952 1081 1985 magis
1096 1955 1142 1980 est
1152 1951 1324 1988 proprium,
1341 1948 1396 1978 sed
1406 1946 1482 1977 illud
1499 1954 1611 1974 sonan-

889 1991 971 2019 tius:
995 1988 1043 2019 καί
1057 2001 1101 2019 τοι
1123 1989 1152 2018 οὗ
1173 1991 1213 2019 τὰ
1232 1986 1408 2028 νομίσματα
1421 1987 1513 2025 μόνον,
1528 1988 1615 2018 ἀλλὸ

888 2032 936 2060 καὶ
953 2033 982 2062 αἱ
998 2032 1091 2071 φιλίαι
1105 2031 1152 2062 καὶ
1168 2032 1197 2061 αἱ
1214 2031 1321 2073 ἕχὲξαι
1335 2032 1611 2061 καταλλάττονται.

887 2076 1163 2110 reconciliationem,
1175 2074 1423 2115 pacificationem.
1444 2075 1523 2104 Nam
1536 2074 1612 2103 Phi-

886 2118 1009 2158 lippum
1034 2119 1190 2159 Olynthiis
1207 2118 1350 2149 intulisse
1369 2117 1496 2153 bellum,
1517 2118 1613 2148 docet

887 2162 1043 2193 Libanius.

1041 2205 1052 2216 ss
1090 2204 1101 2215 Ἀ
1143 2204 1151 2213 5
1186 2205 1202 2213 Ν

886 2248 944 2289 ρίαν
965 2248 1044 2286 εῖναι,
1060 2249 1223 2279 confictum
1247 2248 1285 2278 ad
1303 2247 1464 2278 terrendos
1479 2247 1610 2278 Atheni-

887 2303 994 2323 enses:
1020 2293 1044 2323 si
1069 2293 1130 2332 ipsi
1148 2291 1314 2332 repudient
1332 2290 1508 2331 Olynthios,
1531 2301 1610 2330 prae-

887 2341 936 2366 sto
953 2336 997 2367 eis
1013 2337 1079 2367 fore
1098 2335 1290 2376 Philippum,
1307 2333 1541 2374 intercipiendae
1557 2344 1608 2364 so-

887 2379 1007 2410 cietatis
1024 2379 1181 2420 cupidum.

930 2441 973 2446 —-
987 2423 1064 2454 ibid.
1085 2422 1120 2458 ἃς
1136 2422 1169 2453 ἂν
1184 2439 1226 2445 -
1241 2420 1380 2462 ἄσμενος]
1406 2419 1553 2460 Cupidus,
1571 2419 1608 2450 li-

887 2465 966 2496 bens.-
991 2477 1099 2497 nomen
1112 2477 1152 2496 ex
1168 2464 1334 2504 participio
1346 2465 1470 2495 videtur
1484 2473 1502 2493 a
1513 2465 1607 2493 verbo

887 2509 956 2546 ἅδω,
971 2511 1082 2549 placeo,
1097 2509 1217 2540 venire.
1231 2509 1310 2539 unde
1321 2507 1453 2547 ἢσμένος,
1468 2510 1500 2537 et
1516 2506 1610 2546 spiri-

887 2557 921 2583 tu
943 2558 1132 2592 accentnqne
1155 2556 1284 2588 mutato,
1306 2551 1441 2591 ἄσμενος,
1464 2549 1610 2589 ἀσμένως,

887 2596 1105 2637 ἇσμενὲστερον,
1113 2594 1339 2635 ἀσμενέστατα,
1346 2593 1492 2635 ἀσμενίζω
1501 2593 1612 2630 ἐσθίων,

887 2640 951 2670 ἀντὶ
963 2642 1023 2675 τοῦ,
1039 2641 1160 2680 ἅσμενος
1175 2637 1268 2669 ἐσθίω.

931 2702 975 2707 --
998 2683 1073 2714 ibid.
1103 2682 1270 2723 ποιήσεται]
1300 2681 1477 2722 Philippica
1503 2679 1614 2714 tertia,

889 2726 1045 2761 Ὀλυνθίοις
1063 2725 1268 2768 τετταράκοντ’
1287 2724 1408 2767 ἀπέχων
1430 2726 1481 2757 τῆς
1501 2721 1616 2755 πόλεως

889 2771 997 2801 στάδια
1013 2770 1107 2807 εἶπεν,
1123 2769 1165 2800 ὅτι
1182 2770 1225 2800 δεῖ
1238 2770 1308 2800 δυοῖν
1322 2769 1452 2807 θάτερον,
1470 2766 1483 2797 ἢ
1499 2764 1613 2801 ἐκείνους

889 2812 915 2842 ἓν
941 2813 1061 2854 Ὀλύνθῳ
1083 2815 1126 2854 μῆ
1146 2814 1238 2850 οἰκεῖν,
1255 2812 1270 2843 ἢ
1291 2811 1376 2843 αὐτὸν
1397 2811 1423 2840 ἐν
1444 2807 1611 2847 Μακεδονίᾳ,

889 2857 1020 2888 Videtur
1034 2858 1130 2898 igitur
1141 2857 1191 2887 hic
1201 2856 1425 2887 Demosthenes
1437 2862 1496 2882 non
1514 2852 1609 2881 histo-

889 2900 944 2930 riae
960 2901 1096 2938 veritati,
1116 2902 1171 2932 sed
1192 2910 1293 2930 causae
1312 2897 1444 2929 servire:
1470 2895 1530 2924 nisi
1547 2895 1611 2924 sor-

890 2948 973 2975 tasse
997 2950 1069 2985 post
1094 2946 1172 2975 hanc
1193 2944 1362 2973 orationem
1389 2938 1532 2975 habitam,
1555 2939 1613 2968 de-

889 2998 971 3018 mum
999 2999 1034 3018 ea
1056 2988 1186 3024 dixerit,
1205 2996 1273 3017 cnm
1297 2984 1344 3015 illi
1365 2982 1519 3024 postulata
1541 2983 1611 3021 ejus

889 3032 1115 3071 repudiassent.

892 3077 911 3104 2
933 3085 954 3104 υ
