1931 3323
337 193 419 235 418

346 299 462 331 Fabius
487 311 525 330 ex
554 300 607 330 illo
631 300 814 330 rhetoricum
843 299 1052 339 syllogismum

346 349 447 379 vocat,
471 354 509 373 ex
533 343 577 373 his
601 343 654 372 lib.
678 344 720 373 ll.
737 343 920 373 Rlietorices
940 342 983 382 [c.
1002 345 1053 373 ⁶23.

347 386 373 426 ᾗ.
398 389 449 417 69.
472 387 522 416 ed.
554 385 732 426 Schrader.]
764 386 956 416 manifestum
990 391 1054 416 est:

347 427 396 459 οἷον
411 429 473 458 τόδε
489 428 521 458 τὸ
538 427 701 469 ἐνθύμημα,
713 429 734 458 εἰ
751 429 897 468 φεύγοντες
918 427 973 468 μὲν
993 441 1055 469 μα-

345 471 474 513 χόμεθα,
486 471 567 505 ὅπως
581 471 777 511 κατέλθωμεν,
792 471 975 505 κατελθόντες
990 480 1055 511 φευ-

348 514 486 555 ξούμεθα,
508 514 582 548 ὅπως
603 517 644 555 μὴ
667 515 866 556 μαχώμεθα;
896 515 970 545 nihil
999 516 1055 544 lioc

349 559 420 597 fingi
444 563 547 598 potest
572 558 742 598 δριμύτερον.
767 557 916 589 κατελθεῖν
939 562 987 587 est
1001 569 1056 587 ex-

350 602 463 637 sulum,
487 601 539 640 qui
563 601 592 630 iu
615 602 740 641 patriam
766 602 905 631 redeunt.
929 600 1057 636 κάθοδος,

350 645 474 674 reditus.
518 645 628 684 Neque
652 646 701 674 hic
728 644 928 683 philosophus
954 644 1056 673 hocin

348 688 513 728 praeceptis
536 688 626 717 modo
642 689 771 721 notavit,
799 689 852 716 sed
869 688 937 726 ipse
953 687 1056 723 etiam,

349 736 385 761 ut
415 736 464 761 est
487 732 616 761 omnium
653 730 871 770 elegantiarum
901 730 1057 769 magister,

351 775 532 804 concinnum
556 779 587 802 et
602 773 763 802 rotundum
780 774 972 813 enthymema
987 783 1058 802 con-

351 817 434 853 feeit,
467 818 594 856 loquens
617 816 656 845 de
686 816 737 850 iis,
767 815 818 854 qui
842 816 941 854 pretio
963 815 1059 853 magi-

350 864 479 890 stratum
502 866 604 889 emunt
626 858 737 898 [polit.
760 860 806 888 11.
829 870 897 899 cap.
923 859 984 900 X.]
1009 857 1061 888 ἐθί-

352 903 457 942 ζεσθαι
482 902 509 932 δὲ
533 901 640 940 εὔλογον
655 900 796 942 κερδαίνειν
811 905 875 936 τοὶς
890 901 1060 942 ὠνουμένους,

351 945 419 975 δ’ταν
449 945 661 980 δαπανήσαντες
691 945 826 987 ἄρχωσιν.
857 946 967 976 ἄτοπον
996 947 1061 985 γὰρ,

351 989 373 1017 εἰ
398 988 478 1021 πένης
500 988 564 1027 μὲν,
595 987 716 1022 ἐπιεικὴς
738 988 776 1024 δὲ,
808 988 979 1021 Βοιλήσεται
1002 999 1062 1028 κερ-

351 1031 455 1067 δαίνειν,
478 1031 648 1072 φαυλότερος
677 1030 700 1061 δ’
725 1030 758 1061 ὢν
781 1032 809 1062 οὐ
832 1030 1000 1062 ἕουλήσεται
1016 1032 1062 1060 δα-

351 1074 498 1108 πανήσας.
522 1075 570 1104 hic
592 1075 720 1114 primum
738 1080 785 1104 est
803 1073 985 1117 ἐπιχείρημα
1007 1074 1063 1104 ἀπὸ

351 1120 406 1146 τῶν
430 1116 563 1149 ἐναντίων.
587 1117 620 1148 τὸ
649 1121 702 1158 γὰρ
725 1117 866 1158 κερδαίνειν
887 1119 935 1148 καὶ
958 1118 991 1149 τὸ
1013 1118 1062 1147 δα-

353 1161 443 1200 πανξῐν
465 1160 579 1191 ἐναντία.
626 1162 745 1192 Deinde
761 1160 912 1202 ἐνθύμημα
926 1163 972 1192 καὶ
990 1160 1063 1202 ἐξερ-

353 1203 455 1241 γασία.
501 1206 541 1234 Et
558 1205 616 1234 hoc
633 1216 718 1236 suum
731 1204 888 1235 inventum
903 1216 970 1235 esse
982 1206 1063 1235 Her—

353 1256 499 1285 mogenes
537 1248 646 1278 merito
684 1248 843 1287 gloriatur.
874 1250 950 1279 hanc
983 1249 1061 1278 enim

352 1289 532 1331 τεχνολογίαν
555 1296 624 1322 ante
646 1303 714 1321 eum
738 1303 826 1322 nemo
842 1292 933 1329 vidit,
957 1303 994 1321 ne
1010 1292 1064 1321 Ci-

353 1343 424 1362 cero
452 1335 585 1372 quidem.
633 1336 745 1366 Fabius
773 1340 855 1365 certe
885 1338 924 1366 τὰ
947 1333 1064 1375 ἐνθυμή-

352 1388 442 1414 ματα
466 1378 545 1408 inter
568 1378 678 1417 figuras
696 1384 726 1408 et
751 1384 925 1408 ornamenta
939 1378 1065 1408 dicendi

356 1420 478 1449 retulit:
503 1426 533 1450 et
557 1431 629 1450 sane
648 1422 761 1452 nullum
787 1426 834 1451 est
857 1426 1065 1452 ornamentum

355 1463 502 1493 orationis
525 1464 685 1503 insignius‘.
730 1466 792 1494 Sed
820 1466 879 1495 hoc
908 1466 1066 1495 sciendum

354 1511 414 1542 est,
428 1517 486 1535 non
504 1508 602 1537 omnia
623 1509 848 1547 enthymemata
863 1519 931 1538 esse
954 1507 1067 1548 ἐπεξερ-

354 1548 458 1586 γασίας
479 1553 534 1581 τῶν
565 1549 809 1591 ἐπιχειρημάτων,
843 1553 898 1581 sed
929 1553 1066 1591 quaedam

353 1593 493 1622 absoluta
509 1599 591 1630 sunt,
616 1600 648 1624 ut
670 1595 713 1624 ita
735 1595 849 1631 dicam,
872 1605 940 1634 quae
963 1606 1018 1634 per
1035 1605 1067 1624 se

356 1640 509 1672 constant,
533 1637 581 1678 [p.
598 1640 670 1668 194.
698 1638 746 1668 ed.
774 1638 828 1678 D.]
853 1649 951 1677 neque
977 1638 1068 1668 ullam

355 1679 468 1709 habent
496 1681 533 1709 ad
560 1681 773 1710 antecedentia
796 1682 990 1712 relationem:
1015 1692 1068 1710 cu-

351 1723 488 1759 jusmodi
514 1728 584 1752 sunt
606 1723 660 1753 illa
688 1725 829 1763 exempla
851 1725 1011 1754 Ciceronis
1035 1725 1066 1753 in

356 1764 483 1803 Topicis
508 1765 554 1805 [c.
571 1768 622 1796 13.
641 1768 738 1807 extr.]
763 1771 784 1784 ‘¹
803 1767 896 1796 Hunc
912 1773 1067 1797 metuere:

356 1807 485 1837 alterum
498 1808 528 1837 in
542 1813 623 1838 metu
642 1820 700 1838 non
716 1820 840 1848 ponere.
888 1811 961 1838 Eam
979 1819 1068 1848 quam

356 1850 432 1879 nihil
454 1861 594 1886 accusas,
619 1852 762 1880 damnas:
795 1853 871 1881 bene
892 1861 981 1890 quam
1007 1863 1069 1880 me-

356 1894 446 1923 ritam
468 1904 538 1924 esse
563 1899 712 1930 autumas,
737 1894 815 1924 dicis
839 1894 917 1924 male
940 1894 1069 1923 mereri:

358 1936 416 1966 hoc
444 1939 526 1976 quod
559 1937 634 1973 scis,
657 1937 785 1977 prodest.
810 1937 900 1967 nihil:
933 1937 964 1966 id
989 1937 1070 1976 quod

359 1980 474 2016 nescis,
496 1980 617 2011 obest.’'
640 1987 671 2011 et
700 1981 764 2011 haec
789 1981 887 2016 Pauli,
915 1990 995 2020 quae,
1019 1980 1071 2019 qui

360 2024 408 2052 vir
426 2024 473 2052 his
490 2035 610 2063 quoque
627 2024 657 2053 in
673 2024 771 2054 literis
790 2024 883 2054 suerit
899 2024 1071 2063 apostolus,

359 2066 516 2097 declarant
540 2067 649 2106 [Rom.
672 2068 730 2097 vl.
756 2068 803 2108 2]
829 2066 924 2101 οἵτινες
954 2066 1071 2096 ἀπεθά-

358 2120 439 2148 νομεν
460 2110 499 2152 τῇ
513 2109 657 2150 ἁμαρτίᾳ,
681 2113 742 2144 πῶς
763 2109 807 2141 ἔτι
831 2109 952 2149 ζήσομεν
974 2108 1000 2140 ἓν
1022 2110 1071 2140 αὐ-

360 2153 414 2193 τῇ;
439 2158 469 2182 et
493 2154 578 2194 [Gal.
595 2154 636 2183 ll.
655 2154 723 2194 14.]
750 2154 771 2183 εἰ
786 2155 822 2184 σὺ
839 2153 966 2186 Ἰουδαῖος
982 2153 1072 2192 ὑπάρ-

360 2207 431 2236 χων,
454 2195 562 2230 ἐθνικῶς
584 2196 635 2237 ζῇς
655 2196 703 2226 καὶ
728 2196 775 2226 οὐκ
791 2197 942 2232 ἷουδαϊκῶς,
958 2199 1018 2231 πῶς
1033 2198 1074 2226 τὰ

361 2238 426 2268 ἔθνη
460 2239 628 2279 ἀναγκάζεις
660 2239 811 2280 ἰουδαΐζεινς
844 2240 905 2269 Sed
942 2239 1073 2278 agedum

359 2283 456 2323 (hunc
477 2284 557 2312 enim
572 2284 673 2312 locum
698 2283 854 2322 perpolire
878 2283 916 2312 ad
941 2293 1073 2320 unguem

361 2325 543 2365 statuimus)
567 2326 623 2355 hoc
652 2336 750 2363 genus
781 2326 891 2356 Cicero
913 2326 990 2356 dicit
1013 2331 1072 2354 ter-

360 2367 437 2398 tium
463 2379 531 2398 esse
548 2369 778 2398 dialecticorum
792 2369 994 2399 concludendi
1010 2379 1074 2397 mo-

362 2411 436 2441 dum
460 2412 625 2441 secundum
651 2412 782 2442 Stoicos.
799 2413 841 2442 ait
857 2414 936 2442 enim
961 2413 1003 2453 [c.
1024 2414 1076 2442 13.

362 2455 388 2494 ᾗ.
421 2455 490 2495 54]
521 2459 542 2473 ‘⁸
560 2455 635 2484 Cum
661 2459 762 2485 autem
784 2455 888 2497 aliqua
912 2457 1076 2494 conjuncta

361 2498 535 2536 negaveris,
558 2503 589 2527 et
613 2499 659 2529 his
674 2499 735 2529 alia
750 2499 874 2538 negatio
898 2509 1005 2529 rursus
1021 2499 1083 2539 ati-4

358 2541 515 2579 jungatur,
547 2546 577 2571 et
601 2552 639 2571 ex
663 2542 711 2571 his
736 2543 867 2583 primum
893 2540 1085 2582 sumpseris,

363 2588 397 2612 ut
431 2584 512 2621 qued
544 2584 738 2623 relinquitur,
768 2586 935 2616 tollendum
959 2586 1020 2615 sit:
1049 2585 1076 2615 is

362 2627 471 2656 tertius
502 2627 675 2665 appellatur
715 2629 923 2659 conclusionis
953 2629 1075 2659 modus.

361 2669 414 2699 Ex
431 2670 487 2698 hoc
510 2670 564 2699 illa
585 2671 738 2700 rhetorum
755 2676 824 2701 sunt
848 2683 887 2701 ex
913 2673 1074 2703 contrariis

362 2712 520 2747 conclusa.
544 2722 612 2751 quae
635 2713 680 2743 illi
713 2715 938 2755 enthymemata
969 2717 1075 2755 appel-

361 2754 458 2785 lant.⁷'
503 2756 583 2786 Haec
605 2757 792 2795 perobscura
822 2763 908 2788 sunt:
944 2760 995 2788 sed
1021 2770 1075 2799 ap·

363 2798 516 2838 positione
553 2800 766 2839 exemplorum
795 2801 868 2831 fient
899 2801 1075 2832 illustriora.

363 2843 496 2871 Utemur
517 2846 617 2872 autem
641 2843 772 2882 primum
796 2843 892 2882 ipsius
916 2845 1074 2876 Ciceronis

364 2885 527 2924 exemplis.
572 2889 595 2904 “
612 2886 689 2916 Cum
712 2886 814 2925 aliqua
837 2887 998 2928 conjuncta
1020 2900 1074 2919 ne-

363 2927 520 2965 gaveris,''
552 2933 595 2964 ut,
618 2930 710 2960 Hunc
739 2929 861 2966 metuis,
893 2930 1020 2960 alterum
1044 2933 1074 2962 in

363 2975 448 3000 metu
470 2981 527 3001 non
551 2972 652 3011 ponis.
686 2976 750 3002 “et
782 2973 829 3003 his
860 2973 921 3003 alia
952 2976 1073 3013 negatio

362 3023 469 3044 rursus
485 3015 698 3055 adjungatur,''
723 3020 767 3053 ut,
783 3017 853 3047 Non
870 3022 901 3046 et
916 3017 993 3047 hunc
1011 3028 1073 3048 me-

687 191 940 235 DOUNAEI
975 192 1451 235 PRAELECTIONES

1088 301 1162 337 tuis,
1177 304 1208 330 et
1224 301 1352 331 alterum
1379 301 1410 331 in
1438 303 1521 331 metu
1538 310 1596 331 uon
1611 299 1710 341 ponis.
1723 302 1745 319 “
1762 302 1796 332 σθ

1089 354 1127 373 ex
1147 343 1194 373 his
1211 343 1342 383 primum
1359 343 1559 383 sumpseris?
1582 345 1623 374 At
1636 345 1718 375 huuc
1730 353 1795 374 me-

1089 387 1160 416 tuis.
1193 390 1216 403 “
1234 391 1267 416 ut
1294 387 1377 426 quod
1405 387 1596 427 relinquitur,
1627 386 1796 417 tollendum

1090 430 1129 459 sit
1141 428 1169 459 ;''
1183 430 1265 469 Ergo
1282 435 1312 459 et
1327 430 1455 460 alterum
1472 429 1502 459 iu
1518 434 1600 460 metu
1615 429 1717 469 ponis.
1738 438 1797 468 per

1089 473 1316 502 affirmationem
1331 472 1411 503 enim
1426 474 1549 512 negatio
1562 472 1690 503 tollitur.
1725 472 1798 501 Nou

1090 516 1122 546 id
1151 516 1233 556 quod
1265 516 1339 552 scis,
1363 517 1501 555 prodest,
1527 520 1558 546 et
1580 516 1662 555 quod
1684 514 1800 550 nescis,

1090 570 1149 590 non
1179 561 1277 589 obest.
1301 564 1332 589 at
1357 559 1439 598 quod
1472 558 1533 589 scis
1563 559 1701 599 prodest.
1724 567 1800 596 ergo

1090 603 1171 642 quod
1202 604 1315 638 nescis,
1339 603 1429 632 simul
1459 604 1557 632 obest.
1581 602 1631 632 vel
1650 601 1705 637 sic,
1726 601 1800 630 Nou

1091 647 1173 685 quod
1198 650 1229 677 et
1255 645 1355 676 nescis
1370 647 1470 681 obest,
1486 650 1517 676 et
1541 645 1622 685 quod
1643 643 1702 674 scis
1724 642 1802 672 nihil

1091 690 1231 728 prodest.
1253 694 1283 719 at
1298 690 1385 719 obest
1401 690 1481 729 quod
1497 689 1609 719 nescis.
1630 697 1703 726 ergo
1717 685 1802 725 quod

1093 733 1155 762 scis
1176 734 1275 771 juvat.
1299 737 1404 763 contra
1420 733 1625 772 Sophocleum
1651 729 1728 759 illud
1753 727 1802 768 [in

1094 776 1202 814 Ajace,
1224 786 1269 805 vs.
1295 775 1384 816 554]
1408 775 1442 805 τὸ
1463 774 1552 816 μηδὲν
1571 772 1669 816 φρονεῖν
1689 771 1805 805 ἥδιστος

1094 816 1159 852 ἔίος.
1183 818 1229 859 [p.
1247 820 1320 849 195.
1337 819 1385 848 ed.
1409 819 1468 859 D.]
1492 819 1567 848 'Pale
1584 822 1630 847 cst
1646 815 1723 846 illud
1737 815 1801 844 De-

1093 861 1262 891 mosthenis
1287 860 1358 901 [pro
1382 862 1513 897 Corona,
1534 871 1563 899 p.
1581 858 1671 898 ⁶229]
1699 858 1728 888 οὐ
1750 859 1805 897 γὰρ

1095 905 1181 935 δήπου
1210 906 1400 945 Κτησιφῶντα
1431 903 1486 943 μὲν
1516 903 1630 933 δύναται
1652 902 1755 931 διώκειν
1775 898 1813 929 δι’

1095 947 1161 987 ἐμὲ,
1185 947 1239 988 ἐμὲ
1261 948 1296 984 δ’,
1320 947 1395 986 εἴπερ
1417 945 1580 987 ἐξελέγχειν
1613 943 1732 984 ἐνόμιζεν
1753 943 1805 973 αὖ·

1096 991 1154 1033 τδν,
1176 991 1225 1021 οὐκ
1247 991 1279 1021 ἂν
1298 989 1457 1029 ἐγράψατο.
1479 990 1578 1028 primo
1599 988 1658 1018 suit
1672 998 1711 1017 ex
1733 997 1806 1016 con-

1097 1034 1199 1064 trariis
1224 1034 1424 1072 enthymema,
1445 1034 1635 1072 Κτησιφῶντα
1664 1030 1721 1070 μὲν
1742 1030 1808 1059 διώ-

1097 1088 1138 1107 κει
1161 1076 1196 1107 δι’
1220 1076 1286 1117 ἐμὲ,
1307 1075 1363 1116 ἐμὲ
1385 1075 1408 1106 δ’
1429 1074 1512 1106 αὔτόν
1533 1075 1581 1106 οὐκ
1595 1072 1752 1114 ἐγράψατο.
1773 1071 1809 1102 τὸ

1096 1123 1150 1160 γὰρ
1174 1120 1275 1151 διώκειν
1297 1119 1347 1149 καὶ
1370 1117 1404 1149 ‘rb
1423 1118 1592 1160 γράφεσθαι
1615 1121 1687 1148 sunt
1708 1117 1804 1151 idem,

1097 1174 1234 1194 accusare
1261 1168 1288 1193 et
1309 1165 1450 1203 persequi.
1484 1172 1577 1201 quare
1599 1159 1632 1191 τό
1653 1160 1702 1190 οὒκ
1723 1158 1807 1199 ἐγρά-

1097 1206 1190 1247 ψατο,
1211 1205 1376 1246 άντίφρασις
1391 1210 1438 1236 est
1453 1207 1502 1235 τοῦ
1524 1205 1626 1235 διώκει.
1649 1207 1733 1234 erant
1748 1202 1808 1242 igi-

1098 1256 1147 1280 tur
1170 1250 1370 1289 repugnantia
1393 1254 1424 1280 et
1438 1260 1496 1279 non
1520 1251 1734 1282 consentanea,
1755 1256 1808 1275 ne-

1099 1304 1158 1333 que
1173 1294 1311 1332 ejusdem
1336 1292 1478 1329 hominis,
1504 1302 1570 1331 quae
1595 1290 1667 1321 fecit
1682 1288 1808 1320 AEschi-

1100 1347 1164 1366 nes.
1209 1337 1263 1366 Sic
1278 1341 1378 1366 autem
1393 1337 1451 1366 hoc
1474 1336 1667 1375 enthymema
1686 1333 1719 1362 fit
1743 1332 1808 1372 syl-

1099 1380 1248 1419 logismus
1283 1380 1375 1410 tertio
1408 1378 1614 1409 concludendi
1649 1375 1752 1406 modo.
1776 1378 1811 1404 ut

1102 1424 1211 1453 Cicero
1228 1423 1343 1452 docuit.
1365 1433 1425 1453 non
1450 1422 1680 1461 Ctesiphontem
1707 1421 1810 1458 potest

1101 1466 1244 1506 persequi
1259 1471 1385 1506 propter
1399 1476 1463 1496 me:
1487 1475 1536 1495 me
1551 1465 1652 1504 ipsum
1666 1466 1767 1492 autem
1782 1460 1811 1491 si

1102 1509 1286 1540 convincere
1307 1521 1340 1540 se
1358 1519 1451 1550 posse
1474 1512 1622 1548 speraret,
1645 1516 1704 1536 non
1719 1514 1810 1536 accu-

1103 1558 1213 1583 sasset.
1236 1557 1268 1583 at
1291 1553 1524 1592 Ctesiphontem
1545 1551 1606 1580 mei
1626 1558 1720 1579 causa
1738 1558 1808 1586 per-

1103 1596 1251 1635 sequitur.
1275 1606 1349 1635 ergo
1365 1607 1414 1626 me
1439 1605 1560 1635 quoque
1584 1595 1770 1631 accusasset,
1785 1591 1812 1621 si

1103 1649 1187 1669 reum
1204 1649 1353 1678 peragere
1375 1650 1408 1668 se
1430 1648 1524 1677 posse
1539 1637 1714 1667 confideret.
1759 1634 1812 1664 Sic

1104 1683 1183 1712 enim
1199 1682 1309 1712 Cicero
1336 1681 1381 1721 [in
1403 1681 1544 1720 Topicis,
1571 1690 1597 1710 c.
1617 1681 1668 1710 13.
1693 1678 1720 1717 §.
1736 1676 1809 1717 53]

1103 1729 1124 1742 “
1139 1726 1209 1755 Non
1235 1729 1266 1754 et
1291 1725 1425 1763 legatum
1448 1728 1605 1763 argentum
1621 1726 1679 1757 est,
1700 1725 1731 1750 et
1751 1730 1811 1749 uon

1104 1772 1152 1797 est
1181 1769 1280 1807 legata
1313 1770 1470 1796 numerata
1500 1764 1640 1805 pecunia.
1676 1764 1812 1803 legatum

1104 1817 1205 1840 autem
1221 1815 1378 1849 argentum
1402 1813 1461 1839 est.
1482 1808 1585 1848 legata
1600 1808 1694 1847 igitur
1709 1816 1815 1836 nume·

1104 1859 1169 1882 rata
1192 1852 1351 1892 pecunia.”
1395 1853 1486 1888 Haec,
1512 1857 1545 1882 ut
1565 1852 1664 1881 locum
1690 1849 1816 1879 Cicero-

1105 1895 1152 1924 nis
1179 1896 1349 1925 involutum
1367 1895 1607 1935 explicaremus.
1630 1903 1709 1924 nunc
1725 1893 1814 1923 rede-

1105 1948 1190 1968 amus
1207 1940 1244 1968 ad
1269 1939 1312 1975 id,
1337 1939 1418 1978 quod
1446 1938 1554 1978 agitur.
1601 1938 1813 1975 Hermogenes

1107 1987 1285 2020 argumenta
1301 1982 1380 2011 sumi
1396 1982 1487 2012 docet
1501 1979 1557 2012 ἀπὸ
1572 1981 1622 2014 τῆς
1645 1977 1816 2021 παραέολῆς,

1105 2025 1164 2055 ἀπὸ
1187 2025 1432 2066 παραδείγματος,
1449 2033 1510 2054 etc.
1533 2029 1596 2054 tum
1613 2024 1684 2053 addi
1707 2023 1816 2062 euthy-

1106 2072 1246 2099 memata.
1270 2073 1372 2098 noster
1396 2072 1508 2104 monet,
1534 2077 1642 2107 pacem
1658 2077 1726 2096 esse
1741 2065 1816 2096 reti-

1107 2112 1232 2142 nendam
1257 2116 1384 2151 propter
1399 2110 1591 2141 dulcedinem
1605 2109 1672 2151 ejus
1686 2115 1718 2139 et
1733 2119 1816 2139 com·

1105 2155 1208 2190 moda,
1224 2155 1375 2194 exemplis
1386 2154 1611 2189 Thebanorum,
1632 2152 1816 2192 quibuscum

1107 2198 1144 2227 (le
1163 2198 1270 2237 Oropo
1292 2198 1492 2232 bellaverunt,
1521 2196 1668 2236 Philippi,
1693 2195 1816 2234 quicum

1107 2241 1145 2270 de
1159 2241 1334 2281 Amphipoli
1345 2241 1574 2275 contenderant,
1585 2238 1818 2275 Cardianorum,

1110 2285 1336 2323 Byzantiorum,
1357 2283 1504 2318 Mausoli,
1528 2292 1654 2322 quorum
1682 2281 1818 2312 omnium

1107 2327 1244 2365 injurias,
1273 2338 1311 2357 ne
1340 2337 1446 2366 pacem
1475 2326 1636 2362 violarent,
1666 2325 1820 2365 patienter

1108 2371 1256 2400 tulerunt.
1278 2375 1339 2400 tum
1364 2370 1472 2399 infert:
1498 2370 1608 2399 Nonne
1633 2368 1727 2407 igitur
1743 2369 1820 2398 stul-

1108 2417 1172 2442 tum
1184 2418 1214 2443 et
1229 2413 1372 2443 miserum
1385 2417 1444 2448 est,
1466 2412 1532 2452 πρὸς
1557 2411 1696 2446 ἑκάστους
1716 2410 1821 2442 οὑτωσὶ

1108 2456 1365 2496 προσενηνεγμένους
1387 2456 1518 2496 περὶτῶν
1536 2453 1640 2486 οἰκείων
1660 2454 1708 2485 καὶ
1731 2455 1819 2494 ἀναγ-

1108 2501 1279 2536 καιοτάτων,
1302 2501 1368 2540 πρὸς
1383 2499 1518 2532 ἅπαντας
1533 2498 1601 2539 περὶ
1620 2499 1673 2532 τῆς
1695 2496 1722 2528 ἐν
1744 2504 1821 2528 Δελ-

1109 2544 1172 2581 φοῖς
1195 2545 1280 2577 σκιᾶς
1302 2544 1482 2582 πολεμῆσαι.
1505 2542 1553 2583 [p.
1583 2544 1655 2573 198.
1677 2541 1727 2571 ed.
1759 2541 1819 2582 D.]

1111 2587 1208 2615 Vides
1243 2586 1275 2616 in
1312 2587 1369 2615 hoo
1407 2585 1630 2624 enthymemate
1659 2582 1822 2625 ἐξεργασίαν

1110 2640 1298 2659 communem
1310 2634 1381 2669 post
1401 2629 1534 2667 quinque
1560 2632 1739 2667 argumenta
1760 2626 1821 2658 ἀπᾶ

1111 2672 1352 2712 παραδείγματος.
1396 2671 1548 2702 Dominus
1564 2680 1654 2710 quum
1667 2680 1685 2700 a
1699 2669 1821 2700 Judaeis

1110 2717 1315 2757 reprehensus
1329 2720 1422 2750 esset.
1445 2714 1527 2754 quod
1547 2723 1662 2752 aegrum
1684 2713 1822 2743 curando

1111 2759 1270 2789 sabbatum
1286 2759 1460 2798 polluisset,
1478 2757 1608 2798 primum
1634 2766 1652 2786 a
1672 2765 1705 2785 re
1727 2755 1832 2786 simili·

1110 2802 1229 2832 facinus
1242 2805 1364 2841 purgat.
1395 2801 1473 2836 Vos,
1489 2799 1588 2839 inquit
1605 2799 1729 2840 [Ioann.
1743 2799 1822 2829 VII.

1110 2847 1162 2876 22.
1177 2846 1218 2886 s.]
1242 2854 1282 2875 ex
1298 2845 1365 2884 lege
1379 2843 1530 2874 bominem
1547 2843 1673 2872 sabbato
1689 2842 1821 2872 circum-

1110 2888 1226 2918 ciditis.
1248 2892 1312 2918 tum
1329 2887 1415 2917 addit
1435 2885 1700 2925 ἔνθυμηματικῶςε
1723 2884 1747 2914 εἴ
1768 2895 1820 2916 πε-

1109 2932 1225 2972 ριτομὴν
1239 2930 1382 2970 λαμβάνει
1406 2929 1551 2968 ἅνθρωπος
1565 2927 1591 2958 ἐν
1605 2927 1763 2967 σαββάτῳ,
1777 2926 1822 2958 ἵνα

1108 2976 1152 3013 μὴ
1167 2973 1239 3015 λυθῇ
1258 2973 1366 3012 ὄνόμος
1391 2971 1524 3007 Μωσέως,
1551 2970 1616 3011 ἐμοὶ
1631 2972 1756 3013 χολᾶτε,
1774 2970 1821 3000 ὅτι

1110 3017 1170 3048 δ’λον
1193 3017 1337 3058 ἄνθρωπον
1367 3016 1429 3054 ὑγιῆ
1457 3013 1574 3047 ἐποίησα
1604 3013 1632 3045 ἔν
1654 3013 1821 3054 σαββάτῳ5
