1931 3322
466 188 549 228 AD
584 185 761 229 ORAT.
797 184 879 225 DE
914 183 1259 227 HALONESO.

124 293 363 324 enuntiationum
380 294 530 325 rationem
549 294 842 334 syntacticam,qurn

123 336 154 366 in
170 342 255 367 rectu
273 337 421 374 oratione,
444 338 527 376 quali
553 338 669 368 Orator
693 347 768 366 usus
783 341 842 371 est,

121 379 225 420 poscit
238 380 279 417 οὐ,
291 381 322 411 in
334 381 460 421 obliqua
472 382 527 420 μή.
541 382 579 411 V.
594 385 658 411 not.
676 381 712 410 ad
725 391 756 420 p.
768 382 842 412 125,

125 426 155 453 1.
172 424 280 454 Imm.

138 483 209 501 ‚.—-
223 470 255 498 4.
280 466 430 502 Φίλιπωος
451 466 477 497 δ’
496 468 544 498 οὐκ.
565 466 661 505 ἀγνοεῖ
683 464 783 501 ταῦτ’,
813 464 842 494 οὗ

117 507 216 540 δίκαια
253 508 359 551 λέγων]
414 511 505 542 Tolle
550 509 842 547 interpunctionem.

120 553 237 583 Sensus
263 560 329 584 est:
352 565 412 585 non
437 555 538 589 nescit,
562 563 592 583 se
612 552 667 582 illa
688 551 842 589 nonjusta

120 596 387 628 dicerem—‘razu
402 598 536 636 pertinet
551 596 591 625 ad
609 594 707 625 verbu
719 604 752 633 p.
767 594 839 623 165.

121 640 174 669 12.
183 639 213 669 οὗ
223 641 278 680 γὰρ
288 639 429 681 ὑμετέραν
438 637 522 670 οὖσαν
537 638 601 669 οὔτε
614 635 713 667 λαςεῖν
727 637 790 668 οὔτε
800 637 842 666 νῦν

120 679 208 724 ἔχειν.
223 683 358 714 Wmsx.

162 741 207 748 -—=
222 727 253 756 6.
290 724 442 757 τάνταῦθα
478 724 630 762 διοιιιῇσειν]
675 723 743 754 Nec
768 724 839 765 πρά-

117 778 230 806 γματα
248 770 507 806 subaudiendum,
527 779 628 808 neque
649 766 719 808 ὑπὲρ
740 767 840 798 αὐτοῦ.

118 811 190 841 Non
207 813 342 843 attendit
360 813 512 844 Reiskius
534 823 602 852 quae
621 811 767 842 continuo
792 821 841 840 se·

115 860 270 894 quantur:
309 857 360 891 ὡς,
379 856 413 887 ἃν
446 855 532 890 αὐτὸς
559 854 658 888 ἐκεῖνος
694 852 840 885 Εούληται.

118 897 320 930 Senam-'sm
458 928 461 933 ,

160 959 204 965 -—
218 942 298 974 ibid.
330 941 510 984 μελλόντων]
543 942 721 972 Verborum
746 950 840 981 παρα-

115 984 526 1027 κρουσθῆναι-ψπςαττόντων
558 986 634 1022 ordo
661 995 721 1014 non
752 989 840 1014 recte

117 1029 272 1067 procedit.
333 1030 438 1067 Quare
481 1029 630 1060 Reiskius
676 1026 841 1068 μελλόντων

112 1071 205 1109 jubet
218 1072 311 1113 ejici:
323 1074 458 1113 primum
471 1074 529 1104 hoo
538 1073 700 1110 audacter;
714 1071 840 1107 deinde,

116 1113 196 1145 illud
212 1117 239 1146 si
254 1117 318 1154 fiat,
331 1117 369 1148 ad
380 1115 565 1158 πςαττόντων
574 1117 686 1146 deesse
697 1126 757 1145 non
768 1124 840 1153 pos-

116 1156 165 1192 sit
177 1160 274 1190 τοῦτο.
311 1160 389 1191 Leni
404 1161 527 1195 medela
541 1160 643 1191 locum
659 1159 796 1194 sanabis,
812 1158 839 1188 si

117 1199 223 1241 legas:
239 1202 418 1242 μελλόντων,
429 1205 496 1240 τῶν,
509 1202 552 1233 ἔπ’
562 1202 596 1233 ἂν
610 1201 696 1237 αὐτὸς
706 1206 766 1232 etc.
779 1201 800 1231 i.
810 1212 838 1232 e.

115 1243 271 1284 deceptum
299 1247 342 1277 iri
362 1257 410 1277 vos
433 1251 523 1286 putat
552 1247 589 1276 ab
612 1245 776 1276 hominibus
793 1254 839 1276 res

116 1285 256 1328 Philippi
269 1295 370 1321 nostra
385 1291 418 1320 t'n
431 1290 505 1320 urbe
519 1290 643 1326 acturis,
654 1290 704 1330 qui
715 1293 838 1326 cuncta,

115 1340 180 1371 quae
208 1333 260 1364 ille
282 1334 358 1370 vult,
373 1339 404 1369 et
419 1333 535 1364 dudum
557 1338 629 1364 sunt
652 1333 788 1372 polliciti,
808 1339 838 1364 et

114 1383 200 1406 nunc
219 1377 401 1411 moliuntur.
440 1378 570 1411 Namfet
587 1375 631 1407 ἔσθ
644 1376 681 1413 ἂν
695 1382 786 1416 atque
802 1377 838 1411 ὡς

114 1416 149 1453 ἓν
159 1418 502 1457 facile-confunduntur,
518 1425 551 1451 et
566 1420 717 1450 articulus
733 1421 771 1450 ab
786 1431 838 1450 an·

113 1462 278 1494 tecedente
300 1464 421 1504 syllaba
447 1464 618 1505 saepissime
641 1465 835 1494 absorbetur.

115 1506 207 1536 Amat
223 1512 323 1538 autem
339 1512 445 1538 noster
460 1508 623 1538 articulum
640 1518 658 1537 a
670 1508 768 1538 verbo
779 1518 835 1538 suo

113 1547 163 1579 sic
183 1550 374 1590 disjungere,
392 1556 426 1581 ut
445 1551 476 1581 h.
491 1552 515 1581 1.
533 1551 564 1581 in
580 1551 685 1581 verbis
700 1553 768 1590 τῶν,
791 1550 840 1581 ὅτ’

112 1589 147 1622 ἃν
160 1591 314 1631 βούληται,
329 1593 540 1635 ὑπεσχημένων
550 1595 666 1625 factum
677 1598 735 1624 est.
751 1595 789 1623 V.
805 1604 834 1624 ο.

111 1634 153 1665 de
163 1637 229 1667 reb.
241 1638 350 1668 Chers.
362 1648 392 1677 p.
405 1640 479 1671 106.
497 1639 548 1668 15.
558 1638 609 1668 ed.
623 1637 735 1668 Reisk.
757 1636 834 1677 τῇδ’,

111 1675 150 1710 ὧν
176 1680 328 1721 &goa-vinea,
352 1681 532 1722 παρασκευῇ.
558 1681 599 1711 de
623 1691 688 1710 cor.
709 1691 743 1719 p.
759 1683 834 1712 276.

113 1724 167 1755 10.
187 1724 264 1760 τοὺς,
278 1723 508 1756 ὁποιουσδήποθ’
528 1724 615 1764 ὑμεῖς
636 1722 834 1765 ἐξεπέμπετε,

110 1766 302 1808 στρατηγούς.
325 1772 404 1799 orat.
417 1777 546 1808 παςαπς.
564 1777 597 1807 p.
613 1768 689 1797 341.
707 1769 740 1797 4.
756 1768 834 1804 τοὺς,

111 1808 162 1841 ὅτε
186 1807 368 1852 ἐκληροῦσθε,
387 1809 580 1852 ἐνοχλοῦντας.
602 1809 681 1840 ibid.
709 1820 742 1849 p·
757 1812 833 1842 346.

112 1855 169 1884 13.
188 1855 256 1890 τῶν,
282 1853 330 1885 ὅτε
352 1855 403 1885 τὴν
424 1854 522 1894 εἰρήνην
543 1852 696 1889 ἐποιεῖσθε,
710 1852 836 1895 λεχθέν-

113 1907 182 1932 των,
195 1896 272 1928 ibid.
289 1908 320 1937 p.
338 1899 415 1929 349.
433 1899 485 1929 13.
500 1898 562 1934 τὴν,
577 1896 620 1927 ὅτ’
634 1896 837 1937 ἀδωροδόκητος

111 1940 245 1982 inflexa
258 1939 423 1981 προαίρεσιν.
444 1940 529 1971 ibid..
548 1951 581 1980 p.
602 1941 677 1972 599.
696 1943 749 1972 22.
773 1942 836 1977 τῆς,

110 1982 162 2014 οἵα.
171 1982 241 2024 παρ’
252 1985 321 2024 ὑμῖν
334 1983 414 2021 ἐστὶ,
426 1982 584 2018 πολιτείας.
597 1984 736 2015 Wexsx.
781 1984 836 2015 Sa-

111 2027 243 2058 »issima
257 2033 306 2058 est
322 2028 465 2067 vulgata:
490 2028 524 2057 id
539 2027 623 2067 quod
635 2029 698 2067 jam
710 2028 835 2067 Augero

111 2079 210 2104 uncos
236 2077 323 2102 recte
348 2071 505 2103 amoventi
529 2071 677 2102 suboluit.
731 2071 836 2102 Verba

111 2114 164 2147 καὶ
201 2113 265 2155 πρὶν
278 2132 322 2139 —
337 2113 521 2157 πραττόντων
557 2119 631 2145 sunt
665 2115 834 2155 appositio,

112 2167 204 2197 quam
220 2159 566 2190 seorsuminteltectam
581 2158 628 2189 sic
642 2159 768 2190 resolve
782 2171 790 2190 ι
811 2159 839 2189 οἳ

111 2200 162 2232 καὶ
179 2200 242 2242 πρὶν
257 2201 441 2244 ὑπέσχηνται
462 2202 612 2243 [subaud.
628 2201 771 2245 πράξειν],
784 2202 835 2234 καὶ

109 2245 154 2274 νῦν
168 2243 195 2276 δὲ
210 2245 384 2287 orgia-voum.
400 2247 598 2278 Semnan.

121 2314 124 2318 .
142 2306 201 2319 ,ψ-
215 2291 246 2321 9.
267 2288 312 2320 ὅτι
336 2289 371 2323 δι’
391 2289 580 2331 ἀμφοτέρων]
606 2289 739 2330 Vulgata
764 2289 835 2321 serri

112 2337 256 2372 possunt.
295 2334 404 2364 Malim
432 2339 534 2365 tamen
558 2333 603 2364 δ’τι
632 2333 675 2370 δὴ,
711 2334 835 2365 sublata

111 2380 190 2416 post
205 2374 349 2416 ὀνομάτων
363 2376 625 2417 interpunctione,
639 2377 684 2407 ita
699 2383 735 2408 ut
748 2378 832 2419 ἀμφ.

113 2417 239 2459 τ..ὂνομ.
256 2420 294 2450 ab
305 2420 390 2451 ὄποτ.
403 2422 550 2461 pendeat.
563 2422 699 2452 Wssrsx.
741 2422 779 2451 In
796 2421 834 2452 li-

110 2461 238 2493 brorum
255 2463 409 2503 scriptura
424 2464 499 2495 nihil
516 2469 566 2495 est
580 2465 664 2505 quod
687 2465 833 2496 offendat.

111 2505 259 2538 Ceterum
275 2518 306 2538 v.
321 2508 457 2549 Lennep.
475 2508 512 2538 ad
529 2508 654 2539 Phalar.
667 2519 700 2549 p.
719 2511 792 2540 100.
803 2510 833 2540 b.

109 2549 310 2582 Semnan.

138 2610 200 2619 —-
214 2596 268 2627 12.
282 2592 442 2637 δεδωκέναι]
459 2594 550 2627 δοῦναι
561 2595 637 2630 Ald.
648 2595 737 2636 Tayl.
758 2596 832 2626 Hoc

111 2646 234 2674 norum,
264 2637 414 2678 siquidem
441 2638 590 2674 ἀκοδοῦναι
620 2645 706 2675 reete
730 2639 832 2670 babet.

111 2680 178 2719 Sed
192 2681 265 2712 vids
289 2692 327 2713 ne
349 2681 409 2712 hoe
429 2682 611 2715 mutandum
629 2682 669 2713 sit
684 2683 714 2714 in
730 2683 834 2714 ἀποδι-

112 2722 240 2762 ἶνιιέναι,
252 2725 325 2757 coll.
339 2730 404 2756 not.
414 2725 456 2756 ad
467 2736 502 2766 p.
516 2728 591 2758 170.
603 2729 636 2757 4.
646 2727 753 2758 Innu.

155 2785 199 2792 -
214 2771 267 2800 18.
284 2767 514 2810 διαδικάζεσθαι]
534 2769 636 2801 Godd.
647 2771 713 2801 fere
725 2780 832 2801 omnes

110 2815 198 2842 nete
213 2811 328 2846 habent
352 2812 605 2849 διαδικάσασθαιι
627 2823 697 2845 nam
711 2813 752 2843 de
770 2824 832 2844 uno

110 2863 215 2895 ,noque
224 2856 435 2894 oertojndioio
446 2857 505 2888 b.l.
516 2861 686 2889 sermoreSt.
694 2857 832 2889 Wzrsss.

110 2896 206 2930 Μ
217 2908 250 2938 p·
266 2901 341 2932 162.
357 2901 410 2932 21.
427 2900 478 2931 ed.
494 2900 602 2932 Reisk.
619 2900 820 2932 Senium.

109 2966 114 2972 .
156 2943 265 2974 -v-20.
285 2941 340 2976 ,τᾶν
355 2941 389 2975 ἐκ
409 2942 522 2978 Πέλλης
545 2943 722 2985 ὃξμῶμενον]
746 2944 832 2975 Nihil

111 2983 193 3016 uliud
207 2995 298 3026 quam
314 2985 470 3019 Paucum.
495 2989 567 3018 Non
577 2989 677 3028 probo
690 2986 831 3018 Weiskii

112 3026 399 3069 interpret-tionem
412 3029 498 3066 Diss.
509 3042 542 3070 p.
557 3033 631 3062 4⁶29.
651 3032 758 3062 lum.

157 3080 236 3102 vot..
251 3082 284 3103 v.

920 309 962 314 —-
979 294 1031 322 21.
1059 291 1137 322 εἰσίν.
1166 293 1250 323 ὁπότε
1269 293 1339 333 γαρ]
1369 292 1471 321 Verbo
1492 292 1599 331 πρῶτον

876 334 996 365 nullum
1027 336 1198 374 respondet
1228 336 1346 377 δεύτερον
1368 346 1392 365 s.
1422 334 1539 370 ἔπειτα,
1564 339 1596 364 et

877 382 978 408 tamen
991 384 1122 417 apparet
1134 379 1190 408 hoc
1201 379 1261 409 diei
1277 391 1283 408 :
1300 380 1404 409 irridet
1417 377 1598 416 vos,judicio

875 431 936 451 rem
958 422 994 451 de
1011 421 1160 451 Haloneso
1180 423 1307 463 transigi
1319 423 1444 461 jubens:
1464 422 1597 460 primum

875 465 952 493 enim
963 465 998 493 de
1011 464 1117 493 insulis
1130 464 1385 505 ririt'culmnforet
1397 465 1596 500 Athenienses,

875 507 966 536 maris
996 506 1137 542 dominos,
1170 517 1238 536 cum
1267 507 1428 538 Macedone
1457 509 1596 548 litigare3

875 549 980 579 deiude
1009 554 1119 579 terram
1143 550 1338 580 continentem
1370 554 1538 587 videremur
1553 552 1596 581 sic

874 592 956 623 ultro
982 593 1146 623 concedere.
1194 592 1299 629 Quare
1325 603 1380 632 pro
1404 594 1482 624 εἷο-ἰν·
1510 593 1595 624 ὁπότε

874 637 930 677 γαρ
945 636 1048 666 scribe
1070 635 1130 666 εἶθ’
1142 635 1228 666 ὁπότε
1243 634 1272 674 γ’
1288 636 1353 676 ἄξει,
1371 636 1392 665 i.
1408 647 1435 666 e.
1451 638 1556 667 deinde
1571 638 1596 667 si

875 679 992 719 quidem
1014 690 1076 719 opes
1106 686 1206 711 vestrae
1236 684 1385 720 nequeunt
1410 685 1470 709 etc.
1517 681 1596 710 Post

873 722 1187 763 Enelvovinterpunge3
1203 723 1255 753 ubi
1270 733 1337 753 cum
1349 727 1434 752 esset
1448 723 1505 752 εἰσὶ
1524 734 1598 762 sup-

873 767 1034 806 plendum,
1057 768 1167 797 mirum
1186 777 1245 797 non
1267 770 1315 796 est
1333 765 1394 796 εἶθ’
1408 766 1446 806 (i.
1463 776 1490 795 e.
1512 765 1595 807 εἶτα)

874 816 1054 851 corruptum
1074 821 1161 846 esse:
1187 820 1248 850 quo
1265 810 1347 839 facto
1367 810 1458 839 facile
1479 809 1597 839 scribe-

875 854 966 884 batur
981 857 1047 894 γὰρ,
1069 859 1104 887 ut
1117 855 1218 893 aliqua
1233 857 1317 883 certe
1336 858 1422 883 esset
1442 854 1596 883 membro-

874 907 942 927 rum
967 898 1089 938 copula.
1120 898 1236 928 Notum
1262 901 1322 932 est,
1350 899 1458 936 πρῶτον
1476 894 1595 935 μὲν-η

874 940 1003 978 εῖτα-,
1018 941 1134 971 omisso
1151 941 1333 981 plerumque
1349 939 1389 976 δὲ,
1411 940 1494 970 dici:
1519 951 1550 970 v.
1567 951 1595 969 c.

874 990 951 1014 orat.
962 985 993 1015 in
1010 985 1165 1015 Aristocr.
1180 995 1213 1024 p.
1230 986 1304 1015 668.
1320 986 1350 1014 2.
1369 983 1401 1013 in
1411 983 1549 1014 Timocr.
1566 995 1598 1024 p.

873 1029 949 1058 70‘2.
974 1031 1027 1060 23.
1051 1033 1082 1059 et
1104 1029 1179 1059 705.
1199 1031 1252 1060 29.
1268 1028 1318 1057 ed.
1335 1027 1447 1057 Reisk.
1493 1027 1545 1057 Sic
1564 1031 1597 1057 et

873 1070 989 1102 ἔπειτα.
1006 1072 1094 1102 Conf.
1112 1072 1259 1110 Hoogev.
1272 1071 1301 1100 in
1317 1070 1426 1100 Doctr.
1441 1071 1528 1101 Part.
1542 1071 1596 1101 Gr.

873 1120 897 1145 t.
909 1116 976 1155 l.p.
993 1117 1067 1146 662.
1084 1120 1116 1145 et
1131 1114 1286 1146 Schaeferi
1297 1114 1487 1144 Meletemm.
1503 1114 1597 1144 Critt.

873 1158 965 1198 Spec.
990 1160 1017 1190 Ι.
1041 1169 1073 1198 p.
1101 1161 1155 1190 61.
1195 1158 1329 1188 Verbum
1356 1157 1411 1197 ἄρα
1433 1163 1535 1188 autem
1563 1158 1595 1187 iu

872 1201 960 1232 ὁπότε
982 1201 1013 1240 γ’
1033 1203 1088 1244 ἄρα
1112 1203 1173 1233 vim
1199 1212 1283 1232 suam
1310 1206 1395 1231 tenet
1418 1201 1596 1235 dubitandi.

872 1246 947 1285 quin
964 1247 1010 1277 sie
1027 1257 1060 1276 se
1077 1256 1126 1277 res
1142 1246 1268 1284 habeat;
1287 1249 1321 1275 ut
1332 1244 1364 1274 in
1378 1244 1460 1285 εἴπερ
1474 1244 1541 1285 ἄρα,
1559 1245 1595 1278 ὡς

871 1290 927 1330 ἄρα
957 1296 1018 1320 eto.
1046 1291 1182 1320 VVrzrsrz.
1239 1287 1438 1319 Tutissimum
1469 1289 1596 1319 videtur

871 1334 1031 1372 Augerum
1049 1333 1115 1374 [qui
1130 1332 1219 1364 dedit
1233 1332 1312 1363 εἰσίν.
1327 1331 1432 1363 ἔπειτα
1446 1331 1485 1367 δὲ,
1497 1332 1522 1362 εἴ
1534 1342 1567 1369 γε
1580 1332 1595 1362 ἱι

872 1376 944 1418 δύν.]
962 1377 1060 1417 sequi.
1076 1378 1277 1408 SCHAErr-m.

915 1421 954 1451 P.
980 1424 1054 1453 167.
1082 1423 1115 1452 3.
1141 1419 1328 1461 ἐπιδείκνυτε]
1356 1417 1527 1449 ἐπιδείκνυτε
1547 1422 1595 1449 est

872 1465 1026 1496 correctio
1041 1464 1196 1504 Obsopoei
1207 1465 1345 1504 elegans,
1360 1468 1391 1493 at
1410 1473 1469 1492 non
1487 1473 1595 1492 neces-

871 1508 962 1539 saria.
1022 1508 1168 1538 Restitue
1211 1518 1227 1537 e
1265 1507 1358 1538 codd.
1394 1503 1594 1537 ἐπιδείκνυται.

871 1551 1013 1582 Wmsx.
1036 1550 1207 1582 ἐπιδείκνυτε
1217 1550 1308 1581 etiam
1321 1549 1594 1589 Anger-idemque

869 1595 990 1634 placuit
1005 1595 1151 1634 Tayloro.
1178 1594 1329 1625 Weiskio
1340 1591 1528 1623 ἐπιδείκνυται
1539 1592 1591 1632 qui

869 1638 1010 1677 potuerit
1028 1638 1168 1677 probari,
1185 1648 1246 1668 non
1272 1637 1437 1676 intelligio.
1459 1638 1593 1667 SCHAE-

870 1692 950 1711 ren.

913 1742 956 1747 —
972 1725 1005 1753 7.
1021 1722 1193 1764 συμβόλων]
1210 1723 1250 1752 V.
1264 1722 1401 1762 Etymol.
1417 1721 1464 1752 Μ.
1477 1733 1505 1752 ο.
1516 1724 1594 1754 734.

870 1770 923 1798 22.
946 1766 1080 1797 Photius
1101 1777 1130 1797 c.
1147 1767 1223 1798 405.
1250 1771 1282 1797 et
1304 1766 1439 1797 Thomas
1458 1767 1542 1806 Mag.
1559 1777 1594 1807 p.

869 1813 945 1841 818.
961 1820 987 1840 s·
1004 1811 1112 1841 IDEM.

911 1856 1019 1884 —10.
1044 1852 1238 1895 ἐπανενεχθῇ]
1265 1853 1413 1883 Fortasse
1439 1852 1593 1884 meliuse

870 1897 1054 1937 quibusdam
1067 1897 1159 1927 codd.
1171 1897 1324 1926 scribetur
1334 1894 1495 1938 ἐπαναχθῇ.
1513 1897 1592 1927 Nam

869 1939 1052 1982 ἐπαναφέρειν
1065 1951 1126 1970 non
1145 1939 1293 1975 occurrit,
1307 1939 1429 1979 opinor,
1444 1941 1489 1969 ita
1504 1946 1538 1970 ut
1551 1940 1595 1970 si-

870 1984 1000 2023 gnificet
1019 1994 1177 2024 provocare
1195 1984 1235 2013 ad
1255 1984 1395 2024 aliquem,
1418 1993 1537 2013 causam
1553 1983 1593 2013 ud

868 2028 1003 2067 superius
1015 2027 1150 2058 tribunal
1166 2026 1279 2068 referre
1290 2026 1428 2067 (ἐφιέναι)
1438 2037 1447 2064 3
1460 2031 1491 2056 at
1507 2025 1595 2057 ἑπαν.

869 2072 948 2112 ἄγειν
964 2076 996 2102 et
1010 2072 1121 2110 ἀνάγειν
1134 2071 1176 2101 ita
1191 2070 1348 2106 dicuntur,
1368 2080 1399 2099 v.
1415 2081 1443 2100 c.
1461 2070 1594 2101 Aristot.

870 2116 968 2146 Polit.
984 2115 1005 2146 l.
1024 2119 1054 2146 4.
1068 2113 1140 2145 ἀλλ’
1155 2113 1352 2152 ἐπαναγέσθω
1367 2114 1457 2145 πάλιν
1471 2112 1519 2143 ἐπὶ
1530 2115 1595 2147 τοὺς

869 2157 1076 2200 ἄρχοντας.--
1092 2158 1187 2196 Quod
1219 2163 1320 2188 autem
1359 2162 1464 2188 orator
1501 2158 1594 2194 dicit,

870 2203 1052 2242 Philippum
1068 2207 1161 2243 pacta
1182 2203 1248 2232 haec
1263 2203 1302 2232 de
1327 2206 1527 2232 mercatorum
1540 2203 1594 2241 ju-

870 2246 960 2276 diciis
986 2247 1058 2277 ideo
1088 2247 1169 2277 velle
1200 2244 1360 2282 constitui,
1385 2249 1419 2274 ut
1449 2245 1593 2275 Potidaea

866 2290 937 2329 jure
955 2301 973 2321 a
989 2301 1023 2321 se
1039 2290 1183 2321 videatur
1199 2294 1302 2327 capta,
1317 2289 1347 2318 id
1364 2289 1455 2328 quale
1469 2288 1590 2325 sit‚non

869 2338 967 2374 patet.
1005 2335 1133 2373 Captam
1149 2333 1229 2364 enim
1247 2343 1264 2363 a
1280 2332 1427 2373 Philippo
1445 2342 1515 2362 esse
1529 2333 1591 2362 Po-

870 2378 993 2408 tidaeam
1019 2377 1165 2419 (Olymp.
1189 2377 1256 2407 CV.
1279 2375 1342 2418 3.)‚
1366 2381 1398 2406 et.
1418 2386 1435 2406 a
1453 2375 1591 2406 Diodoro

870 2421 934 2453 Sic.
945 2422 1040 2453 XVI.
1053 2425 1084 2452 8.
1095 2425 1126 2452 et
1142 2422 1179 2451 ab
1195 2426 1316 2451 oratore
1333 2424 1437 2449 nostro
1453 2423 1593 2450 narratur

867 2465 914 2506 (v.
933 2465 1062 2507 Olynth.
1087 2466 1115 2495 Ι.
1137 2475 1169 2504 p.
1187 2467 1240 2494 11.
1261 2464 1281 2493 l.
1298 2466 1350 2494 17.
1374 2475 1404 2503 p.
1422 2465 1472 2494 12.
1497 2463 1519 2494 l.
1537 2466 1591 2493 ²27.

870 2509 1061 2549 Olynth.11.
1077 2519 1108 2548 p.
1125 2511 1177 2540 19.
1202 2509 1223 2537 l.
1239 2509 1291 2538 29.
1316 2507 1398 2538 Phil.
1416 2507 1461 2537 ΙΙ.
1487 2517 1517 2546 p.
1535 2509 1589 2537 70.

870 2553 892 2584 1.
910 2555 962 2584 10.
978 2553 1130 2583 Aristoer.
1147 2563 1180 2593 p.
1197 2553 1272 2583 659.
1289 2552 1309 2582 l.
1326 2554 1358 2583 5.
1371 2550 1420 2581 ed.
1438 2550 1566 2590 Reisk.)
1582 2561 1588 2579 z

869 2607 929 2636 qua
945 2605 1050 2633 causa,
1071 2607 1131 2636 quo
1147 2600 1314 2634 praetextu,
1337 2605 1486 2634 nusquam
1503 2594 1590 2624 addi-

870 2644 931 2671 tur.
966 2641 1069 2679 Quare
1082 2639 1228 2679 conjicio,
1240 2639 1389 2669 Potidaeae
1405 2637 1523 2677 aliquid
1540 2647 1591 2666 ac-

869 2683 1062 2720 cidisse,our
1073 2682 1277 2715 Athenienses
1290 2682 1324 2717 ii,
1334 2682 1386 2723 qui
1399 2691 1464 2711 eam
1482 2680 1589 2710 urbem

868 2728 1028 2764 tenebant,
1048 2726 1135 2758 litem
1157 2727 1351 2757 intenderent
1368 2723 1590 2755 mercatoribus

869 2770 1102 2808 Macedonici53
1116 2770 1223 2801 horum
1237 2775 1338 2800 autem
1351 2768 1458 2798 fraude
1474 2767 1588 2796 saotum

869 2823 952 2850 esse,
965 2819 998 2845 ut
1011 2813 1164 2854 judicium
1182 2824 1242 2844 non
1259 2813 1422 2845 Potidaeae.
1438 2810 1519 2841 sicut
1536 2811 1590 2839 de-

868 2857 973 2894 bebat,
988 2858 1075 2899 (nam
1090 2858 1146 2889 illo
1160 2863 1311 2897 tempore,
1330 2855 1382 2885 ubi
1399 2853 1591 2892 querimonia

869 2906 937 2931 orta
953 2906 1030 2937 erut,
1044 2902 1087 2932 ibi
1099 2901 1316 2940 judicabatur:
1334 2909 1365 2927 v.
1379 2898 1458 2927 hano
1473 2897 1513 2927 de
1523 2896 1590 2927 11³-

868 2944 976 2976 lonesn
1003 2949 1082 2975 orat.
1105 2955 1138 2985 p.
1162 2946 1217 2974 79.
1242 2944 1294 2973 25.
1318 2939 1403 2981 sqq.)
1426 2940 1479 2970 sed
1506 2940 1591 2980 apud

868 2988 1048 3029 Philippum
1074 2987 1310 3021 insumentum
1333 2994 1395 3022 quo
1415 2983 1591 3014 Potidaeen-

867 3041 919 3062 ses
941 3032 1109 3064 damnavit.
1131 3029 1219 3060 bonis
1238 3028 1353 3063 enuit,
1370 3032 1400 3056 et
1419 3028 1521 3056 urbem
1539 3037 1591 3056 eo·

865 3077 918 3104 31
