1931 3322
595 193 1083 238 ANNOTATIONES.

125 303 184 344 ψιν,
207 305 421 346 amplificatum
447 315 464 335 a
490 304 728 335 circumstantiis
752 308 828 333 tem-

126 349 212 388 poris
234 355 265 379 et
287 358 495 388 personarum,
518 352 549 377 et
573 348 631 378 ulia
655 346 828 381 collatione,

125 392 244 431 adjecto
259 396 436 431 argumento
457 401 474 420 a
490 391 598 421 minori
621 391 658 420 ad
674 391 783 428 majus,
799 393 830 418 et

125 445 143 464 a
158 434 249 474 turpi.

170 477 258 507 -5.
281 475 339 506 οὐδὲ
362 475 444 515 λόγου
468 476 608 517 προσδεῖν]
634 476 722 506 Sicut
742 474 829 510 alibi,

127 519 187 550 οὐδὲ
204 520 319 549 πολλοῦ
341 519 390 555 δεῖ,
407 520 523 550 scilicet
546 519 638 557 λόγου.
661 527 830 557 quanquam

129 562 180 591 alii
198 562 288 591 aliter
303 569 469 602 exponunt,
485 573 541 601 pro
557 563 662 591 πολλοῦ
674 571 705 598 γε
722 561 769 589 καὶ
780 560 830 590 δεῖ.

129 605 169 634 de
185 616 245 645 quo
261 605 331 635 alibi
348 606 537 635 commodius
553 604 788 644 disputabimus.

155 649 158 651 ’
172 665 215 672 —-
230 650 259 679 6.
273 647 401 690 δεήσειεν]
419 659 435 678 a
451 649 499 678 δεῖ.

173 708 216 714 -
230 693 263 720 7.
283 690 350 743 ἔξω]
374 691 500 722 Scilicet
518 692 570 725 τῗίς
591 688 708 725 πόλεως,
725 689 789 731 οὐχὶ
811 687 836 719 δ’

131 733 157 764 ἒν
169 732 330 774 Μακεδονία.

174 794 216 799 ——
231 776 306 806 ibid.
327 776 374 806 καὶ
398 776 467 819 δ’σα]
497 777 601 806 Verba
629 776 674 806 sic
703 775 833 805 ordina:

132 819 181 850 καὶ
191 825 230 848 λα
230 819 348 872 μβάνειν
361 822 417 850 τῶν
429 820 460 850 ἐκ
476 822 527 854 τῆς
539 820 645 861 χώξας,
659 818 714 849 ὅσα
730 819 835 857 ἀνάγκη

133 861 298 904 (scilicet'
287 863 353 893 εστὶ
368 862 542 904 λαμβάνειν)
566 861 728 904 χξωμένους
747 873 837 901 στςα-

134 905 255 946 τοπὲδῳ,
274 906 308 936 id
332 911 390 943 est,
417 907 533 941 τούτους
556 905 584 935 οι
602 909 738 947 χξῶνται·
764 904 837 939 ὅπως

134 948 323 989 λαμβάνωσιν
338 951 360 980 οῖ
374 951 523 991 χρώμενοι.
569 950 662 979 Nulla
677 949 751 978 mihi
771 959 838 978 esse

136 1002 227 1022 causa
243 992 377 1029 videtur,
392 1003 447 1023 cur
460 992 614 1034 χρωμένοις
629 992 766 1022 dativum
784 1002 840 1032 per

135 1047 159 1066 οι
171 1036 287 1065 scribas
302 1046 358 1075 pro
369 1036 529 1077 χρωμένους
545 1035 717 1066 accusativo
734 1046 788 1075 pro
801 1047 840 1065 ου.

179 1095 223 1102 --
239 1080 268 1108 8.
284 1081 338 1109 τῶν
353 1078 386 1109 ἐκ
399 1081 451 1114 τῆς
465 1079 576 1120 χώρας]
603 1079 761 1109 Articulus
778 1079 841 1108 ele-

138 1122 247 1160 gantiae
259 1132 350 1152 causa
364 1123 495 1158 accedit,
512 1128 541 1152 et
556 1122 713 1161 genitivus
725 1126 841 1162 partem

139 1165 309 1204 significat:
333 1166 450 1196 Hostes
465 1176 522 1195 non
539 1167 605 1201 τῶν,
621 1166 676 1195 sed
691 1167 731 1196 τιὶ
746 1164 778 1195 ἔκ
793 1167 844 1200 τῆς

137 1209 234 1249 χώξας
246 1208 377 1248 rapiunt.

181 1269 224 1274 —-
239 1253 268 1283 9.
286 1251 474 1294 ζημιωθῆναι]
491 1250 741 1292 ζημιωθήσεσθαι.

182 1312 227 1318 --
239 1295 316 1325 ibid.
332 1297 396 1329 τοὺς
411 1296 596 1336 γεωξγούντας
611 1296 703 1337 ὑμῶν]
731 1295 846 1329 τούτους

141 1338 220 1378 ὑμῶν
242 1337 269 1368 οἳ
293 1339 455 1380 γεωργοῦσι,
478 1349 521 1369 eos
542 1349 556 1368 e
579 1338 652 1369 vobis
682 1341 733 1380 qui
762 1349 847 1381 agros

142 1381 253 1417 colunt,
269 1383 319 1422 qni
337 1382 451 1421 proedt'a
463 1381 545 1422 fin-is
565 1381 682 1418 habent,
703 1382 847 1424 agricolas

140 1430 240 1455 veatroe
253 1426 345 1461 urbis,
361 1426 506 1466 agricolas
519 1431 633 1455 vestros.
679 1426 747 1456 Etsi
768 1426 847 1456 enim

141 1468 220 1506 ὑμῶν
240 1468 290 1497 hic
312 1479 370 1498 non
386 1469 620 1509 possessionem,
637 1470 688 1498 sed
711 1470 850 1509 partitio-

141 1521 210 1540 nem
233 1511 382 1551 significat
395 1524 404 1542 .-
427 1523 485 1542 non
503 1518 603 1542 tamen
620 1512 712 1542 video
733 1523 788 1543 cur
804 1512 849 1542 sic

142 1553 336 1594 interpretari
357 1565 415 1586 nou
430 1555 532 1591 liceat,
548 1566 638 1595 quum
655 1555 755 1586 Latini
773 1556 849 1585 scri·

142 1601 248 1636 ptores
269 1597 301 1627 in
323 1598 362 1628 iis
383 1599 557 1632 sententiis,
584 1608 661 1638 quas
688 1610 705 1629 a
732 1599 849 1628 Graecis

143 1643 330 1676 mutuantur,
358 1646 487 1680 propter
513 1641 652 1670 vitandas
684 1641 848 1670 verborum

145 1683 302 1722 ambages,
322 1684 398 1714 alias
416 1683 515 1713 minus
537 1681 677 1722 proprie,
698 1682 774 1712 alias
796 1683 850 1711 ob-

144 1725 265 1755 scurius
278 1725 363 1765 loqui
375 1725 503 1755 soleant.
534 1726 712 1764 Quanquam
726 1735 762 1756 ea
771 1725 851 1755 ratio

146 1769 183 1799 ad
198 1768 421 1799 dissimulanda
442 1778 546 1798 eorum
572 1768 651 1798 furta
665 1779 724 1798 non
744 1779 849 1808 parum

147 1811 241 1841 facit:
265 1813 337 1842 dum
352 1812 412 1851 ipsi
437 1816 578 1842 auctores
596 1812 696 1842 videri
719 1822 778 1842 non
802 1822 852 1841 ac-

147 1858 236 1894 cepta
249 1855 364 1885 referre
377 1855 497 1885 Graecis
511 1854 630 1891 volunt,
641 1866 708 1894 quae
719 1856 853 1885 conscri-

147 1897 232 1926 bunt.

191 1956 234 1962 -—-
256 1941 309 1969 10.
331 1938 424 1980 ὑμῶν]
448 1938 576 1980 Legitur
598 1944 630 1970 et
652 1941 729 1980 ἡμῶν
750 1950 807 1980 per
828 1953 854 1972 η.

150 1992 218 2022 quae
241 1982 424 2023 permutatio
446 1982 694 2024 frequentissima
716 1994 783 2014 cum
806 1984 856 2019 sit,

150 2035 190 2055 ex
217 2026 368 2056 sententia
381 2025 470 2056 facile
490 2027 670 2066 plerumque
692 2026 855 2066 dijudicari

150 2073 263 2109 potest.

194 2111 328 2142 —ibid.
352 2110 404 2152 πξό
421 2111 487 2153 τοῦ]
510 2112 568 2153 πρὸ
595 2112 705 2149 τούτου,
729 2113 856 2152 Amphi-

149 2155 330 2195 politanum,
354 2155 386 2185 in
423 2157 517 2195 quod,
549 2161 673 2186 auctore
711 2156 856 2197 Ulpiano,

153 2200 238 2228 1200
250 2198 362 2228 talenta
377 2204 446 2228 sunt
461 2198 610 2239 impensa.

195 2258 239 2264 -—
251 2244 302 2271 11.
318 2240 524 2283 δεδαπάνηται]
546 2244 705 2282 impensum
725 2249 775 2273 est.
800 2243 857 2273 im-

153 2284 326 2324 personale,
336 2295 354 2314 a
367 2284 574 2340 summm..-
573 2287 618 2315 vel
635 2286 856 2317 δεδαπανήκατε.

197 2328 329 2358 —ibid.
349 2326 419 2369 Sca]
441 2329 504 2359 ἀντὶ
524 2341 586 2366 του,
605 2328 697 2365 πόσα,
718 2331 795 2360 sicut
811 2330 858 2359 ‹li-

155 2375 239 2408 cunt,
253 2371 385 2410 μεγαλα,
397 2375 499 2413 μικςα
513 2375 620 2409 πολλὰ,
634 2373 726 2412 ὀλίγα,
741 2374 857 2413 ὡφελεῖ-

155 2412 233 2449 σθαι,
247 2412 444 2450 cxcivm-ear,
459 2416 686 2446 adverbialiter.

199 2475 243 2480 —
264 2460 317 2488 12.
343 2457 604 2510 ζημιωθήσεσθαι]
641 2459 767 2490 Scilicet
796 2472 861 2494 τους

155 2500 344 2541 γεωργοῦντας
357 2501 445 2551 υμῶν.
476 2502 539 2532 Aut
551 2503 702 2539 absolute,
718 2509 860 2543 quantum

158 2545 259 2574 damni
273 2543 404 2574 datum
394 2546 443 2574 tri.
456 2555 473 2574 a
488 2544 603 2585 ζημιὸω.

200 2604 244 2610 --
255 2586 333 2616 ibid.
350 2587 398 2616 καὶ
415 2588 587 2638 προσέσται]
606 2588 704 2618 Aldus
720 2587 864 2629 πρόσεσθ’,

124 2667 127 2670 .
158 2629 224 2660 sine
238 2641 286 2659 και
300 2630 386 2669 legit.
403 2640 438 2660 ac
453 2631 553 2662 omitti
566 2633 626 2668 καὶ,
641 2632 713 2661 mihi
730 2642 788 2661 non
800 2633 863 2661 dis-

157 2673 272 2713 plicet:
294 2673 394 2703 malim
418 2679 515 2704 tamen
539 2674 696 2715 προσέσται
718 2675 864 2711 futurum,

159 2725 248 2756 quam
263 2714 401 2756 πρόσεστι
416 2727 563 2756 praesens.

202 2760 335 2789 —ibid.
359 2761 373 2790 ἦ
399 2759 489 2802 ὕΒοις]
517 2761 674 2791 Scilicet
664 2774 678 2792 η
702 2763 758 2791 τῶν
781 2767 865 2792 πολε-

159 2799 242 2841 μίων,
255 2804 426 2842 protervitas
437 2811 461 2833 et
470 2805 635 2843 petulantia
650 2804 702 2834 illa
714 2804 866 2835 militaris:

162 2845 244 2883 quod
259 2855 354 2884 genus
367 2846 521 2877 hominum
536 2847 701 2887 ingluviem
714 2857 798 2877 suam
812 2858 866 2878 ex-

162 2887 266 2926 plesse
287 2899 345 2918 non
363 2895 538 2920 contentum
564 2892 614 2932 (ut
638 2891 676 2920 de
697 2891 811 2930 stupris
836 2897 866 2921 et

163 2929 300 2961 caedibus
316 2932 496 2981 taceamus)
520 2934 624 2964 vinum
648 2933 790 2970 effundit,
807 2934 866 2964 sru-

163 2976 297 3003 mentum
315 2973 346 3004 in
361 2975 441 3006 viam
460 2976 577 3016 abJ'icit,
591 2977 820 3008 instrumentum
837 2983 868 3008 et

164 3015 386 3054 supellectilem
401 3019 543 3060 dissipat,
560 3024 681 3061 segetes
698 3020 869 3058 conculcat,

1485 194 1563 237 341

863 303 987 333 arbores
1008 302 1170 341 frugiferas
1194 302 1335 337 succidit,
1351 303 1441 332 villas
1464 302 1569 332 incen-

864 346 929 375 dit:
953 345 1092 375 omnibus
1109 345 1238 384 denique
1261 346 1360 375 modis
1378 346 1516 375 declarat
1538 356 1571 375 sc

864 394 980 428 pestem
993 392 1024 417 et
1036 388 1201 426 perniciem
1219 398 1288 417 esse
1302 389 1423 418 humani
1438 389 1570 428 generis,

865 441 1025 470 rerumque
1047 441 1064 460 a
1084 432 1152 460 Deo
1175 431 1287 460 nostris
1306 432 1411 461 usibus
1434 433 1571 461 condita-

864 484 950 510 rum3
974 483 1150 512 summaque
1175 474 1365 503 contentione
1389 475 1419 504 id
1439 475 1513 514 agit,
1540 479 1573 504 ut

865 516 1122 546 ferocissimarum
1140 516 1309 545 belluarum
1328 524 1450 555 superet
1468 518 1572 547 imma·

865 560 1001 589 nitatem.
1019 558 1091 598 ὕβριν
1107 559 1155 588 hic
1168 569 1228 587 non
1242 559 1412 596 significare
1428 565 1573 589 contume-

868 603 949 639 lium,
975 608 1026 632 aut
1047 603 1182 635 dedecus,
1207 602 1286 640 quod
1316 604 1488 641 suscepturi
1515 603 1575 633 sint

868 646 1082 681 Athenienses,
1099 646 1147 675 vel
1164 655 1201 674 ex
1221 644 1342 684 Ulpiani
1365 645 1576 685 προλεγομένοις

869 689 1062 727 intelligitur,
1081 690 1168 728 cujus
1189 687 1239 729 (ut
1260 698 1315 717 nos
1339 688 1460 726 quidem
1485 689 1576 718 resti-

869 732 1000 771 tuimus)
1017 733 1081 761 haec
1097 731 1191 761 verba
1214 737 1301 760 sunt.-
1324 730 1385 760 τίνα
1401 729 1429 760 δὲ
1447 730 1576 770 ἒξγάσον·

870 787 920 805 ται
937 776 958 804 οἱ
975 775 1118 815 πολέμιοι,
1135 774 1182 804 καῖ
1205 772 1372 813 ἀναγκαίως,
1388 774 1437 802 καὶ
1459 772 1579 813 ὑβρίζον-

870 829 930 854 τες,
955 820 1004 850 τὴν
1028 819 1131 860 χώςαν.
1177 818 1264 847 Idem
1294 817 1324 847 in
1352 817 1488 846 oratione
1517 817 1580 857 πεςι

872 861 1111 903 παραπξεσέείας,
1126 861 1175 891 ubi
1195 861 1232 890 de
1257 860 1457 890 Phocensiurn
1479 860 1580 899 agitur

873 906 1008 940 excidio,
1023 904 1084 945 ἔχει
1102 904 1141 941 δὲ,
1156 904 1265 944 inquit,
1280 915 1328 933 και
1345 915 1395 937 της
1411 901 1511 943 ὕβρεως
1527 905 1581 932 τῶν

873 948 1016 988 πολεμίων
1030 948 1166 987 ἔμφασιν·
1182 949 1195 979 ἦ
1211 959 1266 987 yae
1280 948 1460 986 κατασκαφῆ
1476 956 1581 986 περιεξ-

873 991 980 1032 γὸτεξον
995 990 1064 1025 ειδος
1079 993 1130 1025 τῆς
1145 993 1308 1031 συμφοράς.

917 1052 961 1058 -
976 1035 1050 1064 ibid.
1073 1034 1121 1064 καὶ
1147 1034 1206 1076 ἔτι]
1231 1040 1318 1074 atque
1340 1034 1458 1072 iusuper
1482 1043 1582 1062 rerum

874 1079 979 1117 pudor,
994 1078 1025 1107 id
1042 1082 1100 1114 est,
1115 1077 1160 1107 rei
1183 1077 1261 1108 male
1283 1081 1377 1116 gestae
1393 1082 1484 1116 atque
1500 1076 1586 1115 igna-

878 1122 935 1152 viae
962 1126 994 1151 et
1020 1121 1170 1151 socordiae
1199 1121 1346 1150 dedecus,
1376 1120 1434 1148 hoe
1455 1121 1516 1158 jam
1545 1119 1584 1148 ad

876 1164 1082 1195 Athenienses
1099 1164 1242 1202 pertinet,
1258 1161 1331 1203 ῧέςις
1344 1168 1393 1193 est
1411 1165 1466 1192 τῶν
1480 1161 1585 1192 ποιούν-

877 1219 943 1244 των,
955 1207 1018 1248 οὐχὶ
1032 1207 1062 1238 δὲ
1078 1209 1132 1236 τῶν
1143 1206 1340 1247 ὑπομενόντων.

920 1269 963 1276 --
979 1254 1032 1281 13.
1052 1251 1198 1292 οὐδεμιᾶς]
1236 1251 1279 1281 Ut
1302 1250 1381 1279 euim
1404 1248 1483 1278 inter
1503 1249 1587 1279 utili-

878 1299 956 1325 tates
987 1295 1051 1324 lans
1079 1299 1109 1325 et
1141 1294 1249 1334 gloria,
1276 1293 1320 1323 sic
1344 1293 1530 1331 vituperatio
1557 1297 1588 1322 et

879 1338 1046 1377 ignominia
1061 1338 1142 1368 inter
1155 1338 1264 1368 damna
1277 1340 1465 1366 recensetur.
1498 1336 1588 1365 Plato

882 1381 920 1411 ια’
935 1383 1094 1411 πολιτειῶν.
1117 1381 1162 1420 τςιῖ
1177 1378 1334 1412 ἡττηθέντι
1353 1381 1430 1419 παραὶ
1445 1378 1494 1407 τοῦ
1509 1389 1590 1418 νομο-

881 1423 971 1455 θέτου
990 1423 1077 1462 ψόγος
1090 1424 1138 1453 καὶ
1153 1422 1246 1458 ὄνειδος
1265 1420 1375 1452 κείσθω·
1392 1423 1505 1451 πολλῶν
1522 1433 1592 1463 χρη-

882 1468 986 1508 μάτων
1000 1469 1054 1497 νοῦν
1069 1466 1231 1507 κεκτημένῳ
1247 1465 1337 1507 ζημία
1352 1464 1504 1504 βαρυτέρα.

925 1529 968 1534 -
983 1511 1058 1540 ibid.
1074 1513 1132 1544 τοῖς
1149 1520 1181 1547 γε
1198 1508 1348 1549 σώφροσιν]
1376 1508 1493 1548 σώφρων
1510 1517 1592 1547 saepe

883 1564 942 1584 non
959 1559 1019 1584 tam
1041 1559 1089 1583 est
1106 1554 1248 1583 modestus
1263 1559 1295 1581 et
1316 1557 1488 1588 temperans,
1503 1560 1591 1590 quam

883 1597 1028 1629 cordatus,
1044 1596 1056 1625 ὁ
1071 1597 1126 1625 σῶν
1146 1594 1221 1635 ἔχων
1235 1595 1284 1624 τὴν
1300 1592 1395 1633 φρένα.
1440 1593 1592 1623 Homines

884 1638 965 1668 bruti
987 1639 1087 1677 gloria
1103 1649 1160 1668 non
1182 1638 1348 1672 ducuntur,
1363 1637 1516 1666 dedecore
1533 1647 1593 1666 non

884 1686 1056 1711 moventur.

928 1741 971 1747 —
996 1726 1048 1754 15.
1075 1725 1182 1753 Ιπάντα
1207 1722 1236 1753 δὴ
1268 1722 1381 1763 ταῦτα]
1421 1721 1595 1759 Peroratio,

886 1766 1115 1803 distributione,
1130 1773 1164 1797 ut
1179 1765 1268 1796 initio
1283 1766 1363 1802 dixi,
1380 1769 1521 1795 constans
1540 1766 1597 1796 tri-

886 1811 1025 1846 membri,
1041 1811 1173 1848 singulis
1189 1810 1330 1850 partibus
1347 1809 1464 1839 ratione
1480 1809 1595 1845 addita,

887 1856 966 1884 κατὲ
981 1853 1198 1893 πξοσαπόδοσιν,

931 1915 975 1921 —-
997 1897 1076 1926 ibid.
1108 1894 1283 1935 συνιδόντας]
1312 1895 1386 1931 εἴδω,
1418 1894 1494 1931 οῖδα,
1520 1897 1599 1926 novi.

889 1939 966 1975 εἶδον,
988 1940 1059 1970 vicli.
1081 1939 1152 1975 ἰδὼν,
1175 1939 1295 1974 συνιδὼν,
1317 1940 1367 1978 qni
1388 1940 1421 1968 in
1442 1944 1598 1977 conspectu

890 1982 972 2013 habet
987 1984 1095 2013 omnia.
1113 1984 1200 2021 cnjus
1220 1981 1353 2011 notionis
1369 1987 1419 2011 est
1435 1986 1465 2010 et
1486 1979 1602 2019 σύνοψις

889 2035 1010 2061 nomen,
1027 2037 1043 2056 a
1054 2025 1253 2064 συνόνωτομαι,
1271 2024 1320 2053 vel
1337 2026 1446 2065 συνορῶ.

932 2087 976 2092 -
995 2071 1048 2099 16.
1074 2067 1212 2109 ἀπωθεῖν]
1239 2066 1377 2103 dormaton,
1400 2068 1449 2098 vel
1474 2066 1600 2105 άπώθω,

890 2113 1021 2143 amolior.

933 2172 975 2180 --
987 2156 1064 2186 ibid.
1079 2153 1190 2207 ἐκεῖσε]
1203 2154 1240 2189 εἷς
1254 2152 1429 2184 Μακεδονίαν.

934 2217 977 2223 -—
994 2202 1044 2229 17.
1061 2198 1131 2240 υπὲρ
1151 2201 1206 2228 τῶν
1228 2197 1356 2238 πολλῶν]
1383 2196 1508 2227 Scilicet
1528 2209 1600 2247 χρη·

890 2243 1006 2284 μάτων,
1025 2241 1221 2284 ὑπαςχὸντων,
1236 2240 1328 2270 ὄντων.
1372 2241 1488 2270 Volunt
1507 2242 1599 2271 etiam

892 2286 1026 2317 πλούσιον
1047 2287 1125 2326 παρα
1147 2287 1197 2315 τῆν
1219 2285 1326 2314 πολλῆν
1346 2282 1451 2320 ουσίαν,
1468 2284 1542 2321 dici,
1565 2289 1598 2314 ut

894 2330 1060 2368 locupletem
1076 2329 1195 2368 aplenis
1209 2329 1319 2358 loculis.

935 2391 979 2396 —
994 2373 1073 2403 ibid.
1085 2375 1178 2406 καλῶς
1195 2370 1348 2410 ποιοῦντες]
1367 2369 1599 2412 benefacientes.

894 2417 962 2456 Ego
986 2417 1036 2446 hic
1056 2426 1113 2445 non
1136 2414 1256 2454 accipio
1279 2424 1335 2453 pro
1359 2414 1498 2455 εὐτυχεῖν,
1518 2415 1600 2453 quod

895 2460 995 2490 Latini
1015 2468 1226 2497 nonnunquam
1250 2458 1356 2487 dicunt
1370 2457 1522 2498 facillime
1537 2458 1604 2498 agi-

895 2510 969 2532 tare:
990 2503 1043 2532 sed
1058 2502 1218 2532 formulam
1235 2511 1303 2530 esse
1317 2506 1402 2540 puto,
1417 2511 1476 2540 qua
1489 2510 1604 2539 expro-

895 2546 1041 2575 brationis
1050 2550 1082 2574 et
1090 2544 1265 2575 invidentiae
1277 2543 1484 2583 suspicionem
1494 2544 1604 2583 depre-

896 2596 993 2619 cetur.
1014 2588 1100 2628 quasi
1123 2588 1226 2618 dicat:
1250 2587 1337 2624 Quas
1362 2597 1437 2626 opes
1460 2587 1602 2626 equidem

898 2634 942 2662 eis
958 2643 1015 2662 non
1031 2631 1165 2661 invideo.
1186 2632 1217 2661 id
1234 2633 1314 2671 quod
1337 2630 1524 2671 paupercula
1540 2630 1606 2669 ple-

899 2676 1006 2705 becula
1027 2675 1113 2711 facit,
1129 2675 1278 2705 divitibus
1301 2675 1473 2704 obtrectare
1493 2673 1583 2702 solita
1600 2681 1607 2700 t

899 2719 964 2749 sine
988 2728 1116 2758 quorum
1140 2729 1199 2758 ope
1223 2724 1321 2748 tamen
1345 2717 1452 2747 vivere
1473 2726 1533 2745 non
1551 2725 1604 2755 po-

899 2767 972 2797 test,
985 2761 1148 2801 tranquillo
1164 2762 1341 2801 reipublicae
1357 2765 1448 2790 statu
1483 2759 1534 2787 Sic
1550 2758 1607 2787 Ci-

899 2815 971 2836 cero
995 2806 1025 2835 in
1049 2804 1186 2835 Verrinis
1213 2805 1388 2844 aliquoties,
1411 2811 1501 2840 quum
1530 2801 1606 2830 clari

900 2849 959 2879 viri
983 2849 1165 2878 mentionem
1182 2849 1267 2882 facit,
1284 2848 1338 2877 hac
1354 2842 1527 2884 parenthesi
1544 2844 1606 2873 uti-

900 2897 969 2922 tur:
994 2895 1017 2910 ‘¹
1034 2893 1145 2931 Quem,
1175 2897 1206 2921 ut
1237 2893 1303 2928 ejus
1329 2890 1427 2918 virtus
1458 2890 1604 2922 meretur,

899 2935 1026 2965 honoris
1051 2945 1145 2965 causa
1172 2934 1306 2964 nomino.
1310 2931 1327 2944 ”
1372 2931 1427 2960 Est
1452 2929 1604 2959 interdum

900 2978 1142 3018 approbationis,
1158 2982 1191 3007 ut
1209 2976 1289 3016 apud
1310 2973 1477 3004 Lucianum
1498 2972 1526 3001 in
1542 2972 1606 3002 luu-

901 3021 1025 3052 datione
1038 3019 1283 3052 Demosthenis:
1308 3017 1354 3047 καὶ
1372 3018 1466 3050 καλῶς
1483 3025 1527 3052 γε,
1545 3014 1611 3055 ἔφη,
