1931 3323
301 229 387 272 362

305 338 412 364 noster
422 333 560 374 explicat
572 334 798 364 Demosthenes
808 334 879 375 [pro
891 334 1022 363 Corona.

307 389 338 417 p.
356 380 431 409 ⁶236.
449 379 497 408 ed.
514 377 642 418 Reisk]
666 376 708 407 ἵνα
727 380 769 418 μὴ
791 378 861 419 δεῦρο
883 377 1024 415 ἀπαγγει-

308 422 419 451 λάντων
433 421 534 457 αὐτᾶν,
552 420 597 451 δ’τι
618 420 724 460 μέλλει
747 420 793 450 καὶ
810 419 1024 461 παρασκευάζε-

308 476 360 494 ται
384 464 568 505 πορεύεσθαι,
591 463 730 503 ἐξέλθοιτε
758 465 851 503 ὑμεῖς,
877 464 923 492 καὶ
949 473 1025 502 πεζι-

309 507 488 542 πλεύσαντες
507 510 575 542 ταῖς
598 508 730 549 τριήρεσιν
752 508 790 540 εἷς
811 507 907 540 Πύλας
922 506 1026 546 ὥσπερ

310 550 448 592 πρότεξον,
474 552 521 605 [Ρ.
537 554 568 583 8.
585 553 634 582 ed.
650 550 705 590 D.]
726 549 867 580 κλείσοιτε
887 549 919 579 τὲ
923 561 934 579 ν
959 560 1026 589 ‘nog-

310 594 397 633 θμόν.
422 596 444 624 i.
468 598 517 627 τὴν
539 594 628 630 δίοδον,
654 586 823 624 transitum.
869 593 920 622 Sic
944 593 1026 632 apud

311 638 494 668 Strabonem
529 645 601 668 14125
603 650 666 672 ιιαε
701 644 730 666 et
762 634 887 669 Κιλικίας
917 635 1016 669 Πύλας
1005 658 1027 671 ,,

312 692 381 720 quae
405 687 477 712 sunt
498 682 634 711 locorum
657 680 806 718 angustiae
833 679 870 719 [l.
886 678 980 708 XIV.
995 689 1025 718 p.

312 727 387 756 994.
411 725 494 755 Alm.
512 726 537 754 Ι.
552 736 583 764 p.
600 723 699 763 103.].
743 723 803 752 Sed
827 724 866 751 de
880 722 1028 751 Thermo-

311 769 395 808 pylis
421 769 452 798 in
468 768 603 798 oratione
628 766 758 795 dicetur.
803 765 911 795 Livius
928 765 964 805 [l.
981 765 1028 794 Χ.

312 822 340 841 ο.
358 812 404 853 9.]
420 823 426 840 z
459 812 479 828 “
498 811 732 840 Circumvectus
758 808 846 840 inde,
861 808 1029 837 Brundusii

311 851 590 894 pronrontorium,”
615 850 825 893 τσεριωλεύσας
845 850 879 880 τὸ
902 851 1029 891 ἀκρωτή-

309 909 370 940 prov.

356 959 397 964 —
414 943 444 971 8.
468 952 501 969 το
516 942 570 969 τῶν
587 937 722 969 (ιδιινκὲανς
712 938 788 971 ἐ’ςθνο
800 937 964 967 ἀνάστατον
976 948 1029 968 πε-

312 983 422 1025 ποέηκε]
441 982 554 1013 sedibus
567 983 690 1021 expulit.
716 982 895 1012 Herodotus
912 980 982 1021 [lib.
999 984 1029 1011 1.

314 1030 364 1058 15.
382 1038 412 1065 Ρ.
430 1029 461 1057 8.
477 1026 527 1056 ed.
542 1027 649 1056 Wess.
654 1027 667 1067 ]
693 1025 741 1056 ἐπὶ
766 1024 866 1055 τούτου
890 1024 1030 1066 τυραννεύ-

310 1082 385 1105 οντος
401 1068 525 1110 Σαρδίων,
538 1069 688 1110 Κιμμέριοι
704 1068 735 1107 ἐξ
746 1066 847 1099 ἠθέων
838 1080 890 1099 υπο
903 1067 1032 1098 Σκυθεων

310 1116 367 1143 τῶν
387 1113 512 1153 νομάδων
533 1112 754 1152 ἐξαναστάντες,
776 1111 951 1142 ἀπικέατο.
942 1110 969 1145 ’ς
982 1109 1030 1141 ’A-

312 1156 382 1193 σίην,
397 1157 446 1187 καὶ
462 1156 560 1197 Σάςδις
574 1158 655 1187 ωλῆν
668 1154 831 1197 ἀκροπόλιος
844 1151 926 1185 ειλον.
950 1154 1029 1185 Cim-

312 1202 396 1230 merii
412 1200 524 1230 sedibus
532 1200 611 1240 pulsi
622 1212 640 1230 a
652 1199 770 1239 Scythis
786 1199 968 1233 nomadibus,
984 1208 1030 1228 ve-

312 1254 381 1273 nere
393 1245 425 1273 in
437 1243 547 1273 Asiam.
571 1234 768 1282 Thucydides
786 1241 855 1282 [lib.
872 1246 902 1273 4.
917 1253 944 1271 c.
959 1241 1029 1283 54.]

311 1285 473 1318 ἀνέστησαν
487 1288 540 1327 γὰρ
552 1287 573 1317 οἱ
589 1285 712 1317 ’ῗΑθηνα
711 1299 732 1316 οι
744 1284 902 1327 Κυθηρίους.
926 1285 1031 1315 Schol.

311 1329 478 1370 μετώκισαν
501 1331 568 1371 [Ita
585 1331 649 1370 jam
671 1334 842 1360 correctum
863 1332 911 1358 est
932 1329 962 1358 in
981 1329 1030 1358 ed.

311 1374 428 1404 Baver.
446 1385 478 1414 p.
496 1377 570 1406 599.
588 1378 610 1403 t.
625 1375 652 1403 Ι.
676 1375 782 1404 Bzess.
785 1372 800 1413 ]
823 1383 882 1402 non
899 1370 1031 1411 μετοίκη-

310 1428 377 1453 σαν,
390 1422 424 1447 ut
439 1416 556 1447 editum
574 1423 632 1447 est.
678 1418 750 1447 Hoc
770 1416 850 1446 euim
871 1414 1032 1446 ἀνέστησαν

311 1461 417 1491 aorist.
443 1461 571 1500 primns,
596 1460 675 1491 illud
701 1460 871 1494 secundus,
897 1456 955 1488 ἀπᾶ
981 1470 1031 1488 του

309 1503 416 1533 ἀνέστη
432 1503 603 1535 ἀνέστησαν.
649 1503 734 1533 Hinc
752 1505 766 1534 ἦ
787 1500 957 1544 μετοικεσία
975 1508 1031 1532 Βα-

308 1547 431 1584 βυλῶνος
446 1548 574 1589 [Matth.
592 1548 612 1577 i.
631 1548 697 1589 11.]
724 1552 772 1577 est
786 1547 959 1582 ἀνάστασις,
975 1547 1030 1575 mi-

309 1591 419 1632 gratio.
456 1592 543 1631 Virg.
572 1590 660 1631 [Ecl.
681 1592 726 1621 ix.
741 1589 790 1631 4.]
823 1595 844 1608 “
856 1591 935 1620 Haec
963 1600 1031 1619 mea

311 1639 394 1670 sunt,
418 1640 541 1665 veteres
564 1635 694 1674 migrate
718 1632 830 1664 colom
834 1632 852 1646 ''
889 1635 932 1662 At
946 1633 1029 1672 quod

310 1678 404 1707 Dem.
421 1677 566 1718 [Olynth.
578 1679 624 1708 ΙΙ.
640 1689 672 1717 Ρ.
686 1680 739 1708 18.
756 1677 882 1718 Reisk.]
901 1675 964 1706 εἶτα
980 1688 1031 1710 τνς

309 1720 420 1751 ἑαυτῶν
434 1720 567 1762 πατξίδος
585 1719 703 1761 νομίζων
718 1721 878 1750 ἀνάστασιν
891 1725 971 1757 εἰναι,
988 1719 1029 1749 si-

309 1764 507 1803 gnificatione
521 1764 623 1795 activa
636 1764 845 1794 subversionem
860 1763 1030 1802 accipimus

307 1806 342 1836 ἐκ
356 1819 406 1837 του
422 1809 596 1839 ἀναστησαι.
620 1807 887 1846 Quemadmodum
898 1807 1031 1846 AEschy-

306 1850 358 1881 lus
374 1851 637 1890 Agamemnonem
649 1855 739 1881 vocat
753 1848 930 1891 ἀναστατῆρ’
940 1848 1029 1881 Ἰλίου.

308 1893 437 1934 [Agam.
448 1896 544 1926 1936.
557 1894 721 1929 ubistamen
731 1893 926 1934 ἀναστάτης]
942 1894 1030 1924 Idem

308 1937 439 1978 [Agam.
454 1937 546 1978 598]
573 1937 683 1978 φράζων
707 1937 815 1967 ἅλωσιν
828 1935 908 1967 Ἰλίου
921 1935 950 1966 τ’
965 1938 1031 1967 ἀνά-

309 1992 429 2012 στασιν.
453 1982 519 2011 Cic.
545 1981 600 2021 [ad
617 1981 711 2011 Attio.
726 1981 748 2010 i.
766 1981 819 2011 lib.
837 1983 888 2012 16.
907 1991 939 2020 p.
954 1982 1029 2012 ¹700.

310 2028 334 2054 t.
355 2025 401 2055 ΙΙ.
426 2024 547 2064 Graev.]
593 2029 615 2042 “
630 2026 778 2064 Dymaeos
810 2034 886 2063 agro
913 2023 1030 2062 pulsos,

309 2078 394 2097 mare
414 2068 560 2098 infestum
581 2068 706 2104 habere,
729 2068 771 2097 nil
798 2066 940 2097 mirum.’'
962 2068 1030 2098 ἀνα-

309 2109 474 2146 σταθέντας
501 2113 552 2145 τῆς
575 2112 682 2152 χώρας.
728 2112 821 2148 Quod
851 2111 890 2140 ad
919 2121 1030 2141 nomen

309 2155 436 2184 verbale
452 2155 572 2189 attinet,
587 2156 699 2184 Strabo
725 2154 796 2194 [lib.
808 2155 891 2185 XII.
906 2165 938 2194 p.
956 2156 1029 2186 813.

309 2197 409 2237 Alm.]
426 2198 559 2238 Τιγράνης
568 2198 702 2231 ἅπαντας
711 2197 890 2233 ἀναστάτους
904 2195 1032 2229 ἐποίησεν

309 2241 350 2275 εἷς
364 2239 605 2280 Μεσοποταμίαν,
620 2251 715 2271 omnes
729 2242 898 2271 transtulit.
921 2241 984 2271 Sed
1000 2241 1029 2270 in

311 2295 360 2318 eo,
395 2285 478 2324 quod
510 2286 601 2315 Dem.
633 2284 711 2325 [vagi
741 2295 864 2324 ωαςαπ.
895 2294 926 2323 p.
954 2287 1029 2315 446.

309 2327 438 2369 Reisk.]
454 2329 508 2364 ait,
524 2333 572 2358 est
588 2329 786 2367 metonymia,
801 2327 851 2357 καὶ
865 2328 1031 2361 ἀνάστατος

308 2370 403 2400 αὐτῶν
423 2373 437 2402 ἡ
462 2373 544 2412 χώξα
558 2370 664 2409 γέγονε,
682 2371 770 2410 regio
787 2382 844 2410 pro
858 2370 981 2406 incolis,
997 2376 1032 2401 ut

310 2414 456 2445 Flaccus.
473 2415 572 2455 [Epp.
588 2417 635 2450 ΙΙ,
652 2416 680 2451 1,
698 2414 788 2455 156]
808 2418 828 2432 “
842 2413 965 2444 Graecia
981 2424 1031 2443 ca-

309 2462 364 2496 pta
380 2458 476 2488 serum
493 2460 643 2488 victorem
660 2458 757 2497 cepit,
775 2463 806 2487 et
821 2463 901 2487 artes
918 2457 1031 2487 Intulit

308 2501 425 2539 agresti
440 2501 553 2531 Latio!
546 2500 565 2514 '’
597 2501 769 2553 Spphocles
785 2499 983 2552 [Trachiniis.
1001 2511 1030 2530 v.

307 2545 364 2574 39.
381 2554 404 2572 s.
408 2544 423 2584 ]
450 2545 532 2582 ημεῖς
545 2544 602 2584 μὲν
617 2544 643 2574 ἐν
658 2545 777 2585 Τραχῖνι
792 2542 855 2585 τῇδ’
871 2545 1030 2573 ἀνάστατοι

306 2584 375 2636 ξένῳ
391 2586 459 2625 παρ’
472 2587 544 2626 ἀνδρὶ
559 2586 678 2627 ναίομεν.
710 2587 857 2618 Herculis
874 2597 942 2617 cum
957 2597 1030 2617 con-

304 2631 382 2669 juge
412 2630 451 2658 ob
482 2631 597 2660 caedem
628 2631 727 2669 Iphiti
756 2631 915 2670 Calydone
945 2630 1029 2669 pulsi

308 2673 460 2702 Trachina
470 2677 639 2703 cesserunt.
663 2674 747 2703 Hinc
758 2684 870 2703 novum
887 2674 1027 2710 verbum,

310 2715 358 2755 [p.
375 2719 406 2747 9.
423 2717 473 2746 ed.
490 2716 547 2757 D.]
570 2717 592 2746 οῖ
607 2718 657 2747 τὴν
676 2716 832 2757 οἰκουμένην
854 2718 1028 2747 ἀναστάτω-

308 2770 412 2793 σαντες
431 2759 518 2800 [Aet.
534 2761 585 2789 17.
603 2770 631 2788 v.
647 2760 697 2800 7.]
718 2760 740 2789 i.
755 2761 917 2790 ἀνάστατον
942 2760 1028 2790 wani-

308 2813 422 2836 σαντες.
460 2802 572 2832 Paulus
589 2800 676 2841 [Gal.
692 2804 723 2833 5.
740 2813 768 2832 v.
785 2803 851 2843 1⁶2.]
869 2803 964 2843 ὄφελον
977 2815 1026 2833 και

308 2845 502 2884 ἀποκόψονται
519 2847 542 2876 οἱ
557 2847 785 2879 ἀναστατοῦντες
797 2847 886 2885 ὑμΞς.
921 2847 1025 2876 Beza:

304 2893 326 2906 ‘¹
343 2890 458 2919 utinam
474 2889 738 2925 abscinderentur,
755 2888 807 2928 qui
830 2900 887 2919 vos
905 2889 1026 2928 inquie-

307 2932 404 2962 tant.”
459 2934 576 2963 Vetus:
613 2936 634 2951 “
651 2932 702 2972 qui
729 2942 785 2962 vos
812 2933 1025 2962 conturbant.'’

308 2976 448 3014 Exponit
461 2981 563 3007 autem
576 2976 641 3013 ille,
656 2977 707 3017 qui
727 2986 774 3006 vos
791 2975 907 3005 sedibus
922 2976 1026 3005 vestris

305 3019 432 3057 pellunt.
477 3020 557 3059 Ego,
571 3021 622 3061 qui
637 3030 684 3050 vos
698 3019 733 3049 de
747 3024 828 3048 statu
843 3023 935 3049 vestro
949 3019 1022 3056 deji-

303 3064 398 3092 ciunt.
430 3064 507 3093 Nam
526 3063 778 3104 pseudoapostoli
792 3062 891 3102 legem
907 3062 1019 3102 praedi-

650 224 907 269 DOUNAEI
941 224 1421 268 PRAELECTIONES

1058 332 1313 370 cantes,dejicere
1322 343 1374 364 eos
1382 333 1554 364 nitebantur
1562 333 1600 364 de
1609 333 1679 370 fide,
1686 344 1775 374 quam
1813 335 1816 338 “

1058 375 1261 414 Evangelium
1274 376 1405 406 induxit.
1436 377 1520 407 Illud
1532 379 1680 407 Actorum
1692 379 1776 407 Beza

1059 418 1167 448 vertit:
1178 422 1198 436 '‘
1207 419 1259 457 qui
1269 419 1351 449 orbis
1363 426 1511 450 terrarum
1523 425 1634 450 statum
1646 421 1776 451 subver-

1060 463 1192 491 terunt.'’
1216 462 1443 501 Harpocration
1459 462 1504 504 [p.
1522 466 1574 494 41.
1591 462 1775 503 Blancard.]

1059 505 1322 541 ἀνασκευάσασθαι,
1337 505 1371 535 τὸ
1387 506 1533 546 λεγόμενον
1547 507 1573 538 ἐν
1585 507 1627 546 τῷ
1642 506 1695 547 Βίῳ
1709 507 1776 537 ἀνα-

1059 548 1260 579 στατωὲῐναι.
1305 549 1364 579 Est
1389 550 1470 579 enim
1499 551 1582 590 apud
1608 551 1700 580 Dem.
1728 550 1777 591 [p.

1062 593 1135 624 895.
1154 597 1185 621 et
1202 593 1296 622 1904.
1313 597 1335 622 t.
1354 593 1400 622 ΙΙ.
1418 593 1547 634 Reisk.]
1565 593 1602 623 de
1618 593 1777 632 trapezitis

1062 641 1093 664 et
1108 635 1303 674 argentariis,
1316 635 1514 676 ἀνασκευάζειν
1524 638 1574 667 τήν
1583 635 1738 677 τράπεζαν,
1751 640 1780 665 to

1062 677 1160 714 break,
1177 689 1269 729 quos„
1270 689 1428 716 vocamus,
1445 679 1616 720 bankrupts.
1643 680 1780 719 Chryso-

1063 726 1189 757 stomus,
1220 722 1305 751 τοῦτο
1340 724 1390 754 τῆν
1425 722 1582 763 οἷκουμένην
1616 723 1780 752 ἀνάστατον

1063 761 1188 799 ἐποίησε,
1205 766 1291 794 τοῦτο
1306 766 1404 796 πάντα
1419 765 1543 807 συνέχεε.
1569 767 1660 805 Quod
1677 767 1779 796 Lucas

1065 817 1124 836 uno
1141 808 1246 837 rerho.
1271 809 1429 839 Postremo
1444 811 1517 849 quid
1531 809 1572 840 sit
1582 810 1663 840 hic’
1648 809 1780 840 ανάστα-

1064 862 1121 886 σις,
1138 849 1217 880 illud
1233 851 1394 890 prophetae
1408 853 1513 888 docet,
1531 853 1648 883 ἀνάστα
1667 852 1714 882 και
1731 863 1782 882 πο-

1064 893 1149 933 ρεύου,
1158 892 1202 923 δ’τι
1215 894 1263 924 οὐκ
1272 893 1338 924 ’ἐστι
1350 906 1393 924 σοι
1404 896 1575 932 ἀνάπαυσις,
1585 895 1699 936 [Mich.
1710 905 1779 935 cap.

1066 941 1095 968 2.
1112 947 1143 966 v.
1164 937 1232 977 10.]
1259 947 1330 967 cum
1353 938 1564 977 captivitatem
1589 939 1706 978 populo
1728 939 1782 968 de-

1064 979 1228 1010 nuntiaret.
1271 982 1408 1020 Surgunt
1435 983 1529 1018 enim,
1560 982 1625 1012 suis
1655 981 1783 1012 sedibus

1064 1023 1196 1060 relictis,
1212 1023 1267 1063 qui
1281 1024 1426 1064 migrant.

1108 1085 1151 1089 —
1167 1070 1197 1098 9.
1220 1067 1268 1097 καὶ
1285 1068 1334 1098 τὴν
1349 1071 1404 1098 τῶν
1419 1067 1533 1098 Φωκέων
1547 1067 1574 1099 ἔν
1583 1067 1783 1108 Ἀμφικτύοσι

1063 1110 1173 1151 χώραν]
1199 1111 1259 1149 Qui
1282 1111 1370 1141 locus
1394 1111 1569 1152 praecipuus
1583 1111 1662 1150 suit5
1691 1112 1784 1141 habe-

1067 1155 1137 1183 bant
1157 1153 1236 1183 eninr
1254 1155 1430 1185 Phocenses
1453 1155 1690 1194 praerogativam
1714 1165 1783 1184 ora-

1065 1197 1138 1233 culi,
1147 1198 1196 1228 τῆν
1204 1196 1405 1238 προμαντείαν,
1421 1205 1452 1228 et
1461 1198 1532 1228 bina
1540 1198 1572 1227 in
1579 1198 1783 1238 Amphictyo·

1066 1250 1136 1270 num
1152 1246 1306 1271 conventu
1320 1241 1473 1281 suffragia.
1513 1241 1712 1281 Quapropter
1721 1252 1781 1271 non

1066 1283 1259 1321 dubitabant,
1273 1284 1467 1323 inquitidem
1482 1284 1653 1320 Diodorus,
1669 1283 1783 1325 [XVI.

1066 1327 1135 1368 23]
1158 1326 1235 1357 illud
1251 1327 1284 1357 in
1302 1338 1335 1357 se
1351 1328 1508 1358 decretum
1523 1327 1783 1367 Amphictyonum

1064 1371 1242 1400 rescindere
1254 1382 1261 1400 ε
1285 1371 1387 1405 αὐτοὺς
1401 1373 1455 1410 γᾶς
1467 1370 1502 1400 τό
1516 1369 1633 1400 παλαιὸν
1647 1371 1697 1400 τοῦ
1707 1382 1784 1411 μαν-

1065 1411 1139 1443 τείου
1158 1415 1206 1444 τὶν
1221 1412 1346 1453 ἐξουσίαν
1359 1414 1409 1444 καὶ
1425 1413 1602 1454 πςοστασίαν
1620 1412 1785 1455 ἐσχηκέναι.

1066 1457 1159 1496 Quod
1173 1457 1306 1488 Homeri
1317 1457 1496 1487 testimonio
1509 1457 1667 1486 firmabant
1680 1457 1711 1486 in
1724 1458 1785 1488 Ga-

1065 1501 1171 1540 talogo
1188 1501 1311 1531 navium
1329 1500 1437 1541 [Iliad.
1453 1500 1500 1530 11.
1518 1502 1592 1531 517.
1609 1501 1684 1530 519.
1688 1500 1724 1542 ].
1718 1512 1724 1517 ·

1110 1587 1207 1627 Αὐταρ
1237 1587 1351 1617 Φωκήων
1377 1593 1436 1629 Σχε
1428 1585 1492 1621 ’διος
1517 1587 1566 1617 καὶ
1590 1585 1785 1629 Ἐπίστροφος

1235 1628 1328 1672 ηρχον,

1109 1672 1148 1703 οι
1161 1674 1341 1714 Κυπάρισσον
1359 1672 1435 1715 ἔχον,
1455 1671 1570 1704 Πυθῶνά
1587 1684 1620 1704 τε
1635 1673 1782 1714 πετρήεσ-

1237 1728 1301 1748 σαν.

1065 1804 1169 1844 Pytho
1184 1803 1294 1836 civitas
1311 1809 1371 1840 est,
1387 1804 1504 1844 Delphi
1516 1805 1612 1835 cives.
1633 1804 1680 1835 Ut
1695 1803 1782 1834 Mes-

1066 1858 1147 1878 senae
1163 1848 1193 1878 in
1209 1848 1315 1878 Sicilia
1337 1848 1423 1879 cives
1446 1859 1504 1878 non
1522 1847 1675 1879 Messenii
1696 1847 1782 1877 dioe-

1064 1891 1187 1927 bantur,
1202 1892 1257 1921 sed
1276 1891 1462 1922 Mamertini.
1485 1892 1568 1932 χῶςα
1586 1901 1647 1921 non
1668 1894 1715 1920 est
1730 1890 1781 1920 hic

1064 1935 1158 1975 regim
1173 1935 1227 1964 sed
1246 1935 1333 1965 locus.
1347 1939 1385 1986 pt
1402 1936 1482 1965 κατα
1504 1935 1600 1990 χώραν
1614 1932 1717 1974 μένειν,
1735 1933 1782 1974 [Ρ.

1066 1980 1118 2008 10.
1143 1979 1193 2008 ed.
1210 1979 1266 2019 D.]
1292 1982 1324 2008 et
1345 1976 1391 2008 ἐαν
1411 1979 1492 2008 κατὰ
1514 1980 1621 2020 χώραν.
1640 1987 1694 2007 suo
1725 1977 1786 2007 loco

1065 2031 1194 2058 manere,
1216 2026 1248 2051 et
1270 2023 1328 2052 Ioco
1349 2032 1408 2052 ‘non
1431 2031 1551 2051 monere.
1566 2019 1783 2074 ”Themistiuffi

1065 2064 1108 2094 ἀει
1125 2063 1149 2093 δ’
1164 2063 1190 2094 ἓν
1205 2066 1288 2106 χώρα
1302 2064 1417 2105 δευτέρα
1433 2076 1486 2098 της
1505 2076 1596 2104 τιμης
1616 2063 1771 2103 ιστάμενος
1758 2085 1782 2100 ‚‚

1065 2107 1087 2137 εἰ
1105 2107 1158 2148 ἄρα
1173 2120 1217 2138 σοι
1230 2109 1278 2138 καὶ
1292 2110 1407 2147 μᾶλλον
1419 2109 1433 2138 ἦ
1447 2107 1544 2148 πρώτη
1560 2106 1703 2148 προσήκει.
1731 2106 1783 2136 Sic
1821 2131 1823 2134 .

1065 2151 1156 2181 etiam
1173 2152 1277 2181 Latini
1292 2152 1470 2191 loquuntur.
1499 2150 1610 2181 Livius
1623 2150 1691 2191 [lib.
1708 2151 1738 2180 9.
1755 2161 1783 2180 e.

1065 2194 1134 2236 30.]
1159 2198 1180 2211 “
1191 2195 1320 2225 Tribuni
1331 2195 1463 2224 militum
1475 2203 1492 2223 a
1503 2194 1619 2233 populo
1629 2192 1696 2223 seni
1708 2193 1782 2223 deni

1065 2243 1253 2275 crearentur,
1283 2248 1351 2277 quae
1381 2243 1470 2267 antea
1496 2247 1644 2277 perquam
1673 2236 1781 2275 paucis

1065 2281 1213 2320 suffragio
1228 2281 1335 2321 populi
1355 2281 1472 2310 relictis
1487 2279 1577 2316 locis,
1597 2280 1782 2310 dictatorum

1065 2329 1096 2354 et
1111 2325 1270 2354 consulum
1284 2325 1380 2354 ferme
1396 2327 1482 2354 erant
1496 2323 1654 2353 beneficia.
1657 2321 1677 2335 '’
1721 2323 1781 2353 Est

1064 2366 1161 2407 igitur
1175 2368 1268 2409 χώρα,
1284 2368 1372 2398 locus
1387 2366 1561 2407 dignitatis,
1577 2370 1608 2396 et
1623 2366 1746 2405 gradus.

1107 2428 1151 2433 -—
1161 2415 1212 2442 11.
1224 2411 1252 2441 οὐ
1263 2410 1305 2450 τξῦ
1316 2410 1474 2450 πράγματι
1484 2409 1704 2450 συνιστάμενος]
1720 2408 1783 2439 Cui

1065 2455 1252 2484 contrarium
1276 2458 1324 2484 est
1343 2455 1375 2483 in
1399 2455 1469 2490 fine,
1491 2451 1557 2493 πρὸς
1579 2454 1629 2484 την
1650 2452 1781 2484 τοιαύτην

1065 2497 1195 2527 ὑωονοιαν
1209 2497 1376 2537 ἱστάμενος.
1422 2498 1502 2527 Nam
1520 2495 1635 2535 alioqui
1652 2494 1686 2525 τὸ
1706 2495 1781 2525 συνί-

1065 2540 1203 2571 στασθαι
1219 2541 1372 2580 significat
1383 2542 1532 2571 coitionem
1541 2537 1661 2580 facere,
1682 2542 1716 2568 ut
1729 2538 1781 2569 καὶ

1064 2583 1186 2616 συνέστη
1203 2584 1215 2614 ὅ
1231 2583 1298 2618 λαὸς
1308 2582 1357 2615 ἐπὶ
1372 2582 1486 2625 Ἀαρών.
1499 2582 1617 2632 [Exod.
1627 2583 1679 2612 32.
1690 2592 1720 2611 v.
1733 2582 1780 2623 1.]

1064 2626 1221 2664 σύστασις,
1235 2629 1333 2663 coitio,
1347 2627 1535 2666 conspiratio.
1557 2626 1781 2663 Nonnunquam

1063 2673 1234 2711 congressio,
1264 2676 1298 2701 ut
1329 2671 1412 2710 quod
1443 2669 1488 2699 ait
1514 2667 1660 2699 Comicus
1691 2666 1779 2707 [Ter.

1064 2714 1265 2751 Phormione,
1281 2713 1326 2744 ΙΙ.
1343 2716 1373 2744 2.
1390 2713 1500 2754 32.“]
1515 2711 1617 2751 prima
1628 2709 1721 2740 coitio
1734 2717 1782 2742 est

1063 2757 1231 2788 acerrima.'
1234 2757 1381 2788 'Unde
1372 2769 1386 2787 η
1402 2755 1546 2786 συστάδην
1560 2754 1661 2795 μάχη.

1105 2818 1148 2823 —
1165 2804 1215 2832 12.
1237 2799 1377 2841 μετέχειν
1396 2801 1446 2829 τοῦ
1467 2797 1624 2828 Ἐλληνικοῦ
1646 2795 1751 2838 συνεδξ’
1741 2808 1780 2827 ιου

1060 2843 1107 2874 τὸν
1129 2844 1289 2885 Μακεδόνα]
1314 2842 1511 2881 contemptui
1531 2840 1655 2870 fuerunt
1671 2840 1779 2870 Mace-

1060 2887 1167 2924 dones,
1182 2887 1294 2926 qoibus
1311 2890 1380 2916 ante
1393 2884 1602 2915 Alexandrum
1619 2887 1650 2913 et
1661 2883 1777 2923 Philip-

1058 2940 1132 2969 pum
1157 2931 1243 2960 nulla
1266 2940 1342 2969 gens
1365 2928 1519 2958 humilior.
1541 2924 1596 2956 οὐδ’
1613 2924 1724 2956 ἐτέλουν
1739 2925 1778 2960 εἷς

1058 2985 1122 3007 τους
1129 2971 1280 3008 Ἕλληνας,
1297 2972 1351 3002 sed
1370 2971 1400 3001 in
1417 2969 1554 3001 barbaris
1574 2969 1774 2999 habebantur.

1056 3017 1147 3046 Hanc
1166 3016 1378 3055 indignitatem
1401 3024 1461 3044 non
1484 3015 1541 3043 hac
1563 3011 1687 3052 quidem
1707 3021 1774 3041 ora-

1055 3059 1137 3090 tione
1154 3059 1376 3090 Demosthenes
1391 3057 1456 3100 (hio
1477 3057 1555 3088 euim
1579 3058 1696 3096 pugnat
1716 3064 1772 3095 pro
