1931 3322
411 212 494 254 AD
528 211 895 254 ORATIONEM
929 212 993 254 IN
1028 214 1424 260 LEOCHAREM.

163 320 308 350 debentur
329 328 382 359 per
403 319 490 359 leges-
521 319 652 349 recurrit
678 319 744 349 haec
769 319 875 350 eadem

164 363 262 393 dictio
278 372 309 402 p.
322 364 417 392 1089.
430 365 482 393 12.

208 408 312 435 -21,
324 404 375 444 ὥς]
392 404 496 445 recepi
512 401 541 437 ἧς
556 405 594 434 de
608 415 686 434 meo.
704 415 788 444 qnam
801 415 876 443 pau-

161 453 304 488 pertatem
319 458 364 477 vos
377 457 472 476 omnes
487 450 584 477 nostis.

207 508 252 514 —
277 492 328 521 94.
358 489 536 531 ἀνθρωπίνης]
568 501 636 529 quae
658 501 721 525 res,
748 490 877 520 humana

164 544 232 563 cum
249 533 301 568 sit,
315 539 346 562 et
360 533 501 562 accidere
512 533 560 562 vel
578 533 794 562 honestissimo
811 533 875 562 cui-

163 586 223 616 que
237 576 351 615 possit,
367 575 513 605 dedecori
531 586 599 605 esse
622 586 690 605 meo
714 577 795 614 patri
814 586 873 606 nou

161 619 265 649 debet.

166 674 170 676 ·
203 679 248 685 —-
260 663 311 693 25.
323 662 429 700 ἀνάγκη
445 663 499 701 γὰρ
516 660 667 700 ἦμεξεύειν]
678 661 707 690 in
720 662 873 700 Augusta-

160 714 200 734 no
213 710 260 734 est
273 705 380 742 ἀνάγκη
396 707 450 745 γαρ
458 705 505 734 καὶ
522 703 666 743 ἡμερεύειν.
682 705 760 734 unde
774 705 874 743 possit

159 748 238 778 effici
265 748 371 786 ἀνάγκη
394 749 448 788 γὰρ
470 746 674 786 καθημερεύειν.
696 753 748 776 ant
774 749 872 787 διημε-

159 791 250 831 ςεύειν.
263 791 347 831 quod
362 791 517 830 posterius
528 790 618 819 etiam
632 791 749 820 Simoni
762 792 874 821 Fabri-

159 834 209 863 cio
225 835 255 864 in
272 839 403 864 mentem
420 833 516 863 venit.
560 833 622 862 Sed
643 834 790 863 differunt
805 835 872 864 haec

158 877 221 906 duo
236 877 340 907 verba.
361 876 528 917 διημεςεύειν
539 881 587 906 est
602 881 696 906 totum
712 878 786 906 diem
803 887 871 916 per-

156 929 254 960 agere,
261 920 293 950 in
301 921 367 950 foro
377 930 436 950 e.c.
442 932 450 959 3
458 918 651 959 καθημεξεύειν
660 925 758 950 autem
768 931 872 951 omnes

159 963 237 998 dies,
254 968 404 1003 quotquot
420 967 500 997 sunt,
517 973 618 1001 agere,
628 962 700 992 καθ’
712 963 828 1002 ἡμέραν.

203 1009 300 1041 1082,
316 1010 344 1036 1.
368 1007 425 1035 τῶν
438 1005 582 1046 τοιούτων]
606 1006 780 1046 cujusmodi
801 1013 871 1037 sunt

159 1049 332 1079 Leochares
355 1049 414 1084 hic,
441 1054 471 1079 et
494 1050 560 1087 ejus
579 1053 666 1087 pater
687 1054 718 1079 et
741 1050 870 1088 gentiles

157 1092 321 1131 amicique.
334 1092 382 1121 καὶ
399 1092 562 1131 insequens
580 1091 713 1121 cohaeret
729 1103 796 1122 cum
814 1104 869 1121 σα-

157 1133 300 1176 spio-'rega
321 1135 415 1175 magis
427 1136 516 1165 etiam
529 1133 670 1169 dilucide,
687 1134 785 1165 adhuc
803 1136 869 1174 pla-

155 1187 234 1208 mus.

157 1230 159 1232 ·
197 1237 242 1244 -·
258 1223 290 1251 4.
317 1221 369 1255 τῆς
392 1218 565 1261 μαςτυρίας]
589 1219 709 1250 correxi
733 1222 787 1254 τῆς
810 1220 869 1250 δια-

151 1263 319 1305 μαρτυρίας.
363 1264 464 1294 eausa
472 1264 562 1299 enim,
579 1274 646 1303 quae
659 1264 715 1293 hac
731 1263 868 1294 oratione

153 1307 267 1346 agitur,
287 1311 336 1338 est
359 1317 453 1347 super
475 1305 667 1348 διαμαρτυρίᾳ
691 1307 867 1344 Leocharis,

152 1350 207 1388 qui
237 1350 423 1386 Leochares,
452 1360 507 1389 per
535 1350 701 1380 exhibitam
730 1351 867 1382 archonti

153 1392 368 1434 διαμαρτυρίαν,
389 1404 445 1424 seu
467 1403 523 1433 per
542 1392 803 1432 interpositionem
823 1399 867 1424 te-

153 1436 290 1467 stimonii
305 1437 363 1472 sui,
378 1448 439 1476 quo
456 1436 653 1466 confirmabat
666 1446 697 1465 se
714 1447 820 1466 verum
837 1443 868 1468 et

154 1478 253 1510 solum
270 1480 423 1510 haeredem
439 1481 587 1509 bonorum
608 1478 771 1509 Archiadis
786 1491 867 1516 esse,

152 1520 339 1561 impeditum
353 1522 429 1559 ibat,
445 1533 482 1552 ne
497 1523 710 1552 Aristodemus
723 1523 778 1552 illa
789 1524 868 1554 bona

150 1573 328 1603 possessum
350 1566 420 1602 iret,
436 1571 528 1605 atque
548 1565 607 1595 sibi
625 1565 794 1604 adjudicari
813 1577 865 1597 cn-

150 1613 243 1639 rarei-

194 1668 238 1674 —-
257 1654 289 1683 8.
319 1653 360 1682 τὰ
386 1649 694 1691 διαμεμαρτυρημένα]
726 1662 772 1688 ea,
798 1663 865 1691 quae

150 1693 325 1725 Leochares
348 1695 379 1725 in
400 1705 456 1724 sua
476 1693 675 1734 διαμαρτυρίᾳ,
693 1705 745 1723 seu
761 1696 792 1724 in
809 1706 865 1725 suo

149 1736 256 1768 libello
268 1737 513 1779 intercessionis,
528 1737 698 1772 affirmavit,
717 1747 775 1766 non
791 1748 865 1768 con—

149 1780 278 1811 veniunt
290 1792 360 1812 cum
378 1780 438 1817 his,
454 1791 522 1820 quae
538 1790 618 1810 nunc
632 1779 662 1809 in
679 1781 801 1819 judicio
818 1781 864 1811 di-

148 1827 233 1854 cunt.

192 1883 236 1889 -—
251 1868 304 1897 14.
325 1867 354 1897 οὐ
368 1868 411 1907 μῗι
426 1866 679 1908 παρακρουσθῆτε]
696 1866 729 1896 id
746 1872 805 1904 est,
820 1867 863 1898 οὒ-

148 1907 191 1939 δὲν
202 1908 271 1945 δέος,
287 1910 336 1940 vel
351 1909 423 1939 οὐδὲν
436 1909 590 1950 φοζοῦμαι,
606 1911 648 1950 μὴ
665 1921 788 1949 παρακρ.

143 1957 147 1960 ”
191 1969 234 1975 ——
245 1955 298 1983 24.
312 1953 360 1983 καὶ
375 1952 467 1992 ὅμως]
481 1953 513 1982 id
531 1958 589 1987 est,
602 1953 650 1982 καὶ
667 1951 764 1986 οὕτως.
776 1954 864 1982 etiam

144 1996 186 2026 sic
203 1996 396 2031 concedimus,
418 1995 538 2025 tametsi
561 1996 631 2033 lege
655 2000 687 2025 et
703 1996 773 2033 jure
795 1995 864 2025 stri-

148 2043 199 2068 cto
216 2038 286 2078 cogi
301 2050 359 2069 non
379 2049 542 2078 possemus
565 2039 602 2067 ad
624 2038 656 2068 id
678 2039 862 2069 faciendum.

146 2081 320 2112 palmerius
348 2082 485 2112 Exercit.
510 2092 542 2121 p.
568 2083 642 2112 643.
668 2081 768 2111 aliena
790 2082 819 2112 h.
843 2082 863 2111 Ι.

146 2125 400 2155 comminiscitur.

191 2184 236 2190 ——-
251 2170 303 2199 26.
327 2168 436 2210 τούτῳ]
459 2167 529 2198 scil.
555 2167 598 2207 ⁷5²5
623 2165 689 2197 εῖναι
710 2166 862 2205 ἐγγύτατα

145 2212 227 2241 κατὰ
243 2209 276 2240 τό
293 2209 377 2249 γένος.

189 2257 284 2285 1083.
301 2258 332 2285 8.
359 2253 514 2295 ἐκδιδόασι]
539 2253 608 2284 scil.
633 2254 743 2284 fratres
768 2254 860 2283 modo

145 2297 302 2328 nominati.
317 2308 348 2328 v.
364 2308 396 2337 p.
410 2299 504 2327 1085.
521 2307 591 2336 pen.

190 2357 233 2362 --
246 2342 299 2370 14.
313 2340 358 2379 ›tq-3·
371 2340 499 2381 ἀδελφῷ]
514 2340 580 2370 scil.
597 2339 753 2370 Archiadi.

190 2400 234 2405 ——-
249 2386 301 2414 ΞΟ.
318 2381 349 2422 ἐξ
356 2383 458 2424 αὐτοῦ]
475 2385 562 2413 abest
577 2381 608 2422 ἐξ
624 2384 661 2412 ab
673 2386 861 2422 Augustano.

145 2426 230 2465 quod
251 2426 276 2456 si
293 2426 422 2462 omittis,
443 2436 568 2457 necesse
585 2431 634 2456 est
648 2426 729 2464 αὐτῷ
743 2426 818 2465 legi,
835 2426 861 2455 si

142 2473 296 2505 servatur,
312 2479 440 2499 necesse
452 2474 500 2500 est
515 2468 546 2508 ἐξ
562 2469 655 2499 αὐτῶν
672 2469 744 2508 legi.
757 2479 797 2499 ex
813 2469 862 2499 his

141 2512 278 2547 duobus,
299 2512 465 2542 Aristotele
487 2516 518 2541 et
542 2511 740 2542 Clitomacha.
762 2517 793 2542 et
815 2512 861 2542 sic

143 2554 218 2584 dedi
234 2556 273 2585 de
290 2565 369 2585 meo.

155 2603 159 2608 '
187 2600 284 2629 1084.
303 2601 333 2628 1.
359 2597 484 2639 ποιήσει]
509 2597 591 2628 idem
616 2601 664 2627 est
687 2602 778 2637 atque
801 2597 860 2626 εἶσ-

143 2640 262 2671 ποιήσει.

184 2701 228 2707 -
241 2685 273 2715 5.
290 2684 389 2726 τοῦτο]
407 2688 480 2724 post
496 2683 582 2713 τοῦτο
598 2683 723 2713 videtur
738 2683 792 2717 νῦν,
810 2687 862 2712 aut

142 2728 268 2767 πρῶτον,
281 2727 405 2762 deesse,
422 2732 474 2757 aut
489 2727 627 2767 πρότερον,
643 2731 694 2756 aut
710 2727 751 2754 νῦν
766 2725 823 2756 ἤδη.

159 2784 162 2785 ’
184 2772 268 2801 —6.
283 2769 470 2811 κληρονόμων]
491 2771 529 2799 nil
547 2770 638 2800 video
654 2779 708 2798 cur
724 2768 861 2799 deterius

143 2811 196 2849 sit,
221 2823 323 2852 quam,
351 2814 431 2852 quod
459 2813 628 2844 Lambinus
655 2812 862 2846 commendat,

131 2858 336 2896 κληρονομιῶν,
354 2857 473 2886 tametsi
498 2857 555 2886 hoc
573 2856 664 2885 etiam
683 2855 711 2884 in
730 2857 863 2893 August.

131 2901 197 2928 cst.
221 2900 380 2937 vulgatam
396 2900 421 2929 si
439 2909 554 2934 servas,
571 2899 725 2938 significat
740 2898 861 2937 κρατεῖν,

139 2940 266 2971 obtinere
281 2950 412 2978 causam,
425 2945 538 2972 vincere
541 2942 627 2982 jure.
664 2941 718 2970 Sin
733 2941 860 2974 alteram

138 2982 304 3014 lectionem
329 2985 468 3023 praefers,
484 2985 638 3025 significat
652 2985 806 3023 possidere,
822 2989 862 3013 te-

136 3035 204 3056 nere
220 3025 420 3059 hereditates.
437 3027 562 3069 praetuli
582 3032 680 3059 tamen
698 3026 862 3058 lectionem

183 3078 263 3102 VOL·
295 3079 328 3101 V·

1567 202 1660 261 241¹

910 318 1095 356 Augustani.

953 379 997 384 —-
1012 364 1064 391 19.
1079 363 1101 392 οἱ
1116 363 1196 393 αὐτοὶ
1212 362 1300 407 οὗτοι]
1318 367 1348 397 id
1366 372 1424 405 est,
1441 369 1488 398 καὶ
1507 370 1589 408 ημεῒς
1601 370 1623 400 οἱ

909 403 989 434 αὐτοὶ
1005 402 1094 443 ἐσμὲν
1112 404 1279 443 ἐγγυτάτω.

952 465 994 469 -
1011 450 1061 476 91.
1082 449 1262 490 Λεωκράτου]
1281 451 1345 480 scio
1362 452 1404 480 sie
1422 454 1555 489 formari,
1571 466 1623 485 eo·

909 499 967 527 que
983 490 1107 520 defendi
1126 502 1230 529 posse.
1277 493 1490 525 Verumtamen
1503 499 1622 528 correxi

908 533 1090 572 Λεωκράτους
1104 535 1284 564 constantIae
1300 546 1384 573 ergo,
1401 538 1470 575 quia
1487 540 1530 567 sic
1547 540 1623 570 alibi

908 585 1030 614 semper
1045 583 1201 606 exaratum
1215 578 1349 616 reperio.

950 635 992 640 --
1010 620 1061 648 27.
1085 618 1190 660 γένεσι]
1214 621 1264 655 iis,
1284 621 1335 659 qui
1354 631 1448 659 genus
1464 623 1502 651 ab
1517 624 1619 663 aliquo

908 667 1040 699 coeptum
1068 668 1154 692 rectu
1179 664 1339 702 progeniei
1368 665 1512 694 masculae
1539 666 1622 697 linea

906 705 1096 735 continuant.

950 749 1046 778 1085.
1064 751 1114 778 10.
1135 747 1276 789 νομίμων]
1293 749 1418 779 videtur
1434 750 1543 780 melius
1559 751 1587 782 h.
1601 753 1620 782 Ι.
1668 770 1672 775 ·

907 800 1072 820 convenire
1086 802 1185 829 νσμων.

948 851 990 856 —-
1007 837 1057 863 11.
1082 833 1124 874 ἣν]
1152 834 1320 873 reciperem
1335 846 1359 864 .e
1384 835 1519 874 margine
1547 837 1620 867 Lut.

905 878 1023 911 ταύτην,
1041 878 1067 906 si
1083 877 1158 906 satis
1174 878 1301 916 probata
1314 883 1397 908 esset
1413 878 1497 907 illius
1511 880 1621 918 margi-

906 919 952 948 nis
968 919 1144 949 auctoritas·
1161 921 1189 949 ἓν
1207 922 1332 960 quidem
1347 921 1492 951 vitiosum
1513 927 1572 957 est,
1589 929 1620 952 et

905 961 935 990 in
951 973 988 991 eo
1008 967 1060 993 aut
1078 963 1185 993 ταύτην
1201 963 1284 999 latet,
1306 969 1357 995 aut
1373 965 1424 994 νῦν.
1448 965 1529 1003 quod
1547 966 1619 995 sub-

900 1005 974 1043 jeci.

947 1065 990 1070 --
1007 1050 1059 1079 12.
1076 1047 1185 1089 παιδὸς]
1203 1049 1235 1079 id
1252 1055 1309 1085 est,
1321 1050 1419 1080 adhuc
1434 1061 1534 1089 puero,
1546 1061 1618 1081 non-

903 1090 976 1119 dum
991 1091 1105 1121 adulto.
1122 1091 1204 1121 idem
1218 1093 1298 1131 quod
1311 1092 1470 1127 Βούπαιδος.
1487 1094 1518 1123 id
1536 1095 1619 1132 quod

905 1133 1028 1171 subjicit
1052 1144 1120 1164 euru
1146 1135 1306 1174 improlem
1331 1137 1513 1166 decessisse.
1540 1136 1617 1167 alias

902 1181 1011 1214 posset
1026 1176 1146 1211 ἄπαιδος
1159 1178 1279 1216 conjici.
1298 1189 1329 1209 v.
1345 1189 1374 1218 p.
1389 1182 1487 1209 1088.
1502 1183 1529 1209 1.

946 1237 987 1242 -—
1004 1223 1055 1252 19.
1071 1220 1174 1262 αὐτῆς]
1190 1221 1292 1250 malim
1306 1222 1426 1255 ταύτης.

949 1265 1042 1294 1086.
1069 1265 1101 1292 7.
1131 1264 1259 1304 'rom-ovi]
1291 1265 1493 1300 Aristodemi,
1522 1265 1618 1304 patris

901 1305 972 1335 mei.
1003 1317 1070 1336 nam
1100 1306 1194 1343 filius,
1226 1306 1414 1338 Aristoteles
1443 1309 1560 1343 dictus,
1586 1309 1618 1339 ni

901 1347 1001 1384 fallor,
1020 1359 1077 1388 pro
1088 1355 1187 1389 patre,
1197 1350 1324 1380 dicendi
1338 1351 1419 1381 haud
1433 1356 1532 1386 suem,
1547 1361 1618 1381 cau-

902 1401 966 1421 sam
981 1393 1056 1431 agit.

945 1437 1041 1466 1087.
1066 1438 1098 1466 4.
1126 1436 1186 1470 τοῖς
1210 1437 1262 1476 γὰρ
1286 1438 1369 1475 μετὰ
1391 1437 1488 1467 ταῦτα
1514 1437 1551 1467 ad
1577 1437 1617 1466 31-

900 1478 1029 1519 κασταὶ]
1055 1483 1127 1508 sunt
1148 1479 1179 1508 in
1206 1480 1380 1519 parenthesi
1404 1480 1517 1518 posita.
1541 1491 1616 1519 qua-

900 1525 1029 1560 propter
1043 1523 1098 1562 γιὶρ
1115 1532 1204 1551 versu
1223 1523 1253 1552 5.
1270 1522 1372 1552 malim
1390 1523 1508 1553 abesse.
1555 1524 1614 1553 Sed

900 1568 1000 1599 erunt,
1015 1566 1127 1603 quibus
1150 1564 1182 1595 id
1206 1564 1250 1594 ibi
1266 1565 1423 1604 eleganter
1442 1566 1616 1596 redundare

900 1606 1051 1637 videatur.

941 1667 985 1673 —
997 1653 1049 1680 10.
1072 1651 1127 1679 τῶν
1142 1651 1325 1690 πραγμάτων
1340 1651 1401 1691 περὶ
1418 1663 1448 1681 τ.
1464 1651 1531 1691 uk]
1555 1662 1617 1680 ma·

898 1692 951 1721 lim
968 1695 1023 1721 τῶν
1038 1694 1221 1733 πραγμάτων
1232 1695 1288 1722 τῶν
1304 1694 1366 1734 περὶ
1379 1692 1425 1723 τὸν
1439 1696 1545 1733 κλῖρον.
1563 1694 1617 1723 ad-

900 1734 963 1764 didi
981 1738 1038 1764 τῶν
1052 1738 1091 1766 de
1109 1747 1190 1772 mec,
1206 1738 1337 1766 subaudi
1353 1736 1551 1776 γεγενημένων,
1565 1743 1616 1768 aut

899 1777 1123 1818 πεπραγμένων.

941 1824 1050 1853 -15,
1076 1820 1198 1861 γνήσιον]
1223 1822 1331 1852 addidi
1355 1822 1523 1853 εἶσποιητόν.
1540 1834 1616 1864 quo-

897 1863 978 1893 niam
1000 1865 1031 1894 in
1053 1865 1234 1904 Augustano
1249 1866 1452 1905 reperiebam,
1469 1866 1518 1895 cui
1542 1877 1616 1896 con-

898 1911 945 1936 tra
966 1908 1074 1945 γνήσιον
1096 1909 1212 1938 deerat.
1255 1907 1424 1938 Censebam
1452 1914 1615 1948 utrumque

898 1950 1037 1990 copulari
1052 1951 1211 1980 commode
1226 1960 1330 1990 posse,
1346 1952 1466 1981 tametsi
1485 1952 1616 1983 alterum

899 1993 1062 2023 sufficeret.

939 2053 982 2059 —-
1005 2040 1056 2068 22.
1080 2035 1382 2077 ἒμπεδοτροφούμενοι]
1411 2037 1534 2067 correxi
1560 2037 1617 2076 ἐμ·

897 2080 1028 2120 παιδοτρ.
1073 2080 1218 2110 Seniores
1239 2080 1269 2109 in
1289 2080 1345 2109 hac
1367 2082 1457 2109 ‹lomo
1473 2086 1559 2110 etex
1580 2091 1616 2110 ea

897 2128 1047 2161 quaestum
1073 2123 1232 2158 facientes.
1253 2123 1393 2162 juniores
1409 2127 1510 2153 autem
1528 2125 1558 2154 iu
1579 2135 1616 2155 ea

896 2165 949 2194 alti
963 2171 995 2195 et
1010 2167 1046 2195 ad
1064 2167 1256 2205 pubertatem
1270 2165 1404 2195 educati.

939 2226 983 2232 -—-
1006 2211 1057 2239 24.
1085 2207 1219 2248 κᾴκείνην]
1251 2209 1334 2238 redit
1360 2209 1398 2238 ad
1425 2209 1614 2247 proximum,

894 2251 965 2281 loco
986 2253 1152 2291 posterius,
1168 2257 1324 2291 paternam
1345 2252 1479 2287 domum,
1507 2252 1617 2283 ταύτην

896 2300 997 2324 autem
1021 2297 1060 2325 ad
1083 2297 1242 2331 remotius,
1263 2295 1426 2325 Archiadis
1450 2295 1617 2325 haeredita-

896 2342 968 2367 tem.
983 2339 1087 2378 paullo
1109 2339 1233 2379 quidem
1257 2338 1388 2367 alienius
1409 2347 1424 2366 a
1446 2348 1531 2367 more
1549 2338 1616 2367 vul-

895 2381 972 2419 gari,
1003 2392 1101 2420 neque
1130 2388 1229 2412 tamen
1262 2381 1328 2410 sine
1355 2380 1508 2420 exemplis
1542 2381 1616 2412 alibi

894 2425 1117 2463 prestantibus.

940 2469 1035 2497 1088.
1053 2472 1083 2498 4.
1097 2466 1149 2497 υἶόν
1164 2466 1311 2507 εἰσποιεῖν]
1330 2477 1374 2496 sc.
1392 2467 1594 2496 Leocharem.

937 2527 979 2533 —
995 2513 1028 2540 7.
1052 2509 1137 2549 γένει]
1161 2509 1262 2539 malim
1288 2509 1367 2548 γόνῳ.
1392 2509 1516 2539 diversa
1536 2509 1615 2539 enim

896 2558 977 2588 sunt=
995 2553 1024 2582 in
1040 2563 1179 2583 sermone
1195 2552 1253 2582 sori
1270 2552 1366 2582 Attici
1388 2552 1524 2592 quidem,
1541 2551 1617 2591 γένος

895 2601 927 2625 et
941 2596 1025 2633 γόνος.
1038 2607 1067 2626 v.
1082 2607 1115 2636 p.
1130 2598 1224 2626 1090.
1239 2597 1291 2628 25.
1303 2595 1437 2634 aliisque
1449 2595 1616 2625 innumeris

894 2638 926 2667 in
944 2639 1028 2669 locis.

937 2700 981 2704 —-
993 2684 1045 2712 w.
1062 2683 1114 2716 τῆς
1128 2683 1181 2721 γὰρ
1195 2680 1291 2715 οὓτίας
1306 2680 1382 2711 ἕνεκα
1396 2680 1447 2711 τὴν
1459 2680 1618 2711 οἰκειότητα

895 2726 950 2754 τῶν
972 2725 1085 2766 ἀνδξῶν]
1116 2725 1189 2754 dedi
1215 2735 1254 2755 ex
1279 2727 1462 2761 Augustano
1490 2725 1542 2756 τῖς
1563 2725 1617 2761 γὰρ

896 2766 990 2801 οὐσίας
1004 2771 1054 2799 τὴν
1069 2767 1241 2803 οἶκειότητα,
1258 2767 1286 2797 οὗ
1301 2770 1358 2796 τῶν
1379 2767 1478 2807 ἀνδρῶν
1490 2783 1532 2789 ——
1549 2775 1618 2804 quae

896 2811 989 2842 lectio
1017 2811 1088 2850 quin
1118 2811 1158 2840 sit
1187 2811 1310 2849 elegans
1338 2814 1368 2839 et
1398 2809 1564 2848 exquisita,
1588 2813 1619 2837 et

897 2854 1047 2884 acuminis
1064 2854 1164 2893 plena,
1188 2863 1277 2883 nemo
1296 2853 1369 2888 erit,
1392 2852 1444 2890 qui
1462 2851 1619 2880 infitietur.

896 2898 1070 2927 conservasti
1093 2896 1334 2928 necessitudinem
1357 2894 1538 2928 substantioe,
1560 2903 1620 2923 non

897 2941 1026 2979 ipsorum
1043 2940 1203 2970 hominum.

942 2985 1037 3014 1089.
1050 2986 1079 3014 9.
1097 2980 1129 3012 τί
1141 2982 1184 3011 σοὶ
1200 2978 1340 3019 ἐλαττοῖ]
1358 2978 1489 3010 mediam
1508 2987 1615 3008 vocem

897 3026 1021 3058 correxi
1040 3026 1087 3057 σύ.
1112 3026 1185 3065 quid
1203 3030 1237 3053 eu.
1258 3020 1441 3054 decurtare?
1464 3020 1538 3062 quid
1560 3019 1615 3052 tibi

892 3072 911 3101 2
937 3079 949 3099 1
