1964 3323
339 187 417 231 132
714 187 749 230 1.
771 187 804 232 I.
825 186 1053 231 REISKE
1082 185 1412 230 ANNOTATA

376 309 419 318 -—
435 296 488 325 20.
509 293 577 324 ἀλλ“
591 293 695 336 ὁτιοῦν]
720 294 878 326 Sententia
891 294 1047 336 postulat.

331 336 414 377 ἄλλῳ
430 336 526 368 ἕτιοῧν.
539 337 660 368 eandem
679 341 851 370 commovisse
864 339 1046 379 indignatio-

330 391 407 415 nem,
422 391 508 420 quam
522 381 577 411 alii
592 382 723 421 cuipiam
731 382 845 420 injuria
858 391 1046 423 quaecunque,

329 424 443 453 etiamsi
455 425 638 464 gravissima,
652 427 850 455 commovisset.

375 484 418 489 -—
440 470 492 497 24
517 467 670 509 ὑπερβολὴ]
699 468 856 499 Sententia
884 468 948 498 haec
976 473 1042 498 est:

329 511 386 540 τῶν
399 512 483 549 μετὰ
494 512 591 540 ταῦτα
601 509 782 552 συμβάντα’
773 512 873 548 εκεῖνα,
883 510 902 542 ἃ
916 511 957 540 νῦν
966 509 1044 550 μέλ-

329 557 372 582 λου
387 551 488 595 λέγειν,
503 552 672 595 ὑπερξάλλει
687 554 792 585 πάντα
807 554 896 593 λόγον.
917 558 990 595 post
1001 554 1042 584 fa-

329 602 448 627 ctorum
469 607 516 634 ea,
537 608 605 637 quae
625 607 704 627 nunc
720 599 975 632 commemorabo,
993 607 1044 628 su-

328 644 437 679 perant
453 650 572 671 omnem
595 640 731 678 modum,
745 645 797 671 aut
816 640 974 676 orationis,
990 645 1043 671 aut

325 681 512 714 insolentiae.

371 726 445 756 520.
461 729 490 757 3.
515 726 590 768 μου]
621 729 726 766 potest
757 725 874 766 ntique,
899 726 1042 764 quamvis

324 768 443 799 duriter
459 776 489 799 et
505 774 622 804 coacte,
637 769 744 799 referri
760 769 796 798 ad
814 772 863 800 τὴν
876 768 947 809 ἱερὰν
960 767 1042 801 ἐσθῆ-

324 823 366 841 τα
387 810 436 841 καὶ
464 825 528 847 τους
551 812 717 852 στεφάνους.
743 811 845 842 malim
867 817 968 842 tamen
990 817 1043 842 aut

325 866 388 893 μοι,
401 860 452 885 aut
467 856 566 896 λάθρα
577 867 645 897 μου.
658 855 725 896 pari
741 855 833 886 modo
847 865 878 886 v.
889 858 920 886 8.
934 856 1042 896 praefe·

324 908 389 928 ram
404 911 456 938 μοι
472 899 620 930 dativum.

367 959 410 963 —
425 945 456 972 5.
467 940 560 972 καίτοι
576 940 697 972 τοιοῦτον
712 938 811 982 οὐδεὶς]
836 938 958 970 correxi
979 939 1040 970 καί·

323 995 367 1013 τοι
381 984 467 1014 τοῦτο’
483 984 511 1024 γ’
526 983 617 1019 οὐδείς.
632 995 700 1014 nam
712 985 788 1014 alias
804 985 929 1015 deesset
941 995 973 1014 τι
989 989 1041 1015 aut

321 1026 395 1057 οὐδὲν
409 1030 447 1057 ad
463 1028 536 1058 τοιο”’
576 1051 583 1063 ,
596 1028 623 1057 εἰ
639 1027 670 1057 id
683 1031 837 1058 servetur.

364 1088 407 1093 —-—
420 1073 451 1101 9.
467 1039 644 1112 anigc'zrnc]
662 1071 746 1102 Gitat
757 1071 788 1101 h.
802 1070 823 1102 l.
842 1070 996 1111 Harpocr.
1008 1082 1037 1101 v.

321 1114 494 1153 Τηλεφάνης.

364 1174 407 1179 ——
420 1158 470 1187 15.
483 1156 565 1197 ata-43
574 1156 682 1198 περιῆν]
699 1157 763 1187 scil.
775 1156 828 1190 τῆς
842 1155 954 1198 ὕβρεως.
971 1161 1039 1188 tan-

320 1204 384 1229 tum
403 1200 560 1231 insolentiae
581 1206 747 1240 supererat,
765 1205 826 1231 tam
849 1201 1039 1231 exuberabat

321 1242 350 1272 ei
367 1244 552 1282 modumque
566 1243 740 1274 excedebat
754 1243 935 1283 petulantia.

361 1303 405 1309 —
420 1289 472 1316 18.
488 1288 528 1316 τοὶ
544 1287 724 1327 παρασκήνια
736 1286 886 1328 φράττων]
910 1286 994 1317 Citat
1009 1287 1038 1317 11.

313 1328 339 1358 l.
357 1329 542 1369 Harpocrat.
555 1341 586 1360 v.
602 1330 793 1369 παρασκήνια.

361 1375 470 1403 -Ξὸ,
497 1371 750 1413 προσδιαφθείρας]
772 1372 872 1402 nullus
895 1371 1037 1402 dubitavi

320 1415 429 1445 Wolfii
445 1417 662 1455 conjecturam,
685 1426 752 1456 quae
773 1415 847 1446 mibi
869 1425 990 1454 quoque
1005 1415 1037 1446 in

319 1464 453 1488 mentem
473 1464 608 1495 venerat,
629 1459 815 1493 adsciscere,
835 1458 903 1488 scil.
925 1458 1037 1498 προδια-

319 1498 441 1542 φθείρας,
458 1502 570 1532 omisso
584 1501 675 1532 sibilo
690 1502 779 1532 initio
793 1502 888 1532 vocis.
905 1501 1036 1540 cumju·

319 1545 395 1574 (lices
414 1546 499 1585 prius
513 1546 697 1585 corrupisset,
712 1556 798 1586 quam
819 1545 860 1574 ad
882 1545 1037 1575 dicendam

317 1588 398 1617 irent
412 1590 593 1618 sententiam.
618 1593 651 1618 ut
667 1589 726 1628 ἰπρδ
750 1589 798 1618 hic
816 1586 877 1618 loci
895 1589 1038 1627 praet'era-

318 1634 368 1660 tur
383 1631 468 1662 alteri
485 1631 700 1671 praepositioni
711 1631 788 1671 πρός,
800 1641 927 1662 necesse
943 1630 1036 1661 etiam

319 1679 369 1702 est
385 1675 425 1704 ob
439 1675 603 1714 insequens
617 1673 755 1705 {witimer
767 1685 797 1705 v.
815 1685 885 1714 pen.
903 1675 967 1708 τοὺς
979 1685 1037 1715 κρι-

318 1718 373 1750 τὰς
383 1717 423 1757 τῷ
435 1718 518 1756 ἀγῶνι
529 1720 583 1747 τῶν
592 1717 701 1757 ἀνδρῶν,
714 1722 761 1748 θ5ῖ
772 1717 899 1748 brevius
909 1717 1036 1754 dictum,

318 1769 376 1798 pro
391 1760 522 1800 integro,
537 1761 602 1794 τοὺς
621 1762 720 1801 κριτᾷς
742 1761 806 1795 τοὺς
820 1759 863 1798 v&
879 1761 963 1798 ἀγῶνι
981 1762 1037 1791 τῶν

317 1803 415 1843 ἀνδρῶν
427 1802 681 1844 ἐπιτεταγμένους,
694 1804 741 1835 vel
757 1803 1035 1844 προστεταγμένους,

307 1846 431 1884 judices
449 1848 603 1878 certamini
621 1848 750 1877 virorum
769 1848 943 1886 prtepositos,
960 1847 990 1878 h.
1008 1858 1036 1878 e.

318 1890 516 1926 constitutos,
541 1895 573 1920 ut
600 1890 639 1920 de
662 1890 792 1920 victoria
816 1890 846 1921 in
870 1890 1036 1921 certamine

320 1931 453 1962 virorum
470 1933 685 1972 pronuncient.

360 1975 434 2006 5⁰21.
446 1977 498 2007 27.
514 1976 602 2018 ἔχων]
614 1974 738 2006 malim*
726 1987 797 2017 εχω,
809 1976 907 2012 habeo,
918 1975 1036 2006 mlndr-

317 2017 428 2049 cativo.
447 2024 478 2049 et
493 2019 538 2049 sic
551 2020 666 2049 dudum
681 2019 817 2049 correxit
828 2019 929 2049 Wolf.
945 2030 1035 2058 quem

317 2067 441 2092 secutus
463 2073 540 2093 sum.
584 2064 620 2092 In
640 2063 761 2093 nomine
785 2062 913 2104 ἔπαρχος
937 2063 1036 2093 adhuc

317 2104 428 2134 haereo.
451 2116 559 2135 nomen
574 2105 671 2136 tribus
688 2105 836 2136 videtur'
827 2116 858 2134 in
875 2116 912 2135 eo
929 2106 1035 2138 latere.

317 2147 354 2176 ln
368 2148 476 2178 codice
493 2150 572 2179 Bav.
590 2154 655 2178 erat
667 2149 789 2188 quidem
807 2148 888 2178 idem
902 2150 1036 2181 vocabu·

317 2190 391 2225 lum,
418 2197 624 2221 verumtamen
651 2202 731 2222 nova
758 2191 897 2230 quaedam
929 2202 1036 2222 manus

318 2243 412 2272 snper
422 2246 435 2273 ς
447 2234 553 2273 siglam
566 2234 649 2264 illam
662 2234 855 2274 appinxerat,
869 2244 936 2272 quae
949 2245 975 2275 ες
987 2245 1035 2265 so-

319 2277 362 2306 let
377 2276 514 2307 iudicare
530 2286 558 2317 Ρ.
574 2278 711 2317 cogitent
726 2277 894 2307 acutiores.
926 2278 1035 2317 Suspi-

317 2325 404 2350 catus
430 2320 594 2360 aliquando
617 2331 683 2350 sum
710 2321 881 2361 Περγασεὺς,
909 2330 926 2350 a
952 2322 1035 2352 tribu

316 2362 474 2403 Πέςγασαι.

359 2408 435 2437 52⁹2.
454 2409 504 2437 19.
519 2405 667 2447 κωλύσας]
683 2411 773 2437 teneo
787 2411 945 2446 tueorque,
958 2412 1035 2438 tam-

319 2449 375 2479 etsi
393 2450 480 2489 Tayl.
495 2450 627 2480 κωλύσων
642 2450 739 2480 malit.

361 2495 435 2523 523.
452 2495 482 2523 5.
499 2493 738 2534 προβάλλεσθαι]
753 2492 794 2523 nil
812 2503 913 2533 causae
931 2493 1035 2531 video,

318 2545 373 2565 cur
394 2536 546 2574 Taylorus
568 2537 617 2566 hic
636 2537 781 2566 aoristum
795 2536 939 2576 praesenti
955 2547 1035 2577 prae—

315 2579 405 2614 ferat,
421 2584 453 2608 et
466 2577 678 2618 *προβαλέσθαι
696 2579 790 2613 malit.

360 2639 401 2644 -—
420 2625 470 2652 10.
494 2633 526 2652 εκ
539 2623 588 2651 τοῦ
603 2621 702 2662 νόμου]
727 2622 879 2662 significat
901 2622 948 2654 τὸν
971 2622 1036 2665 ῖερόν

313 2664 403 2705 νόμον.
420 2665 521 2704 legem
536 2665 576 2695 de
593 2647 779 2707 Dionysiiso‘
770 2677 802 2695 m
816 2667 919 2706 specie
932 2668 1033 2697 latam.

318 2719 348 2738 v.
364 2717 396 2748 p.
412 2708 488 2739 526.

357 2767 400 2774 —-
415 2754 465 2783 13.
476 2749 618 2792 παρόντα]
631 2751 756 2781 malim”
744 2763 820 2781 οντα.
837 2752 982 2783 differre
975 2758 1033 2784 lsta

316 2795 377 2824 duo
390 2794 470 2825 inter
488 2804 520 2824 se
534 2794 687 2825 videntur.
711 2794 835 2835 παρόντα
851 2799 909 2831 est,
925 2794 976 2834 qui
993 2796 1032 2826 ad

316 2848 424 2868 manus
448 2842 508 2873 est,
530 2848 608 2867 unus
631 2837 742 2876 aliquis
766 2849 784 2867 e
808 2838 924 2868 multis.
970 2838 1030 2869 Sed

315 2879 394 2916 ὅντα,
414 2881 465 2921 qui
489 2881 575 2911 solus
598 2886 658 2917 est,
680 2885 793 2920 praeter
817 2891 905 2920 quem
930 2882 1031 2912 nullus

315 2923 393 2954 alius
409 2929 469 2960 est,
485 2924 690 2960 necessarius,
705 2935 721 2953 a
736 2923 804 2964 lege
819 2924 1029 2964 praescriptus.

316 2967 368 2996 Sic
384 2966 485 2997 statim
499 2966 546 2998 τὸν
560 2967 608 2998 οὐκ
622 2966 700 2997 ὄντα,

358 3028 401 3033 -
415 3010 492 3041 ibid.
506 3011 556 3041 τοῦ
570 3012 613 3052 μὴ
630 3009 735 3051 δοῦναι]
750 3010 853 3041 delevi
869 3010 924 3050 μή.
946 3012 1029 3050 quod

1082 294 1205 324 videtur
1214 298 1315 324 natum
1329 305 1346 324 e
1363 294 1494 325 lectione
1506 293 1619 326 vetusti
1630 296 1790 337 cujusdam

1079 336 1202 373 libri‚iu
1217 347 1277 376 quo
1293 338 1432 378 suspicor
1442 338 1555 369 fuisse.
1570 336 1669 379 τρόπον
1677 339 1792 371 τοῦλα-

1077 379 1164 415 Risu*
1152 392 1167 411 η
1182 380 1268 411 δουναι
1281 379 1364 411 δίκην.

1121 441 1164 446 -—
1179 426 1230 453 20.
1242 423 1343 464 τουτο]
1361 423 1386 453 si
1403 424 1479 453 bene
1492 424 1595 460 habet,
1609 428 1659 455 est
1674 434 1730 466 pro
1743 423 1791 456 3ιᾶ

1077 467 1172 497 τοῦτο.
1189 466 1291 497 malim
1307 471 1407 497 tamen
1421 467 1489 504 hoc,
1499 472 1558 518 aut·
1566 479 1676 505 τουτου,
1684 468 1717 499 1d
1731 473 1793 504 est,

1076 507 1155 539 ἕνεκα
1177 521 1288 540 τουτου.
1317 509 1437 541 tametsi
1463 520 1523 547 non
1549 510 1686 550 ignorem
1711 511 1792 542 illud

1077 563 1199 592 quoque
1225 553 1294 583 loco
1319 553 1410 594 hujus
1432 554 1588 604 usurpari:
1615 559 1668 594 aut
1689 554 1791 594 possit

1077 606 1200 636 quoque
1214 607 1271 635 pro
1284 596 1366 626 αὐτὸν
1380 595 1475 635 legi,'
1465 607 1497 626 111
1513 595 1661 636 genitivo,
1678 598 1777 635 αὖτοιι.

1119 640 1193 670 524
1212 643 1241 670 ,1.
1271 636 1350 682 ἐμοὶ]
1376 639 1560 671 invidiosum
1586 639 1680 677 enirn,
1704 641 1735 673 h.
1759 652 1789 671 e.

1076 681 1311 722 ignominiosum
1334 687 1399 713 erat
1424 682 1638 722 Demostheni,
1661 694 1792 724 eumque

1075 724 1106 755 in
1124 726 1228 756 odium
1244 725 1349 765 populi
1361 726 1542 762 adducebat,
1555 725 1580 757 si
1593 725 1768 767 diceretur
1760 737 1791 760 ιιι

1076 778 1170 799 causa
1194 769 1304 805 fuisse,
1318 774 1352 800 ut
1373 769 1479 800 insons
1500 769 1616 800 Midias
1630 768 1790 808 damnare-

1076 817 1136 841 tur.
1169 811 1312 842 videntur
1343 818 1443 843 tamen
1472 812 1665 853 insequentia
1692 813 1791 852 magis

1076 854 1217 891 suadere,
1240 858 1275 885 ut
1297 855 1366 896 ὑμῖν
1388 856 1518 897 legatur.
1546 857 1691 893 invidiam
1716 857 1792 888 vobis

1075 897 1215 938 conflare.

1118 943 1201 972 -4.
1217 939 1276 971 οὐδὲ
1290 941 1356 982 νὰς,
1371 939 1498 981 ἐπειδὰν]
1515 951 1620 979 verum
1633 947 1668 974 ul.
1683 942 1790 979 fatear,

1073 987 1140 1014 tota
1163 983 1229 1014 haee
1253 984 1407 1025 posterior
1428 985 1578 1015 sententia
1597 985 1685 1024 plane
1706 985 1791 1016 idem

1074 1026 1153 1056 dicit
1178 1034 1269 1065 atque
1297 1027 1450 1067 superior,
1474 1032 1504 1058 et
1526 1028 1698 1068 posteriora
1720 1032 1792 1060 sunt

1075 1069 1244 1110 explicatio
1260 1070 1408 1109 priorum.

1115 1130 1159 1136 —
1176 1115 1228 1144 14.
1252 1112 1432 1154 Δημοσθένης
1453 1129 1467 1137 ·
1482 1131 1495 1137 -
1518 1111 1667 1155 ὕέςισται]
1691 1114 1789 1146 oratio

1073 1160 1121 1186 est
1135 1156 1257 1192 Midiae,
1269 1167 1334 1186 rem
1349 1157 1542 1187 extenuantis
1557 1162 1589 1187 et
1600 1158 1639 1188 ad
1655 1162 1790 1188 contem.

1072 1204 1160 1239 ptum
1178 1200 1378 1230 traducentis.
1402 1200 1477 1239 quid
1497 1210 1638 1240 magnum
1658 1201 1790 1240 deliqui,

1072 1243 1282 1274 Demosthene
1298 1243 1518 1274 contumeliose
1530 1244 1714 1275 tractando?
1734 1245 1792 1275 ho-

1072 1286 1152 1316 mine
1167 1291 1227 1316 tam
1245 1285 1300 1316 vili
1315 1290 1345 1316 et
1360 1287 1595 1325 contemnendo.

1115 1347 1158 1351 —
1172 1331 1225 1361 27.
1240 1328 1332 1360 ταύτὸ
1343 1330 1444 1371 τοῦτο]
1462 1330 1494 1360 id
1506 1334 1563 1366 est,
1579 1330 1660 1360 κατὰ
1673 1329 1706 1360 τὸ
1717 1329 1789 1362 αὐτό

1071 1372 1167 1402 τοῦτο.
1181 1382 1299 1412 prorsus
1320 1373 1410 1403 simili
1428 1378 1456 1403 et
1477 1374 1572 1404 eodem
1589 1373 1681 1412 plane
1695 1374 1790 1406 modo.

1071 1416 1260 1446 constructio
1279 1420 1328 1445 est
1343 1415 1429 1446 haec:
1451 1415 1500 1455 καὶ
1519 1416 1607 1447 πάλιν
1622 1425 1655 1455 γε
1670 1414 1704 1445 τὸ
1718 1416 1791 1448 αὐτὸ

1070 1459 1166 1494 τοῦτο,
1177 1457 1222 1489 ἐάν
1236 1470 1282 1492 τις
1294 1456 1340 1488 τόν
1349 1457 1474 1500 ἄρχοντα
1485 1458 1616 1499 πατάξῃ,
1630 1458 1792 1498 ἐστεφανω-

1070 1500 1150 1542 μένον
1166 1501 1223 1542 μὲν
1244 1501 1290 1532 ἐὰν
1305 1502 1425 1544 πατάξῃ
1440 1519 1484 1526 —-
1499 1513 1530 1532 v.
1552 1502 1668 1532 Markl.
1693 1503 1732 1534 ad
1754 1513 1788 1543 p.

1071 1546 1146 1575 526.
1162 1546 1279 1585 penult.
1296 1544 1370 1584 nihil
1384 1545 1480 1586 igitur
1494 1545 1544 1576 hio
1555 1555 1634 1586 opufi
1651 1551 1698 1582 est
1714 1556 1791 1587 sup-

1074 1588 1231 1628 plemento
1248 1589 1356 1627 Lamb.

1114 1633 1189 1663 525.
1200 1635 1230 1662 1.
1243 1630 1357 1671 ταῦτα]
1372 1634 1486 1667 statuta
1493 1634 1580 1671 puta,
1591 1631 1736 1672 legesque
1750 1632 1789 1666 de

1070 1675 1170 1714 poenis
1185 1681 1400 1714 grassatorum.

1113 1734 1155 1740 —-
1172 1718 1249 1748 ibid.
1265 1717 1326 1759 περὶ
1343 1717 1466 1759 τούτων]
1490 1717 1582 1748 Circa
1600 1717 1790 1753 thesmothe·

1070 1764 1130 1797 tas,
1147 1766 1178 1791 et
1190 1762 1364 1791 archontas.

1112 1821 1156 1827 -—
1173 1806 1202 1835 6.
1220 1802 1310 1834 πάνθ’
1322 1802 1392 1844 δ’σα]
1409 1803 1441 1833 id
1457 1807 1517 1839 est,
1531 1805 1611 1834 κατὰ
1627 1803 1725 1835 πάντα
1735 1805 1788 1835 vel

1070 1848 1149 1887 παςιὶ
1162 1848 1270 1878 πάντα.
1286 1846 1409 1881 tame-tsi
1426 1848 1504 1886 παρὰ
1519 1847 1622 1877 malim
1638 1847 1788 1878 additum.

1112 1908 1155 1912 —-
1171 1893 1202 1922 9.
1224 1889 1314 1920 καίτοι
1339 1889 1478 1931 ταύταις]
1501 1888 1604 1920 malim
1626 1890 1675 1920 και
1700 1889 1790 1921 ταῦτ’

1069 1932 1185 1969 αὗταις.
1202 1939 1230 1964 et
1245 1934 1276 1963 id
1290 1933 1406 1973 quidem
1417 1932 1497 1962 illis·
1487 1934 1555 1972 ipsis
1566 1933 1677 1963 diebus.

1113 1979 1223 2008 526&
1203 1991 1235 2008 ο.
1257 1977 1312 2007 ime
1304 1975 1343 2017 ς]
1369 1975 1493 2006 videtur
1513 1972 1681 2006 delendum
1705 1986 1790 2013 esse,

1070 2023 1102 2049 et
1116 2019 1229 2050 inclusi
1246 2020 1332 2049 uncis
1348 2017 1429 2059 ὑπὲρ,
1445 2023 1479 2048 ut
1495 2028 1534 2049 ex
1552 2018 1628 2059 εἶπες
1643 2020 1787 2059 proximo

1069 2062 1148 2100 male
1164 2063 1316 2094 iteratum.
1341 2061 1384 2092 δεῖ
1402 2061 1502 2102 μέλειν
1521 2067 1569 2091 θεῖ
1589 2062 1673 2092 idem
1695 2068 1788 2102 atque

1068 2105 1204 2145 μελήσει.
1225 2111 1277 2136 aut
1299 2108 1404 2145 potest
1424 2104 1470 2134 sic
1490 2105 1598 2134 reddi:
1623 2105 1648 2135 si
1671 2106 1788 2144 quidem

1070 2150 1147 2179 tueri
1162 2148 1252 2187 vultis
1260 2147 1382 2189 famam
1399 2146 1484 2184 hanc,
1499 2153 1536 2177 ut
1551 2148 1694 2179 dicamini
1706 2148 1788 2179 salu.-

1070 2196 1128 2221 tem
1140 2191 1292 2230 publicam
1304 2199 1421 2221 curare.

1113 2252 1156 2257 —
1167 2236 1216 2263 10.
1234 2232 1270 2264 δι’
1282 2232 1393 2274 ἐκεῖνα]
1404 2243 1472 2272 quae
1488 2231 1604 2263 Midias
1615 2232 1698 2263 dicet
1711 2233 1788 2265 alios

1068 2277 1100 2307 in
1117 2277 1194 2308 alios
1207 2277 1430 2307 contumeliosa
1445 2282 1592 2316 patrasse.
1616 2277 1717 2307 Decet
1728 2287 1787 2309 vos

1070 2319 1212 2356 Midiam,
1231 2331 1291 2350 non
1315 2320 1407 2350 modo
1423 2322 1552 2359 propter
1574 2329 1630 2350 sua
1646 2319 1788 2358 crimina,

1070 2363 1125 2393 sed
1141 2363 1231 2394 etiam
1248 2368 1373 2418 propter
1386 2361 1440 2392 illa
1453 2363 1564 2399 aliena,
1579 2362 1699 2402 punire.

1111 2423 1155 2429 —-
1173 2405 1249 2436 ibid.
1271 2404 1302 2448 ᾖ]
1328 2406 1396 2436 scil.
1420 2416 1518 2436 ταυτα
1540 2407 1581 2436 τα
1602 2408 1658 2436 τῶν
1679 2405 1788 2442 ἄλλων.

1068 2449 1251 2489 ἀδικηματα.
1267 2453 1379 2488 quanto
1398 2449 1486 2489 plura
1506 2448 1569 2480 sint
1583 2459 1711 2480 numero
1733 2449 1786 2480 illa

1071 2493 1183 2533 flagitia
1199 2494 1236 2522 ab
1252 2492 1320 2522 aliis
1337 2492 1511 2529 commissa,
1528 2492 1638 2532 quibus
1651 2492 1787 2531 allegan-

1069 2536 1118 2565 dis
1135 2536 1251 2566 Midias
1273 2546 1330 2566 sua
1347 2535 1502 2567 dedecora
1519 2536 1621 2566 velare
1642 2539 1674 2565 et
1688 2545 1784 2565 excu-

1068 2589 1138 2609 sare
1153 2579 1326 2609 conabitur.

1110 2639 1153 2645 ——
1170 2626 1222 2654 18.
1243 2621 1360 2663 ἔφησεν]
1383 2620 1506 2652 correxi
1529 2618 1663 2652 ἔπαισεν.
1709 2621 1785 2652 Sen-

1068 2664 1164 2695 tentia
1191 2671 1260 2695 θεῖε
1289 2664 1464 2696 verberavit
1485 2663 1650 2703 Polyzelus
1673 2665 1787 2703 probe-

1067 2708 1168 2745 drum,
1177 2708 1313 2749 ἁμαρτὼν
1321 2719 1378 2748 per
1389 2717 1533 2742 errorem,
1546 2717 1606 2737 non
1615 2717 1786 2746 agnoscens

1067 2751 1247 2790 dignitatem
1262 2752 1340 2790 ejus,
1357 2751 1414 2782 sed
1425 2750 1516 2781 alium
1530 2749 1661 2788 aliquem
1676 2749 1787 2780 existi-

1066 2805 1150 2825 mans
1162 2805 1242 2831 esse,
1255 2793 1372 2834 φθάσας
1383 2793 1431 2824 τὸν
1444 2790 1593 2832 λογισμόν,
1606 2794 1786 2832 praeveniens

1066 2839 1293 2874 meditationem,
1319 2837 1350 2867 h.
1373 2848 1400 2868 e.
1426 2837 1508 2866 facto
1531 2835 1785 2867 deliberationem

1065 2885 1280 2919 praevertente.
1295 2880 1397 2920 φθάνει
1407 2878 1452 2909 τᾶν
1462 2877 1613 2918 λογισμὸν,
1629 2879 1681 2918 qui
1696 2880 1790 2918 prins

1065 2924 1150 2960 facit,
1181 2930 1342 2963 antequam
1377 2933 1482 2958 secum
1516 2921 1682 2957 deliberet,
1710 2923 1786 2962 quid

1065 2972 1146 3006 agat,
1167 2972 1198 2998 et
1223 2966 1304 2998 sitne
1325 2966 1400 2997 satis
1421 2964 1596 3002 consultum
1617 2975 1728 3005 agere„
1746 2976 1785 2996 an

1065 3010 1160 3041 satius
1185 3010 1336 3042 omittere.
1362 3009 1485 3041 tametsi
1510 3007 1615 3040 malim
1639 3006 1785 3051 φθοσάσῃ

1960 1013 1964 1239 ἕ

1960 1288 1964 1354 ⁴.
