1931 3322
346 196 434 238 AD
468 191 839 236 ORATIONEM
875 190 940 233 ΙΝ
974 193 1284 236 APHOBUM
1320 193 1356 235 I.

163 323 204 328 —
219 307 270 337 15.
287 300 381 345 οὗτος]
399 303 559 343 Aphobus.

161 366 204 372 —
222 351 274 378 17.
285 347 392 388 αὐτὰς]
410 345 532 376 correxi
545 344 653 380 αὐτοῖς,
671 344 740 380 illis,
750 343 834 383 judi-

119 392 207 422 cibus
223 396 308 430 puta.

161 452 204 458 —-
219 437 271 465 21.
297 432 392 466 ἄλλως
406 431 477 472 ὁμοῦ
498 431 649 472 τςιάκοντα.
666 430 756 472 μνᾶς]
781 429 835 459 tri-

119 477 204 516 ginta
231 475 380 506 minarum
412 485 503 504 usura
532 474 717 504 draclimalis
738 483 836 503 annua

117 520 312 552 conticit-‘2⁸60
324 519 495 548 drachmas.
530 517 608 547 Haec
620 517 716 547 octies
725 516 836 546 iterata

119 562 335 593 000110113040
352 562 523 596 drachmas,
535 571 590 590 seu
601 559 728 600 triginta
741 560 836 589 minas

119 616 187 636 cum
209 615 342 635 excessu
364 607 407 636 40
429 604 652 634 drachmarum.
668 603 748 633 unde
765 613 836 633 cou-

118 653 179 679 stat
193 648 263 688 ὁμοῦ
274 648 445 688 siguificare
460 647 592 682 circiter,
603 651 837 686 prtem-prepter,

119 702 187 722 cum
215 692 349 732 pauculo
378 690 509 730 quodam
539 694 590 720 aut
620 690 756 725 defectu,
785 694 838 719 aut

119 745 262 765 excessu.
282 745 341 765 non
357 744 479 773 semper
493 737 605 763 exacte
621 742 768 763 summam
782 743 837 772 po-

119 779 208 808 sitam
223 784 334 818 aequat‚
345 787 446 818 neque
460 787 583 816 semper
596 776 674 806 infra
686 786 752 807 earu
766 778 838 806 sub-

119 821 204 859 sidit,
220 821 303 861 qnod
316 826 388 851 sunt
397 820 449 860 qui
463 819 582 860 opinati
591 820 664 856 sint,
676 821 731 850 sed
745 821 836 852 etiam

118 865 198 895 ultra
213 874 363 895 summam
381 865 483 894 datam
495 863 641 901 assurgit.

165 926 204 930 —-
213 909 266 939 23-
282 907 412 948 τέτταρα
428 906 577 947 τάλαντα]
593 906 656 937 imo
669 917 745 938 vero
757 910 778 937 4
791 911 837 936 ta-

117 952 210 987 lema,
227 961 296 989 cum
315 954 354 983 16
377 950 477 981 minis.
516 950 674 980 Ponamus
688 949 836 980 calculos.

163 997 285 1024 Samma
300 995 442 1034 superius
460 998 647 1032 computata.
673 996 694 1025 3
711 994 836 1028 talenta,

161 1041 202 1068 15
227 1039 330 1074 mium,
354 1040 396 1069 20
421 1037 557 1067 drachm.
579 1046 696 1067 annuus
718 1037 837 1066 reditus

161 1081 291 1112 officinae
317 1091 374 1121 per
405 1080 557 1110 biennium
585 1083 762 1119 percepturi,
794 1081 837 1110 30

160 1124 262 1161 minae,
279 1126 321 1154 40
336 1125 384 1153 dr.
401 1134 490 1153 usura
506 1123 646 1153 octennis
661 1123 767 1153 harum
782 1123 837 1152 tri-

161 1167 245 1207 ginta
261 1167 411 1197 minarum
427 1168 470 1197 30
486 1166 587 1202 minae,
603 1168 646 1196 40
662 1167 798 1196 drachin.

119 1210 263 1242 Confiunt
277 1212 300 1241 4
314 1210 438 1245 talenta,
460 1212 499 1241 16
517 1208 615 1239 minae.

161 1270 205 1277 --
228 1255 281 1284 24.
303 1255 354 1283 σὺν
374 1254 435 1286 τοῖς
459 1251 602 1293 ἄρχαίοις]
630 1252 698 1282 vult
720 1252 838 1288 dicere,

120 1307 227 1327 usuras
242 1307 312 1327 cum
327 1297 446 1336 capite;
469 1302 502 1326 ut
526 1296 630 1326 dotem
647 1296 753 1326 matris
769 1307 838 1326 cum

70 1372 73 1375 ,
119 1340 242 1378 usuris3
263 1340 337 1370 item
353 1339 481 1380 triginta
497 1339 593 1369 minas
608 1339 727 1369 reditus
745 1339 839 1369 annui

117 1394 159 1414 ex
171 1383 291 1414 officina
301 1383 452 1425 percepti,
467 1393 537 1412 cum
551 1382 652 1412 usuris
663 1393 718 1422 per
732 1387 840 1413 octen-

119 1437 215 1457 1111101.

163 1472 236 1500 821.
262 1471 293 1500 6.
318 1467 414 1499 ἕνδεκα.
437 1468 545 1510 ἔτεσιν]
571 1469 693 1499 correxi
719 1468 744 1499 ἐν
771 1468 840 1499 δέκα.

117 1514 222 1543 ἔτεσιν.
251 1513 350 1542 tribus
379 1512 547 1543 vocabulis.
584 1513 706 1552 planius
738 1517 840 1543 tamen

119 1556 252 1586 dixisset
263 1555 290 1586 ἐν
304 1556 365 1590 τοῖς
381 1556 448 1585 δέκα
463 1555 566 1592 ἔτεσιν,
583 1560 616 1586 ut
629 1567 661 1595 p.
678 1558 754 1587 324.
769 1557 825 1586 ult.

159 1617 202 1622 --
224 1602 274 1630 11.
304 1599 484 1640 καινότατον]
513 1599 638 1629 correxi
667 1600 838 1635 κενώτατον,

121 1652 320 1673 vanissimum.

160 1689 270 1718 -19,
295 1686 308 1716 ὁ
332 1685 463 1727 ὑποθεὶς]
489 1686 659 1717 Moeriades
679 1689 737 1716 est.
754 1696 783 1716 v.
808 1696 840 1725 p.

120 1731 196 1760 822.
207 1731 238 1759 2.

161 1790 205 1796 --
221 1774 273 1803 13.
289 1770 410 1813 ἐράνους]
439 1771 619 1802 collationes
634 1772 745 1802 multas
763 1772 841 1801 omi-

121 1815 161 1846 sit
177 1815 368 1855 dependere,
383 1825 423 1845 ex
443 1826 481 1845 eo
501 1826 612 1855 genere
629 1815 839 1852 collationum,

118 1869 188 1898 quae
203 1858 328 1899 publico
345 1857 452 1888 aerario
476 1859 712 1889 conferebantur
736 1869 840 1890 neces-

120 1902 202 1931 sario
232 1911 250 1931 a
277 1901 398 1931 civibus
426 1902 555 1940 siugulis
583 1902 623 1932 ad
650 1902 841 1932 sublevanda

121 1955 215 1975 onera
229 1945 309 1984 reip.
326 1949 359 1974 ut
371 1955 398 1975 e.
412 1954 440 1974 c.
454 1946 490 1974 ad
504 1946 631 1975 alendos
647 1946 816 1975 exercitus.

162 2005 206 2011 —
222 1989 274 2017 17.
297 1986 312 2018 ἢ
337 1986 403 2027 πςός
423 1999 486 2018 τινα.
506 1986 580 2018 δίκην
597 1987 666 2019 iia-r.
682 1998 716 2018 π.
730 1988 839 2029 αὐτῶν]

118 2036 174 2061 aut
199 2031 337 2061 adversus
359 2041 443 2071 quem
464 2042 552 2061 causa
571 2032 731 2062 ceciderint
752 2042 841 2072 super

120 2074 173 2111 his,
192 2074 295 2114 operis
311 2078 398 2112 puta,
415 2085 469 2104 seu
483 2074 655 2114 mancipiis.

162 2135 205 2141 —
221 2120 273 2148 ⁶20.
292 2115 329 2150 οἷς
343 2116 414 2147 οὐδὲν
429 2117 560 2158 προσ-ἥκει
581 2117 746 2158 φροντίζειν]
771 2128 840 2147 001-

119 2161 186 2190 rexi
201 2159 232 2195 ἧς
247 2159 320 2191 οὐδὲν
334 2162 454 2201 προσ-ἧκε
477 2168 525 2201 φξ.
553 2161 639 2200 prius
656 2162 792 2201 quidem,
807 2159 839 2195 ἷς

121 2208 206 2243 puta,
222 2215 239 2234 e
255 2203 357 2238 libris,
371 2204 428 2233 boc
445 2214 530 2239 vero,
548 2205 680 2245 προσῆκε,
695 2215 735 2234 ex
753 2205 838 2244 inge-

119 2247 171 2277 nio
186 2257 266 2277 meo.
289 2248 378 2284 cujus
400 2247 562 2289 [nequitiae
585 2253 671 2287 puta,
695 2246 838 2288 πονηρίας]

120 2290 271 2320 rationem
287 2290 414 2326 nullam,
430 2301 483 2320 seu
500 2301 590 2330 quam
611 2292 838 2331 improbitatem

119 2333 250 2364 hominis
271 2333 362 2364 flocci
387 2344 444 2363 non
467 2335 566 2364 facere
589 2345 643 2364 eos
666 2335 839 2375 oportebat.

122 2377 184 2406 Sed
207 2381 240 2406 et
260 2377 385 2416 vulgata
408 2387 529 2407 sensum
554 2378 607 2408 dat
630 2378 710 2408 haud
733 2379 841 2408 absur-

119 2421 204 2450 dum.
228 2420 331 2450 etevat
356 2421 572 2451 auctoritatem
598 2421 734 2458 testium,
761 2433 840 2462 quos

119 2470 212 2503 negat
227 2463 389 2503 quicquam
413 2474 549 2499 curasse,
566 2465 638 2504 quid
655 2465 757 2495 testati
774 2466 841 2495 fue-

120 2506 192 2543 rint,
210 2516 314 2536 verum
340 2517 377 2536 an
401 2507 521 2543 falsum,
536 2509 607 2546 quia
630 2513 691 2538 tam
710 2508 786 2539 viles
808 2513 841 2539 et

122 2560 272 2590 pauperes
299 2554 331 2580 et
351 2550 438 2580 leves
463 2551 604 2587 fuissent,
629 2557 663 2581 ut
682 2562 841 2590 poenarum

121 2593 195 2623 nibil
212 2593 290 2633 ipsis
305 2593 438 2623 essetde
455 2594 530 2623 salso
546 2594 722 2624 testimonio
740 2596 841 2634 perhi-

123 2636 189 2667 bito
204 2637 386 2667 timendum.

162 2697 206 2704 ——
220 2682 271 2710 22.
289 2679 396 2721 αὐτῶν]
412 2680 438 2709 51
458 2681 536 2710 bene
549 2681 651 2716 habet,
669 2681 841 2721 significat:

124 2722 199 2753 nihil
214 2727 302 2754 erant
317 2724 559 2763 praetermissuri
575 2734 680 2754 00111111
695 2725 842 2761 omnium,

122 2776 191 2805 quae
214 2766 246 2796 in
267 2767 420 2805 ejusmodi
434 2767 537 2798 causis
561 2778 578 2797 a
601 2768 754 2797 tutoribus
775 2768 843 2803 fidis

123 2813 154 2838 et
175 2810 311 2840 cordatis
335 2811 402 2840 fieri
429 2810 537 2842 solent.
582 2811 643 2840 Sed
666 2821 784 2847 vereor,
805 2822 843 2842 ue

123 2851 188 2882 liaec
211 2853 363 2883 sententia
383 2854 487 2884 verbis
503 2853 605 2884 miuus
626 2854 725 2884 inesse
741 2851 843 2894 ducat.

123 2903 195 2924 011111
216 2895 278 2935 leg.
299 2895 373 2926 οῦδὲν
397 2897 430 2927 ἂν
451 2899 507 2927 τῶν
531 2896 642 2927 δεόντων
665 2896 844 2938 παρέλειπον.

124 2936 184 2967 nisi
200 2939 341 2970 volumus
357 2939 438 2970 οὐδέν’
452 2951 522 2971 cum
535 2941 723 2980 apostropho
737 2952 843 2972 exara-

123 2989 168 3010 re.
183 2990 300 3017 eorum,
313 2983 365 3022 qui
379 2994 486 3014 servos
498 2983 773 3020 abduxissent,aut
790 2987 843 3015 ab·

123 3022 238 3054 ducere
260 3025 442 3062 voluissent,
466 3028 614 3057 neminem
636 3028 844 3067 reliquissent,

1507 195 1581 237 191

869 309 957 339 quem
982 309 1042 328 nou
1067 306 1172 330 essent
1189 300 1261 341 jure
1282 302 1450 341 persecuti.
1495 302 1587 332 Venit

869 342 901 371 id
919 341 948 371 in
964 346 1097 372 mentem
1116 344 1231 373 Wolfio
1247 355 1378 383 quoque.

913 386 987 416 823.
999 387 1030 415 Q,
1041 387 1142 427 τοῦτο]
1159 386 1282 416 correxi
1293 389 1389 416 τοῦτον
1402 398 1468 418 meo
1478 393 1586 419 marte.

869 427 949 458 redit
975 428 1056 458 enim
1085 430 1122 458 ad
1151 428 1254 469 σίδηρον
1279 433 1311 459 et
1335 428 1492 469 ἐλέφαντα,
1521 443 1588 470 quae

870 475 942 501 sunt
964 472 1144 503 masculina.
1170 478 1292 512 poterat
1314 483 1435 512 quoque
1460 484 1476 503 e
1499 474 1586 505 libris

870 514 1004 545 adscisci
1019 516 1128 545 ταῦτα.

912 574 956 582 —-
972 562 1023 588 11.
1038 557 1072 588 τὸ
1087 557 1116 588 δέ
1130 558 1360 600 μαχαιροποιῶν]
1377 558 1494 588 correxi
1511 558 1543 589 τό
1560 559 1588 590 δὲ

868 602 1110 643 μαχαιροποιεῖον.
1137 612 1206 632 nam
1235 602 1362 641 vulgata
1385 602 1411 631 si
1437 607 1591 638 servetur,

871 645 971 675 saltim
986 651 1068 675 esset
1084 644 1117 674 τὸ
1132 644 1161 675 δὲ
1173 647 1229 674 τῶν
1243 647 1470 686 μαχαιροποιῶν.

916 704 960 711 ——
976 691 1028 718 21.
1054 687 1219 728 ἀπεδίδοτο]
1236 689 1358 718 correxi
1371 686 1542 723 ἀπεδίδοντο,
1560 689 1588 717 in

871 730 992 771 plurali.
1004 737 1092 771 pater
1100 732 1276 768 meus‚dum
1287 731 1388 761 adhuc
1400 736 1592 771 superesset,

870 775 978 805 harum
1006 775 1154 806 mercium
1181 775 1262 805 haud
1289 784 1397 814 parum
1422 774 1591 808 vendebat,

872 818 1056 858 Demophon
1085 818 1172 856 item,
1196 823 1229 849 et
1248 817 1298 848 1110
1325 818 1491 859 Aphobus,
1519 822 1591 857 post

871 862 970 901 patris
984 872 1158 892 excessum.

915 907 990 936 824.
1007 907 1037 936 3.
1062 905 1151 947 ἔργον]
1173 904 1302 935 dubium
1317 910 1376 941 est,
1393 903 1466 944 quid
1482 903 1532 934 1110
1548 903 1592 933 si-

873 948 1006 988 gnificet,
1019 955 1239 988 quaestummne
1251 948 1438 984 usurarium,
1447 958 1483 978 an
1496 957 1591 987 opera

872 1004 912 1023 ex
929 994 1022 1022 ebore
1039 993 1205 1022 elaborata.

913 1052 958 1058 -
973 1037 1004 1065 8.
1028 1034 1060 1065 ἐκ
1080 1038 1135 1065 ’τῶν
1150 1034 1226 1076 ἐμῶν
1247 1034 1382 1076 ἔχοντας]
1406 1045 1518 1065 novum
1535 1033 1592 1064 init

872 1082 1061 1119 computum,
1078 1083 1213 1116 quaestus
1229 1079 1326 1114 illius,
1346 1088 1437 1119 quem
1458 1083 1521 1108 tres
1542 1083 1592 1107 tu-

872 1127 956 1152 tores
972 1132 1010 1151 ex
1027 1121 1155 1151 officinis
1181 1126 1212 1151 et
1232 1122 1362 1151 nummis
1386 1121 1592 1161 praesentibus

873 1165 1077 1195 Demostheni
1102 1175 1120 1195 a
1148 1169 1236 1204 patre
1258 1164 1377 1195 relictis
1400 1175 1457 1204 per
1476 1166 1591 1194 decen-

872 1207 955 1237 nium
972 1209 1117 1244 fecerant,
1134 1218 1204 1244 non,
1216 1212 1250 1238 ut
1261 1208 1401 1247 superior
1413 1213 1592 1247 computus,

873 1262 913 1281 ex
930 1252 1048 1281 calculo
1072 1251 1301 1287 Demosthenis,
1326 1252 1380 1281 sed
1397 1261 1436 1281 ex
1453 1252 1590 1290 ipsorum

874 1300 1007 1325 tutorum
1030 1295 1192 1330 laterculo,
1210 1305 1301 1334 quem
1321 1294 1480 1335 judicibus
1503 1295 1592 1324 exbi-

874 1339 1017 1374 buerant,
1034 1339 1218 1368 confectum.

915 1399 961 1404 —
979 1385 1028 1413 10.
1055 1381 1142 1423 χωρὶς
1169 1380 1291 1421 τούτων]
1315 1383 1374 1411 1100
1400 1381 1507 1411 τούτων
1533 1391 1591 1410 000

876 1436 945 1456 cum
985 1426 1128 1466 proximo
1165 1425 1347 1464 insequente
1386 1423 1494 1461 1τι-ῑλείοι),
1535 1426 1590 1454 sed

874 1479 942 1498 cum
960 1469 1100 1510 proximo
1118 1468 1269 1508 superiori
1282 1468 1369 1510 χωρὶς
1383 1473 1431 1497 est
1446 1469 1593 1507 copulan-

874 1513 957 1542 dum.
1003 1512 1162 1543 Sententia
1191 1517 1257 1543 est:
1296 1512 1356 1541 Aio
1383 1522 1423 1541 ex
1454 1512 1593 1550 ipsorum

875 1561 1009 1586 tutorum
1038 1556 1208 1586 rationibus
1237 1560 1390 1590 constare,
1420 1554 1491 1584 illos
1518 1555 1593 1584 mihi

874 1599 957 1638 plus,
981 1610 1070 1638 quam
1101 1604 1172 1629 octo
1197 1599 1321 1634 talenta,
1347 1599 1473 1633 debere,
1501 1598 1595 1628 etiam

874 1647 946 1682 post
962 1643 1126 1678 deductos,
1142 1653 1220 1682 qnos
1234 1643 1265 1672 in
1282 1653 1331 1672 me
1353 1641 1496 1672 alendum
1513 1642 1593 1672 fece-

875 1690 957 1721 runt,
981 1692 1112 1721 sumtus,
1141 1696 1217 1726 quos
1242 1690 1360 1716 sumtus
1387 1695 1444 1725 ego
1467 1684 1594 1724 majoris

875 1729 977 1764 etiam,
995 1734 1086 1769 atque
1101 1730 1146 1759 illi
1162 1730 1235 1768 ipsi,
1248 1729 1379 1764 aestimo,
1403 1733 1435 1758 et
1449 1728 1596 1758 deductis

874 1773 948 1802 item
959 1773 1039 1809 villis,
1055 1784 1122 1813 quae
1138 1773 1212 1803 mihi
1230 1773 1442 1803 reddiderunt.

918 1834 959 1839 ν-
979 1819 1028 1847 18.
1050 1816 1150 1857 τοῦτο]
1175 1817 1300 1847 correxi
1316 1815 1430 1852 τούτου,
1447 1815 1517 1846 scil.
1540 1815 1593 1846 τοῦ

874 1858 1006 1900 ἄργυξίου.

916 1920 960 1925 —
976 1905 1027 1934 22.
1040 1902 1114 1932 ὄκτῶ
1132 1903 1268 1933 τάλαντα
1284 1921 1325 1925 -
1341 1902 1390 1932 καὶ
1401 1900 1516 1943 χιλίας]
1536 1911 1595 1931 0011

875 1951 1046 1984 congruunt
1076 1946 1209 1976 rationes
1232 1957 1307 1976 meaa
1334 1944 1596 1975 Demosthenicis.

875 1990 962 2028 ponit
976 1993 1094 2019 tutores
1112 1989 1221 2019 tulisse

918 2032 1034 2062 talenta
1055 2033 1190 2072 quinque
1211 2043 1280 2062 cum
1303 2031 1467 2062 duodecim
1491 2030 1594 2065 minis,

875 2079 939 2105 tum

916 2123 1048 2158 quatuor
1063 2119 1177 2150 talenta
1192 2129 1261 2149 cum
1278 2128 1378 2158 pauco
1394 2118 1531 2153 defectu,

873 2162 1069 2192 detrahamus
1100 2163 1265 2192 duodecim
1294 2162 1363 2191 iilas
1393 2162 1502 2197 minas,
1533 2171 1594 2201 quo

874 2211 1004 2245 quatuor
1021 2207 1084 2235 haec
1101 2208 1216 2236 talenta
1227 2206 1427 2245 integrentur.
1443 2211 1531 2236 erunt
1546 2215 1594 2235 er-

875 2259 915 2289 go
937 2259 1047 2279 novem
1064 2249 1183 2289 integra
1209 2249 1334 2279 talenta.
1379 2249 1469 2279 Adde
1485 2249 1595 2279 horum

874 2299 1007 2331 quatuor
1048 2294 1232 2323 talentorum
1274 2302 1382 2322 usuras
1427 2293 1595 2322 decennes.

876 2336 1017 2373 Quatuor
1029 2337 1144 2366 talenta
1160 2347 1280 2366 usuram
1294 2336 1395 2366 ferunt
1408 2345 1536 2366 annuam
1552 2338 1595 2366 ⁶28

875 2380 983 2415 ruinas,
1001 2390 1069 2409 cum
1085 2383 1127 2411 80
1143 2380 1307 2409 drachmis,
1333 2390 1390 2418 per
1411 2379 1594 2409 decennium

875 2426 940 2454 ‘288
961 2422 1069 2459 minas,
1094 2428 1125 2453 et
1147 2426 1211 2454 800
1232 2423 1406 2453 drachmas.
1429 2423 1486 2452 boc
1509 2427 1558 2453 est
1574 2424 1596 2452 4

878 2467 1001 2502 talenta,
1028 2469 1070 2497 56
1094 2467 1199 2496 minas.
1225 2466 1284 2496 erit
1313 2476 1387 2504 ergo
1411 2475 1530 2495 summa
1555 2468 1596 2496 13

876 2510 1060 2540 talentorum
1076 2515 1107 2540 et
1122 2512 1164 2543 55
1181 2510 1342 2539 minarum.

919 2570 963 2576 —
978 2553 1054 2582 ibid.
1081 2553 1262 2595 πρόσὲηται]
1288 2551 1414 2583 correxi
1436 2551 1595 2591 προσ-θῆτε.

877 2597 900 2626 si
915 2597 1077 2635 apponatis.

919 2657 962 2662 -
980 2643 1031 2670 24.
1047 2640 1161 2681 τροφὴν]
1179 2639 1322 2670 alimenta
1337 2638 1549 2674 Demostheni,
1567 2642 1598 2668 et

879 2684 990 2718 sorori,
1006 2689 1036 2713 et
1049 2684 1137 2713 matri
1155 2683 1294 2722 praebita.

920 2744 963 2749 —
973 2728 1025 2757 27.
1037 2726 1075 2760 εἰς
1086 2727 1199 2768 ταῦτα]
1211 2727 1268 2756 hoc
1280 2725 1380 2761 titulo,
1394 2725 1452 2755 1100
1463 2724 1596 2754 nomine.

921 2788 964 2792 —
980 2781 1051 2809 pen.
1067 2771 1168 2811 τοῦτο]
1186 2770 1254 2800 scil.
1271 2769 1304 2799 τὸ
1319 2769 1452 2809 ἀργύριον.

923 2815 997 2845 8⁰25.
1021 2816 1053 2844 2.
1082 2813 1189 2855 τούτῳ]
1219 2813 1289 2853 sejl.
1311 2813 1355 2851 τῷ
1380 2810 1507 2852 ἀςγυςίῳ.
1541 2811 1598 2840 1100

878 2866 950 2892 aere,
969 2857 1023 2886 hac
1041 2867 1168 2894 summa,
1185 2857 1255 2896 plus
1277 2856 1393 2896 largior
1418 2855 1492 2889 illis,
1508 2862 1597 2891 quam

879 2899 938 2939 ipsi
958 2900 988 2929 in
1008 2900 1145 2931 rationes
1169 2900 1347 2930 intulerunt.
1373 2904 1492 2937 septem
1508 2897 1599 2927 minis

880 2948 962 2984 puta.

923 3004 964 3009 -—-
978 2989 1008 3017 5.
1026 2986 1248 3027 προ-τεθέντος]
1266 2984 1386 3015 correxi
1399 2983 1554 3025 προσ-ὄντος,
1568 2990 1599 3015 et

881 3040 1012 3060 excessu
1030 3031 1138 3060 decem
1156 3030 1318 3059 minarum.
