1931 3323
334 210 418 251 504

333 316 475 352 puerunt,
506 316 647 351 tanquam
678 311 830 351 insignem
860 323 960 343 ansam
991 315 1042 346 τῆς

332 355 490 395 ἐπιδείξεως
513 360 544 385 et
567 355 744 395 praeclarum
772 356 950 395 eloquentiae
978 366 1041 386 suae

333 403 553 438 argumentum.
579 398 662 427 Nihil
683 398 775 437 igitur
798 400 880 429 aliud
897 401 959 429 fere
976 409 1042 428 cre·-

332 444 445 482 pabant
463 442 493 471 in
512 441 710 477 orationibus,
727 452 814 480 qnam
832 443 1041 472 Marathonem

334 492 365 515 et
385 485 591 524 Cynaegirum,
613 489 645 513 ut
662 485 853 515 meritissime
875 486 989 514 dixerit
1004 485 1041 514 εἶ-

332 528 521 569 ρωνικώτατος
551 528 603 557 ille
624 527 824 565 διαλογιστὴςε
848 528 895 557 ἐπὶ
913 530 986 557 πᾶσι
1010 527 1039 557 δὲ

332 582 361 601 κ.
389 583 420 601 τ.
451 576 479 601 λ.
505 570 597 607 Quod
629 574 659 600 et
689 570 890 611 ωαροιμιωδῶς
920 571 1040 601 videtur

331 613 406 643 mihi
417 624 474 643 non
487 613 666 643 inconcinne
682 613 744 642 dici
759 624 850 652 posse
866 614 904 642 de
918 624 949 642 re
967 623 1040 652 qua-

331 657 392 692 vis,
409 667 477 696 quae
492 661 584 696 caput
599 661 645 687 est
661 660 691 685 et
703 657 891 695 praecipuum
1010 662 1040 686 et

333 699 456 729 maximi
472 700 627 736 momenti,
640 704 670 729 et
683 699 763 737 quod
780 699 861 727 nullo
878 699 968 727 modo
983 708 1040 737 po-

333 747 395 772 test
405 742 503 772 omitti
514 743 544 772 in
555 745 732 781 argumento
743 741 955 780 aliq1105quod
970 751 1039 779 pas-

332 786 388 816 sim
400 786 533 816 inculcat
549 787 586 814 ab
602 788 679 813 orat.
852 794 920 821 quae
934 784 1038 814 luxur.

492 832 522 857 et
537 827 707 866 triumphat
724 827 821 855 oratio
844 824 891 855 ἐπὶ
912 828 986 856 πᾶσι
1010 825 1039 856 δὲ

330 882 359 902 κ.
374 883 405 902 τ.
422 877 451 900 λ.
480 871 664 900 Plutarchus
685 873 766 898 certe
787 879 918 908 pugnam
936 871 1039 899 Mara-

331 914 465 944 thoniam
493 914 556 942 fere
583 923 599 941 a
631 912 775 942 trecentis
803 912 957 942 historicis
985 913 1038 941 (le-

331 958 474 995 scriptam
491 966 558 985 esse
573 955 711 985 affirmat.
735 956 912 994 Quanquam
930 966 968 984 ex
984 957 1036 984 Gr.

331 1001 422 1030 hodie
446 999 496 1038 qui
520 1003 651 1033 exstant,
675 998 736 1027 duo
760 1003 873 1027 tantum
899 998 1036 1028 historici

329 1044 428 1083 (quod
439 1040 521 1082 seio)
534 1042 714 1071 Herodotus
726 1051 768 1070 sc.
784 1045 814 1069 et
826 1041 978 1071 Diodorus
989 1041 1034 1071 Si-

330 1087 428 1121 culus,
456 1084 675 1114 Marathoniam
707 1085 781 1113 hanc
805 1094 939 1123 pugnam
964 1085 1037 1113 scri-

329 1128 392 1168 ptis
401 1128 464 1158 suis
472 1127 697 1167 consignarunt.
711 1127 860 1156 Miltiadis
870 1128 1037 1167 trophaeum

329 1172 368 1201 ad
384 1171 592 1201 Marathonem
605 1181 663 1200 non
674 1171 790 1200 sinebat
801 1171 1036 1200 Themistoclem

328 1215 460 1245 dormire
483 1224 538 1244 nec
564 1214 656 1244 Rbet.
683 1214 747 1243 Att.
770 1218 882 1243 tacere.
935 1214 1037 1252 Atque

330 1258 399 1287 hinc
411 1259 613 1296 juramentum
628 1257 702 1286 illud
716 1256 837 1286 solenne
851 1256 929 1286 inter
941 1257 1037 1286 Athe-

330 1301 465 1331 nienses:
492 1301 519 1329 οὐ
535 1302 582 1339 μοὶ
599 1301 663 1334 τοὺς
682 1299 707 1329 ἐν
722 1299 866 1339 Μαξαθῶνι
884 1299 1036 1330 πεπτωκό-

329 1356 392 1379 τας.
417 1354 476 1383 quo
494 1345 636 1382 jurarunt
654 1353 711 1382 per
733 1354 785 1372 eos
809 1344 859 1382 qui
882 1343 912 1372 in
935 1344 1036 1372 Mara-

329 1389 421 1416 thone
444 1388 662 1422 occubuerunt,
688 1396 724 1415 ac
755 1386 780 1415 si
973 1396 1036 1415 ma—

324 1431 410 1468 jores
424 1430 454 1459 in
470 1429 609 1460 divorum
620 1434 650 1458 et
663 1429 828 1468 indigetum
843 1439 966 1458 numero
983 1429 1036 1459 ha-

331 1475 447 1508 berent,
462 1473 513 1512 qui
528 1473 556 1502 in
569 1472 675 1512 praelio
691 1472 742 1501 illo
756 1472 956 1501 celeberrimo
973 1476 1035 1501 tum

327 1516 446 1545 fortiter
462 1520 630 1556 pugnantes
646 1526 700 1554 pro
716 1515 814 1554 patria
825 1515 986 1552 obierunt3
1004 1520 1035 1545 et

328 1559 398 1599 ὑπὲρ
409 1559 563 1599 ἄνθρωπον,
575 1569 665 1597 supra
677 1558 824 1597 sphaeram
837 1558 974 1587 humanae
985 1569 1036 1587 na-

327 1608 415 1638 turae,
437 1603 633 1632 collocarent.
677 1602 781 1640 Hujus
801 1602 964 1639 juramenti
980 1602 1035 1631 At-

327 1646 382 1675 tici
397 1646 535 1675 meminit
551 1646 629 1674 inter
644 1644 719 1673 alios
733 1645 854 1683 elegans
868 1644 920 1673 ille
932 1655 1034 1675 scurra

328 1689 483 1718 Lucianus
493 1689 520 1718 in
533 1688 692 1718 Demosth.
705 1688 831 1716 Encom.
844 1686 874 1727 [ᾗ
889 1688 956 1728 49.]
974 1688 1033 1717 Ce-

326 1732 451 1761 lebritas
472 1732 561 1770 hujus
584 1741 694 1769 pugna}
713 1730 912 1759 Marathoniae
931 1730 1033 1759 locum

329 1775 419 1805 etiam
435 1774 508 1804 fecit
522 1775 630 1803 Gracco
646 1773 691 1802 illi
708 1773 818 1811 adagio
834 1773 913 1810 quod
931 1777 1034 1802 exstat

328 1819 411 1857 apud
435 1817 521 1847 Suid.
541 1818 623 1856 μετὰ
638 1817 687 1846 τὴν
708 1814 734 1845 ἐν
753 1814 897 1854 Μαξαθῶνι
919 1815 1031 1856 μάχην,

324 1866 389 1900 post
405 1859 627 1890 Marathoniam
644 1869 786 1898 pugnam.
802 1859 882 1897 quod
906 1859 1033 1897 paralle-

328 1904 391 1933 lum
404 1903 515 1933 faciunt
531 1901 885 1942 paroemiographialteri
900 1901 945 1930 illi
961 1912 1031 1940 pro-

327 1947 435 1977 verbio
451 1946 609 1976 notissimo
621 1957 626 1974 :
643 1946 722 1984 μετὰ
736 1943 780 1973 τόν
791 1944 915 1984 πόλεμον
928 1946 941 1975 ἦ
953 1956 1031 1985 συμ-

325 1989 439 2030 μαχία.
460 1995 523 2029 post
544 1989 650 2019 bellum
671 1988 817 2027 suppetiae.
839 1993 910 2026 post
931 1988 1032 2018 cibum

328 2033 438 2072 sinapi,
463 2037 494 2062 ut
517 2042 572 2062 nos
597 2032 703 2070 vulgo.
731 2030 897 2060 Chiliastes
927 2031 1032 2061 nescio

326 2086 421 2115 quare
432 2080 482 2105 aut
494 2076 573 2105 unde
589 2080 641 2104 aut
653 2074 805 2113 quomodo
819 2074 879 2103 alio
891 2075 1033 2104 transfert

326 2120 385 2149 hoc
404 2119 542 2157 adagium
560 2118 597 2147 ad
612 2117 816 2147 denotandum
834 2117 944 2146 malum
960 2128 1031 2147 con-

329 2161 539 2200 duplicntum3
565 2165 597 2191 et
620 2161 664 2190 sic
687 2160 774 2190 effert
795 2161 876 2198 μετὰ,
899 2160 946 2189 τὸν
968 2167 1032 2190 Μα-

329 2205 442 2245 ραθῶνα
464 2205 565 2246 μάχη,
590 2209 651 2243 post
684 2202 888 2233 Marathonem
911 2213 1034 2244 pugna:

329 2249 411 2287 quod
426 2248 489 2278 dici
504 2252 616 2288 potest,
634 2246 754 2286 quoties
771 2256 829 2275 una
848 2257 949 2285 pugna
965 2252 1034 2286 post

329 2291 431 2327 aliam,
455 2301 532 2321 unus
555 2291 702 2319 tumultus
725 2293 796 2329 post
818 2289 922 2326 alium,
943 2300 1033 2320 unum

328 2334 443 2364 bellum
459 2340 530 2373 post
545 2333 638 2368 aliud,
655 2333 800 2363 exoritur.
824 2333 918 2362 Faxit
935 2334 1032 2369 Deus,

328 2388 366 2407 ne
385 2379 441 2407 hoc
458 2387 549 2407 sensu
565 2376 654 2406 nobis
668 2376 707 2405 sit
723 2375 805 2415 μετὰ
819 2375 866 2405 τὸν
878 2374 1034 2416 Μαξαθῶνα,

328 2421 428 2462 μάχη.
473 2421 533 2450 Sed
550 2430 657 2449 vereor
673 2429 754 2454 sane,
770 2429 807 2448 ne
823 2423 854 2448 et
868 2429 924 2458 ego
941 2419 1032 2448 etiam

330 2463 444 2504 (instar
460 2463 631 2493 Rhetorum
647 2461 835 2503 Atticorum)
850 2461 962 2492 nimius
978 2462 1033 2492 sim

328 2507 360 2536 in
375 2507 564 2536 Marathone.

372 2550 409 2579 P.
435 2551 509 2580 294.
530 2551 561 2579 5.
587 2546 634 2579 ἐπ’
659 2546 1032 2589 Ὀῤῥόντην-μισθοφορεῖν]

329 2592 394 2624 Alii
409 2593 456 2622 his
469 2592 646 2631 intelligunt
730 2592 850 2626 ducem,
865 2592 977 2630 Mysiae
988 2601 1034 2620 sa-

328 2640 445 2675 trapam
459 2645 512 2665 seu
525 2634 786 2674 praesectum,qui‚
800 2645 817 2663 a
831 2634 936 2663 Tacho
950 2636 1034 2673 Rege

329 2679 459 2720 AEgypt.
483 2678 688 2708 Asiaticorum
710 2677 775 2706 dux
797 2677 942 2707 adversus
965 2677 1034 2706 Art.

331 2723 399 2761 My.
416 2721 614 2756 constitutus,
629 2720 732 2758 copias
756 2731 859 2749 omnes
878 2725 909 2750 et
929 2730 980 2749 res
1004 2724 1035 2749 et

329 2765 475 2804 pecunias
503 2765 609 2794 Artax.
633 2763 782 2802 prodidit.
810 2763 904 2793 Diod.
927 2764 988 2792 Sic.
1012 2763 1035 2793 l.

330 2819 384 2838 xv.
396 2808 441 2847 [c.
455 2808 524 2848 91.]
543 2808 608 2837 Nec
619 2811 702 2836 certe
714 2811 823 2845 postea
833 2806 945 2844 legitur
958 2807 1035 2835 hunc

329 2853 478 2881 Orontem
494 2851 604 2880 iterum
621 2859 638 2879 a
655 2850 734 2888 Reg.
753 2849 841 2878 Pers.
862 2849 1029 2878 defecisse:

329 2895 482 2933 quomodo
505 2894 600 2933 igitur
622 2891 815 2922 Seleucidem
838 2902 907 2921 cum
932 2892 1034 2922 Artax.

327 2937 379 2967 hic
395 2937 442 2967 vir
612 2936 694 2966 filius
709 2940 741 2965 et
755 2945 915 2964 successor
931 2940 1035 2964 contra

329 2981 474 3009 Orontem
496 2980 586 3009 istum
603 2989 686 3009 arma
702 2982 825 3018 caperet
843 2982 894 3007 aut
914 2988 983 3006 cum
999 2988 1034 3006 eo

327 3023 440 3053 bellum
451 3023 590 3063 gereret?
608 3022 692 3060 Quid
701 3032 773 3061 ergo
787 3022 811 3052 si
824 3031 880 3061 per
890 3022 1034 3051 Orontem

612 207 655 249 T.
692 203 969 248 STANLEII
1004 201 1474 245 ANNOTATIONES

1076 308 1125 339 hic
1137 308 1344 348 intelligemus
1357 309 1481 339 fluvium
1491 309 1622 339 nobilem
1631 309 1716 340 illum
1725 310 1782 350 Sy-

1075 351 1128 381 riae
1144 353 1280 391 adeoque
1299 353 1514 391 metaleptieczs
1537 353 1655 392 Syriam
1670 353 1781 393 ipsam.

1074 401 1175 425 contra
1212 395 1350 425 Orontem
1379 405 1486 425 merere
1516 396 1670 434 stipendia,
1701 397 1722 426 i.
1753 406 1781 426 e.

1075 443 1180 468 contra
1208 439 1328 476 Syriam
1355 438 1497 474 militare,
1519 439 1631 468 bellum
1663 448 1784 478 gerere3

1074 481 1278 510 mercenarios
1298 480 1343 509 illi
1365 481 1477 510 milites
1499 491 1579 516 esse,
1595 486 1626 511 et
1648 483 1713 521 ejus
1732 492 1783 511 ca-

1075 529 1137 553 stra
1159 523 1244 562 sequi
1263 524 1352 559 velle,
1369 524 1396 553 si
1416 525 1447 553 in
1462 525 1630 563 AEgyptum
1652 528 1704 554 aut
1725 525 1781 563 Sy-

1073 567 1147 596 riam
1171 567 1397 605 expeditionem
1420 567 1600 606 susciperet.
1645 564 1782 608 Ὀῤῥόντης

1075 610 1125 638 vel
1149 610 1251 648 potius
1274 607 1400 649 Ὀρόντης
1421 609 1482 650 (ita
1505 610 1584 640 enim
1610 609 1702 639 scribi
1726 611 1780 639 de-

1074 653 1126 681 bet
1155 663 1223 682 cum
1257 652 1388 692 simplici
1415 664 1428 692 ς
1445 663 1452 681 :
1488 652 1531 682 ita
1560 652 1639 682 enim
1671 652 1781 682 habent

1074 705 1176 724 omnes
1206 695 1383 734 Geographi
1407 706 1460 725 seu
1483 701 1622 725 auctores
1649 695 1701 725 Gr.
1728 695 1779 734 qui

1074 739 1140 776 ejus
1165 737 1380 778 meminerunt)
1406 744 1452 767 est
1478 738 1590 768 nobilis
1616 738 1726 768 fluvius
1750 739 1779 768 in

1073 780 1171 818 Syria.
1190 780 1281 818 Vulg.
1301 781 1377 810 Lex.
1394 781 1461 810 Lat.
1492 785 1501 798 ‘
1519 782 1651 811 Orontes
1667 781 1779 810 fluvius

1073 822 1288 853 disterminans
1315 823 1510 853 Antiochiam
1534 834 1551 853 a
1573 823 1682 862 Syria‚’
1705 824 1778 853 ridi-

1073 866 1154 901 cule,
1172 876 1238 896 cnm
1255 865 1418 895 Antiochia
1439 866 1479 895 sit
1500 866 1532 895 in
1555 867 1644 905 Syria
1667 867 1780 905 etqui-

1073 908 1141 938 dem
1169 909 1347 947 metropolis
1370 908 1465 938 totius
1487 909 1599 947 Syriae3
1627 910 1778 948 quomodo

1070 951 1165 989 igitur
1174 953 1275 990 potuit
1285 951 1402 981 secerni
1412 956 1465 981 aut
1477 952 1620 990 separari.
1645 953 1778 982 Orontes

1071 994 1181 1024 fluvius
1214 995 1345 1024 mediam
1377 995 1439 1024 sere
1474 995 1594 1033 Syriam
1619 995 1776 1030 interfluit,

1071 1037 1189 1076 Syriam
1207 1036 1365 1080 (inquam)
1387 1038 1590 1068 Seleucidem.
1635 1038 1779 1077 Quinque

1071 1081 1148 1110 enim
1181 1081 1277 1120 Syriae
1308 1085 1411 1119 partes
1447 1091 1501 1110 seu
1529 1081 1670 1120 regiones
1705 1082 1778 1110 facit

1070 1124 1198 1153 Strabo:
1215 1124 1778 1162 Commagenam‚Seleucidem,Coele-

1070 1167 1188 1206 Syriam
1217 1168 1282 1197 sive
1305 1177 1410 1196 cavam
1433 1167 1564 1205 Syriam,
1589 1167 1778 1203 Phoenicem,

1070 1215 1099 1239 et
1112 1210 1259 1240 Judaeam.
1270 1210 1319 1239 vel
1328 1210 1430 1249 potius
1438 1214 1582 1248 qnatu0r3
1600 1210 1777 1240 Phoenicem

1070 1253 1150 1282 enim
1165 1259 1196 1283 et
1206 1254 1344 1284 Judaeam
1354 1253 1441 1292 qnasi
1457 1263 1543 1282 unam
1553 1253 1626 1283 facit
1636 1258 1667 1283 et
1676 1253 1777 1283 eidem

1071 1296 1186 1335 regioni
1203 1295 1353 1326 accenset.
1399 1296 1477 1325 Haec
1494 1296 1572 1325 enim
1594 1297 1660 1335 ejus
1682 1297 1777 1327 verba

1072 1345 1141 1369 sunt
1152 1340 1172 1368 l.
1185 1340 1251 1370 xvi.
1267 1339 1311 1379 [c.
1327 1341 1356 1369 2.
1372 1338 1399 1378 ᾗ.
1414 1338 1460 1379 2.]
1475 1337 1546 1380 μέρη
1563 1337 1590 1368 δὲ
1607 1339 1694 1373 αὐτῆς
1704 1338 1779 1369 τίθε-

1070 1392 1125 1421 μεν
1141 1383 1202 1423 (sc.
1219 1381 1331 1423 Συρίας)
1347 1382 1397 1411 τήν
1411 1392 1441 1411 τε
1457 1384 1645 1422 Κομμαγηνὴν
1659 1382 1706 1411 καὶ
1729 1384 1778 1413 τὴν

1071 1424 1218 1455 Σελευκίδα.
1233 1424 1405 1464 καλουμένην
1421 1427 1471 1458 τῆς
1490 1424 1596 1464 Συςίας,
1612 1424 1714 1455 ἔπειτα
1730 1427 1778 1456 τὴν

1069 1469 1160 1498 κοιλῆν
1176 1466 1280 1508 Συρίαν,
1295 1467 1463 1498 τελευταίαν
1477 1465 1502 1496 δ’
1517 1467 1541 1497 ἐν
1554 1466 1610 1507 μὲν
1624 1468 1663 1509 τῇ
1684 1480 1776 1508 waga-

1070 1511 1118 1551 λίᾳ
1147 1513 1195 1542 τὴν
1227 1509 1352 1547 Φοινίκην,
1383 1509 1408 1540 ἓν
1438 1509 1466 1540 δὲ
1493 1510 1531 1552 τῇ
1558 1509 1704 1551 μεσογαίᾳ
1729 1513 1778 1542 ’τὴν

1068 1552 1206 1584 Ἰουδαίαν.
1231 1565 1298 1594 quae
1323 1555 1416 1584 verba
1439 1558 1593 1593 postrema
1616 1564 1776 1593 perperam

1069 1597 1172 1627 reddit
1196 1597 1312 1636 Interp.
1337 1597 1472 1627 ultimam
1496 1596 1632 1627 Judaeam
1662 1598 1695 1626 in
1724 1608 1776 1627 ora

1071 1640 1243 1671 Plzoenicz'ae:
1263 1650 1330 1670 cum
1342 1640 1387 1670 sic
1402 1639 1576 1670 debuisset:
1593 1640 1728 1670 ultimam
1742 1642 1775 1670 in

1068 1685 1218 1714 maritima
1226 1684 1342 1723 quidem
1353 1693 1405 1713 ora
1421 1682 1589 1718 Phoevzz'cen,
1597 1683 1629 1712 in
1640 1684 1777 1714 mediter-

1067 1736 1158 1756 ranea
1174 1726 1321 1756 Judaeam.
1365 1726 1429 1755 Ubi
1444 1726 1582 1755 videmus
1606 1735 1694 1764 quam
1717 1726 1777 1756 late

1067 1773 1170 1807 pateat
1183 1770 1263 1807 apud
1281 1768 1427 1798 Ethnicos
1439 1778 1547 1798 nomen
1561 1768 1670 1808 Syriae,
1683 1769 1727 1798 ita
1742 1773 1775 1799 ut

1067 1813 1156 1841 etiam
1164 1812 1302 1842 Jndaeam
1310 1812 1583 1851 comprehenderet
1593 1822 1599 1840 :
1608 1821 1676 1840 cum
1684 1812 1715 1841 in
1723 1812 1777 1841 Sa-

1066 1865 1119 1884 cro
1128 1855 1241 1884 Codice
1253 1855 1304 1893 qui
1313 1854 1433 1884 Aramzi
1446 1854 1489 1884 ibi
1497 1853 1652 1890 dicuntur,
1660 1854 1775 1894 passim

1067 1908 1084 1928 a
1094 1898 1211 1928 Judaeis
1221 1897 1458 1936 distinguuntur.
1470 1897 1506 1926 In
1519 1897 1678 1927 Seleucide
1686 1898 1775 1937 Syria

1066 1945 1195 1980 quatuor
1211 1945 1280 1970 suut
1301 1951 1365 1980 prae
1388 1940 1456 1970 aliis
1478 1941 1569 1970 urbes
1591 1940 1720 1970 maxime
1735 1941 1773 1971 il-

1066 1984 1177 2014 lustres
1184 1994 1193 2022 3
1207 1984 1286 2013 unde
1297 1983 1469 2023 τετςέιπολις
1479 1983 1562 2013 dicta
1570 1987 1618 2013 est
1628 1983 1692 2013 haec
1705 1994 1778 2024 pars

1067 2027 1163 2067 Syriae
1172 2026 1290 2068 (inquit
1303 2025 1443 2067 Strabo).
1465 2028 1605 2066 Quatuor
1614 2026 1675 2056 illae
1686 2028 1774 2057 urbes

1067 2075 1152 2100 erant
1163 2070 1334 2106 Antiochia,
1345 2069 1496 2106 Seleucia,
1506 2070 1645 2109 Apamia,
1653 2074 1684 2100 et
1694 2071 1774 2100 Lao-

1067 2114 1171 2144 dicea:
1196 2123 1319 2153 quarum
1335 2113 1432 2153 prima
1447 2117 1477 2142 et
1499 2113 1606 2142 ultima
1628 2114 1658 2143 in
1681 2114 1723 2143 N.
1739 2114 1775 2143 F.

1066 2161 1278 2191 memorantur,
1289 2156 1350 2185 imo
1362 2156 1571 2194 celebrantur;
1585 2155 1683 2195 prima
1693 2167 1774 2196 prae-

1068 2200 1182 2236 sertim,
1195 2210 1238 2230 sc.
1253 2198 1426 2235 Antiochia,
1435 2198 1516 2238 quod
1533 2199 1627 2228 totius
1639 2199 1775 2239 regionis

1066 2243 1123 2273 fuit
1143 2242 1339 2282 metropolis,
1350 2252 1439 2281 quam
1455 2242 1536 2281 quod
1552 2241 1697 2281 discipuli
1712 2242 1775 2281 pri-

1066 2296 1146 2316 mum
1161 2287 1192 2316 in
1208 2296 1244 2316 ea
1257 2285 1404 2315 nominari
1425 2289 1582 2324 coeperunt
1598 2285 1775 2322 Christiani,

1067 2340 1134 2368 quae
1149 2340 1208 2359 non
1223 2334 1283 2359 tam
1295 2327 1408 2367 insigni
1418 2327 1582 2367 privilegio
1592 2329 1706 2367 gaudet
1718 2338 1777 2359 neo

1068 2373 1226 2411 gloriatur.
1270 2371 1330 2401 Sed
1355 2371 1419 2400 haec
1435 2372 1564 2401 sortasse
1579 2374 1667 2401 extra
1679 2371 1775 2403 oleas:

1067 2426 1123 2445 nec
1137 2426 1195 2455 ego
1207 2414 1311 2445 nescio
1327 2414 1478 2453 quomodo
1490 2423 1546 2453 per
1556 2413 1635 2444 hunc
1647 2414 1775 2445 fluvium

1067 2459 1215 2489 Orontem
1227 2458 1345 2488 delatus
1359 2463 1388 2487 et
1401 2457 1547 2497 delapsus
1558 2467 1622 2487 sum
1635 2457 1665 2487 in
1674 2458 1774 2487 fontes

1067 2502 1098 2531 S.
1115 2502 1170 2540 S.;
1192 2512 1248 2531 nec
1264 2501 1420 2531 illibenter
1435 2511 1506 2530 sane
1522 2499 1658 2542 (fatebor
1673 2500 1772 2542 enim)

1067 2545 1116 2574 hic
1128 2546 1218 2584 juvat
1238 2554 1334 2583 usque
1350 2543 1473 2578 morari,
1494 2546 1525 2573 et
1547 2544 1685 2573 conferre
1707 2554 1775 2585 gra-

1068 2588 1151 2624 dum,
1173 2591 1204 2618 et
1227 2587 1366 2617 conferre
1382 2587 1422 2616 ’τὰ
1439 2586 1542 2626 ’ἔξωθεν
1561 2587 1622 2620 τοῖς
1640 2586 1774 2627 ἀγιογρᾶ-

1068 2638 1139 2670 φοις,
1156 2636 1186 2660 et
1208 2631 1301 2660 altera
1317 2640 1355 2659 ex
1379 2630 1482 2659 alteris
1503 2629 1667 2665 illustrare,
1683 2634 1775 2668 prout

1067 2675 1131 2704 fors
1147 2678 1178 2704 et
1195 2674 1315 2703 occasio
1336 2671 1444 2703 offert:
1470 2672 1601 2702 subinde
1620 2672 1713 2702 redeo
1734 2672 1773 2701 ad

1069 2718 1240 2754 Orontem3
1263 2715 1472 2746 nobilissimus
1496 2714 1575 2745 enim
1596 2715 1646 2744 hic
1660 2714 1774 2744 fluvius

1068 2761 1135 2797 fuit,
1149 2761 1188 2790 de
1202 2770 1262 2799 quo
1276 2759 1370 2789 multa
1380 2764 1411 2788 et
1423 2759 1500 2789 mira
1511 2757 1634 2788 tradunt
1647 2758 1775 2796 Geogr„

1068 2804 1199 2842 ideoque
1212 2813 1280 2832 eum
1293 2802 1353 2831 imo
1366 2802 1443 2841 pede
1457 2799 1613 2841 praeterire
1629 2810 1687 2831 non
1700 2811 1774 2840 pos-

1069 2857 1146 2876 sum.
1183 2847 1315 2876 Orontes
1330 2845 1425 2883 igitur
1440 2845 1550 2875 fluvius
1563 2842 1694 2873 mediam
1707 2843 1773 2874 fere

1068 2889 1186 2930 Syriam
1198 2889 1373 2922 intersecat,
1387 2889 1465 2917 unde
1480 2887 1529 2916 hic
1544 2888 1774 2926 μεταληπτικῶς

1067 2943 1125 2972 pro
1148 2932 1238 2972 Syria
1259 2931 1393 2971 ponitur.
1523 2939 1610 2959 suum
1631 2929 1722 2960 habet
1733 2940 1773 2959 ex

1069 2975 1240 3015 Coelesyria
1254 2984 1351 3014 prope
1370 2973 1523 3003 Lebanum
1539 2977 1570 3004 et
1586 2972 1776 3003 Paradisum.

1069 3019 1122 3050 Gr.
1137 3020 1251 3058 Geogr.
1267 3025 1359 3057 supra
1374 3016 1425 3047 cit.
1440 3015 1477 3058 [l.
1491 3016 1557 3048 xvi.
1575 3026 1603 3046 c.
1618 3018 1647 3048 2.
1662 3017 1689 3057 §.
1704 3013 1772 3055 19.]
