1948 3322
272 210 355 251 AD
387 205 751 251 ORATIONEM
787 204 869 245 DE
901 202 1088 244 FALSA
1121 203 1483 246 LEGATIONE.
1552 203 1606 246 91

149 315 312 353 omittitur,
331 320 366 346 et
390 325 482 355 porro
507 313 533 344 si
555 313 657 349 detur,
679 311 763 352 qnod
781 310 855 341 item

148 359 292 391 facillime
308 358 372 389 dari
387 362 501 396 potest,
521 356 680 387 articulum
696 354 856 395 praefigen-

148 404 221 433 dum
236 412 304 433 esse
315 400 463 431 vocabulo
478 397 632 435 βασκανία,
655 403 689 428 ut
712 399 753 428 sit
772 398 820 427 καὶ
842 398 855 427 ἦ

148 444 288 480 βασκανία.
310 441 505 482 κατεφαίνετο,
535 443 624 481 plana
655 447 685 471 et
712 440 856 479 expedita

149 494 219 520 sunt
240 489 269 518 h.
291 487 312 517 l.
339 488 447 516 omnia.
492 485 649 516 Sententia
673 490 763 523 atque
791 485 856 513 liaec

148 532 206 562 erit
219 542 226 560 :
238 530 423 569 explodebat
432 540 483 559 eos
495 528 619 567 obloqui
630 532 774 557 conantes
785 537 856 556 con·

146 575 206 609 cio,
221 573 364 602 dictitans
380 573 534 602 audientia
549 582 603 601 nos
619 570 760 610 indiguos
777 581 855 605 esse,

145 627 212 646 cum
229 616 309 655 quod
326 614 512 654 caeteroquin
528 614 599 644 vilis
615 619 645 643 et
662 619 856 643 contemnen-

143 659 202 689 dus
215 659 357 698 popellus
373 663 594 694 essemus‚tum
609 657 703 696 quod,
717 667 783 695 quae
801 666 856 694 op-

145 712 328 742 poneremus
361 701 471 737 omuia,
502 710 604 730 merus
632 704 736 729 essent
765 699 856 734 livor,

144 755 232 785 quem
250 744 339 774 nimis
355 754 443 783 quam
459 743 655 783 perspicuum
671 753 750 773 esse.

185 805 230 810 —-
244 789 296 818 24.
312 788 410 817 ταῦτα
421 786 466 826 δὲ]
483 788 521 816 ab
536 786 683 817 AEschine
699 796 766 815 cum
784 794 856 814 con-

143 830 276 861 sortibus
292 835 358 860 acta
371 837 400 859 et
413 830 520 859 relata.

185 891 228 897 ·—
245 874 297 904 25.
312 884 362 904 του
377 874 459 914 χάξιν
472 872 502 904 δὴ
512 873 570 914 —·]
590 872 804 912 Hermogenes
823 881 855 910 p.

143 919 216 950 235.
239 916 287 946 καὶ
317 919 373 956 μην
401 916 449 946 καὶ
478 916 507 946 αἱ
539 913 738 952 ἐπαναλήψεις
767 914 856 953 μάλα

142 960 280 1002 χρήσιμοι
303 958 370 1000 πρὸς
391 954 529 1000 ei’mpa'vsa'av
544 959 591 989 και
607 958 766 997 σαφήνειαν.
781 956 857 986 ἐπει-

142 1003 192 1033 δὰν
204 1003 258 1043 γάρ
268 1014 298 1032 τι
314 1002 452 1053 <meac-&nc
474 1003 585 1044 σχῆμα.
599 1004 654 1031 τῶν
668 1000 858 1044 ἐφελκομένων

145 1045 235 1087 ἕτερον
258 1045 360 1086 νόημα,
389 1043 445 1075 εἶτ’
467 1044 656 1084 ἀναγκασθῇς
671 1040 858 1084 ἐπεμβαλεῖν

143 1089 225 1118 ἄλλα
238 1091 302 1119 τινὰ
317 1089 458 1128 νοημοιτι,
477 1087 540 1129 πρὶν
559 1088 707 1118 ἀποδοῦναι
732 1086 766 1115 τὸ
791 1085 856 1115 ἀκό-

142 1131 252 1168 λουθον,
274 1132 380 1170 ἀνάγκη
399 1128 585 1161 ἔπανοιλα-ἔεῖν
598 1130 647 1159 καὶ
667 1129 857 1169 &tongum-at,

141 1186 185 1205 ινα
198 1186 242 1213 μη
257 1185 300 1205 σοι
316 1175 431 1213 ἀσαφὴς
451 1173 499 1202 καὶ
514 1172 727 1215 συγκεχυμένος
743 1172 855 1210 γένηται

143 1217 157 1247 6
179 1216 268 1255 λόγος.
291 1217 386 1257 ὥσπερ
410 1214 485 1246 εἴωθε
509 1217 594 1247 ποιεῖν
621 1218 633 1246 6
658 1214 855 1255 Δημοσθένης,

140 1258 199 1290 οἷον·
212 1259 316 1289 ——nai
339 1261 424 1290 πάλιν
445 1257 471 1288 ἓν
485 1259 529 1299 τῷ
548 1259 616 1289 κατ’
638 1257 782 1300 Αἰσχίνου·
806 1260 856 1288 τοῦ

141 1303 224 1345 χάριν
235 1303 264 1334 δὴ
282 1301 372 1332 ταῦθ’
388 1302 539 1341 ὑπέμνησα
554 1304 655 1343 πρῶτα,
669 1313 712 1331 νυν
728 1302 857 1342 ὑμᾶς-

142 1346 270 1385 λέγοντος
289 1345 372 1387 ἀκούῃ
396 1357 465 1385 μου,
487 1344 638 1386 Θαυμάζει.
662 1344 726 1376 εἶτα
751 1347 857 1375 πολλοὶ

144 1388 318 1432 ἔπεμβαλῶν
337 1388 387 1419 καὶ
413 1390 573 1430 μεο-τώσας
601 1401 633 1418 το
635 1400 647 1418 ν
675 1394 707 1418 λ
698 1388 763 1427 ’,γον
789 1390 857 1419 ἄνα-

143 1431 248 1471 yae-[wc
264 1432 302 1474 ‘'l’‘
314 1431 490 1469 ἐπαναλήψει
513 1431 664 1473 κέχρηται,
688 1432 730 1461 ἵνα.
747 1432 858 1473 διευκρι-

146 1476 222 1517 νῆσῃ.
245 1476 354 1516 πρώτου
368 1476 424 1515 μὲν
438 1487 480 1505 ουν
496 1475 596 1505 τούτου
620 1476 668 1516 [p.
684 1477 758 1506 349.
777 1478 827 1505 11.
831 1475 856 1514 ],

147 1519 194 1548 καὶ
206 1519 356 1559 μάλιστα,
372 1529 452 1559 ουπερ
468 1518 554 1555 εἷπον,
571 1517 658 1548 εἷ’νεκοι
675 1520 772 1548 ταῦτα
788 1518 856 1558 διεξ-

147 1560 236 1592 ῆλθον.
258 1561 379 1602 δευτέρου
403 1562 431 1592 δὲ
428 1560 542 1635 Οτίνος-ς
571 1562 643 1593 item
666 1572 698 1601 p.
724 1564 797 1592 280.
827 1567 858 1592 et

145 1605 299 1635 Aristides
314 1607 353 1635 de
372 1606 452 1636 D.s'
455 1616 509 1644 p.
526 1607 600 1636 228.

188 1665 231 1671 ——-
245 1650 296 1679 26.
319 1651 419 1688 πςῶτα
430 1623 497 1689 viiia]
521 1659 637 1683 eorum,
657 1659 724 1687 quae
746 1649 784 1678 ad
802 1659 858 1678 vos

144 1701 224 1721 nnnc
248 1693 502 1727 commemorabo,
530 1692 627 1731 prima
655 1692 720 1721 haec
750 1692 857 1722 ordine

143 1735 215 1769 feci,
229 1739 261 1764 et
276 1735 471 1764 enumerandi
487 1735 605 1764 initium
623 1735 707 1764 illinc
721 1735 791 1765 feci.

186 1777 417 1808 349.1.δεινὸν
441 1783 472 1807 et
498 1778 698 1819 ὑπερβάλλον]
730 1779 797 1808 scil.
824 1777 858 1807 τό

143 1822 278 1860 πρᾶγμα,
302 1833 314 1850 ο
328 1821 419 1851 ἀκούει
435 1820 502 1861 παρ’
519 1820 600 1860 ἐμοῦ.
624 1822 671 1851 vel
696 1819 729 1851 τὸ
745 1823 856 1861 ¹7:¹5ng-

141 1864 222 1915 χθαι
237 1865 345 1899 ταῦτα,
358 1875 392 1893 ων
403 1863 467 1915 ἐγὼ..
468 1867 622 1904 κατηγορῶ.
639 1865 688 1894 vel
704 1864 857 1903 significat

142 1918 177 1936 τῦ
189 1905 243 1947 Εμὲ
259 1919 301 1938 vui!
315 1908 476 1946 κατῆγῦρεῖν
486 1917 553 1936 ΤΟΤΕ
568 1917 768 1938 Uzv'n'noww'roe.

187 1968 230 1972 ——
246 1952 275 1980 2.
298 1949 363 1979 εἶτα
377 1950 435 1990 --]
460 1950 524 1979 liaec
541 1955 589 1979 est
608 1951 706 1980 oratio
729 1952 856 1980 assimu-

144 1992 205 2022 lata
217 1993 331 2031 judicis
354 1997 405 2022 aut
419 1992 566 2021 auditoris
587 1993 626 2021 de
649 2003 770 2028 corona,
795 1998 857 2022 sto-

143 2035 312 2065 machantis
322 2035 369 2064 his
379 2034 498 2065 verbis:
520 2034 645 2065 srva-2
662 2036 703 2065 Et
716 2040 855 2065 tutamen

143 2079 211 2117 (vel
223 2079 310 2108 Itane
326 2088 397 2108 vero
411 2077 536 2118 tamen),
547 2079 705 2113 scelerate,
716 2089 778 2108 rem
797 2083 854 2108 tam

142 2121 336 2162 flagitiosam,
352 2125 411 2150 tam
429 2121 602 2156 exitiosam,
618 2126 679 2151 tam
696 2122 856 2151 immanem

143 2175 236 2195 ausus
253 2176 286 2195 es
304 2164 426 2194 silentio
450 2164 664 2194 dissimulare?
709 2166 857 2194 Constru-

141 2208 206 2238 ctio
223 2209 287 2238 liaec
301 2212 367 2237 est:
395 2206 437 2237 ἵνα
458 2207 557 2246 μηδεὶς
573 2208 703 2247 ὑμῶν-
715 2207 856 2248 θαυμάζῃ

142 2252 289 2292 (subaudi
304 2250 407 2291 λέγων)
422 2249 486 2281 εἶτα
501 2249 568 2282 τότε
583 2251 630 2280 οὐκ
641 2250 744 2290 ἔλεγες.
780 2252 855 2280 Ver

144 2297 214 2325 bum
229 2294 391 2335 θαυμάζειν
407 2295 436 2323 h.
452 2294 474 2324 l.
498 2294 660 2333 significat,
677 2304 744 2324 cum
761 2295 856 2324 admi-

143 2339 274 2374 ratione,
289 2337 581 2368 stomachabundum
597 2338 780 2368 exclamare.

187 2398 230 2404 -—
245 2383 275 2411 5.
298 2379 431 2420 ἐξέκλειον
456 2380 539 2419 λόγου
561 2381 726 2422 τυγχάνειν]
754 2380 856 2411 malim

145 2423 280 2463 ἐξέκλειον
295 2425 344 2454 τοῦ
359 2423 442 2462 λόγου
457 2435 548 2466 τυγχ.
565 2424 617 2453 sed
632 2425 688 2454 bac
703 2426 855 2460 cautione,

146 2472 180 2497 ut
207 2469 256 2497 τοῦ
287 2477 323 2497 ne
349 2467 387 2496 ad
414 2466 497 2505 λόγου
524 2467 686 2503 referatur,
708 2468 761 2498 sed
787 2478 856 2497 cum

145 2511 295 2552 τυγχάνειν
317 2509 487 2549 copuletur.
511 2509 645 2550 ἐξέκλειον
663 2512 726 2546 τοὺς
753 2511 857 2545 ἄλλους

144 2554 352 2584 excludebant
378 2552 455 2582 alios
477 2554 527 2582 τοῦ
552 2554 703 2595 τυγχάνειν
729 2555 766 2584 ab
792 2554 858 2584 adi-

146 2597 293 2636 piscendo
306 2595 389 2634 λόγου
401 2595 574 2626 facultatem
590 2597 726 2627 dicendi.

187 2658 230 2663 —
244 2643 275 2670 6.
290 2638 482 2679 ἐπαγγελίαν]
509 2640 631 2670 correxi
657 2641 856 2680 ἀπαγγελίαν,

144 2683 397 2713 renuntiationem
413 2684 492 2721 ejus,
510 2682 543 2712 id
561 2690 620 2719 est,
635 2694 702 2723 quae
727 2685 765 2714 de
788 2694 856 2714 suc-

145 2736 233 2756 cessu
251 2725 413 2763 legationis
436 2736 497 2756 suae
521 2726 558 2755 ad
580 2736 635 2756 vos
659 2727 857 2757 renuntiavit.
880 2728 978 2767 fidus,
1003 2729 1053 2758 cui
1079 2739 1138 2758 mm
1159 2729 1286 2768 fiditur.

144 2767 318 2808 ἐπαγγελίαν
351 2769 410 2798 huc
444 2780 502 2799 non
533 2770 686 2805 convenit,
714 2771 857 2810 primum,

147 2814 227 2851 quod
257 2813 296 2842 de
319 2811 575 2852 promissionibus
591 2814 655 2852 jam
683 2813 858 2853 praecessit,

147 2855 313 2895 eademque
331 2855 442 2885 vitiose
457 2860 560 2885 orator
583 2861 664 2886 esset
680 2857 858 2887 iteraturus.

148 2901 224 2933 tum,
239 2898 321 2938 quod
333 2909 477 2929 numerus
494 2899 621 2937 pluralis
637 2900 858 2939 requireretur,

149 2949 208 2970 non
224 2951 281 2972 una
296 2942 362 2971 sola
376 2952 410 2971 re
431 2942 595 2981 promissa,
616 2943 670 2972 sed
693 2943 859 2984 compluri-

151 2983 218 3013 bus.
260 2984 466 3015 Accusativus
481 2985 531 3015 hic
553 2990 643 3025 aptus
665 2992 725 3022 est,
742 2997 802 3016 non
820 2998 858 3016 ex

150 3025 238 3058 ιῖδῆτε
251 3027 335 3069 (nam
350 3028 517 3060 Atticismo
538 3028 589 3060 hio
611 3040 669 3060 nou
691 3036 740 3061 est
762 3031 862 3067 locus,

891 312 922 339 et
946 308 1035 339 εἰδῆτε
1056 309 1193 340 oohaeret
1221 321 1290 340 cum
1314 311 1368 347 ὅτι,
1395 313 1516 342 teneatis
1543 311 1606 348 hoc,

889 352 966 392 quod
977 351 1048 391 —-)‚
1065 351 1120 382 sed
1137 359 1226 392 aptus
1243 360 1292 382 est
1307 364 1323 383 e
1338 355 1514 395 μεμνημένοι
1525 365 1605 394 prae-

890 396 996 430 misso,
1023 399 1163 426 tenentes
1186 396 1216 425 in
1238 399 1385 427 memoria
1405 398 1606 429 renuntiatio-

890 449 956 468 nem
974 440 1051 476 ejus.

935 499 974 504 —-
989 485 1040 511 11.
1057 479 1139 521 οὗπερ
1153 480 1243 522 εἶπον]
1260 486 1388 521 propter
1401 483 1484 513 illam
1497 484 1605 524 praeci·

890 534 951 563 pue
962 535 1193 564 causam‚quam
1209 526 1288 560 dixi,
1306 527 1381 555 bene
1397 526 1498 561 habet,
1515 527 1606 556 vitio-

891 578 949 606 que
972 573 1077 606 caret3
1101 568 1245 607 aliudque
1272 569 1345 598 nihil
1373 568 1400 597 si
1432 570 1605 607 cogitarunt

891 619 980 650 atque
998 612 1168 645 voluerunt,
1189 622 1276 650 quam
1294 618 1325 641 nt
1345 612 1401 640 hoc
1418 612 1606 649 significaret

889 653 966 694 ὅπερ,
982 655 1063 693 quod
1077 661 1244 693 suggerunt
1259 655 1398 684 inlocum
1412 653 1504 695 οὗπερ,
1517 656 1607 691 igno-

891 702 951 732 tus,
971 698 1021 736 qui
1039 698 1175 727 codicem
1194 698 1335 728 Italicum
1356 699 1385 728 in
1402 698 1512 728 Woltii
1537 709 1605 738 gra-

890 740 964 769 tiam
980 741 1120 776 contulit,
1137 742 1264 780 ejusque
1281 741 1466 779 suffragator
1479 741 1607 780 Taylor,

891 784 995 822 utique
1025 789 1176 814 errarunt.
1219 785 1273 814 Sin
1301 789 1402 814 autem
1431 785 1606 824 significare

891 826 1053 856 voluerunt
1069 827 1194 857 alteram
1214 828 1407 864 sententiam,
1429 838 1497 867 quae
1512 828 1605 858 etiam

890 869 919 898 iu
942 868 1008 910 ξ’πες
1027 869 1102 900 εἷπον
1120 870 1222 900 inesse
1238 874 1354 910 potest,
1379 872 1454 901 liano
1470 877 1556 910 puta,
1574 872 1605 901 id.

891 913 967 952 quod
990 914 1073 942 modo
1098 914 1238 949 dicebam,
1263 914 1414 944 sententia
1437 915 1503 944 liaec
1525 916 1606 944 bona

890 961 948 991 cst,
973 966 1070 995 neque
1086 957 1250 986 admodum
1265 962 1333 987 sunt
1349 957 1607 996 reprehendendi.

890 999 1012 1028 tametsi
1028 999 1069 1028 nil
1086 1000 1158 1029 ideo
1175 1011 1229 1030 nos
1242 1001 1389 1036 movebit,
1403 1006 1464 1031 uta
1482 1001 1607 1041 vulgata

891 1042 1095 1071 discedamus.

933 1102 976 1108 —
993 1087 1044 1114 12.
1069 1083 1194 1126 δευτέρου
1206 1085 1234 1115 δέ
1247 1097 1318 1122 τινος
1332 1086 1380 1116 καῖ
1395 1086 1468 1117 οὐδὲν
1482 1086 1605 1118 ἐλάττο-

889 1127 946 1167 νος]
970 1128 1101 1158 distinxi
1129 1129 1184 1165 sic,
1208 1134 1242 1158 ut
1266 1130 1469 1169 dialogismus
1494 1132 1604 1162 melius

890 1176 1056 1210 appareat:
1088 1171 1211 1212 δευτέςου
1235 1171 1262 1202 δὲ
1293 1171 1382 1211 τίνος;
1415 1175 1606 1213 ecquodnam

891 1224 965 1244 vero
981 1219 1027 1245 est
1038 1215 1166 1244 alterum
1181 1215 1272 1252 illud,
1285 1217 1324 1245 ob
1341 1217 1421 1255 quod
1436 1217 1501 1246 haec
1518 1218 1606 1247 vobis

890 1257 929 1286 ad
955 1258 1086 1287 animuin
1111 1259 1246 1289 revoco?
1270 1261 1439 1298 respondet
1459 1260 1508 1289 καὶ
1534 1260 1606 1290 οῦδὲν

889 1298 1048 1336 ἐλάττονος.
1075 1306 1122 1331 est
1148 1302 1205 1331 lioc
1231 1312 1352 1341 nempe,
1374 1308 1405 1332 et
1427 1303 1457 1332 id
1481 1303 1606 1342 quidem

890 1343 973 1373 nulla
995 1344 1025 1374 in
1045 1355 1078 1373 re
1100 1344 1201 1374 minus
1223 1350 1275 1375 aut
1298 1346 1412 1381 levius,
1434 1357 1523 1385 quam
1548 1347 1608 1377 fuit

890 1386 986 1425 prius.
1028 1388 1154 1423 Nescio,
1166 1399 1201 1418 an
1219 1389 1257 1418 ad
1274 1390 1455 1428 elegantiam
1470 1391 1606 1426 accedat,

891 1430 917 1459 si
933 1430 971 1460 ad
989 1429 1137 1465 ἐλάττονος
1152 1432 1282 1462 addatur
1297 1443 1341 1470 γε,
1357 1433 1499 1474 profecta,
1512 1439 1597 1464 certe.

941 1491 985 1496 --
1013 1478 1064 1506 15.
1096 1473 1354 1517 πξοΐ-ἷαλλομένους]
1390 1482 1475 1506 recte
1504 1477 1606 1507 locum

892 1517 971 1546 hunc
1003 1517 1223 1556 interpretatur
1257 1521 1439 1558 Harpocrat.
1472 1530 1500 1549 v.
1534 1531 1609 1560 προ·

891 1559 1095 1598 βαλλομένους,
1122 1563 1209 1599 cnjus
1233 1563 1297 1591 lioec
1322 1568 1394 1593 sunt
1411 1563 1525 1593 verba:
1551 1570 1608 1594 Δη-

890 1604 1036 1642 μοσθένης
1061 1615 1087 1634 εν
1113 1606 1156 1643 τῷ
1181 1604 1249 1634 κατ’
1271 1605 1406 1647 Αἰσχίνου
1429 1617 1479 1636 την
1504 1605 1607 1647 ωςοαί-

891 1657 962 1686 ςεσιν
981 1649 1032 1681 τῆς
1053 1646 1200 1682 πολιτείας
1223 1649 1451 1689 πξοβεβλημὲνην
1468 1661 1516 1678 και
1540 1650 1610 1680 ἄπι-

892 1701 960 1720 στον
983 1690 1078 1724 εἶπεν
1102 1691 1164 1720 ἀντὶ
1193 1693 1242 1721 τοῦ
1268 1692 1394 1726 ευλοιβῶς
1414 1691 1538 1734 ἔχουσαν
1559 1693 1609 1723 καὶ

892 1733 1122 1772 φυλαττομένην.
1151 1746 1218 1764 nam
1251 1735 1293 1764 ita
1317 1736 1378 1774 leg.
1406 1743 1463 1771 est,
1486 1737 1529 1766 ita
1557 1737 1610 1766 dat

891 1787 949 1806 non
982 1778 1071 1808 inodo
1100 1779 1199 1808 codex
1231 1779 1406 1813 Mediceus,
1431 1780 1484 1809 sed
1515 1780 1606 1809 etiam

892 1820 988 1850 editio
1012 1821 1137 1851 Aldina.
1166 1833 1182 1851 a
1206 1833 1266 1860 qna
1296 1827 1328 1851 ut
1356 1823 1406 1851 liic
1429 1823 1607 1853 discederet

892 1863 1090 1900 Mansa-acus,
1121 1867 1257 1903 profecto
1285 1865 1359 1894 nihil
1381 1876 1449 1895 eum
1472 1866 1608 1905 impulit,

892 1917 980 1944 quam
1006 1908 1164 1938 subitanea
1180 1909 1319 1947 quaedam
1343 1913 1373 1937 et
1393 1909 1519 1939 fortuita
1540 1919 1607 1939 ver-

891 1950 967 1985 tigo,
989 1956 1078 1989 atque
1102 1956 1314 1980 momentanea
1334 1952 1460 1982 coecitas
1484 1953 1608 1987 mentis.

892 2002 909 2020 a
925 2002 983 2029 qua
1000 1993 1067 2022 labe
1084 1999 1219 2022 nostrum
1238 2004 1325 2023 nemo
1343 1995 1418 2024 satis
1444 2001 1526 2024 tutus
1548 2001 1606 2033 est.

892 2036 1080 2070 Gronovius,
1104 2037 1155 2075 qui
1177 2037 1319 2066 vitiosam
1350 2037 1513 2068 lectionem
1538 2037 1608 2067 έλα-

891 2080 964 2117 φρῶς
978 2078 1007 2107 in
1024 2084 1110 2108 texto
1124 2080 1271 2115 servavit,
1285 2081 1313 2109 in
1332 2081 1525 2111 annotatione
1543 2092 1608 2120 poe·

891 2121 1049 2151 nitentium
1066 2127 1264 2158 contestatur,
1288 2125 1368 2162 quod
1387 2129 1518 2154 veterem
1535 2135 1607 2164 pro-

892 2165 959 2193 bam
982 2164 1144 2194 lectionem
1175 2166 1302 2200 εὐλαβῶς
1326 2177 1384 2196 non
1415 2174 1604 2198 revocasset.

895 2208 948 2237 Est
964 2215 1038 2246 ergo
1054 2206 1277 2249 προβείλημένην
1295 2216 1413 2239 cautam
1431 2216 1461 2240 et
1477 2212 1608 2242 circum-

891 2256 1049 2289 spectam3
1080 2263 1120 2282 ex
1151 2253 1275 2289 effectu,
1299 2254 1347 2282 vel
1377 2255 1607 2294 consequentia.

892 2304 959 2323 nam
976 2295 1102 2334 proprie
1119 2293 1340 2336 πξοέεὲλημένος
1356 2307 1414 2326 non
1428 2303 1475 2327 est
1487 2304 1607 2335 cautus,

891 2338 971 2367 sed
963 2349 1000 2374 is,
1024 2339 1076 2377 qui
1097 2349 1166 2368 sese
1189 2340 1323 2378 undique
1343 2340 1442 2370 munit
1458 2347 1488 2370 et
1504 2342 1607 2378 vallat,

891 2380 1032 2421 projecta
1045 2388 1113 2412 ante
1127 2393 1160 2412 se
1174 2383 1265 2412 habet
1280 2384 1523 2422 propugnacula,
1537 2395 1607 2414 scu-

892 2430 968 2460 tum,
983 2426 1110 2461 hastam,
1126 2436 1266 2465 aggeres,
1281 2427 1404 2461 moenia,
1423 2427 1482 2457 alia
1497 2427 1607 2459 instru-

891 2475 992 2498 menta
1009 2468 1106 2498 hostis
1124 2469 1260 2499 arcendi.
1305 2470 1366 2500 Sed
1383 2470 1441 2499 hoc
1457 2481 1516 2500 non
1532 2473 1607 2503 facit

891 2512 949 2548 nisi
966 2517 1075 2541 cantus
1092 2516 1123 2541 et
1144 2512 1308 2550 providus.
1352 2513 1436 2552 Ergo
1460 2525 1516 2553 per
1533 2526 1606 2545 con-

888 2549 1022 2594 v1fflquens
1053 2555 1204 2593 significat
1231 2555 1458 2597 προβεβλημένος
1481 2564 1603 2589 cautum

891 2609 1022 2637 quoque.
1045 2598 1170 2632 ἄπιστος
1189 2599 1219 2628 h.
1236 2600 1257 2629 l.
1284 2605 1344 2630 est-
1359 2599 1458 2630 active
1484 2611 1607 2632 sumen-

891 2642 976 2677 dum,
1000 2642 1052 2681 qni
1076 2651 1135 2671 non
1152 2642 1239 2683 fidit,
1262 2653 1320 2673 non
1347 2648 1447 2673 autem
1468 2645 1605 2683 passive,

891 2696 953 2724 quo
969 2694 1061 2714 sensu
1082 2686 1272 2724 frequentius
1287 2686 1367 2716 solet
1383 2688 1536 2726 usurpari,
1561 2690 1606 2718 in·

1341 2730 1394 2759 Siu
1421 2737 1519 2760 antem
1549 2742 1606 2770 pro

891 2772 1016 2806 ἄπιστος
1031 2771 1151 2801 malis*
1134 2782 1295 2806 οισπειστος
1308 2773 1510 2811 implacabilis,
1524 2776 1606 2812 quod

891 2814 964 2844 mibi
982 2815 1081 2844 visum
1097 2815 1262 2858 aliqu-audo
1277 2816 1335 2845 suit
1353 2818 1607 2857 praestare(nunc

891 2858 972 2888 enim
989 2858 1129 2888 diflidens
1152 2858 1218 2896 ipse
1236 2859 1373 2888 mihimet
1389 2860 1417 2888 in
1435 2859 1536 2889 medio
1553 2870 1609 2898 po-

892 2901 990 2939 nam),
1011 2906 1074 2932 tuni
1093 2902 1243 2931 vocabulo
1267 2900 1495 2942 προβεβλημένην
1518 2903 1608 2934 aliam

893 2944 1029 2974 tribuere
1074 2950 1163 2984 potes
1214 2945 1479 2983 significationem,
1530 2947 1608 2978 hauc

895 2998 1017 3027 nempe,
1046 2989 1111 3018 odio
1130 2988 1280 3029 flagrans.
1312 2987 1397 3026 quasi
1429 2988 1545 3019 furiosa
1577 2997 1608 3021 et

895 3031 1061 3072 desperata
1073 3042 1142 3062 cum
1158 3031 1286 3062 audacia
1301 3036 1334 3062 et
1347 3031 1516 3071 pertinacia
1531 3035 1614 3066 ultro
