1931 3322
310 211 395 253 AD
428 208 796 252 ORATIONEM
830 207 893 249 IN
925 209 1354 252 TIMOCRATEM.

153 335 195 341 —-
209 316 285 348 ibid.
307 315 506 356 κατεγνωκέναι
528 318 570 346 τὲ
590 315 734 356 χρήματα
756 314 820 345 τού-

109 360 181 400 των]
208 361 356 391 sementia
379 361 442 390 lata
466 360 696 399 pronunciasse,
724 368 819 397 penes

109 413 163 434 eos
179 403 277 433 videri
291 403 436 442 pecunias
452 413 613 442 sacrasque
634 408 665 432 et
681 402 820 441 publicas

109 455 191 482 esse,
203 450 239 476 et
253 446 338 485 ipsos
351 446 557 475 restitutionis
574 455 676 475 earum
689 445 799 474 teneri.

151 489 226 520 ⁷55.
241 491 271 518 1.
297 487 375 527 μήτε
398 488 514 524 τούτων,
530 487 603 527 μήτ’
618 487 734 529 ἐκείνων]
753 498 821 517 cor-

109 531 180 561 rexi
196 530 274 570 μήτε
299 531 411 567 τούτου,
434 531 617 562 Timocratis
639 536 726 571 puta,
748 528 822 570 μήτ’

110 572 218 610 ἐκείνου,
231 574 442 604 Androtionis.

150 635 195 640 —
209 620 261 648 11.
283 616 413 659 ἀσεξείςι]
443 628 511 657 quae
538 616 652 657 quibus
674 616 705 646 in
726 617 821 647 rebus

111 665 266 696 cernatur,
281 662 409 699 exponit
424 661 492 701 ipse
509 671 539 700 p.
554 661 629 691 756.
643 670 713 699 pen.

151 720 194 726 —
209 705 259 734 19.
274 703 307 733 τό
322 703 467 744 δημόσιον]
481 704 603 734 correxi
619 703 665 734 τὸν
680 702 822 743 δημόσιον,

109 746 179 777 scil.
193 746 297 783 δοῦλον,
313 748 362 777 vel
385 746 580 788 γραμματέα.

151 807 194 812 —-
209 792 262 822 25.
272 790 374 829 σαυτῷ
386 790 546 831 πιστεύειν]
563 790 667 820 malim
681 795 735 820 aut
750 801 822 820 σαυ-

108 831 152 872 τᾷἱ
163 834 206 872 μὴ
221 832 375 871 πιστεύειν,
393 835 447 864 tibi
461 844 519 864 non
533 834 660 870 credere,
674 839 700 864 te
715 834 822 874 uonfi-

108 876 188 912 dere,
211 881 262 906 aut
284 876 383 914 ὁμοίως
405 887 422 907 e
443 878 518 907 sede
543 888 598 907 sua
617 877 773 907 transferri
793 881 825 907 et

108 923 178 949 ante
194 920 334 950 πιστεύειν
349 920 504 950 collocari.
527 921 553 950 si
565 921 724 959 jussisses,
738 920 825 959 flagi-

110 967 222 998 tasses,
233 973 354 1003 aequum
369 964 554 1000 censuisses,
572 970 604 994 ut
622 974 703 1003 resp.
721 964 777 993 tibi
793 964 823 993 in

111 1006 252 1036 omnibus
262 1008 366 1044 rebus,
375 1017 450 1047 quas
464 1011 496 1036 tu
510 1007 540 1036 ei
555 1013 718 1046 praestares
734 1011 824 1045 atque

110 1059 286 1088 perageres,
310 1051 435 1080 eandem
462 1050 553 1080 fidem
576 1051 711 1086 baberet,
735 1060 824 1089 quam

112 1091 169 1121 tibi
183 1092 241 1122 hac
253 1092 283 1122 in
299 1103 391 1123 causa
405 1093 531 1123 voluisti
543 1094 580 1123 ab
598 1104 634 1123 ea
649 1093 766 1129 haberi,
780 1092 824 1132 [b.

112 1145 143 1164 e.
159 1135 287 1177 nullam]
300 1153 353 1165 --.

153 1195 197 1200 -—
211 1181 264 1209 026.
279 1177 388 1218 ἐφωρῶ]
412 1189 565 1218 nunquam
581 1189 678 1214 esses,
697 1183 728 1208 ut
744 1188 825 1208 nunc

112 1230 158 1256 es,
178 1221 208 1250 in
230 1222 313 1251 furto
335 1222 559 1260 deprehensus,
577 1221 650 1260 quia
670 1221 825 1251 caruisses

115 1263 277 1294 occasione
293 1264 424 1294 furandi.

153 1309 174 1336 7
177 1309 229 1338 56.
237 1311 267 1339 Ξ.
274 1305 523 1348 προγραψάμενος]
533 1306 652 1336 correxi
662 1304 826 1346 πςοτγραψ.

111 1351 298 1380 constructio
317 1350 410 1391 paulo
426 1349 606 1389 perplexior
625 1350 670 1379 sio
687 1349 826 1388 explica-

113 1393 197 1424 bitur
209 1404 216 1422 :
231 1395 274 1423 νῦν
285 1392 312 1423 δὲ
321 1393 405 1424 ὁπότε
414 1391 495 1432 φαίνῃ
505 1393 548 1432 μῆ
560 1390 827 1434 προσγραψάμενος,

112 1436 188 1466 ἄλλο
201 1449 231 1466 τι
246 1437 380 1476 πράττων
391 1436 438 1465 καὶ
452 1437 527 1466 κινῶν
539 1435 584 1475 [b.
597 1447 624 1465 e.
640 1434 666 1465 ἐν
677 1436 720 1475 τῷ
735 1436 828 1476 argei-r-

113 1490 170 1510 τειν
184 1480 258 1510 ἄλλο
271 1491 300 1509 τι
315 1479 363 1509 καὶ
378 1477 404 1509 ἐν
415 1479 458 1518 τῷ
477 1479 571 1520 κινεῖν]
596 1476 688 1518 ὁρίσας
704 1478 750 1520 [id
768 1483 827 1516 est,

112 1525 196 1562 μετὰ
217 1521 251 1552 τὸ
278 1520 393 1563 &pio-ac]
417 1522 480 1561 jam
495 1522 666 1561 insequitur
681 1522 827 1561 apudosis

114 1566 164 1596 οὐκ
178 1565 224 1597 ἤδη
238 1565 327 1596 δῆλον.
355 1565 424 1596 Jam
433 1575 511 1600 vero,
521 1576 588 1595 cum
602 1571 630 1595 te
642 1566 686 1594 itu
697 1566 828 1605 gesseris,

114 1615 151 1639 ut
162 1615 269 1639 constet
281 1610 356 1639 inter
368 1618 472 1644 omnes,
483 1614 511 1638 te
519 1609 564 1639 m‘l
578 1618 693 1639 curasse
702 1614 761 1639 tuce
771 1620 826 1638 au-

113 1654 242 1683 ctoritati
252 1652 378 1682 adscribi
389 1652 552 1682 clausulam
566 1651 642 1682 hanc
653 1652 774 1682 eandem
786 1669 828 1674 ——

115 1696 148 1725 in
163 1694 221 1726 alio
234 1697 366 1736 quopiam
375 1697 450 1734 reip.
464 1705 579 1725 versans
595 1696 718 1735 negotio,
728 1696 759 1725 in
773 1706 829 1735 quo

115 1748 212 1769 sacras
226 1749 291 1778 opes
305 1738 495 1768 commonebas
507 1755 550 1761 —
562 1744 596 1768 tu
607 1739 695 1774 idem,
707 1739 757 1778 qui
773 1749 828 1768 an-

117 1787 175 1818 tea,
190 1783 223 1812 iu
237 1781 403 1823 ‘redigendis
411 1781 515 1812 debitis
529 1788 625 1812 tamen
637 1782 678 1817 id,
689 1781 763 1821 quod
773 1792 829 1821 par

117 1830 193 1860 erat,
205 1825 352 1855 cautionis
371 1825 430 1864 ipse
449 1825 504 1855 tibi
518 1825 664 1855 statuisses
677 1842 722 1847 -—
735 1835 830 1855 nonne

117 1867 209 1909 liquet
223 1885 264 1890 —-
277 1868 428 1898 vocabulo
447 1869 607 1898 auctoritas
628 1867 679 1897 hic
700 1869 829 1907 designo

118 1911 275 1941 decretum
291 1911 488 1950 magistratus
503 1911 662 1951 populive,
677 1922 737 1950 quo
748 1922 831 1941 man-

121 1954 211 1984 datur
237 1954 351 1993 aliquid
380 1953 472 1984 alicui
499 1954 624 1994 publice
649 1955 831 1990 curandum,

120 1996 238 2027 functio
255 1997 393 2036 quaedam
411 1997 558 2033 defertur,
574 1997 785 2033 committitur,
801 2002 832 2027 et
854 1996 985 2038 jaciam.

122 2050 236 2076 omnes,
251 2040 288 2070 ad
305 2050 380 2079 quos
396 2050 432 2070 ea
447 2051 497 2070 res
517 2040 658 2081 pertinet,
675 2040 703 2070 ei
723 2051 833 2081 parere

118 2084 277 2123 jubentur.
287 2093 346 2113 nos
357 2083 450 2123 vulgo
461 2083 687 2114 commissionem
699 2083 835 2124 appella-

122 2137 201 2157 mus.

164 2184 209 2193 -—
223 2169 256 2201 5.
271 2169 319 2200 καὶ
331 2172 412 2201 κατὰ
427 2169 532 2205 παντός
545 2171 603 2212 -]
615 2171 708 2202 verba
721 2171 770 2201 καὶ
784 2182 836 2201 κα·

121 2214 163 2243 τιὶ
185 2212 291 2247 παντὸς
307 2215 358 2244 τοῦ
382 2213 478 2256 χρόνον
499 2215 587 2254 Tayl.
614 2215 677 2245 vult
701 2215 733 2245 in
755 2226 784 2244 v.
807 2216 838 2244 6.

122 2256 281 2287 transferri
306 2262 338 2287 et.
363 2263 433 2298 post
456 2257 574 2299 ζηλωτοὶ
603 2258 689 2298 poni.
715 2258 839 2297 elegans

122 2300 261 2340 profecto
287 2310 323 2330 ea
344 2306 394 2331 est
415 2306 447 2331 et
469 2301 628 2342 ingeniosa
652 2303 839 2341 conjectura.

123 2342 250 2373 videtur
278 2347 377 2383 tamen
403 2345 545 2384 vulgatus
573 2345 651 2375 ordo
679 2345 840 2374 verborum

126 2385 242 2416 servari
255 2395 359 2424 posse,
374 2386 400 2416 si
416 2389 511 2417 verba
519 2387 567 2417 καὶ
580 2389 661 2418 κατὰ
671 2386 776 2421 παντὸς
791 2388 840 2417 τοῦ

122 2427 219 2470 χρόνον
229 2426 387 2466 σκέψασθε
401 2430 497 2469 signis
513 2431 729 2471 parentheseos
743 2429 842 2460 inclu-

127 2474 248 2502 dantur.
272 2476 306 2502 ut
328 2472 393 2502 haec
417 2475 458 2503 sit
481 2473 645 2504 sententia:
670 2484 728 2512 ego
755 2484 841 2510 vero,

127 2515 332 2546 Athenienses
348 2515 421 2555 (sed
433 2516 526 2546 velim
539 2526 557 2546 a
567 2516 667 2552 vobis,
679 2527 738 2546 non
752 2517 842 2555 hujus

127 2557 292 2598 praesentis
304 2558 496 2589 solummodo
508 2560 670 2599 temporis,
683 2560 738 2590 sed
751 2560 843 2590 etiam

129 2601 231 2631 cuncti
261 2602 458 2641 postmodnm
492 2603 584 2632 futuri
613 2603 760 2634 rationem
791 2603 843 2633 ba-

130 2643 269 2684 beri)—-.

174 2705 218 2710 —
227 2691 278 2720 14.
289 2686 335 2718 τὸν
345 2687 440 2728 δῆμον.
453 2685 653 2729 ἐπεγέγραπτό
664 2699 718 2719 που
729 2688 844 2730 orizam]

132 2730 237 2762 malim
256 2732 302 2762 sic
323 2732 492 2771 distingui:
515 2731 560 2761 τὸν
574 2731 669 2771 δῆμον,
692 2731 846 2772 ἐπεγὲγςα-

133 2773 192 2803 πτό
207 2783 270 2805 που.
293 2775 376 2813 quod
390 2775 526 2805 cohaeret
545 2785 614 2805 cum
629 2774 643 2806 ἢ
658 2778 737 2806 κατὰ
752 2776 848 2810 πόλεις

133 2833 178 2839 --
189 2822 242 2847 aut
257 2818 427 2857 oppidatim,
441 2819 515 2860 (pro
536 2828 662 2848 numero
676 2819 848 2854 civitatum,

136 2858 161 2889 si
177 2859 319 2891 volumus
333 2861 460 2892 donaria
483 2861 641 2892 civitatum
658 2861 848 2901 singularum

138 2906 277 2941 spectare
296 2908 328 2934 et
346 2904 532 2943 recensere),
547 2905 689 2944 inscripta
704 2911 789 2935 erant
804 2915 851 2935 us·

137 2945 236 2983 piam.-
264 2955 303 2976 ar
329 2968 464 2978 ......
497 2958 666 2980 coruum
695 2958 852 2980 conomi-

141 2996 256 3019 ναῖκι-ι
283 2989 370 3021 πάλιν
395 3001 500 3022 rursus
519 2992 568 3033 (h.
593 3002 621 3022 e.
643 2991 695 3021 alii
720 2992 852 3033 cuipiam

141 3030 265 3061 donario
280 3037 345 3063 erat
358 3033 566 3077 inscriptum),
582 3044 697 3066 conor<
714 3040 773 3067 etc.

1485 210 1565 252 175

897 316 972 345 ⁵757.
989 316 1021 345 3.
1047 314 1091 353 τῷ
1106 314 1205 354 δοκεῖν]
1223 316 1343 345 correxi
1362 315 1394 345 τὸ
1410 314 1506 346 δοκεῖν.
1521 316 1570 351 iis,

855 359 905 397 qui
919 368 953 387 ea
967 357 1160 393 donaverant,
1171 358 1387 394 dedicaverant,
1398 361 1571 398 eripuerzmt

853 393 1092 430 existimationem
1117 409 1192 434 eam,
1223 411 1281 439 qua
1306 402 1477 432 viderentur
1503 401 1571 432 aliis

854 452 990 473 memores
1011 442 1212 483 beneficiorum
1235 444 1268 472 in
1290 445 1360 481 ipsos
1377 445 1548 475 collatorum
1559 456 1570 482 ,-

855 497 917 527 quae
931 487 1105 516 existimatio
1118 496 1175 516 non
1186 496 1297 525 parum
1312 492 1352 515 est
1365 487 1502 527 gloriosa.

898 546 941 552 —
956 531 987 559 6.
1003 530 1015 559 ὁ
1029 528 1099 570 μὲν]
1115 530 1318 559 Timocrates.

897 590 941 595 —
954 576 986 604 7.
1001 572 1035 602 δι’
1049 571 1158 614 ἐκεῖνον]
1177 572 1410 608 Androtionem,
1426 572 1461 601 ad
1479 583 1569 612 quem

855 616 958 656 ipsum
974 616 1065 646 etiam
1080 615 1092 645 ὅ
1109 614 1138 646 δὲ
1153 615 1243 646 redit.

899 677 942 681 —
955 661 985 689 8.
1001 659 1075 700 τοῖς]
1092 659 1193 689 malim
1203 657 1251 688 ἐπὶ
1265 659 1335 693 τοῖς.

899 720 942 725 —-
957 705 1010 733 10.
1025 702 1118 743 ἐστὶν]
1137 702 1285 732 Androtio
1301 706 1386 742 puta.

900 747 974 776 758.
993 749 1046 776 16.
1067 746 1115 775 καὶ
1131 744 1252 776 ἔλαττόν
1269 745 1356 786 τινος]
1381 744 1502 775 correxi
1518 744 1572 774 de-

857 789 919 819 leta
936 789 1056 830 copula,
1071 789 1192 819 ἔλαττον
1209 787 1290 824 τίνος.
1314 799 1383 818 cum
1401 788 1506 818 addito
1531 788 1573 816 si-

859 843 917 872 gno
929 832 1187 872 interrogationis.
1203 833 1354 872 quodnam
1369 831 1401 861 id
1418 836 1465 861 est
1481 831 1575 861 sacri-

858 877 983 914 legium,
1002 887 1063 916 quo
1078 876 1136 906 hoc
1159 875 1354 915 sacrilegium
1371 873 1573 904 Androtionis

859 920 959 949 minus
970 925 1001 949 et
1021 920 1118 949 levius
1134 919 1269 958 putetis?
1285 919 1367 948 idem
1381 925 1428 947 est
1441 928 1476 947 ae
1486 917 1514 947 si
1527 917 1576 946 di-

859 963 974 993 xisset:
989 961 1020 992 'rs'
1030 961 1108 992 ἐστιν
1117 961 1269 1001 ἀσέβημα,
1281 958 1309 991 οὗ
1322 960 1442 992 ἔλαττον
1457 959 1577 999 ἡγεῖσθε

859 1005 926 1035 εἶναι
943 1006 1023 1036 τουτὶ
1039 1005 1072 1036 τὸ
1087 1005 1236 1044 ἀσέβημα.

902 1066 946 1071 —
962 1051 1013 1078 19.
1040 1048 1236 1088 πςοειρημένων
1257 1046 1364 1078 τακτὲν
1387 1048 1492 1087 ἦμεξῶν
1515 1047 1575 1086 ἀξι-

859 1089 943 1131 Θμὲν]
958 1091 1050 1120 etiam
1064 1100 1156 1129 supra
1170 1101 1201 1129 p.
1219 1093 1292 1122 618.
1310 1093 1338 1121 9.
1350 1095 1399 1120 est
1413 1089 1577 1130 πςοειξημὲ-

859 1144 906 1161 νων
920 1134 1005 1174 (cum
1022 1134 1058 1172 ω)
1072 1143 1129 1171 ego
1140 1143 1213 1162 vero
1230 1133 1425 1162 nihilominus
1443 1138 1575 1172 utroque

858 1177 928 1205 loco
944 1175 1076 1205 arbitror
1092 1176 1152 1214 leg.
1168 1186 1236 1206 esse
1253 1174 1439 1216 πξοειρημὲνον
1457 1176 1506 1216 (in
1523 1186 1574 1204 ac-

860 1220 1000 1249 cusativo
1013 1219 1179 1259 singulari)
1190 1226 1222 1248 ut
1233 1219 1271 1248 ad
1286 1218 1401 1258 ἰιριθμόν
1415 1220 1576 1248 referatur.

860 1267 892 1292 et
906 1262 952 1291 sic
967 1262 1039 1292 dedi
1055 1272 1095 1292 ex
1113 1262 1204 1292 Paul.
1225 1262 1332 1292 τακτὸν
1351 1262 1436 1291 uncis
1451 1262 1575 1297 inclusi,

861 1312 892 1335 ut
910 1305 1062 1335 scholium
1081 1305 1222 1335 vocabuli
1237 1304 1433 1345 πςοειςημένον.

903 1366 945 1370 -
960 1351 1012 1379 21.
1036 1347 1265 1388 ἔπιτηδευμετὲι]
1290 1349 1397 1377 vitium
1421 1352 1469 1377 est
1486 1353 1578 1387 typo-

861 1391 1050 1431 graphicam,
1066 1393 1146 1430 quod
1164 1391 1278 1422 mutavi
1296 1401 1365 1420 cum
1384 1389 1579 1430 ἐπιτηδευμά-

861 1445 926 1465 των.

903 1495 946 1500 -
960 1477 1037 1508 ibid.
1060 1477 1215 1518 Βεβίωται]
1231 1477 1262 1507 in
1278 1478 1337 1508 hoc
1351 1479 1446 1508 verbo
1462 1477 1578 1507 desinit

862 1521 948 1551 locus
971 1521 1024 1551 ille
1047 1532 1086 1551 ex
1111 1521 1301 1551 Androtiana
1322 1522 1354 1551 in
1377 1522 1452 1550 banc
1475 1521 1580 1551 Timo-

862 1571 994 1595 orateam
1014 1564 1192 1602 translatus,
1212 1575 1330 1603 unaque
1353 1564 1420 1604 ipsa
1441 1563 1494 1594 illa
1517 1570 1580 1594 tota

862 1608 970 1638 oratio.

904 1669 948 1674 ——-
960 1653 1012 1682 22.
1029 1651 1049 1681 ἃ
1064 1651 1092 1681 δὲ
1109 1651 1283 1691 Τιμοκράτει
1294 1652 1408 1691 συνεξεῖ,
1419 1653 1516 1681 πολλὰ
1532 1650 1580 1680 λέ-

861 1705 918 1733 γειν
932 1694 1006 1735 ἔχων
1021 1694 1064 1724 ἔτι
1080 1694 1144 1735 πρὸς
1158 1694 1266 1728 τούτοις
1282 1693 1452 1733 παύσομαι]
1476 1695 1580 1723 malim

862 1738 882 1767 ἃ
903 1737 931 1768 δὲ
955 1738 1137 1778 Τιμοκράτης
1159 1736 1325 1777 Ἀνδροτίωνι
1349 1738 1462 1777 συνεξεῖ,
1485 1739 1583 1767 πολλὰ

862 1779 952 1819 λέγειν
962 1780 1036 1823 ’έχων
1050 1781 1104 1817 ἐ’τι,
1118 1781 1193 1821 weit,-
1205 1782 1303 1810 ταῦτα
1318 1780 1402 1811 εἰπὼν
1416 1780 1582 1821 παύσομαι.

862 1826 975 1855 tametsi
985 1824 1093 1861 multa,
1103 1835 1166 1865 qua<
1177 1825 1284 1860 dicam,
1292 1829 1460 1862 supersunt,
1473 1834 1569 1854 xamen
1577 1847 1584 1860 ,

860 1874 1049 1909 posteaquam
1079 1870 1218 1898 adversus
1245 1878 1289 1904 ea,
1315 1877 1378 1907 quoe
1406 1866 1582 1897 Timocrates

862 1921 915 1950 pro
941 1912 1134 1947 Androtione,
1154 1913 1221 1950 ejus
1242 1909 1395 1951 purgandi
1418 1916 1450 1939 et
1473 1911 1581 1940 tuendi

865 1965 966 1990 causa,
979 1952 1121 1993 proferet,
1137 1954 1334 1993 disputavero,
1350 1954 1468 1983 dicendi
1493 1952 1581 1987 fine-m

1031 1998 1126 2028 Paret
1146 1997 1225 2027 enim
1251 2007 1289 2027 ex
1314 1996 1397 2026 αὐτὸν
1416 2007 1447 2026 ν.
1466 1998 1518 2026 27.
1542 2007 1582 2025 ex

869 2040 954 2076 αὐτὸς
970 2051 1001 2072 v.
1016 2041 1073 2070 ult.
1091 2051 1131 2070 ex
1144 2040 1236 2079 τούτῳ
1251 2051 1283 2080 p.
1296 2042 1370 2070 759.
1389 2041 1418 2070 3.
1440 2038 1512 2069 item
1529 2039 1584 2078 φή-

869 2093 927 2118 σεις
943 2088 974 2114 et
994 2084 1143 2123 ὁμολογεῖς
1158 2095 1188 2113 ν.
1203 2087 1234 2113 4.
1252 2089 1283 2114 et
1297 2086 1327 2114 5.
1344 2093 1411 2122 quae
1427 2082 1529 2112 omnia
1545 2083 1582 2112 ad

870 2127 1074 2157 Timocratem
1089 2128 1227 2162 redeunt,
1243 2133 1275 2157 et
1290 2137 1327 2155 ex
1344 2131 1408 2156 toto
1417 2125 1508 2165 hujus
1525 2125 1584 2155 loci

871 2170 992 2207 habitu,
1008 2171 1246 2201 Demosthenem
1261 2169 1310 2199 hic
1327 2178 1461 2209 pugnare
1474 2169 1586 2198 adver-

871 2224 923 2244 sus
947 2214 1163 2248 Timocratem,
1189 2212 1369 2242 Androtioni
1394 2211 1587 2250 patrocinan-

871 2262 946 2293 tem,
968 2268 1027 2287 non
1052 2257 1200 2287 adversus
1223 2255 1443 2286 Androtionem
1465 2265 1588 2286 causam

871 2300 1055 2331 Timocratis
1069 2304 1217 2330 tuentem.

914 2346 990 2376 759.
1005 2342 1120 2385 2583]
1137 2343 1238 2373 malim
1253 2342 1293 2374 δή.

915 2404 960 2410 —
976 2389 1027 2418 2⁷.
1045 2386 1113 2417 ὅταν
1126 2386 1182 2426 μὲν
1195 2385 1250 2426 γὰρ
1260 2385 1345 2427 λέγῃ]
1362 2386 1452 2416 deest
1468 2385 1519 2415 hic
1534 2385 1589 2416 ali-

874 2430 960 2469 quid,
976 2435 1008 2461 et
1023 2431 1147 2460 videtur
1163 2430 1248 2459 locus
1263 2430 1301 2459 ad
1317 2430 1399 2459 hunc
1414 2430 1508 2459 ferme
1523 2439 1590 2458 mo-

873 2474 946 2503 dum
957 2473 1103 2513 integrari
1117 2483 1210 2512 posse
1222 2483 1228 2501 :
1245 2471 1310 2502 ὅταν
1319 2471 1375 2512 μὲν
1389 2472 1442 2514 γὰρ
1454 2471 1501 2502 τὸν
1512 2472 1593 2512 νόμον

875 2515 1025 2547 τεθεικέναι
1041 2516 1122 2557 λέγῃ,
1135 2521 1186 2546 aut
1198 2514 1367 2556 προνοηθῆναι
1382 2515 1463 2556 λέγῃ.
1479 2516 1555 2555 quod
1569 2516 1593 2545 si

875 2561 952 2591 euim
968 2560 1082 2598 jactet,
1104 2569 1132 2590 se
1155 2560 1246 2600 legem
1269 2560 1331 2590 ideo
1351 2560 1449 2589 tulisse
1472 2559 1542 2599 (ant
1563 2569 1592 2589 se

873 2603 1063 2643 providisse),
1089 2613 1144 2642 quo
1162 2620 1205 2626 —
1223 2603 1278 2633 sed
1304 2602 1408 2642 potius
1431 2603 1526 2632 verba
1548 2601 1595 2631 τόν

876 2646 955 2685 νόμον
967 2645 1137 2681 τεθεικέναι,
1157 2656 1247 2686 quam
1265 2645 1453 2686 πξονοηθῆνειι,
1473 2645 1595 2680 deesse,

877 2694 965 2730 patet
986 2700 1003 2719 e
1031 2689 1134 2720 verbis
1158 2701 1187 2720 v.
1210 2689 1266 2719 ult.
1291 2689 1373 2719 τοῦτ’
1394 2688 1503 2720 ἔθηκεν.
1526 2699 1593 2727 quae

880 2733 974 2763 verba
989 2733 1105 2772 pariter
1120 2737 1265 2773 corrupta
1285 2737 1317 2762 et
1336 2732 1381 2762 sic
1402 2732 1534 2771 legenda
1550 2732 1595 2759 vi-

880 2777 990 2806 dentur
1002 2787 1008 2805 :
1025 2776 1053 2806 οὒ
1065 2778 1119 2816 γᾶς
1132 2775 1232 2806 τούτου
1244 2774 1322 2805 ἕνεκα,
1334 2777 1431 2805 τοῦτον
1446 2774 1506 2814 [τὸν
1520 2773 1599 2812 νόμον

881 2819 971 2860 puta]
997 2817 1099 2850 ἔθηκεν.
1118 2830 1176 2849 non
1190 2820 1267 2849 euim
1282 2818 1371 2857 hujus
1389 2819 1432 2847 rei
1452 2827 1542 2848 causa
1558 2817 1597 2846 le-

879 2872 946 2903 gem
961 2862 1037 2892 huno
1051 2863 1134 2893 tulit.

925 2907 1002 2937 760.
1012 2908 1044 2937 3.
1060 2904 1166 2945 ἄδικον]
1182 2904 1305 2935 correxi
1320 2903 1453 2933 ἀνάδικον.
1470 2902 1600 2936 irritam,

885 2948 1015 2984 nullam,
1034 2960 1096 2989 (1¹¹ae
1111 2949 1206 2979 denuo
1220 2947 1373 2988 judicari,
1390 2946 1420 2975 ιἰι
1434 2947 1489 2985 jus
1503 2946 1602 2975 vocari

886 2997 984 3033 queat.

933 3053 975 3058 —
989 3034 1066 3066 ibid.
1081 3031 1262 3073 καθίστησι]
1279 3036 1328 3063 aut
1345 3030 1469 3072 καθιστῇ
1482 3031 1544 3071 leg.
1562 3030 1607 3061 vi-
