1948 3322
410 213 495 255 AD
527 208 895 253 ORATIONEM
930 207 1012 249 DE
1043 208 1381 252 HALONESO.

181 330 257 360 quas
286 319 346 359 ipsi
379 322 467 348 antea
496 317 644 357 Philippo
675 316 889 346 vendiderunt.

183 363 275 395 conf.
290 373 322 402 p.
338 363 412 392 157.
427 363 458 391 6.

225 408 317 437 81.1.
341 402 535 444 πεμφθέντες]
553 408 626 442 post
642 400 824 442 πεμφθέντες
839 406 890 430 aut

181 449 280 483 deest,
296 452 345 477 aut
363 447 602 477 subaudiendum
619 452 702 476 certe
727 450 786 480 est,
808 445 889 483 quod

181 490 363 522 ereberrime
390 482 467 520 solet
491 490 624 525 reticeri,
649 490 788 526 λέγοντες.
840 488 888 517 Ad

181 532 434 574 ἐπανορθώσασθαι
450 533 631 563 subauditur
647 532 796 562 Φίλιππον.
826 531 890 560 Re-

181 582 231 607 cte
247 577 338 606 habet
356 576 502 612 aoristns,
519 586 616 615 neque
638 576 676 604 de
693 576 795 604 futuro
811 573 890 603 suffi-

181 619 292 650 ciendo
307 620 499 658 cogitandum
514 623 573 649 est.
603 618 660 648 Vis
673 619 764 647 futur·
749 629 766 647 ι
776 617 891 647 aot-isto

181 673 304 702 quoque
324 662 414 697 inest,
428 663 483 692 sed
506 662 629 701 paulum
650 661 785 691 diversa.
829 660 892 689 Fu-

181 711 282 735 turum
298 705 444 735 destricte
456 711 600 743 certoque
611 705 743 734 futurum
756 704 890 741 indicat;

180 749 315 779 aoristos
340 754 440 777 autem
462 748 508 784 id,
526 749 607 787 quod
634 748 802 777 secundum
828 757 892 776 om-

181 802 250 821 nem
273 791 519 830 probabilitatem
543 795 723 821 eventurum
740 790 890 820 videatur.

183 834 340 864 Sententia
351 834 446 873 igitur
460 835 526 864 haec
538 840 595 864 est.
619 835 667 864 Ad
680 834 798 864 veniam
811 833 891 872 quod

183 877 305 914 attinet,
317 887 335 907 a
349 877 459 916 legatis
484 876 620 917 Philippi
635 877 724 907 nobis
739 877 850 913 datam,
863 877 892 906 in

182 920 314 950 formula
339 920 425 959 pacis
455 921 584 960 aliquam
611 920 776 950 clausulam
798 921 895 950 refor-

183 964 298 1000 mandi,
311 964 363 1002 qni
375 964 468 1003 legati
480 964 568 993 nobis
580 968 720 994 auctores
731 963 800 993 facti
814 969 894 998 sunt,

186 1007 326 1046 Philippi
352 1006 412 1036 sibi
438 1007 535 1037 videri
558 1007 672 1036 certius
689 1006 854 1036 clausulam
879 1017 897 1036 a

184 1050 275 1080 nohis
291 1049 458 1080 immissam
474 1050 679 1080 admissurum
691 1049 811 1088 sibique
829 1060 895 1089 pas-

186 1103 292 1123 surum
307 1093 473 1131 approbari
486 1105 493 1123 :
518 1098 552 1123 ut
567 1093 687 1122 scilicet
701 1098 827 1131 uterque
842 1102 896 1121 no-

185 1141 280 1166 strum
309 1140 414 1165 nostra
450 1136 615 1165 habeamus
645 1140 811 1170 teneamus,
842 1145 895 1164 nos

184 1177 390 1209 Athenienses
404 1189 452 1214 ea,
469 1190 538 1218 quae
558 1183 627 1208 ante
642 1178 755 1208 bellum
773 1178 896 1208 babuis-

185 1231 300 1257 semus,
315 1226 347 1251 et
364 1221 526 1261 Philippus
542 1221 628 1257 item,
639 1231 708 1261 quae
721 1221 895 1258 habuisset3

186 1275 255 1303 quae
270 1268 317 1294 est
333 1265 498 1303 postulatio
516 1265 598 1303 juris
623 1264 844 1303 irrefragabilis
867 1269 897 1294 et

185 1307 268 1347 apud
285 1313 428 1338 cunctum
444 1319 540 1346 genus
562 1309 721 1338 humanum
743 1307 895 1337 confessi:

187 1355 278 1389 negat
301 1351 365 1389 jam
395 1352 570 1392 Philippus,
596 1362 694 1390 neque
721 1361 754 1380 se
777 1351 897 1381 veniam

187 1393 266 1423 hanc
287 1393 400 1432 legatis
423 1395 488 1424 suis
513 1395 649 1431 dedisse,
666 1405 763 1434 neque
780 1395 897 1434 legatos

188 1447 262 1466 snos
280 1437 339 1466 tale
345 1437 515 1487 ,quicquam
529 1438 704 1467 affirmasse.

231 1497 275 1501 ——-
289 1481 320 1509 7.
341 1478 368 1509 ἐν
381 1481 425 1519 τῷ
447 1481 541 1522 δήμῳ]
559 1491 659 1511 coram
681 1485 727 1510 tot
744 1481 897 1510 homiuum

187 1522 326 1553 millibus
352 1523 451 1562 palam
478 1529 508 1553 et
524 1524 605 1555 clare
621 1524 714 1561 dicta,
730 1534 854 1563 quorum
872 1524 897 1553 si

187 1564 241 1604 qui
262 1566 412 1596 dictorum
429 1567 488 1597 sint
505 1568 605 1603 obliti,
632 1572 676 1597 tot
700 1574 800 1596 tamen
822 1567 898 1597 alios

190 1619 352 1648 superesse
375 1619 501 1640 neeesse
524 1610 566 1640 sit
591 1621 694 1640 eorum
719 1611 819 1639 adhuc
836 1621 898 1640 me-

189 1662 299 1682 mores.
321 1653 422 1691 arguit
437 1658 468 1683 et
488 1653 570 1683 ridet
589 1664 657 1684 cum
680 1654 900 1692 impudentiam

191 1695 381 1726 adulatorum
411 1696 558 1736 Philippi,
589 1703 652 1727 tum
679 1697 899 1727 absurditatem

189 1744 440 1775 commentorum,
457 1739 567 1779 quibus
585 1751 652 1770 eum
670 1740 805 1770 ductent.

233 1799 276 1804 -—
292 1785 343 1811 11.
365 1785 556 1824 παραχξῖμιι
565 1784 623 1825 ———]
640 1784 669 1813 in
685 1783 867 1820 continenti,
883 1794 900 1813 e

190 1825 336 1864 vestigio,
353 1826 455 1855 statim
475 1837 578 1856 secum
595 1827 648 1856 illa
663 1837 680 1856 a
695 1826 807 1866 legatis
828 1827 898 1857 Phi-

190 1868 290 1908 lippi·
281 1878 312 1897 111
325 1869 471 1899 concione
487 1870 580 1900 dicta.

233 1929 277 1934 —
289 1913 340 1942 13.
355 1913 404 1942 τὴν
417 1910 680 1954 καταψευδομένην]
695 1912 901 1963 plebiscitum,

192 1954 275 1993 qnod
298 1953 341 1983 ait
358 1955 518 1994 Philippus
541 1957 580 1985 de
604 1957 713 1995 legatis
740 1956 804 1986 suis
829 1957 903 1986 falsa

192 1996 396 2033 comminisci,
413 1998 567 2028 mendacia
584 1999 754 2038 perhibere.

236 2057 278 2061 —
296 2042 346 2070 18.
371 2050 417 2070 οτε
442 2039 626 2080 ἀπεκξίνασθε
651 2042 746 2075 αὐτοῖς
770 2043 904 2080 ἀναγινώ-

192 2081 320 2122 σκοντες]
340 2083 372 2112 id
388 2087 445 2122 est,
462 2083 508 2113 ὅτε
525 2085 733 2123 ἅπεγινώσκετε
746 2086 842 2119 αὐτοῖς
857 2087 904 2115 τὴν

192 2125 329 2167 ὑμετέροιν
344 2125 500 2166 ἀπόκρισιν.

236 2171 288 2199 84.
306 2172 336 2200 2.
360 2169 483 2211 σφόδςιι]
513 2175 583 2208 post
609 2170 716 2211 σφόδρα
741 2172 903 2207 Morellus,

193 2211 260 2242 sive
274 2212 442 2243 Lambinus
453 2213 480 2243 is
491 2219 548 2250 est,
561 2213 632 2243 addi
645 2215 712 2244 vult
721 2215 810 2254 ὑμῶν,
822 2216 903 2254 quod

193 2255 265 2285 libri
291 2255 317 2285 si
345 2256 469 2291 addant,
491 2257 625 2296 cupidus
651 2259 828 2296 amplectar.
858 2258 903 2288 sic

193 2302 293 2328 autem
311 2299 471 2330 subaudiri
487 2301 678 2330 solummodo
693 2302 795 2331 debet.

235 2359 279 2364 —-
294 2343 324 2372 5.
348 2341 410 2382 περὶ
425 2342 454 2372 δὲ
470 2343 536 2384 τοῦ]
549 2344 705 2383 apodosis,
719 2355 774 2374 seu
787 2349 904 2374 restan-

193 2384 272 2414 ratio
293 2390 325 2414 et
343 2385 508 2425 completio
535 2388 693 2417 sententiae
718 2387 769 2417 hio
796 2393 904 2427 coeptzc

194 2427 322 2457 habetur
335 2438 426 2458 versu
442 2431 491 2459 17.
503 2429 533 2459 in
549 2430 610 2460 illis
624 2432 709 2461 τοῦτο
725 2431 753 2460 δὲ
772 2430 805 2461 τὸ
819 2430 906 2461 ἐπαν-

194 2469 327 2510 όρθωμα,
354 2471 405 2501 ubi
428 2472 553 2509 fallitur,
581 2474 721 2514 quisquis
746 2475 814 2510 suit,
839 2475 906 2504 sive

195 2514 357 2550 Metellus,
370 2514 436 2544 sive
450 2516 627 2552 Lambinus,
639 2517 669 2546 in
681 2517 781 2547 locum
798 2517 826 2548 δὲ
844 2517 905 2547 δαΐ.

195 2557 301 2587 ficiens
317 2558 357 2588 δή.
390 2559 457 2597 Qua
474 2559 625 2598 particula
641 2561 706 2590 sive
720 2560 785 2600 μὲν,
798 2561 863 2590 sive
877 2560 905 2590 δὲ

194 2600 340 2639 periodos
351 2601 428 2630 tales
445 2603 658 2640 exordiuntur,
667 2605 772 2634 eadem
783 2615 906 2644 quoque

195 2650 352 2674 resumunt
379 2644 448 2674 illas
476 2645 595 2686 longius
623 2648 849 2678 circumductas
878 2649 906 2677 in

196 2686 332 2717 ordinem
359 2694 552 2719 revocantes.
596 2690 694 2730 Cujus
721 2691 813 2721 moris
841 2691 907 2721 sive

1576 211 1632 252 29

922 314 1084 354 ignoratio,
1098 313 1163 343 sive
1177 313 1303 349 oblivio,
1314 316 1440 345 eundem
1456 315 1634 346 Lambinum

924 369 955 398 p.
975 360 1027 388 90.
1047 358 1099 386 ult.
1117 358 1248 407 eundem
1270 357 1300 386 in
1318 369 1349 386 e
1352 369 1451 387 rorem
1470 359 1636 398 implicuit.

966 418 1009 423 ——
1025 404 1076 430 14.
1100 400 1146 429 οὐκ
1161 399 1188 429 ἐν
1201 398 1284 439 μέσῳ
1300 400 1432 440 κεῖσθαι]
1450 412 1507 430 non
1525 403 1554 432 in
1571 413 1635 432 me-

924 444 1099 483 (liojaceie,
1107 449 1246 482 patentes
1258 444 1390 471 omnium
1402 443 1473 481 inju.
1468 445 1638 476 .iisetinsi-

925 488 994 517 diis.
1006 498 1060 525 pax
1062 487 1185 516 t1culam
1197 486 1374 516 infitiantem
1387 486 1425 514 de
1442 496 1508 515 meo
1519 489 1633 518 addidi

966 549 1009 552 —
1021 533 1072 560 22.
1090 528 1248 570 Βούχεταν]
1264 530 1365 558 locum
1380 529 1458 557 liunc
1471 530 1541 558 citat
1555 534 1635 561 Har-

925 578 1030 613 pocrat
1047 573 1171 610 sae3<iuS‚
1195 583 1225 602 v.
1242 572 1384 613 Βούχετα,
1402 572 1483 610 quod
1506 572 1546 601 ait
1567 575 1635 612 plu-

924 617 987 646 lale
1004 627 1079 645 esse.
1099 627 1128 645 v.
1145 616 1234 645 etiam
1253 616 1358 645 Vales.
1374 626 1406 654 p.
1427 617 1480 645 38.
1503 615 1636 654 allegan-

925 666 988 690 tem
1003 660 1146 698 exempla
1163 664 1315 692 veterum,
1342 669 1395 697 pro
1424 658 1530 687 Elatea
1553 658 1637 689 Ἐλά-

925 713 1015 743 τρειαν
1040 703 1271 742 appellantium.
1294 702 1366 731 item
1393 712 1422 730 v.
1447 701 1587 731 Πανδοσίιι
1609 709 1640 733 et

925 745 1111 786 Ἀλέξανδξος.

970 791 1020 820 85.
1039 791 1068 819 3.
1091 788 1104 820 ἦ
1121 787 1187 818 ἐστι
1202 788 1258 829 νῦν]
1279 788 1310 817 id
1326 793 1385 822 est,
1401 786 1416 818 τ’
1432 798 1510 817 εστιν
1528 787 1572 818 ἔτι
1588 790 1640 818 νῦν.

927 843 995 872 quae
1010 833 1109 862 adhuc
1123 836 1275 871 superest.

970 894 1013 899 ——
1029 877 1081 906 15.
1097 874 1294 916 εὐεργετήσειν]
1317 880 1499 913 postremam
1521 874 1640 904 literam

929 919 1061 954 detraxi,
1078 929 1137 948 non
1162 919 1234 948 item
1256 928 1359 955 ausus,
1375 916 1466 947 etiam
1483 918 1530 947 οὐκ
1544 918 1641 949 εἰδέναι

930 963 1043 992 addere
1059 966 1132 1001 post
1147 960 1365 1001 τιμωρήσησθε.
1378 970 1439 1000 quo
1456 961 1562 990 addito
1577 962 1641 991 haec

930 1006 1061 1036 exsistet
1077 1004 1236 1034 sententia.
1254 1015 1287 1034 se
1303 1004 1434 1039 nescire,
1449 1005 1571 1043 quantis
1588 1016 1642 1034 vos

930 1048 1087 1078 benefieiis
1102 1048 1143 1077 sit
1155 1054 1325 1077 ornaturus.

974 1094 1026 1122 86.
1045 1093 1074 1122 5.
1107 1089 1149 1132 ὃς]
1178 1091 1367 1120 constructio
1394 1090 1444 1119 hic
1468 1090 1564 1125 labat,
1591 1091 1643 1120 cui

931 1135 1050 1173 gemino
1067 1135 1156 1164 modo
1180 1134 1316 1164 succurri
1339 1133 1449 1172 possit,
1467 1134 1535 1163 sive
1551 1133 1579 1168 ὃς
1593 1134 1643 1164 hic

931 1177 991 1207 loci
1009 1177 1189 1213 omittendo,
1199 1182 1229 1206 et
1242 1188 1297 1216 pro
1314 1176 1384 1214 φησὶ
1402 1186 1491 1206 versu
1505 1179 1536 1207 3.
1551 1178 1646 1216 φήσας

931 1221 1073 1260 legendo,
1091 1220 1157 1250 sive
1174 1221 1322 1250 servando
1339 1219 1420 1259 φησῖ,
1435 1226 1466 1248 et
1481 1229 1537 1258 pro
1555 1219 1584 1255 ὃς
1600 1221 1643 1250 sic

931 1264 1078 1304 legendo:
1104 1263 1281 1302 ψευδόμενος.
1296 1262 1343 1292 τὸν
1357 1264 1411 1302 γὰρ
1426 1261 1587 1303 Καρύστιον.

973 1325 1017 1329 -
1033 1310 1084 1336 10.
1108 1306 1126 1336 ἕι
1143 1305 1172 1336 τ’
1185 1305 1378 1346 ἐπιστέλλει]
1397 1307 1493 1345 possit
1511 1312 1602 1342 stare,
1619 1307 1644 1336 si

932 1355 1114 1389 sequeretur
1129 1350 1177 1379 καὶ
1191 1350 1210 1379 ἃ
1224 1351 1358 1390 πράττει,
1371 1349 1435 1378 sine
1451 1347 1494 1379 ἔτι
1508 1348 1546 1378 δὲ.
1572 1350 1645 1379 Hoc

931 1399 1029 1423 autem
1036 1394 1239 1444 insequente,
1250 1393 1372 1423 videtur
1384 1392 1488 1431 potius
1502 1392 1563 1432 leg.
1576 1404 1646 1423 esse

932 1437 952 1466 ἃ
963 1436 1019 1476 μὲν
1034 1435 1213 1467 ἐπιστέλλει.

974 1498 1017 1502 —
1035 1482 1084 1511 15.
1106 1476 1432 1520 καίτοικεῤῥονησομ]
1457 1479 1647 1509 Scholiastes

933 1523 971 1552 ad
996 1523 1148 1562 Hermog.
1171 1533 1201 1562 p.
1227 1526 1299 1552 401.
1337 1521 1462 1562 Τιβέριός
1486 1530 1581 1561 φησιν,
1605 1534 1649 1552 οτι

932 1565 1057 1606 ἐνάξγεια.
1071 1566 1176 1604 γίνεται
1188 1568 1267 1596 κατὰ,
1277 1565 1355 1605 μὲνι
1345 1566 1450 1601 ἐ’,ννοιαν
1461 1564 1529 1594 όταν
1538 1568 1581 1604 μὴ
1593 1564 1648 1606 μό-

931 1620 971 1640 νον
982 1608 1066 1651 λέγῃς
1075 1622 1109 1640 τα
1102 1609 1171 1645 ’πον,
1184 1610 1265 1639 ἀλλὰ
1276 1609 1320 1638 καὶ
1335 1611 1376 1638 τὰ
1388 1607 1650 1647 παρακολουθουντοι

933 1652 978 1692 τᾷἱ
992 1652 1079 1683 τὸωω
1095 1653 1214 1690 σημεῖα.
1230 1664 1278 1682 οιον
1300 1651 1325 1682 ἐν
1348 1664 1390 1691 τῳ
1413 1653 1464 1685 τῆς
1485 1650 1647 1682 Αλονῆσου·

934 1694 1025 1726 καίτοι
1048 1708 1100 1729 της
1120 1695 1281 1736 Χεῤῥονησου
1300 1696 1321 1724 οἱ
1327 1694 1388 1747 δ’ροι
1406 1695 1474 1724 εἰσὶν
1489 1696 1535 1725 οὐκ
1550 1696 1650 1735 ἀγορὰ,

935 1740 1014 1769 ἀλλὰ
1028 1738 1128 1780 βωμὸς
1140 1738 1205 1772 Διὸς
1213 1751 1262 1768 του
1273 1736 1373 1779 oglon.
1386 1749 1433 1767 και
1448 1749 1500 1768 που
1514 1737 1650 1777 ὁβωμός·
1644 1762 1652 1776 ,

935 1781 962 1817 ὅ’ς
985 1781 1050 1812 ἐστι
1076 1781 1192 1822 μεταξυ
1215 1783 1342 1812 Πτελεοῦ
1364 1793 1412 1811 και
1428 1783 1533 1815 Λευκῆς
1547 1782 1648 1816 ἀκτῆς,

934 1825 999 1855 εἰτοι
1023 1826 1111 1856 πάλιν
1134 1826 1206 1855 ἄλλο
1229 1823 1414 1864 σημαντικόν·
1438 1821 1468 1854 οὗ
1490 1826 1504 1855 ἦ
1528 1825 1648 1866 διωρυχῆ

935 1869 1013 1910 Χεῤῥο
1004 1869 1094 1899 νήσου
1109 1868 1215 1908 εμελλε
1231 1867 1358 1898 εσεσθαι.

978 1930 1022 1934 -
1038 1915 1088 1942 16.
1112 1913 1252 1953 Πτελεου]
1282 1911 1462 1942 Enstathius
1478 1911 1514 1940 ad
1534 1911 1652 1941 Home-

935 1966 1002 1985 rum
1019 1966 1049 1994 p.
1061 1958 1132 1986 3⁰24
1151 1961 1251 1993 antep.
1265 1953 1413 1994 μέμνηται
1426 1954 1454 1984 δὲ
1467 1955 1590 1984 Πτελεοῦ
1603 1954 1651 1983 καῖ

938 1997 1137 2038 Δημοσυὲνης,
1153 2010 1200 2027 και
1216 1997 1294 2037 ζήτει
1309 1996 1396 2027 ποίου.

982 2043 1033 2071 87.
1051 2045 1081 2070 1.
1097 2041 1162 2082 πξές
1173 2041 1347 2081 Καρδιανους]
1363 2051 1420 2069 non
1434 2040 1569 2069 cohaeret
1583 2050 1651 2069 cum

937 2083 1117 2119 ἐπιστέλλει,
1140 2085 1194 2114 sed
1218 2095 1285 2113 cum
1307 2082 1526 2122 διαδικάζεσθαι.
1571 2084 1652 2112 Con-

939 2128 1066 2157 structio
1083 2128 1173 2166 paulo
1185 2127 1356 2157 intricatior
1366 2127 1408 2157 ita
1423 2132 1470 2156 est
1485 2127 1652 2165 expedien-

938 2171 993 2200 da:
1009 2170 1035 2200 ἐν
1051 2171 1087 2211 τῇ
1100 2172 1142 2200 νῦν
1154 2170 1222 2210 πρὸς
1233 2171 1310 2210 ὑμᾶς
1322 2168 1496 2210 ωεμφθείσῃ
1513 2168 1658 2210 ἐπιστολῇ

938 2212 1106 2244 ἐπιστέλλει
1126 2215 1204 2254 ὑμῖν,
1224 2213 1266 2244 ὅτι
1283 2213 1326 2244 δεῖ
1340 2214 1418 2253 ὑμᾶς
1434 2212 1653 2251 διαδικάζεσθαι

939 2256 1003 2297 πρὸς
1028 2258 1196 2297 Καρδιανούς.
1229 2257 1317 2287 vobis
1340 2257 1370 2286 in
1397 2258 1467 2295 jure
1501 2257 1653 2295 agendum

939 2311 1007 2331 esse
1033 2312 1102 2331 oum
1127 2300 1298 2331 Cardianis.
1332 2306 1396 2329 tum
1424 2309 1530 2329 rursus
1557 2300 1654 2329 veluti

940 2345 1102 2384 suspirans
1118 2350 1149 2374 et
1165 2344 1328 2383 indignans
1339 2349 1430 2382 atque
1444 2344 1587 2377 fremens,
1599 2343 1653 2372 ite-

939 2393 985 2417 rat
1012 2387 1087 2428 ωςός
1113 2388 1285 2428 Καρδιανοὺς,
1306 2397 1374 2416 cum
1397 2386 1578 2416 Cardianis!
1606 2397 1652 2416 me

941 2431 1096 2462 miserum.

983 2492 1026 2496 —
1043 2477 1094 2504 520.
1114 2473 1169 2503 οὐδ’
1183 2474 1344 2511 ἀναγκάσαι
1361 2471 1535 2512 Καρδιανοὺς]
1554 2473 1652 2502 enhar-

941 2521 989 2547 ret
1007 2518 1077 2554 σιῖδὲ,
1096 2528 1152 2546 11011
1170 2528 1238 2546 cum
1250 2517 1424 2555 ἀναγκάσαι,
1437 2517 1569 2545 sedeunt
1584 2523 1655 2555 Kap-

941 2561 1053 2594 διανούς.
1078 2571 1116 2591 ne
1140 2561 1308 2590 Cardianus
1337 2559 1474 2599 quidem,
1497 2559 1655 2589 civitatem

943 2609 1001 2633 tam
1020 2604 1167 2633 debilem.

985 2650 1038 2677 88.
1053 2651 1082 2676 1.
1097 2647 1259 2688 κροτάφοις]
1277 2646 1357 2676 Citat
1369 2645 1429 2675 11.“ι.
1442 2646 1654 2684 Hermogenes

943 2701 973 2731 p.
991 2692 1066 2721 0250.
1091 2691 1272 2721 Eustatliius
1287 2690 1323 2719 ad
1344 2690 1431 2719 lliad.
1450 2691 1587 2728 p.101.3.
1604 2690 1655 2718 -1-1,

270 2830 353 2871 AD
387 2831 757 2874 ORATIONEM
792 2833 876 2875 DE
909 2833 1108 2876 REBUS
1143 2832 1603 2875 CHERRHONESI.

240 2937 335 2966 9o.1.
351 2936 403 2966 ἔδει
419 2937 474 2976 μὲν
485 2937 543 2987 ——J
564 2939 778 2978 Hermogenes
789 2951 821 2991 p.
835 2944 863 2963 0·
858 2943 908 2971 34.

197 2979 296 3008 locum
315 2979 393 3009 hunc
407 2981 564 3019 allegatio
578 2984 754 3022 exemplum
771 2984 912 3025 εὐκρινείιις

199 3031 252 3051 seu
269 3023 498 3062 perspicuitatis
515 3025 822 3057 orationis.'1itulo
846 3038 911 3057 orn—

947 2942 1040 2971 tionis
1057 2942 1182 2980 adjunxi
1203 2941 1375 2971 νυοὸΙιιιΙιι)
1367 2954 1380 2970 η
1397 2940 1466 2980 ὑπεςν
1483 2940 1658 2974 Διιπειθουκ

1002 3002 1029 3006 »-
1061 2988 1109 3014 17.
1138 2983 1310 3025 ἑωίσχεισι]
1341 2984 1460 3023 pra-tuli
1491 2982 1659 3024 επισχοῖσι,

948 3028 1076 3058 subaudi
1104 3029 1181 3068 ὑμῖν.
1215 3035 1304 3067 aptus
1330 3031 1375 3057 est
1402 3027 1449 3056 bic
1476 3027 1599 3057 dativus
1622 3029 1659 3056 al»
