1997 3323
380 194 458 236 108
753 192 787 234 Ι.
810 192 845 235 Ι.
863 191 1088 235 REISKE
1119 191 1451 235 ANNOTATA

369 310 472 330 secum
489 303 702 339 congruentes,
727 305 798 340 post
821 302 918 332 πολλὰ
941 300 989 330 καὶ
1012 301 1082 331 δεινὰ

372 343 468 373 inseri
481 344 592 373 debent
603 349 653 374 aut
665 343 733 384 ὑπὲρ
744 346 798 374 τῶν
809 343 932 385 ἐχθρῶν,
943 349 995 374 aut
1004 346 1083 374 κατὰ

372 385 488 416 τούτων.
512 391 616 417 contra
631 388 687 417 hos
703 388 919 417 Athenienses.

415 447 458 452 -—--
482 432 531 460 18.
558 430 679 470 τούτων]
712 431 784 460 salis
812 434 887 470 puta
915 429 1084 460 communis

371 482 546 512 mensaeque
559 474 740 511 convivalis,
756 474 785 503 h.
802 485 829 503 e.
848 473 963 512 jurium
981 473 1084 503 convi-

371 520 441 545 ctus
458 517 567 546 mutui.

413 577 456 581 —
472 561 523 590 24.
547 561 588 590 τὰ
611 560 687 590 αὐτὰ
711 559 823 601 ταῦτα]
850 559 980 590 subaudi
1003 559 1085 591 εἴωθε

371 603 465 632 ποιεῖν.

413 663 456 668 --
472 648 524 676 25.
546 645 744 681 συνειστιάθη,
763 645 884 675 σπονδῶν
898 645 969 686 ῖεςῶν
984 645 1085 675 ἔκοινώψ

369 689 466 730 vna-av]
500 689 530 718 in
555 689 676 728 plurali.
707 688 838 718 distinxi
863 694 935 726 post
957 688 1086 719 σπονδῶν

369 736 521 761 commate
537 733 690 771 ponendo,
709 736 739 761 et
753 730 918 761 ἐκοινώνησεν
933 732 964 761 in
980 732 1085 770 singu-

367 774 423 804 lari
449 775 535 805 dedi.
560 775 640 805 redit
663 774 743 804 enim
766 775 805 803 ad
829 773 926 806 Βουλή.
953 775 1085 811 σπονδῶν,

368 818 442 857 ἱερῶν
457 823 505 848 est
520 819 711 856 asyncletum,
729 827 784 856 pro
799 817 929 847 σωονδῶν
943 817 991 847 καὶ
1005 819 1085 858 ἱερῶν.

412 878 456 884 —
471 863 522 892 26.
546 862 567 890 οῖ
583 860 741 902 στξιιτηγοῖ
755 877 798 883 --
811 860 901 900 ἀρχαὶ
914 859 1025 899 πᾶσαι]
1047 861 1084 890 ad

370 904 426 933 hos
449 904 655 935 nominativos
678 903 890 933 subaudienda
913 906 984 932 sunt
1008 913 1085 942 prae-

367 947 463 977 missa
478 948 588 977 omnia.
610 946 772 977 συνθύουσι.
793 945 990 976 συνδειπνοῦσι.
1006 956 1085 975 συνε-

368 993 516 1020 στιῶνται.
539 991 689 1020 κοινωνοῦσι
704 989 826 1019 σπονδῶν
839 989 886 1018 καὶ
904 989 983 1028 ἱερῶν.

412 1036 488 1063 401.
504 1036 534 1063 7.
558 1033 697 1074 σπονδὰς]
725 1032 853 1062 subaudi
869 1030 1085 1072 παραβαίνουσι.

368 1076 498 1115 migrant
514 1087 611 1112 sacra,
627 1077 656 1105 h.
667 1086 694 1106 e.
705 1076 766 1105 vim
783 1080 813 1105 et
826 1075 1017 1105 validitatem
1035 1086 1085 1105 eo-

366 1129 432 1148 rum
450 1120 603 1158 frangunt,
626 1129 731 1149 eorum
749 1118 958 1148 communione
975 1122 1085 1148 semet-

365 1162 428 1201 ipsi
444 1163 626 1198 excludunt,
636 1163 705 1201 jure
718 1163 852 1192 fructum
864 1172 967 1192 eorum
984 1162 1084 1200 perci-

366 1205 472 1244 piendi
489 1216 523 1236 se
538 1205 731 1236 defraudant.
751 1216 780 1236 v.
798 1207 872 1236 400.
895 1207 926 1236 2.
952 1204 1084 1245 wagenh-

367 1248 464 1279 λυθεν.

409 1309 453 1314 ——
469 1294 521 1322 10.
535 1291 584 1322 καὶ
599 1291 725 1332 πάντων]
739 1291 820 1322 idem
834 1295 882 1322 est
897 1296 988 1331 atque
998 1290 1083 1330 ἅπαξ

365 1335 509 1367 ἁπάντων.
525 1335 647 1365 omnino
663 1335 810 1372 omnium,
825 1335 877 1374 qni
895 1345 1026 1374 unquam
1044 1335 1080 1364 ad

366 1379 546 1418 Philippum
565 1389 688 1415 venere,
708 1379 775 1408 sive
790 1378 924 1418 publice,
940 1379 1005 1408 sive
1021 1377 1084 1417 pri-

366 1422 473 1451 vatim.

407 1482 449 1487 —
467 1467 517 1495 13.
533 1464 708 1505 Ὀλύμπια]
733 1473 790 1494 non
808 1469 877 1494 sunt
893 1464 922 1494 h.
935 1464 955 1494 1.
971 1463 1015 1493 illi
1032 1474 1082 1494 ce-

361 1506 517 1537 leberrimi
532 1507 615 1537 Pisae
630 1508 663 1537 in
678 1508 768 1537 Elide
784 1508 816 1537 in
833 1509 977 1537 honorem
993 1507 1083 1538 ,Iovis

364 1551 502 1590 Olympii
519 1551 625 1590 agitati
643 1550 722 1588 ludi,
744 1551 799 1581 sed
817 1549 868 1579 alii
886 1550 1082 1580 Macedonici

364 1594 445 1633 apud
464 1593 593 1623 Pellam.

406 1639 481 1667 402.
499 1639 529 1667 3.
546 1635 601 1666 οῖἀν
616 1647 667 1675 μοι
682 1635 777 1670 δώσεις
789 1633 903 1676 δωςεοὶν]
920 1645 1009 1674 quam
1026 1634 1082 1664 mi-

362 1679 394 1710 hi
410 1690 511 1709 caram
527 1679 671 1715 futuram,
694 1683 724 1708 et
746 1679 851 1718 quanti
867 1688 885 1707 a
906 1689 954 1708 me
972 1678 1082 1708 facien-

362 1724 444 1758 dam,
460 1728 490 1753 et
506 1732 595 1762 quem
614 1722 652 1751 ad
675 1732 764 1752 usum
787 1731 984 1751 conversuro.
1009 1731 1082 1751 con-

359 1767 514 1805 jectabam
539 1765 703 1804 aliquando
725 1764 782 1795 οἵαν
797 1763 841 1804 οἵῳ
852 1775 902 1804 μοι
918 1764 942 1794 δ.
959 1765 983 1794 δ.
1007 1764 1081 1794 mihi

363 1813 475 1849 quanto
488 1809 567 1846 viro,
582 1818 672 1848 quam
686 1809 796 1846 probo,
810 1813 841 1838 et
852 1808 904 1847 pio
919 1812 950 1837 et
965 1812 1081 1845 sancto,

360 1862 420 1882 non
437 1852 575 1887 sordido,
594 1862 652 1881 non
669 1850 825 1887 illiberali,
841 1861 899 1880 non
918 1851 1081 1886 scelernm,

362 1896 414 1935 qui
431 1906 489 1925 non
503 1905 555 1925 eas
567 1895 597 1924 in
612 1893 750 1933 lupanari
763 1894 939 1934 prostituet,
956 1895 1010 1924 sed
1026 1894 1081 1924 ho-

359 1943 448 1968 neste
464 1939 585 1968 dotatas
603 1937 705 1977 dignis
718 1937 931 1968 matrimoniis.

404 2000 447 2004 --
462 1985 493 2012 4.
517 1978 628 2021 ἀφ’ῧς]
652 1981 683 2010 in
700 1981 768 2010 aliis
791 1980 880 2010 libris
904 1985 954 2010 est
976 1978 1021 2019 ἐφ’
1039 1976 1080 2014 ἧς.

361 2026 442 2055 unde
466 2025 592 2064 colligo,
620 2029 732 2063 praeter
759 2024 912 2063 vulgatam
936 2022 966 2053 in
996 2023 1082 2053 libris

361 2068 495 2098 vetustis
518 2068 590 2098 olim
615 2067 710 2097 fuisse
735 2068 811 2097 hanc
834 2077 955 2106 quoque
971 2066 1082 2097 lectio-

361 2122 430 2141 nem
447 2110 492 2150 ἐφ’
505 2107 523 2151 ᾖ
538 2111 586 2152 (in
603 2108 735 2150 dativo).

403 2172 447 2176 -
460 2156 510 2185 13.
527 2153 629 2184 τούτου
643 2151 820 2193 συμπόσιον]
839 2151 933 2182 malui
949 2152 1034 2183 τοῦτο
1047 2165 1079 2183 σ.

360 2207 428 2227 nam
445 2196 612 2236 opponitur
627 2196 679 2226 hoc
694 2195 873 2227 convivium
892 2195 946 2225 alii
965 2197 1003 2225 ab
1024 2195 1081 2226 AE-

363 2241 469 2270 schine
484 2240 611 2279 agitato.

403 2301 445 2307 —
461 2283 536 2313 ibid.
560 2281 593 2313 τὸ
608 2281 714 2313 τούτων
728 2280 756 2311 ἐν
771 2281 879 2312 Μακεδ.
891 2281 941 2322 y.]
957 2291 1014 2321 pro
1031 2292 1080 2312 se-

359 2327 461 2357 cunda
482 2336 558 2356 voce
578 2325 681 2355 malim
703 2324 807 2364 τοὺτᾳν,
831 2325 902 2354 huic
926 2324 1080 2362 AEschini,

360 2375 413 2399 aut
442 2369 552 2404 τούτοις
571 2369 631 2404 his,
657 2368 799 2399 AEschini
825 2372 856 2398 et
878 2369 944 2407 ejus
972 2368 1080 2399 frater-

361 2412 452 2443 culis.

404 2474 446 2478 —-
458 2458 509 2486 21.
525 2467 577 2497 μοι
593 2455 693 2496 δοκεῖν]
711 2458 781 2494 post
789 2466 840 2495 μοι
857 2453 941 2484 δοκεῖν
954 2454 1079 2484 videtur

359 2499 469 2529 deesse
485 2499 527 2530 ἐ’τι
542 2499 751 2539 σωφςονοῦντες,
775 2498 823 2528 vel
847 2498 908 2527 tale
924 2498 1010 2536 qnid.
1048 2500 1077 2527 1.

358 2553 420 2582 quo
436 2542 487 2577 sit,
503 2542 583 2581 quod
600 2540 783 2580 insequenti,
794 2541 829 2574 ὡς
841 2539 870 2570 δὲ
883 2538 1080 2581 διεθερμαίνον-

356 2597 391 2615 το
408 2589 589 2626 opponatur.
620 2587 650 2615 2.
666 2585 737 2624 quia
753 2585 839 2620 alias,
853 2584 919 2614 sine
936 2584 990 2614 tali
1006 2594 1080 2623 snp-

357 2628 526 2668 plemento,
542 2628 595 2658 illa
609 2627 706 2657 dictio
720 2638 769 2667 μοι
785 2627 881 2664 δοκεῖν,
897 2632 930 2657 ut
946 2627 1021 2657 mihi
1033 2627 1079 2657 vi-

358 2672 500 2707 debatur,
516 2671 628 2710 frigida
643 2676 675 2700 et
691 2680 783 2700 sensu
803 2680 890 2700 cassa
910 2670 951 2700 sit
966 2670 1080 2708 sutura,

358 2719 392 2745 ut
408 2715 539 2750 nescias,
556 2714 630 2753 quid
641 2714 729 2750 illuc,
742 2713 773 2743 in
784 2712 916 2744 medium
928 2715 1080 2753 projecta,

360 2758 422 2788 sibi
437 2758 525 2788 velit.

401 2819 445 2824 -—-
461 2804 514 2832 27.
535 2798 647 2842 ἐχθρῶν
661 2798 758 2830 τεκαὶ
773 2797 935 2840 ἀλιτηρίων]
960 2799 1080 2839 praetuli

359 2843 481 2885 ἐχθρῶν,
499 2844 555 2875 τῶν
569 2844 684 2883 ἀλιτης.
701 2847 842 2882 tanquam
858 2842 968 2871 fortius
985 2847 1016 2872 et
1032 2853 1080 2872 ar-

357 2888 483 2918 dentius
506 2892 598 2927 atque
621 2897 689 2916 cum
712 2886 841 2916 istorum
865 2885 1024 2915 iracundia
1049 2890 1080 2916 et

360 2931 519 2961 stomacho
534 2926 778 2961 convenientius.

401 2992 443 2996 ———
459 2985 529 3013 pen.
555 2974 637 3003 κάλει
652 2972 756 3004 παῖδα·
773 2969 832 3002 καῖ’
847 2972 960 3012 ἱμάντα,
971 2983 1016 3006 τις
1031 2978 1080 3011 φε-

360 3014 448 3060 ρέτω]
459 3018 525 3050 scil.
541 3017 589 3049 hae
605 3027 698 3049 voces
715 3021 778 3048 tum
794 3015 987 3048 resonabant.
1003 3025 1081 3047 voca

1117 307 1151 331 tu
1166 304 1324 337 tortorem,
1342 301 1492 331 clamabat
1513 299 1604 335 alius,
1626 299 1715 337 alius,
1736 300 1833 332 scuti-

1118 354 1185 374 cam
1206 344 1312 374 afferto
1333 345 1414 384 quis.
1435 346 1603 386 μιμητικῶς
1617 343 1684 374 haec
1699 354 1832 384 pronun-

1118 387 1248 417 ciantur.

1163 432 1237 461 403.
1255 435 1283 460 1.
1306 429 1436 463 εἰπούσης
1457 441 1487 459 τι
1501 429 1561 471 --]
1585 429 1742 461 Sententia
1764 433 1833 459 est:

1120 484 1188 503 cum
1205 474 1314 503 mulier
1328 475 1394 503 haec
1407 473 1536 504 fortasse
1551 473 1696 504 nonnulla
1707 473 1834 503 liberius

1119 517 1266 553 dixisset,
1281 527 1369 556 quam
1385 517 1464 546 ferre
1479 520 1617 556 possent,
1632 527 1721 556 quos,
1735 520 1771 546 ut
1786 520 1833 545 te-

1119 560 1282 596 mulentos,
1305 559 1428 590 minima
1452 569 1582 599 quaeque
1602 570 1664 595 res,
1678 560 1730 590 vel
1748 559 1835 589 inno-

1120 603 1306 638 centissima,
1317 607 1417 633 tamen
1426 604 1637 639 exacerbaret,
1653 612 1835 642 servumque

1120 656 1137 675 a
1154 656 1187 675 se
1203 646 1380 686 repulisset,
1401 645 1453 685 qui
1474 645 1536 675 vim
1559 645 1694 682 afferret,
1716 650 1835 676 vestem

1120 689 1333 729 destringeret,
1346 690 1440 728 flagra
1455 689 1619 728 expediret
1631 705 1685 718 —-.

1162 750 1203 755 —
1218 735 1248 762 2.
1267 731 1458 773 δακρυσάσης]
1482 732 1606 771 praetuli
1620 731 1835 772 διοικςουσάσης.

1119 774 1180 804 nisi
1196 776 1277 814 quod
1295 776 1354 805 hoc
1370 786 1430 806 uno
1453 776 1603 811 offendor,
1619 775 1702 814 quod
1718 773 1835 809 Graeci,

1118 819 1219 857 quoad
1243 818 1379 855 memini,
1403 819 1519 849 malunt
1547 819 1638 858 hujus
1662 817 1748 848 verbi
1772 827 1837 847 me-

1120 861 1217 897 dium,
1240 872 1328 901 quam
1352 861 1487 892 activum
1508 871 1667 902 usurpare.
1697 860 1836 901 placeret

1119 903 1225 942 utique
1241 904 1340 943 magis
1357 904 1599 945 διακρουσαμένης.

1162 964 1205 969 ——-
1220 947 1251 977 5.
1275 946 1329 978 ὑπὸ
1351 948 1402 977 τοῦ
1424 948 1614 988 πράγματος]
1638 944 1762 977 correxi
1779 944 1834 975 ὖπό

1118 990 1168 1018 τοῦ
1184 989 1362 1030 τραύματος.
1377 1000 1394 1019 e
1404 990 1626 1026 vulneratione,
1635 988 1833 1024 sauciatione,

1119 1034 1329 1063 cruentatione
1346 1033 1393 1063 sui
1411 1032 1563 1072 corporis.

1161 1093 1205 1098 -—
1227 1079 1258 1107 7.
1294 1076 1440 1115 ἀφείλετο,
1466 1074 1599 1106 ἀπώλετ’
1626 1074 1674 1116 ἃν]
1711 1073 1835 1114 praetuli

1118 1117 1251 1158 ἀφείλετο
1265 1120 1362 1156 αὐτὴν,
1376 1120 1425 1149 καὶ
1443 1118 1575 1150 ἀπώλετ’
1595 1117 1638 1149 ἄν.
1661 1117 1769 1148 addidi
1785 1118 1835 1147 αὖ-

1118 1164 1181 1198 τῆν,
1197 1173 1254 1192 non
1271 1173 1332 1202 quo
1349 1162 1415 1192 siue
1430 1171 1468 1192 eo
1482 1172 1541 1192 non
1557 1166 1711 1192 constaret
1726 1160 1835 1195 oratio,

1118 1206 1200 1244 quod
1213 1205 1304 1235 facile
1320 1204 1529 1242 subaudiatur,
1546 1205 1600 1235 sed
1613 1205 1694 1245 quod
1709 1204 1755 1233 sic
1768 1203 1835 1242 ple-

1118 1248 1186 1278 nior
1196 1253 1287 1288 atque
1302 1248 1422 1288 planior
1436 1247 1482 1279 fit.
1495 1247 1543 1278 καὶ
1556 1253 1656 1278 autem
1671 1257 1688 1276 e
1703 1246 1836 1277 Felicia-

1118 1301 1175 1321 nea
1202 1291 1319 1328 addidi,
1340 1302 1401 1322 non
1428 1302 1488 1330 quo
1513 1292 1626 1331 copula
1649 1295 1742 1325 esset,
1766 1299 1835 1329 quae

1118 1339 1201 1364 esset
1226 1335 1412 1373 importuna,
1439 1335 1494 1364 sed
1519 1345 1581 1374 quo
1605 1333 1757 1373 significet
1779 1332 1834 1368 vel,

1117 1378 1199 1413 adeo,
1215 1385 1246 1407 et
1261 1377 1515 1415 significationem
1535 1377 1719 1407 intenderet.
1763 1375 1836 1406 Nisi

1117 1430 1182 1449 eam
1198 1419 1348 1450 Iatrocles
1361 1419 1599 1458 eripuisset,‘vel
1608 1419 1754 1459 perisset,
1770 1423 1836 1455 aut,

1116 1463 1249 1502 perisset
1263 1463 1381 1502 utique.
1398 1463 1428 1492 h.
1443 1472 1471 1494 e.
1488 1472 1548 1492 non
1565 1462 1664 1493 solum
1678 1466 1836 1492 contume-

1116 1506 1174 1535 lias
1186 1505 1256 1536 illas
1272 1515 1402 1545 corpore
1418 1506 1592 1542 tolerasset,
1612 1515 1720 1537 verum
1743 1505 1835 1536 etiam

1116 1549 1246 1578 animam
1261 1548 1360 1588 ipsam
1377 1559 1497 1587 quoque
1514 1549 1676 1579 emisisset.

1158 1609 1201 1614 —-
1222 1593 1274 1622 13.
1301 1591 1350 1621 καὶ
1378 1593 1504 1622 τοιαῦτα
1527 1591 1653 1626 συνειδὼς
1662 1591 1721 1633 ·—-]
1753 1591 1837 1622 citat

1115 1635 1146 1665 h.
1161 1635 1182 1665 l.
1200 1635 1350 1674 Hermog.
1366 1645 1399 1674 p.
1415 1637 1490 1666 346.

1158 1696 1202 1700 —
1217 1680 1269 1709 17.
1292 1678 1340 1709 οὐκ
1356 1678 1516 1720 ἰ’σασιν--]
1537 1678 1623 1709 Citat
1637 1677 1834 1709 Minuciunus

1116 1731 1147 1760 p.
1166 1723 1240 1754 162.

1158 1782 1201 1787 —-
1217 1766 1269 1795 18.
1291 1766 1347 1799 τὰς
1363 1763 1494 1805 Βίβλους]
1518 1764 1550 1794 ἰη
1565 1765 1679 1805 quibus
1694 1764 1834 1795 formulae

1114 1809 1299 1848 perscriptae
1326 1813 1430 1838 essent
1456 1807 1674 1848 initiationum,
1699 1808 1835 1838 incanta-

1114 1851 1246 1887 tionum,
1284 1852 1540 1895 exorcismorqm,
1573 1852 1683 1891 quibus
1714 1852 1835 1881 valetu-

1115 1894 1203 1924 dines
1227 1905 1244 1924 e
1267 1895 1449 1935 corporibus
1471 1904 1622 1935 angrorum
1639 1894 1835 1934 expelleren-

1118 1941 1179 1967 tur.

1158 1998 1200 2003 ——
1215 1981 1269 2011 25.
1291 1982 1372 2012 ἀλλὰ
1387 1981 1418 2012 δὴ
1439 1981 1480 2012 τὰ
1495 1982 1546 2015 τῆς
1560 1978 1702 2021 ἐξουσίας]
1726 1981 1836 2010 subau-

1115 2022 1201 2054 ditur
1216 2023 1308 2064 ὁξέτε.
1331 2028 1363 2054 et
1383 2026 1425 2054 τοὶ
1439 2026 1491 2058 τῆς
1506 2022 1633 2063 ἐξουσίας
1651 2023 1736 2065 (scil.
1751 2022 1836 2066 ἔργα.)

1114 2066 1198 2096 idem
1215 2071 1262 2097 est
1277 2073 1368 2107 atque
1379 2069 1429 2098 τὴν
1439 2066 1577 2106 ἐξουσίαν.
1592 2067 1675 2097 idem
1686 2072 1733 2097 est
1743 2072 1836 2106 atque

1115 2110 1142 2139 si
1158 2109 1312 2140 dixisset:
1336 2111 1417 2140 ἀλλὰ
1431 2112 1487 2150 γᾶς
1503 2111 1583 2151 ὁρᾶτε
1599 2108 1647 2139 καὶ
1662 2109 1835 2150 θαυμάζετε

1113 2154 1163 2183 τὴν
1177 2151 1304 2192 ἐξουσίαν
1318 2153 1496 2194 τάνθρώπου.
1517 2153 1573 2183 sed
1589 2158 1728 2192 spectate
1743 2158 1835 2192 atque

1113 2195 1268 2225 miramini
1284 2207 1401 2227 mecum
1416 2196 1620 2235 arrogantiam
1633 2200 1664 2226 et
1680 2196 1835 2226 confiden-

1113 2238 1188 2268 tiam
1212 2239 1356 2276 hominis,
1379 2239 1574 2269 Timarchum
1593 2249 1651 2278 pro
1666 2238 1788 2278 impuro
1803 2243 1837 2269 et

1114 2281 1267 2321 flagitioso
1290 2282 1474 2318 accusantis,
1490 2281 1577 2322 quasi
1594 2281 1736 2312 fiduciam
1757 2283 1835 2314 hanc

1113 2324 1304 2356 conscientia
1325 2326 1398 2357 vitae
1419 2326 1548 2356 honeste
1569 2329 1736 2366 sancteque
1758 2331 1835 2356 actae

1114 2367 1288 2399 meruisset.

1157 2414 1233 2442 404.
1245 2414 1276 2443 4.
1297 2410 1353 2450 ’ἑνι;
1376 2411 1533 2452 δωροδόκος]
1549 2410 1642 2441 nimis
1659 2412 1788 2451 abrupta
1804 2415 1836 2442 et

1112 2453 1218 2485 hiulca
1241 2455 1306 2485 baec
1328 2455 1404 2484 mini
1421 2454 1545 2485 videtur
1559 2454 1670 2485 oratio.
1695 2465 1768 2485 num
1788 2454 1835 2485 sic

1113 2497 1174 2538 leg.
1187 2502 1234 2528 est
1246 2508 1253 2527 ε
1270 2497 1316 2534 ἐ’νι,
1328 2496 1350 2528 εἶ
1363 2497 1579 2538 δωροδόκος-3
1590 2498 1703 2538 quibus
1714 2498 1835 2537 ecquod

1113 2552 1206 2571 unum
1222 2542 1346 2577 malum,
1363 2542 1413 2571 vel
1426 2542 1572 2581 probrum
1584 2540 1720 2578 inest,*si
1731 2540 1835 2571 insunt

1113 2585 1212 2621 istaeo,
1229 2595 1388 2614 munerum
1401 2584 1518 2621 helluo,
1532 2583 1673 2614 adulator
1687 2587 1748 2614 etc.

1157 2645 1200 2652 -—-
1215 2629 1247 2659 5.
1267 2626 1364 2659 ποίντοι
1379 2626 1472 2659 ἐ’νεστι
1485 2629 1526 2657 τοὶ
1535 2625 1696 2668 λεγόμενοι]
1712 2630 1835 2666 postre-

1114 2681 1164 2700 mo
1181 2671 1345 2708 vocabulo,
1360 2671 1389 2701 in
1405 2671 1518 2701 mendo
1533 2669 1668 2706 cubanti,
1681 2669 1791 2700 suffeci
1802 2680 1834 2701 v.

1115 2713 1274 2744 δεινότατα.
1295 2713 1425 2745 Interim
1441 2724 1458 2743 e
1474 2723 1570 2752 prava
1588 2712 1756 2752 scriptione
1770 2714 1835 2743 col-

1114 2757 1190 2797 ligo,
1212 2757 1273 2787 loci
1296 2757 1387 2799 hujus
1409 2756 1560 2795 geminam
1581 2754 1744 2786 lectionem
1759 2756 1835 2787 oiim

1113 2799 1144 2830 in
1160 2800 1250 2830 libris
1267 2799 1568 2836 circumambuhzsse,
1584 2798 1710 2829 alteram
1727 2799 1769 2829 τὰ
1784 2799 1836 2829 δει-

1114 2843 1234 2880 νότατοι,
1243 2843 1368 2874 alteram
1379 2844 1420 2873 τὸ
1433 2841 1590 2883 ψεγόμενοι,
1601 2851 1781 2883 quaecunque
1792 2844 1836 2874 vi·

1114 2888 1154 2917 tio
1168 2886 1293 2917 dantur.
1448 2885 1450 2887 ¹

1157 2947 1201 2953 —
1218 2931 1269 2960 16.
1295 2927 1358 2960 οὔτε
1381 2926 1488 2964 δικαία,
1511 2928 1574 2959 οὔτε
1586 2927 1644 2968 -]
1678 2928 1836 2959 Sententia

1115 2978 1183 3003 est:
1205 2983 1293 3012 aequa
1317 2976 1349 3002 et
1371 2971 1510 3012 legitima
1529 2971 1668 3002 defensio
1691 2971 1752 3002 ista
1773 2982 1834 3002 non

1115 3020 1185 3056 est;
1208 3026 1312 3049 verum
1336 3018 1437 3048 tamen
1459 3019 1507 3048 est
1521 3014 1696 3053 artificium,
1710 3014 1835 3054 ⁴iudices

1961 3296 1997 3323 ,Διὶ
