1931 3323
331 198 415 239 214

329 305 411 335 idem
427 308 476 335 est
491 314 525 334 ao
543 304 567 334 si
584 304 731 336 dixisset:
756 304 799 336 ἔτι
824 306 946 348 Φορμίων
969 307 1026 336 οὐδὲ
1030 319 1042 337 ν

328 348 423 378 ἀδικεῖ
434 347 638 389 Ἀπολλόδωρον
653 348 772 379 τουτονί.

371 393 476 421 —1‘2.
499 390 533 421 σὲ
550 390 593 432 δὲ]
611 392 741 422 subaudi
754 403 770 422 a
782 391 1040 424 οοιηιιιυηίἦδίκει.

370 451 413 456 —-
431 437 481 466 16.
505 434 620 475 τούτου]
640 435 781 465 Pasiclis.

373 479 446 510 952.
463 481 494 509 5.
516 478 557 507 τά
580 489 612 508 τε
633 478 710 507 ἄλλα
734 478 782 508 καὶ
805 476 842 508 οἷν
868 478 900 509 ἂν
926 477 1038 516 γένηται

326 520 386 552 δίκη
404 520 511 551 τούτων
523 523 566 560 μῆ
581 521 647 552 εῖναι
662 521 754 562 δίκας]
771 522 934 558 amputatis
949 521 1039 551 inuti-

326 565 408 594 libus
425 565 470 594 sic
485 565 576 594 dedi:
599 566 639 594 τά
656 576 689 595 τε
703 565 794 600 ἄλλα,
811 563 846 594 οἷν
860 568 903 604 μὴ
917 565 984 595 εῖναι
1000 565 1043 594 δεῖ

327 607 415 641 δίκας.
431 608 459 638 in
477 618 535 647 quo
554 613 677 638 secutus
701 619 766 637 sum
791 609 949 647 exemplar
971 607 1037 637 Au-

327 657 500 691 gustanum,
517 651 575 680 nisi
592 653 673 689 quod
690 651 777 681 δεῖάε
790 661 857 681 meo
874 652 1037 682 admensus

327 705 406 725 sum.
428 695 509 734 quod
536 694 617 723 idem
643 705 732 724 versu
750 697 800 725 15.
823 704 945 733 quoque
968 695 1036 724 feci.

327 738 483 768 Sententia
499 738 562 766 liaec
579 741 644 766 est:
668 737 792 766 Auditis
808 738 900 767 verba
913 737 991 775 legis
1008 744 1037 767 et

326 781 400 811 alias
427 781 617 811 conditiones
643 779 819 814 indicantis,
843 781 900 809 sub
928 780 1038 819 quibus

322 825 392 863 jure
407 823 542 863 experiri
557 823 638 852 haud
654 822 738 857 licet,
753 826 783 852 et
795 823 872 851 inter
887 823 956 851 illas
971 823 1036 852 haec

326 878 446 906 quoque
476 865 682 905 excipientis:
720 865 774 895 ἴσα
805 877 851 899 τις
879 866 994 904 ἀφὶκεν,
1022 865 1036 897 ἢ

327 909 506 949 ἀπήλλαξεν,
522 910 642 948 quoties
663 908 730 947 quis
745 909 874 938 alterum
891 908 1036 944 absolvit,

325 964 378 984 seu
388 955 439 992 jus
450 961 536 982 omne
549 952 608 981 sibi
618 956 794 991 competens
807 952 835 981 iu
847 962 913 981 eum
926 953 1037 991 agendi

323 997 384 1035 ipsi
400 995 528 1030 remisit,
545 999 575 1024 et
597 994 656 1024 sibi
678 1005 746 1025 cum
763 1005 799 1024 eo
815 996 858 1024 nil
878 1005 1037 1026 commune

324 1039 483 1070 affirmavit
496 1049 576 1068 esse.

366 1100 409 1105 —
425 1083 475 1112 15.
498 1079 534 1112 ὧν
558 1082 602 1120 μὴ
627 1080 694 1111 εῖναι
722 1079 799 1115 δίκας
823 1081 871 1111 καὶ
897 1081 952 1112 ὅσα,
974 1082 1035 1123 τις]

322 1125 446 1156 correxi
462 1123 499 1154 οἷν
514 1126 556 1164 μὴ
579 1124 646 1155 εῖναι
670 1125 712 1155 δεῖ
729 1123 818 1160 δίκας,
838 1125 894 1154 ὅσα
909 1137 965 1160 τις.
985 1136 1036 1154 co-

322 1169 425 1208 pulam
449 1170 604 1204 omittens,
618 1179 656 1198 ex
678 1167 859 1199 anctoritate
882 1169 1034 1204 codicum,

322 1213 365 1242 δεῖ
379 1212 494 1242 addens
510 1212 548 1241 de
561 1221 639 1241 meo.
653 1222 682 1243 V.
695 1223 726 1251 p.
738 1213 811 1247 986,
823 1213 852 1241 2.
877 1212 1035 1242 Sententia

320 1260 382 1285 est:
407 1259 581 1295 propterea,
595 1255 647 1293 qui
660 1256 759 1294 legem
775 1255 851 1284 hanc
866 1255 1034 1290 tulit,iuter

321 1309 445 1338 ea‚quae
463 1298 676 1337 ajudiciorum
693 1297 919 1338 disceptatione
933 1309 1032 1328 remo-

320 1349 384 1378 vet,
401 1342 499 1381 primo
511 1342 579 1372 loco
595 1341 697 1380 posuit
712 1351 871 1371 causarum
889 1341 965 1371 illud
980 1353 1032 1381 ge-

319 1396 388 1422 nnt,
409 1395 478 1415 cum
494 1390 580 1415 actor
595 1395 678 1414 reum
700 1385 767 1423 ipse
792 1384 927 1414 absolvit
948 1390 977 1414 et
995 1385 1031 1414 li-

317 1428 424 1458 berum
438 1428 662 1468 pronunciavit.
707 1428 826 1457 Citath.
839 1428 861 1456 l.
878 1432 930 1457 ant
946 1427 1031 1457 simi-

316 1472 376 1502 lem
392 1483 431 1501 ex
447 1473 504 1501 hac
519 1472 644 1511 regione
662 1471 818 1510 Harpocr.
835 1481 864 1500 v,
882 1470 962 1511 ἀφεὶς
981 1470 1030 1500 καὶ

314 1514 506 1553 ἀπαλλάξας.

358 1577 402 1581 --
416 1561 463 1589 17.
479 1557 716 1599 μεμαρτύρηται]
728 1561 796 1596 post
808 1556 1029 1598 μεμαρτύςηται

316 1602 408 1632 velim
423 1601 480 1642 μὲν
493 1602 576 1631 addi.

355 1663 399 1668 —-
422 1647 473 1675 19.
500 1642 703 1684 προθεσμίας]
735 1643 819 1673 citat
846 1643 875 1672 h.
896 1643 916 1672 1.
946 1643 1027 1672 Har-

313 1698 397 1728 pocr.
416 1699 445 1717 v.
462 1686 638 1727 πξοΘεο-μίας
652 1687 742 1726 νόμος.

356 1749 400 1753 --
417 1733 467 1761 ⁰1.
491 1731 536 1760 τᾶν
549 1730 655 1772 χςόνον]
676 1727 831 1759 subaudi'
822 1740 847 1758 εν
861 1726 882 1769 ᾧ
898 1728 940 1758 δεῖ
949 1728 1027 1758 δικά-

314 1773 430 1815 ζεσθαι.
454 1775 573 1815 qnojus
592 1781 689 1812 petere
707 1773 783 1803 licet.

356 1836 400 1840 --
416 1828 485 1857 pen.
510 1818 602 1858 ὑμᾶς]
627 1816 659 1846 id
683 1821 741 1851 est,
764 1815 911 1855 populum
930 1815 1026 1845 Athe-

314 1860 461 1890 niensem.
485 1861 608 1900 judices
634 1860 712 1889 euim
739 1859 779 1888 de
807 1859 899 1898 plebe
925 1869 1026 1888 sume-

312 1905 433 1934 bantur.

359 1948 432 1978 953.
447 1950 477 1978 Ξ.
495 1945 541 1977 τὸν
553 1945 658 1987 χρόνον]
677 1945 805 1975 subaudi
819 1943 864 1974 τὸν
874 1946 1025 1975 πενταετῆ.

313 1990 471 2021 Sententia
486 1990 545 2020 loci
564 1989 809 2019 subobscurioris
823 1988 888 2017 haec
904 1988 1026 2018 videtur

313 2044 401 2064 esse:
422 2033 576 2071 judicavit
596 2033 765 2072 legislator,
785 2031 915 2070 spatium
938 2031 1025 2069 quin-

313 2077 438 2116 quennii
462 2077 536 2106 satis
560 2077 681 2113 longum
706 2086 774 2104 esse
801 2075 839 2104 ad
865 2076 1024 2105 mendaces

311 2119 471 2159 perspicui
498 2119 648 2148 mendacii
676 2119 873 2157 arguendum.
912 2117 964 2156 qui
995 2118 1021 2147 si

310 2164 383 2202 quid
407 2163 689 2198 comminiscantur,
710 2172 768 2200 quo
789 2171 861 2189 suos
881 2160 1021 2191 inimicos

307 2206 485 2236 innocentes
498 2209 621 2240 vexent,
636 2206 673 2234 de
690 2204 833 2234 ementita
847 2204 950 2232 nescio
963 2215 1020 2242 qna

305 2249 426 2288 injuria,
439 2259 526 2288 quam
545 2247 601 2278 sibi
616 2253 683 2278 aute
700 2247 935 2286 quinquennium
954 2247 1019 2277 illa·

306 2298 366 2322 tam
383 2293 578 2327 mentiantur,
597 2291 695 2330 possit
712 2291 749 2320 iis
765 2291 805 2319 ita
821 2290 959 2319 occurri:
985 2295 1018 2320 tu

304 2347 384 2365 nunc
408 2336 528 2366 demum
556 2334 717 2374 quereris?
749 2338 820 2373 post
849 2332 1017 2371 quinquen-

305 2379 400 2412 nium,
429 2380 522 2409 rebus
543 2379 607 2416 jam
638 2377 792 2407 oblivione
825 2376 1017 2406 obliteratis?

305 2427 370 2452 toto
384 2422 437 2451 illo
454 2422 616 2460 interjecto
634 2425 771 2460 tempore
789 2419 932 2449 tacuisti?
956 2429 1015 2449 non

303 2470 333 2495 te
349 2464 532 2494 commosti?
548 2465 697 2494 credibile
714 2474 771 2492 non
788 2467 836 2492 est
850 2467 878 2492 te
892 2463 922 2492 id
935 2473 1015 2492 com-

303 2508 465 2538 missurum
483 2507 589 2542 fuisse,
603 2508 628 2537 si
641 2518 713 2537 vere
728 2507 784 2536 tibi
798 2506 908 2535 suisset
919 2516 965 2541 ea,
977 2507 1015 2535 de

303 2561 360 2590 qua
378 2550 528 2589 quereris,
544 2551 656 2590 injuria
666 2551 777 2580 oblata.
795 2548 931 2579 mentiris
942 2559 1014 2589 ergo

300 2600 332 2625 et
346 2593 549 2623 calumniaris.

344 2655 388 2659 —
404 2639 434 2666 4.
459 2635 504 2666 τὸν
522 2636 602 2675 νόμον
624 2635 685 2666 ἀντὶ
706 2636 826 2677 τούτων]
849 2635 948 2674 legem
965 2647 1017 2669 της

301 2677 495 2720 ωξοὲεσμίας
509 2674 621 2709 dictam
635 2680 738 2718 posuit
753 2679 783 2708 in
797 2680 865 2708 loco
878 2678 1016 2715 testium,

302 2728 334 2753 ut
357 2723 409 2752 illa
431 2723 484 2752 lex
506 2722 569 2752 reis
596 2722 664 2752 loco
688 2723 812 2752 testium
838 2726 1014 2758 testaretur,

299 2777 415 2806 eosque
430 2766 617 2796 absolveret.
646 2769 768 2794 cautum
785 2765 864 2794 enim
881 2770 945 2795 erat
960 2765 1013 2795 illa

297 2810 380 2849 lege,
392 2814 434 2845 ut,
447 2818 573 2848 quarum
591 2808 769 2847 injuriarum
787 2809 922 2837 actiones
934 2808 1012 2838 intra

295 2852 536 2893 quinquennium
549 2861 607 2881 non
623 2857 726 2880 essent
739 2856 902 2890 susceptae,
914 2862 1010 2890 neque

293 2906 392 2936 poenae
415 2895 567 2935 repetitae,
586 2905 630 2924 eae
654 2894 789 2924 actiones
811 2895 901 2933 plene
917 2905 1011 2933 nega-

290 2945 406 2975 rentur,
419 2944 450 2968 et
467 2938 613 2968 memoria
627 2936 724 2967 omnis
741 2937 932 2976 iujuriarum,
943 2941 1008 2968 tau-

285 2993 376 3023 quam
388 2982 552 3016 uullarum‚
563 2981 752 3011 aboleretur.

329 3042 371 3049 -
387 3026 419 3057 5.
443 3036 502 3060 τοις
525 3023 688 3066 εῖςημὲνοις]
717 3022 840 3055 correxi
867 3024 926 3060 τοῖς
947 3022 1004 3064 ἐρή

705 197 740 240 Ι.
765 199 800 241 Ι.
825 199 1049 242 REISKE
1082 202 1411 245 ANNOTATA

1073 318 1150 346 μοις.
1173 308 1241 343 illis,
1257 309 1308 348 qui
1323 308 1439 338 testibus
1456 313 1600 344 carerent,
1623 308 1739 338 desertis
1758 313 1785 338 et

1075 351 1163 380 nudis
1177 351 1214 380 ab
1225 352 1305 381 omni
1317 352 1461 391 praesidio.

1117 410 1160 416 --
1187 396 1253 426 13.
1267 394 1468 436 ἀπαλλαγεὶς]
1496 404 1564 424 nam
1590 404 1698 424 servus
1724 403 1783 422 non

1073 440 1196 475 poterat
1211 438 1358 468 οοῃῑῑὼει
1362 438 1458 468 nalem
1472 447 1569 474 suam,
1578 437 1607 467 in
1621 447 1710 476 quam
1723 435 1784 476 ipsi

1072 478 1122 519 jus
1146 480 1260 510 nullutn
1277 485 1370 517 esset,
1392 482 1448 511 sed
1470 480 1557 516 hero,
1581 480 1633 510 alii
1653 484 1783 519 nuptum

1073 523 1236 553 collocare.

1115 584 1158 588 —
1175 568 1227 597 26.
1248 566 1280 606 ἐξ
1294 567 1398 608 ἀρχῆς]
1417 567 1567 597 vocabula
1581 564 1613 605 ἐξ
1628 565 1716 607 ἀρχῆς
1730 575 1783 595 co-

1072 609 1186 639 haerent
1203 620 1269 639 cum
1286 609 1449 649 ἀξιωθεῖσι.

1115 669 1158 675 —-
1180 655 1230 683 27.
1251 652 1510 694 χξηματίζεσθοιι]
1536 651 1611 682 dedi
1633 649 1780 693 χρηματί-

1072 694 1198 725 σασθαι.
1212 697 1368 726 Sententia
1378 701 1442 727 est:
1459 697 1511 736 qui
1521 696 1577 725 hoc
1585 695 1781 728 beneficium,

1067 738 1120 776 jus
1136 738 1270 769 civitatis
1287 744 1371 778 puta,
1386 750 1438 770 seu
1456 750 1473 769 a
1486 739 1586 774 vobis,
1598 749 1650 768 seu
1664 738 1701 767 ab
1713 737 1783 767 aliis

1072 781 1303 821 quibuscunque
1322 782 1366 822 [in
1383 783 1444 812 alia
1462 783 1604 822 quapiam
1625 780 1782 821 civitate]‚

1073 825 1204 862 gratuito
1222 826 1325 864 adepti
1344 830 1424 856 sunt.
1447 831 1478 855 et
1494 825 1637 855 secundae
1653 825 1781 853 fortunae

1072 877 1134 895 suae
1153 868 1209 896 hoc
1229 869 1355 904 debent,
1379 873 1422 904 ut,
1441 869 1521 908 quod
1545 868 1704 897 facultates
1721 866 1780 896 sibi

1072 915 1313 948 omnparassent,
1328 916 1359 941 et
1375 913 1506 950 majores
1523 921 1586 947 ea5‚
1605 920 1694 950 quam
1715 909 1780 944 alii,

1071 951 1157 991 digni
1168 954 1479 993 haberentur‚quibus
1490 954 1535 984 sui
1548 953 1666 992 generis
1677 952 1782 992 primis

1071 995 1129 1025 hoc
1155 996 1278 1027 honoris
1304 997 1487 1033 deferretur,
1515 997 1579 1026 illis
1605 996 1780 1026 necessario

1072 1041 1230 1069 servandae
1251 1044 1321 1070 sunt
1338 1040 1475 1079 pecuniae
1491 1045 1631 1079 artesque
1646 1049 1702 1078 per
1724 1040 1779 1069 foe-

1070 1082 1241 1113 nerationes
1262 1093 1313 1114 eas
1336 1083 1476 1123 augendi,
1497 1093 1572 1122 quas
1594 1087 1674 1112 artes
1695 1083 1780 1112 cives

1070 1125 1273 1157 Athenienses
1287 1127 1347 1156 nati
1360 1127 1614 1166 dedignabantur.
1630 1135 1696 1155 nam
1709 1126 1780 1154 ταῦ-

1069 1179 1110 1197 τα
1126 1180 1214 1199 versu
1228 1180 1299 1209 pen.
1315 1171 1352 1200 ad
1366 1170 1512 1212 χρήματα.
1526 1170 1619 1205 redit,
1639 1174 1670 1198 ut
1687 1169 1779 1198 αὐτῶν

1067 1211 1174 1242 τούτων
1191 1213 1272 1243 redit
1286 1213 1323 1244 ad
1345 1213 1491 1243 honorem
1511 1217 1542 1243 et
1556 1213 1607 1252 jus
1628 1211 1780 1254 civitatis,

1068 1265 1128 1294 quo
1146 1256 1213 1295 quis
1230 1257 1368 1286 donatur.

1111 1301 1184 1329 954.
1200 1301 1230 1329 7.
1253 1299 1358 1342 ἀναίνῃ]
1381 1299 1466 1330 Gitat
1485 1299 1552 1329 h.1.
1574 1299 1729 1337 Harpocr.
1746 1309 1777 1329 v.

1065 1340 1239 1372 ἀναίνεσθαι.

1107 1402 1150 1408 -
1165 1386 1240 1416 ibid.
1264 1386 1414 1427 κηδεστὴν]
1437 1385 1619 1416 vocabulum
1643 1388 1690 1413 est
1713 1394 1775 1414 am-

1064 1427 1210 1466 plissimae
1242 1429 1484 1469 significationis,
1512 1434 1544 1458 et
1570 1427 1776 1457 necessarium

1064 1481 1150 1509 paene
1160 1482 1371 1512 quemcunque
1378 1472 1529 1510 designat.
1539 1472 1613 1501 alias
1624 1480 1775 1506 socerum,

1063 1514 1139 1544 alias
1155 1526 1311 1554 generum,
1329 1516 1402 1546 alias
1418 1515 1558 1546 maritum
1576 1514 1703 1548 sororis,
1720 1524 1774 1543 seu

1063 1562 1134 1593 tuae,
1151 1569 1204 1589 seu
1222 1559 1329 1589 uxoris
1346 1565 1415 1588 [uae.
1439 1559 1488 1588 hio
1509 1558 1571 1588 loci
1595 1567 1662 1587 raro
1683 1558 1773 1587 modo

1062 1600 1204 1631 vitricum
1220 1602 1381 1641 siguificat.

1103 1663 1147 1667 —
1164 1648 1214 1676 102.
1239 1644 1281 1674 δ’τι
1296 1645 1409 1686 τοῦτον]
1426 1643 1557 1675 subaudi
1572 1654 1589 1673 e
1606 1643 1773 1683 superiori-

1063 1687 1118 1717 bus
1134 1688 1252 1728 φῆσειας
1267 1688 1309 1718 ἄν.

1103 1749 1147 1753 —
1162 1734 1214 1762 25.
1236 1730 1459 1772 μεμαρτύρηται
1479 1729 1512 1761 ‘rb
1531 1728 1670 1770 τέταρτον
1687 1729 1773 1770 μέρος

1061 1774 1175 1815 λαβεῖν]
1199 1775 1287 1804 locus
1307 1776 1433 1810 dubius,
1451 1784 1540 1813 quem
1561 1774 1631 1803 ideo
1648 1773 1771 1812 reliqui,

1061 1818 1179 1855 qualem
1198 1818 1313 1854 inveni,
1328 1818 1410 1858 quod
1422 1827 1492 1846 cum
1507 1817 1632 1846 codices
1649 1816 1707 1845 mei
1726 1817 1771 1845 ni-

1061 1860 1103 1889 hil
1129 1861 1196 1900 opis
1227 1861 1380 1896 afferrent,
1410 1865 1472 1890 tum
1500 1865 1598 1889 utram
1626 1869 1771 1897 sequerer

1061 1905 1242 1933 emendandi
1258 1904 1404 1934 rationem
1419 1903 1614 1942 ambigerem.
1635 1913 1705 1932 nam,
1719 1907 1770 1932 aut

1061 1946 1148 1975 dedit
1158 1952 1259 1977 orator
1270 1948 1316 1977 sic
1329 1960 1336 1977 2
1350 1946 1552 1988 μεμαρτύξηκε
1563 1946 1606 1985 τῷ
1617 1945 1649 1974 τὸ
1665 1944 1769 1985 τεταξ-

1059 2000 1106 2019 τον
1123 1989 1208 2030 μέρος
1229 1991 1339 2025 λαβειν.
1362 1995 1484 2020 testatus
1502 1995 1542 2019 est
1563 1988 1768 2028 Apollodorus,

1058 2042 1098 2067 ρο,
1115 2035 1190 2073 qnod
1202 2040 1316 2072 purtem
1333 2040 1467 2074 quartam
1484 2034 1596 2063 sumsit.
1617 2037 1688 2061 aut:
1711 2042 1767 2071 με-

1056 2076 1239 2117 μαξτύρητοιι
1255 2077 1297 2116 τῷ
1312 2079 1410 2107 τοῦτον
1419 2076 1452 2106 τὸ
1464 2074 1603 2115 τέταξτον
1613 2073 1696 2115 μέρος
1711 2080 1766 2104 λα-

1057 2119 1125 2152 Βεῖν.
1143 2119 1408 2161 testatumfactum
1425 2123 1464 2149 est
1475 2129 1515 2154 en,
1531 2119 1606 2158 quod
1618 2117 1664 2147 hic
1677 2129 1768 2158 quar-

1057 2167 1117 2190 tum
1139 2169 1250 2201 partem
1273 2165 1382 2193 sumsit.
1407 2162 1458 2192 sed
1480 2162 1553 2191 dedi
1574 2162 1612 2190 de
1628 2171 1696 2189 meo
1711 2171 1766 2199 με-

1054 2206 1237 2245 μαξτύρηκας
1261 2205 1304 2245 τῷ
1322 2205 1354 2235 τὸ
1369 2204 1478 2244 ’νέα-,μ
1481 2225 1488 2233 .
1509 2208 1628 2256 poterat
1645 2214 1767 2243 quoque

1054 2249 1119 2277 dari
1134 2246 1358 2289 μεμαρτύρηταί
1371 2260 1414 2278 σοι
1428 2248 1471 2287 τῷ
1485 2247 1519 2277 τὸ
1535 2259 1565 2276 τ.
1581 2259 1618 2286 μ.

1099 2293 1168 2322 9ὀό
1184 2294 1237 2322 18.
1252 2292 1374 2333 τούτοις]
1392 2290 1581 2330 Apollodoro
1595 2294 1626 2319 et
1638 2290 1708 2319 Pas·
1703 2289 1766 2320 icli-

1094 2351 1139 2357 ·—-
1156 2338 1204 2366 19.
1228 2334 1380 2374 ἐμίσθωσε
1406 2333 1524 2385 τούτοις,
1550 2333 1593 2373 ’τῷ
1617 2331 1640 2362 δ’
1662 2344 1682 2362 ε-
1677 2332 1764 2374 ’σι-εῖν]

1052 2378 1174 2407 correxi
1198 2377 1364 2417 ἐμίσθωσεν
1387 2375 1492 2411 ἐκείνοις
1515 2376 1654 2417 [Xenoni
1679 2383 1764 2415 puta,

1054 2421 1218 2459 Euphraeo,
1235 2426 1266 2451 et
1281 2420 1409 2461 reliquis
1424 2430 1536 2450 mensae
1552 2418 1675 2459 sociis}
1699 2418 1765 2459 τῷδ’

1051 2462 1191 2501 ἐγκαλεῖν.

1095 2509 1168 2538 956.
1187 2509 1218 2537 7.
1242 2506 1357 2547 ταῦτα]
1380 2506 1410 2536 id
1428 2510 1486 2542 est,
1504 2507 1518 2536 ἦ
1534 2504 1582 2535 {im
1597 2503 1760 2544 μίσθωσις.

1050 2549 1157 2580 habuit
1172 2561 1245 2588 ergo
1261 2550 1470 2590 Apollodorus
1485 2559 1541 2588 pro
1562 2553 1650 2587 parte
1671 2559 1724 2578 sua
1740 2550 1760 2580 5

1050 2593 1174 2629 talenta,
1199 2595 1240 2623 20
1265 2594 1372 2623 minas.
1395 2603 1462 2622 nam
1485 2592 1582 2621 altera
1601 2595 1620 2623 5
1637 2591 1762 2629 talenta,

1051 2638 1092 2666 20
1109 2637 1197 2666 minae
1213 2637 1364 2666 cedebant
1379 2635 1465 2666 fratri
1480 2637 1557 2674 ejus.

1090 2697 1134 2703 -—
1149 2683 1178 2711 9.
1203 2678 1412 2719 ἐμισθώσατο]
1436 2677 1558 2708 correxi
1575 2675 1759 2717 ἐμίσθωσαν.

1049 2722 1257 2762 Apollodorus
1274 2731 1347 2762 puta
1362 2728 1393 2752 et
1410 2720 1559 2751 Pasicles.

1090 2781 1133 2789 -—-
1149 2769 1201 2796 11.
1217 2764 1249 2794 ἔνι
1264 2768 1319 2796 τῶν
1332 2765 1408 2794 οἶίιων
1423 2766 1473 2798 τῆς
1488 2763 1519 2803 ἐξ
1533 2763 1621 2803 ἀρχῆς
1635 2762 1674 2802 ν.]
1691 2774 1759 2793 cor-

1046 2809 1113 2838 rexi
1130 2807 1199 2838 ἐτῶν
1212 2808 1279 2842 ἴσως
1294 2808 1380 2839 εἴκοσι
1391 2808 1442 2842 τῆς
1453 2805 1483 2845 ἐξ
1496 2807 1584 2847 ἀρχῆς
1598 2817 1621 2835 ν.
1638 2806 1757 2837 reditus

1046 2852 1196 2891 portionis
1218 2851 1417 2881 haereditariae
1437 2849 1537 2880 statim
1553 2859 1571 2878 a
1591 2848 1759 2888 principio,

1045 2906 1135 2934 quum
1157 2894 1289 2934 primum
1313 2893 1475 2923 haereditas
1493 2897 1678 2927 cerneretur,
1695 2893 1757 2931 ipsi

1043 2939 1236 2973 contributae,
1253 2947 1309 2977 per
1321 2935 1432 2976 viginti
1449 2938 1690 2975 praeterpropter
1703 2946 1758 2966 an-

1042 2992 1097 3011 nos
1114 2980 1265 3020 percepti.

1087 3026 1159 3056 957.
1173 3026 1204 3055 3.
1219 3022 1454 3064 ΠΡΟΚΛΗΣΙΣ]
1472 3021 1560 3052 initio
1577 3020 1668 3061 hujus
1687 3031 1756 3052 ver·
