1931 3323
293 203 377 246 532

296 310 344 340 nis
359 317 389 341 et
405 310 538 342 heroinis
550 318 698 354 quotquot
712 324 841 354 unquam
859 316 1001 347 vixerunt

296 353 540 392 gloriosissimis,
563 367 639 396 quas
662 358 785 397 quidem
809 369 919 390 novem
946 371 1000 390 nu·-

297 405 382 427 mero
405 398 488 433 facit,
504 399 582 430 forte
605 400 677 440 quia
699 411 824 432 numero
846 404 923 433 deus
946 403 1003 432 im-

296 449 370 479 pare
382 442 504 480 gaudet,
514 443 564 473 vel
578 448 610 473 ut
626 454 769 475 numerus
780 456 888 476 novem
899 447 1002 476 Musis

297 485 495 522 respondeat.
539 487 656 517 Harum
685 495 747 518 tres
779 495 849 518 sunt
871 491 1000 525 Judaeae,

297 526 435 563 Debora,
461 528 582 566 Judith,
606 531 732 566 Esther;
764 537 825 562 tres
853 533 1000 569 Ethnicae,

296 570 446 601 Bunduca
470 572 562 608 Brit„
586 573 793 610 Penthesilea,
819 575 1002 614 Artemisia3

296 616 360 642 tres
377 615 509 653 denique
528 616 720 653 Christianae,
744 619 900 657 Elphrida,
918 620 1001 648 Mar-

297 662 414 694 gareta,
438 658 628 699 Efisabeffla,
652 660 821 695 Britanna„
854 667 914 691 tres
939 662 1001 691 Re-

297 700 377 737 ginae
394 701 510 740 Angliae
529 708 653 732 nostrae.
699 704 761 733 Sed
779 705 870 733 redeo
886 705 923 733 ad
941 705 999 733 Ar-

295 743 445 773 temisiam
470 746 598 784 ejusque
620 746 793 775 Mausolum
821 751 851 776 et
878 748 1002 776 Mauso-

294 784 388 816 leum.
434 788 482 817 De
499 789 618 817 Caesare
632 789 702 818 olim
719 789 802 818 dixit
819 790 942 826 Cicero,
958 789 1001 820 δ’τι

295 838 346 858 ’του
361 830 531 869 Πομπηΐόυ“
520 843 532 861 ο
543 832 672 871 Καῖσαξ“
665 834 752 865 ιστὰς
765 832 923 873 ἀνδριάντας
938 845 1003 867 τους

294 870 395 902 ἑαυτοῦ
410 873 543 911 πήγνυσι.
568 874 666 904 Caesar
681 877 860 905 restituendo
872 876 1003 916 Pompeii

294 918 408 945 statuas
427 925 500 945 crea}
497 918 517 945 't
533 927 609 946 suas.
655 918 734 947 Sane
754 919 1002 950 decantatissima

293 956 361 987 haec
375 958 491 997 regina,
505 959 576 989 dum
598 960 718 1000 insigne
733 962 798 991 hoc·
807 963 1000 993 Mausoleum

293 1000 403 1030 marito
423 1002 539 1040 posuit,
559 1007 704 1034 aeternum
721 1005 806 1034 faruae
829 1006 1002 1045 nominique

294 1053 349 1073 suo
361 1051 585 1075 monumentum
596 1048 759 1077 exstruxit.
781 1049 848 1078 Nec
861 1049 920 1078 fide
935 1054 1001 1079 tau-

293 1089 356 1115 tum
371 1092 400 1116 et
412 1098 514 1118 amore
530 1089 561 1118 in
576 1092 748 1129 conjugem,
763 1092 816 1121 sed
833 1092 923 1122 etiam
941 1093 1001 1122 for-

293 1130 425 1160 titudine
447 1131 622 1171 virtuteque
645 1134 756 1163 bellica
780 1135 910 1174 insignis
936 1135 1001 1165 haec

294 1172 419 1204 foemina
434 1175 515 1212 fuit3
538 1175 563 1204 si
578 1176 732 1206 historicis
748 1178 857 1207 saltem
874 1179 1001 1208 credere

294 1216 436 1248 velimus.
482 1217 573 1248 Vixit
596 1224 625 1249 et
650 1220 753 1250 floruit
775 1222 919 1251 Artemis}
924 1232 940 1251 a
964 1232 1001 1252 eo

293 1264 433 1299 tempore
444 1271 504 1299 quo
518 1262 741 1293 Demosthenes
753 1264 827 1293 hane
836 1265 1000 1295 orationem

294 1302 411 1333 habuit.
445 1304 562 1334 Habita
578 1310 676 1336 autem
695 1312 743 1337 est
760 1307 825 1336 haec
840 1308 936 1337 oratio
950 1309 999 1338 vel

295 1346 423 1376 durante
435 1348 493 1377 hoc
509 1348 590 1378 bello
606 1350 711 1379 sociali
727 1351 776 1380 vel
789 1351 890 1380 statim
908 1351 1001 1388 finito,

293 1389 357 1420 νὴ.
370 1390 495 1430 Olymp.
512 1393 585 1421 106.
601 1393 651 1422 vel
667 1395 742 1424 107.
765 1394 907 1432 Coeptnm
922 1395 1000 1424 enim

292 1431 352 1462 hoc
365 1433 477 1464 bellum
491 1439 538 1464 est
546 1435 632 1475 (uti
619 1446 682 1474 jam
696 1438 838 1467 annotavi
855 1448 893 1467 ex
907 1438 1000 1469 Diod.

292 1475 355 1506 Sic.
359 1475 375 1517 )
391 1487 468 1507 anno
485 1478 573 1508 tertio
587 1479 713 1519 Olymp.
733 1483 806 1512 105.
799 1502 818 1515 .,
837 1485 867 1511 et
883 1481 999 1511 finitum

294 1528 371 1549 anno
383 1520 474 1550 tertio
490 1522 616 1561 Olymp.
634 1526 728 1562 106.,
751 1534 828 1553 anno
838 1528 938 1554 autem
950 1535 999 1554 se-

292 1567 404 1601 quente
421 1570 558 1594 mortuus
579 1571 626 1595 est
642 1567 802 1596 Mausolus
817 1567 914 1597 Cariae
931 1578 998 1604 rex,

291 1605 405 1644 reginae
415 1607 586 1637 Artemisiae
599 1611 722 1648 conjux,
733 1610 999 1640 utitestaturidem

293 1649 426 1680 Diodor.
441 1651 461 1680 Ι.
473 1650 539 1680 xvi.
558 1651 603 1691 [c.
619 1653 688 1693 36]
705 1653 758 1682 ὑπὸ
775 1652 802 1683 δὲ
818 1654 882 1688 τοὺς
898 1653 1000 1689 αὐτοὺς

290 1693 399 1732 καιξοὺς
417 1693 578 1729 Μαύσωλος
591 1694 602 1723 ὃ
624 1695 723 1735 Καρίας
737 1697 872 1730 δυνάστης
887 1696 999 1727 ἐτελεύ-

290 1745 386 1771 τησεν,
408 1735 494 1776 ἄρξαις
517 1736 566 1767 ἔτη
589 1737 643 1768 κδ’.
689 1739 792 1768 Vidua
814 1740 918 1778 itaque
942 1741 999 1770 fuit

291 1778 458 1808 Artemisia
479 1789 586 1809 recens
610 1782 763 1811 exstincto
787 1783 907 1819 marito,
931 1794 998 1813 cum

291 1821 396 1851 habita
408 1827 454 1851 est
467 1823 531 1852 haec
545 1824 656 1860 oratio,
671 1830 700 1853 ut
718 1831 846 1864 apparet
861 1836 899 1855 ex
915 1826 999 1856 hisce

291 1864 394 1894 verbis
418 1866 645 1896 Demosthenis.
691 1868 840 1906 Loquitur
858 1869 938 1898 enim
960 1869 999 1898 de

291 1906 344 1936 illa
379 1912 520 1947 tanquam
557 1909 623 1939 sola
654 1910 752 1940 Caria:
792 1912 933 1951 principe
969 1917 1000 1941 et

291 1951 506 1990 gubernatrice
530 1953 587 1982 sub
611 1963 683 1992 rege
707 1955 884 1990 Persarum,
908 1960 939 1984 et
960 1955 996 1984 ad

291 2003 381 2033 quam
404 1995 486 2025 illius
509 1995 643 2035 regionis
663 2007 735 2026 cura
754 2007 930 2037 summaque
950 2009 998 2028 res

289 2037 464 2076 pertinebat
486 2037 548 2067 illis
572 2040 772 2078 temporibus.
816 2041 999 2071 Meminerat

290 2080 415 2119 quidem
431 2081 565 2111 Mausoli
581 2093 673 2122 supra
688 2083 718 2112 in
735 2083 820 2113 initio
841 2085 1000 2120 orationis,

292 2124 343 2153 ubi
369 2124 493 2154 dixerat
515 2135 584 2154 eum
606 2131 762 2156 auctorem
787 2131 818 2156 et
842 2137 998 2157 suasorem

289 2167 444 2196 Insulanis
460 2167 556 2198 fuisse
572 2169 660 2208 hujus
678 2169 749 2198 belli
767 2170 903 2206 socialis,
920 2169 999 2209 ὃμὲν

290 2210 484 2250 πρυτανεύσας
509 2212 609 2241 ταῦτα,
630 2211 678 2242 καὶ
704 2211 806 2247 πείσας
828 2213 998 2248 Μαύσωλος.

290 2254 412 2283 Primas
423 2254 506 2284 faces
517 2255 640 2284 socialis
656 2256 745 2294 hujus
762 2254 834 2286 belli
850 2258 997 2287 adversus

291 2297 497 2327 Athenienses
517 2299 656 2328 accendit
672 2299 730 2328 iste
747 2300 921 2336 Mausolus,
937 2311 997 2339 quo

288 2340 413 2377 quidem
423 2341 503 2370 bello
510 2347 581 2380 post
590 2352 682 2371 anuos
691 2344 888 2382 quatuorjam
899 2343 997 2380 finito,

288 2392 366 2412 anno
385 2383 436 2414 ille
458 2385 596 2423 proximo
619 2386 789 2415 exstinctus
814 2392 871 2422 est,
891 2387 998 2417 relicta

289 2425 389 2456 Cariae
402 2428 582 2466 praefectura
598 2429 720 2467 conjugi
737 2440 800 2458 snae
812 2429 996 2466 Artemisiae,

290 2470 506 2500 strenuissimae
537 2471 668 2501 foeniinae
694 2478 725 2502 et
750 2472 996 2523 &guo-rngcww‘vrp.

288 2514 331 2542 At
353 2512 427 2551 quId
443 2513 563 2543 interim
586 2515 733 2545 faciemus
750 2516 925 2552 Herodoto,
942 2517 996 2556 qui

291 2555 486 2585 Artemisiam
573 2562 708 2588 nostram
724 2559 812 2598 longe
828 2565 910 2589 retro
923 2570 995 2589 con-

284 2598 356 2637 jicit
377 2598 409 2628 in
433 2603 570 2638 tempora
598 2601 778 2632 Xerxiana:
808 2613 875 2632 nam
902 2602 928 2632 si
950 2603 996 2633 illi

288 2639 454 2678 credimus,
470 2652 540 2672 cum
555 2644 785 2674 famosissimam
801 2646 882 2675 illam
899 2656 995 2685 expe-

288 2684 433 2714 ditionem
444 2691 549 2716 contra
559 2687 611 2715 Gr.
623 2697 673 2716 sus
677 2689 908 2726 cepitXerxes,
920 2690 995 2719 Per-

289 2737 391 2758 sarum
406 2732 509 2767 partes
525 2733 556 2758 et
577 2729 685 2759 fortun·
680 2741 725 2759 nn
748 2737 854 2761 secuta
871 2736 918 2761 est
938 2732 993 2762 Ar-

287 2770 421 2806 temisia,
436 2771 528 2802 etiam
543 2775 606 2802 tum
622 2773 767 2803 defuncto
783 2774 862 2808 viro,
878 2775 994 2826 filiique

287 2814 400 2853 pupilli
412 2825 538 2855 regnum
551 2815 778 2846 administrans.
823 2817 903 2846 Sed
895 2819 994 2857 ipsius

287 2857 445 2887 Herodoti
467 2859 562 2888 verba
586 2859 644 2888 huc
671 2869 825 2899 apponere
852 2861 880 2889 οὐ
906 2862 995 2901 χεῖρον

287 2899 328 2941 [l.
350 2900 405 2931 vii.
428 2902 497 2943 99.]
527 2899 711 2942 Ἀρτεμισίης
733 2902 760 2932 δὲ
783 2904 834 2936 τῆς
855 2903 994 2942 μάλιστα

285 2943 381 2984 θῶμα.
396 2945 532 2985 ποιεῦμαι
547 2944 595 2975 ἐπὶ
610 2947 660 2976 τὴν
671 2945 800 2975 Ἑλλάδι
811 2957 994 2986 στρατευσα-

286 2986 374 3026 μένης
388 2987 524 3028 γυναικὸς,
538 3001 611 3025 ητις,
625 2988 811 3023 ἀποθανόντος
825 2991 875 3019 τοῦ
891 2990 993 3030 ἀνδξός,

286 3030 358 3061 αὐτή
381 3039 414 3060 τε
439 3029 549 3074 ἔχουσα.
571 3033 621 3063 την
641 3030 795 3075 τυραννίδα,
817 3032 866 3064 καὶ
890 3033 994 3069 «παιδὸς

586 206 634 248 Τ.
668 206 946 250 STANLEII
980 209 1459 253 ANNOTATIONES

1038 316 1216 358 ὑπάρχοντος
1230 316 1343 355 νεηνίεω,
1359 330 1413 350 υπο
1434 317 1567 358 ληματὸς
1581 329 1615 349 τε
1629 318 1679 350 και
1697 319 1745 350 ἐν·

1036 359 1151 399 δ’ςηΐης’
1141 361 1342 401 εστςατεὺετο,
1363 363 1491 401 οὐδεμιης
1511 361 1607 397 ἐούσης
1629 363 1652 392 οἳ
1676 363 1745 392 ἀνοι-

1035 401 1144 440 γκαῖης,
1168 406 1270 443 οὔνομα,
1292 405 1348 444 μὲν
1364 405 1393 436 δὴ
1420 409 1448 436 ἣν
1466 416 1540 445 aurp
1565 405 1743 445 Ἀςτεμισίη,

1036 444 1159 485 Θυγάτηρ
1175 447 1202 477 δὲ
1216 446 1421 488 ἷνΛυγδάμιος,
1433 448 1507 486 γένος
1519 446 1547 477 δὲ
1562 447 1616 488 eg*
1619 454 1745 488 Amitae-

1035 499 1135 518 νησσου
1145 492 1184 520 τὰ
1195 501 1260 530 προς
1268 491 1383 531 πατρὸς,
1391 492 1431 520 τὰ
1437 491 1574 531 μητρόθεν
1582 491 1609 521 δὲ
1619 493 1744 531 Kena-ca·

1037 531 1179 571 ἡγεμόνευε
1196 533 1242 563 δὲ
1248 534 1476 575 Αλικαρνησσὲων
1485 546 1513 564 κ.
1528 546 1560 564 τ.
1576 541 1605 564 λ.
1619 536 1745 572 impera-

1037 577 1078 604 vit
1089 576 1223 616 (inquit)
1244 577 1562 613 Halicarnassensibus,
1572 582 1632 607 etc.
1670 578 1746 607 Erat

1036 623 1135 647 autem
1162 620 1398 650 Halicarnassus
1425 621 1524 650 Cariae
1552 620 1744 657 metropolis·

1039 661 1132 690 Porro
1154 663 1406 700 praestantissima
1427 664 1492 693 haec
1509 663 1615 701 virago
1637 673 1745 702 magna

1037 713 1106 741 pars
1116 709 1181 733 erat
1193 705 1306 735 navalis
1315 706 1412 746 praelii
1425 707 1461 736 ad
1474 706 1654 736 Salaminem
1666 716 1675 743 5
1691 706 1744 736 ubi

1039 750 1096 774 tam
1115 750 1236 777 strenue
1252 759 1315 778 rem
1334 749 1443 787 gessit,
1459 754 1491 779 ut
1507 755 1538 779 et
1552 748 1743 779 fortitudinis

1037 793 1069 817 et
1081 790 1250 828 prudentiae
1263 792 1417 830 specimen
1429 791 1518 830 plane
1531 792 1619 822 virile
1635 802 1744 830 supra-

1037 841 1095 870 que
1112 842 1216 863 sexum
1229 835 1418 864 exhibuerit:
1435 834 1515 864 unde
1529 835 1650 864 celebre
1665 835 1742 864 illud

1037 874 1157 904 Xerxis
1173 877 1287 907 dictum
1303 878 1384 916 apud
1403 877 1521 907 Herod.
1525 877 1574 929 Α’[.Ι
1591 877 1655 907 ν111.
1671 878 1741 928 88]

1037 917 1058 947 οἱ
1073 916 1128 956 μὲν
1146 918 1235 960 ἄνδρες
1248 919 1382 959 γεγόνασί
1394 931 1445 959 μοι
1457 922 1596 959 γυναῖκες,
1606 921 1635 950 αἳ
1651 919 1679 950 δὲ
1694 930 1744 957 γυ-

1035 962 1126 996 ναῖκες
1136 961 1235 1002 ἅνδξες.
1257 963 1346 993 Adeo
1363 968 1464 993 autem
1479 968 1584 993 contra
1596 973 1661 993 eam
1675 963 1745 993 irri-

1036 1004 1093 1033 tati
1117 1010 1186 1035 sunt
1200 1006 1415 1042 Athenienses,
1432 1010 1465 1037 ut
1486 1007 1612 1047 praemia
1628 1016 1743 1045 propo-

1036 1054 1143 1077 nerent
1163 1049 1202 1084 ei,
1218 1051 1270 1088 qui
1289 1050 1479 1080 Artemisiam
1500 1050 1602 1079 vivam
1618 1053 1744 1089 caperet

1036 1089 1128 1129 [ibid.
1146 1092 1216 1132 93]
1233 1091 1310 1122 δεινὸν
1323 1093 1377 1132 γάρ
1396 1104 1439 1122 τοι
1462 1091 1610 1123 ἐποιεῦντο
1622 1093 1743 1131 γυναῖκα.

1036 1132 1084 1162 ἐπὶ
1100 1134 1156 1168 τὰς
1171 1133 1290 1170 Ἀθήνας
1304 1134 1523 1176 στρατεύεσθαι.
1547 1136 1661 1166 Pulcra
1675 1135 1745 1174 qui·

1036 1176 1106 1206 dem
1123 1177 1188 1208 haec
1208 1179 1360 1209 Herodoti
1381 1179 1510 1209 historia
1523 1178 1554 1208 in
1570 1178 1672 1209 fabula
1686 1188 1743 1218 po-

1036 1220 1097 1250 tius
1114 1221 1242 1251 dicenda
1259 1222 1318 1252 sit:
1340 1223 1493 1261 quomodo
1508 1222 1588 1252 enim
1604 1232 1674 1251 cum
1696 1221 1743 1252 rei

1037 1267 1267 1304 temporumque
1278 1265 1407 1295 veritate
1421 1268 1560 1296 constare
1576 1270 1627 1296 aut
1642 1265 1741 1295 cohae-

1035 1317 1102 1337 rere
1119 1308 1228 1346 possit,
1241 1308 1374 1338 viderint
1388 1308 1585 1347 Chronologi.

1036 1359 1137 1390 pugna
1159 1352 1199 1380 ad
1227 1351 1408 1381 Salaminem
1430 1362 1471 1382 ex
1497 1350 1649 1381 communi
1677 1360 1742 1381 om-

1033 1393 1116 1422 nium
1130 1393 1275 1425 Chronol.
1290 1395 1409 1424 calculo
1423 1401 1454 1425 et
1465 1404 1618 1425 consensu
1632 1394 1742 1424 incidit

1033 1435 1063 1465 in
1080 1436 1209 1477 Olymp.
1228 1438 1283 1468 75.
1304 1438 1510 1478 chronologia
1528 1442 1629 1468 autem
1649 1438 1740 1476 hujus

1033 1480 1180 1510 orationis
1195 1482 1358 1511 Demosth.
1554 1488 1602 1511 est
1614 1479 1742 1520 Olymp.

1034 1525 1121 1563 106.,
1134 1524 1250 1563 utijam
1266 1523 1466 1563 probavimus
1477 1534 1517 1553 ex
1531 1524 1660 1554 Diodor.
1676 1523 1740 1554 Sic.

1034 1566 1103 1595 Nou
1121 1567 1221 1606 potuit
1238 1578 1312 1607 ergo
1332 1568 1438 1597 eadem
1458 1567 1635 1603 Artemisia,
1651 1567 1742 1596 Mau-

1033 1609 1090 1639 soli
1106 1611 1218 1648 conjux
1237 1615 1268 1640 et
1286 1611 1383 1640 Cariae
1402 1611 1507 1651 regina
1521 1612 1669 1641 interesse
1689 1620 1742 1640 co-

1032 1651 1093 1690 piis
1124 1653 1297 1683 Xerxianis
1324 1653 1354 1683 in
1383 1663 1484 1693 pugna
1511 1653 1687 1689 Salaminia,
1710 1657 1743 1683 et

1034 1695 1225 1726 Rhodiorum
1245 1697 1339 1736 Reip.
1354 1696 1494 1727 insidiari
1510 1706 1676 1735 eorumque
1692 1706 1741 1725 re-

1033 1739 1091 1768 bus
1123 1749 1156 1768 se
1184 1739 1357 1769 immiscere
1387 1745 1525 1778 tempore
1553 1739 1742 1769 Artaxerxis

1033 1781 1110 1810 Ochi
1127 1786 1157 1811 et
1176 1782 1403 1813 Demostheni&
1433 1783 1549 1812 Eadem
1566 1793 1622 1812 non
1639 1782 1742 1821 potuit

1033 1834 1103 1853 esse
1120 1824 1223 1854 Xerxi
1239 1825 1388 1866 σύγχρονος
1410 1829 1441 1855 et
1455 1825 1623 1855 Artaxerxi
1638 1825 1740 1862 Ocho,

1033 1877 1088 1896 nec
1103 1868 1302 1897 Themistocli
1318 1874 1348 1898 et
1364 1867 1577 1904 Demostheni,
1591 1878 1647 1898 nec
1663 1878 1742 1908 prae·

1033 1910 1074 1939 lio
1091 1910 1255 1941 Salaminio
1279 1916 1310 1941 et
1332 1912 1402 1941 huic
1425 1912 1506 1941 bello
1529 1911 1647 1942 sociali.
1691 1911 1742 1941 Si-

1034 1953 1158 1992 quidem
1175 1964 1191 1983 a
1208 1955 1317 1984 Xerxe
1334 1955 1371 1984 ad
1387 1955 1592 1984 Artaxerxem
1608 1954 1740 1991 Ochum,

1034 2007 1051 2025 a
1066 1997 1273 2027 Themistocle
1290 1998 1326 2027 ad
1345 1998 1595 2037 Demosthenem,
1607 2007 1625 2027 a
1639 2008 1741 2037 pugna

1033 2039 1198 2070 Salaminia
1220 2041 1259 2070 ad
1279 2041 1392 2070 bellum
1415 2041 1540 2078 sociale,
1556 2040 1741 2071 intercesse-

1033 2088 1103 2112 runt
1119 2083 1247 2122 Olymp.
1271 2083 1394 2113 circiter
1415 2086 1470 2121 30,
1487 2085 1516 2114 h.
1533 2095 1562 2114 e.
1583 2084 1652 2114 antii
1667 2084 1739 2124 plus

1032 2125 1132 2155 minus
1149 2130 1223 2162 120,
1240 2127 1282 2156 uti
1295 2128 1357 2166 jam
1378 2137 1415 2157 ex
1433 2131 1522 2166 parte
1537 2128 1742 2162 ostendimus,

1033 2173 1063 2198 et
1080 2170 1212 2208 amplius
1227 2169 1562 2209 demonstraripoterit.
1607 2171 1648 2200 Et
1662 2171 1740 2200 forte

1032 2221 1091 2242 non
1108 2214 1162 2242 abs
1180 2223 1212 2242 re
1232 2213 1324 2243 fuerit
1342 2213 1604 2253 Chronologorum
1621 2214 1740 2243 arculas

1032 2256 1192 2296 paulisper
1207 2261 1364 2293 excutere,
1378 2261 1411 2286 ut
1423 2257 1548 2286 historia
1561 2257 1651 2295 hujus
1671 2267 1739 2287 ora·

1032 2298 1123 2328 tionis
1139 2299 1252 2329 clarius
1276 2300 1365 2329 nobis
1381 2299 1548 2330 elucescat.
1592 2300 1624 2330 Si
1645 2300 1741 2339 igitur

1031 2347 1207 2381 computum
1230 2342 1307 2372 inire
1331 2342 1470 2378 velimus,
1493 2342 1570 2372 ratio
1592 2353 1738 2373 annorum

1032 2384 1076 2414 sic
1091 2385 1180 2415 facile
1193 2385 1321 2415 subduci
1335 2385 1463 2425 poterit.
1489 2386 1518 2415 A
1532 2387 1604 2425 fuga
1620 2386 1739 2416 Xerxis

1031 2433 1103 2466 post
1118 2429 1234 2458 cladem
1247 2428 1442 2459 Salaminiam
1459 2427 1529 2470 (ubi
1544 2429 1659 2459 desinit
1672 2430 1740 2459 He-

1030 2471 1150 2511 rodot.)
1175 2472 1214 2501 ad
1237 2472 1357 2502 initium
1387 2472 1461 2502 belli
1485 2472 1739 2512 Peloponnesiaci

1031 2515 1187 2544 fluxerunt
1201 2515 1271 2545 anni
1284 2517 1338 2551 50,
1353 2525 1430 2554 quos
1441 2516 1579 2545 breviter
1590 2516 1738 2554 perstrin-

1032 2558 1077 2596 git
1090 2559 1289 2599 Thucydides
1310 2558 1340 2588 in
1362 2559 1460 2597 primo
1481 2559 1562 2588 libro
1578 2558 1738 2588 Historiae.

1032 2601 1164 2631 Duravit
1190 2601 1414 2632 atrocissimum
1436 2601 1737 2640 funestissimumque

1030 2644 1108 2674 illud
1124 2645 1236 2675 bellum
1253 2645 1344 2675 civile
1357 2646 1414 2675 Gr.
1425 2645 1627 2684 Peloponnes.
1643 2654 1738 2674 anuos

1031 2689 1084 2722 27.
1108 2697 1148 2718 ex
1176 2689 1285 2727 quibus
1310 2691 1351 2719 20
1372 2692 1488 2717 tautum
1513 2691 1544 2717 et
1566 2698 1656 2717 unum
1680 2698 1736 2717 suo

1031 2741 1124 2769 opere
1139 2731 1354 2772 complectitur
1368 2730 1564 2771 Thucydides
1577 2741 1584 2759 :
1599 2731 1736 2769 reliquos

1030 2778 1131 2804 autern
1155 2785 1213 2804 sex
1237 2774 1396 2814 supplevit
1420 2774 1613 2812 Xenophon3
1637 2783 1654 2802 a
1676 2774 1736 2803 fine

1029 2817 1104 2846 belli
1128 2817 1384 2859 Peloponnesiaci
1407 2818 1445 2846 ad
1467 2816 1604 2856 praelium
1625 2816 1737 2846 Manti-

1029 2860 1133 2890 niense
1145 2860 1191 2901 (iu
1208 2871 1268 2900 quo
1285 2861 1384 2891 victor
1403 2860 1624 2899 Epaminondas
1636 2869 1736 2889 caesus

1030 2907 1091 2939 est,
1105 2904 1136 2933 in
1158 2905 1245 2943 cujus
1267 2908 1365 2934 morte
1382 2902 1493 2932 desinit
1509 2901 1679 2942 Xenoph.)
1691 2902 1737 2932 in-

1027 2951 1234 2977 tercesserunt
1259 2946 1328 2976 anni
1351 2945 1474 2976 circiter
1495 2948 1537 2977 38
1563 2950 1615 2975 aut
1639 2944 1736 2975 unde-

1029 2990 1241 3028 quadraginta,
1253 2994 1285 3020 et
1298 2989 1430 3028 denique
1446 2999 1464 3018 a
1474 2987 1582 3027 praelio
1597 2989 1635 3018 ad
1645 2988 1734 3018 Man-

1028 3033 1139 3064 tineam
1155 3038 1186 3064 et
1200 3037 1297 3064 morte
1313 3031 1532 3073 Epaminondae
1547 3031 1585 3062 ad
1599 3032 1655 3062 huc
1669 3031 1736 3061 bel-
