1931 3322
436 206 522 247 AD
554 201 922 247 ORATIONEM
956 202 1021 243 IN
1054 203 1312 246 MIDIAM.
1528 201 1606 242 137

147 308 239 351 ριήιος
253 321 320 343 cum
335 309 450 352 Θορίκιος
469 315 522 341 aut
537 311 665 351 Θορικεὺς
684 309 859 340 mutandum

136 364 231 391 esse,
255 358 365 394 praeter
386 354 536 384 Wolfium
560 352 808 392 Palmeriumque
828 357 860 382 et

149 397 318 434 valesium,
334 407 352 427 a
365 397 499 436 Tayloro
511 397 662 432 laudatos,
678 396 756 426 vidit
769 395 857 425 etiam

148 440 312 471 Ber-kelius
325 440 365 470 ad
380 440 527 479 Stephan.
544 441 673 479 Byzant.
689 450 720 469 v.
735 438 856 478 Θοςιιιός.

190 499 232 506 -
248 484 298 512 13.
313 482 411 523 κακὸν]
427 483 541 513 omittit
554 484 752 522 Augustanus
763 481 856 511 κακόν.

146 535 207 564 quo
221 526 382 555 confirmor
394 526 426 556 in
443 525 621 565 suspicione
637 536 714 561 mea,
727 535 782 564 pro
797 524 859 565 περὶ

137 568 206 606 jeg-
221 578 291 598 esse
305 568 403 609 πὲςας.
425 576 458 599 ut
469 570 573 599 redeat
585 567 673 609 πέρας
685 569 721 598 ad
735 567 759 598 δ’.
774 579 858 608 quem

135 609 348 652 finem-feeerit
362 612 474 642 Midias
489 613 548 642 litis
562 611 662 651 hujus.

186 670 229 676 -—-
243 656 293 685 25.
311 653 413 696 ἐδεῖτο]
437 655 517 685 redit
533 655 571 684 ad
586 656 770 685 Stratonem.

132 719 135 723 -
186 698 262 728 542.
277 700 309 728 4.
329 700 380 729 τὴν
392 697 493 739 ἐρήμην
506 697 659 739 δεδωκότα]
682 698 713 727 in
729 696 857 727 dubium

143 745 272 772 vocatur
288 741 353 771 haee
366 741 464 772 dictio
480 752 497 771 a
512 742 658 780 Tayloro,
674 741 739 771 sine
754 750 856 770 causa.

141 792 210 814 nam
233 784 356 822 vulgata
380 786 456 815 bene
480 785 581 815 babet.
620 785 720 815 Latini
736 793 856 824 quoque

142 826 391 865 darejudicium‚
404 828 682 864 condemnationem,
698 832 858 868 usurpant.

141 868 240 900 διδόναι
252 871 334 900 κατίι
347 882 419 905 τινος
432 874 482 903 τὴν
497 870 607 913 ἐρήμην,
618 872 686 902 soil.
699 870 797 911 ιιξίσιν,
810 875 858 901 est

143 912 247 942 dare'
238 923 269 943 m
290 913 421 953 aliquem
441 915 621 945 sententiam
637 925 690 945 seu
704 915 857 953 judicium

139 955 308 992 desertum,
323 958 374 987 eui
387 958 488 988 nullus
502 958 696 988 adversarius
711 958 857 998 obloqua-

141 1002 205 1034 tur,
219 1001 302 1038 quod
317 1001 418 1031 nullus
433 1001 523 1031 adsit.
541 1012 570 1031 v-
584 1012 616 1042 p.
631 1002 771 1033 544.25.

186 1059 230 1065 --
245 1044 275 1073 6.
291 1039 342 1078 οἷός
356 1042 386 1073 τ’
399 1042 445 1084 ἦν]
462 1045 588 1075 Midias.

137 1113 139 1116 .
184 1085 320 1116 -ibid.
337 1087 436 1139 αὐτὸν]
452 1089 635 1118 Stratonem.

185 1145 228 1152 —-
245 1131 276 1158 7.
304 1128 490 1181 ἀποφαίνειν]
506 1140 561 1170 pro
583 1128 744 1169 ἀποφαίνειν
766 1128 858 1159 codd.

143 1171 267 1210 quidam
297 1173 372 1202 dant
396 1172 552 1213 ἀποφὲςειν.
583 1185 641 1203 non
669 1173 761 1202 male.
790 1172 858 1202 soil.

141 1223 218 1254 ωςος
233 1214 298 1248 τοὺς
314 1215 467 1257 ἄρχοντας.
491 1222 522 1247 et
541 1216 664 1256 praetuli
681 1216 752 1246 hoc.
768 1226 799 1245 v.
814 1215 858 1245 in-

141 1257 314 1296 sequentia.

184 1317 228 1323 -—
244 1303 296 1331 12.
310 1301 491 1344 ἄντιλαχων]
510 1306 582 1342 post
595 1303 757 1342 ἀντιλαχὼν
774 1301 858 1331 vide-

141 1347 194 1373 tur
212 1348 265 1373 aut
283 1344 404 1381 deesse,
420 1351 472 1375 aut
492 1346 592 1376 saltim
614 1345 859 1375 subandiendum

143 1397 214 1418 esse
227 1388 271 1427 μὴ
287 1385 381 1418 οὖσαν.
394 1399 425 1417 v.
439 1399 469 1427 p.
486 1391 562 1420 543.
580 1391 634 1418 14.

185 1447 228 1453 —
246 1432 298 1460 16.
323 1431 535 1472 Σκιροφοξιᾶἒνος]
562 1431 708 1461 videntur
728 1431 822 1460 verba
845 1429 859 1460 ἢ

140 1473 192 1503 τοῦ
208 1477 412 1514 Σκιςοφοςιῶνος
425 1485 442 1504 e
457 1475 575 1504 scholio
587 1474 617 1504 in
630 1479 747 1504 textum
763 1474 860 1504 immi-

137 1526 262 1555 grasse.
296 1516 396 1547 Etiam
410 1518 484 1556 quid
497 1517 658 1558 γιγνομένην
674 1528 704 1546 v,
723 1519 773 1547 17.
798 1516 860 1546 sibi

144 1559 222 1590 velit
239 1560 317 1590 baud
330 1560 482 1600 intelligo.

185 1618 230 1626 --
244 1606 296 1633 20.
311 1603 470 1644 κατηγόρων
483 1603 620 1645 ἔρημον]”
613 1614 673 1633 imo
690 1613 764 1633 vero
780 1613 861 1632 συνη-

141 1644 236 1686 γόρων,
246 1647 396 1678 nudumet
409 1648 489 1677 deser
491 1653 554 1677 tum
563 1647 765 1682 abadvscatis,
776 1648 861 1675 Stra-

138 1694 246 1721 ,ionem
269 1695 354 1729 puta.
398 1691 526 1725 Eorum,
541 1701 608 1730 quae
627 1696 680 1719 aut
696 1690 791 1719 Wolf
809 1695 862 1719 ant

138 1732 258 1771 -Taylor
272 1734 313 1763 ad
329 1733 359 1763 h.
375 1733 395 1763 l.
412 1735 557 1770 attulere,
569 1733 612 1763 nil
634 1731 862 1773 ριόὶνο.ὀῦδενός

141 1774 286 1814 παρόντος
301 1786 399 1816 neque
416 1777 579 1812 scholium,
595 1787 694 1816 neque
713 1787 861 1816 superva-

139 1828 240 1850 canea
261 1824 344 1854 sunt,
368 1820 421 1850 sed
446 1820 528 1850 idem
550 1825 581 1850 et
601 1820 757 1860 aliquanto
778 1820 860 1859 plus,

144 1865 236 1901 atque
264 1862 454 1902 proximum,
480 1864 599 1893 dicunt.
623 1863 714 1893 modo
738 1863 862 1893 dixerat

144 1904 281 1935 Stratoni
303 1906 485 1937 advocatum
504 1907 628 1937 affuisse
651 1907 778 1936 nullum.
797 1908 861 1945 jam

145 1947 233 1983 dicit,
267 1958 391 1986 prorsus
423 1950 574 1979 neminem
602 1960 706 1979 eorum
735 1950 861 1979 affuisse

145 1990 293 2027 omnium,
307 2001 386 2030 qnos
397 1992 507 2022 adesse
521 2002 575 2032 par
588 1992 699 2027 fuerat,
716 2002 774 2022 non
792 1994 862 2022 sub-

147 2033 315 2073 scriptores
331 2035 440 2070 actori,
453 2045 513 2064 uon
529 2034 696 2065 advocatos
713 2046 777 2065 reo.

187 2093 234 2100 -ω
249 2079 301 2107 21.
318 2075 365 2107 τὸν
384 2077 542 2119 διαιτητὴν]
565 2077 720 2108 invidiose
735 2078 862 2109 dietum.

142 2120 274 2153 crudele
292 2125 340 2150 est
355 2126 386 2151 et
404 2120 545 2160 impium,
562 2121 673 2151 lectum
690 2132 708 2151 a
731 2132 765 2152 se
781 2122 863 2152 arbi·

145 2167 224 2193 trum
246 2163 371 2193 infamia
389 2169 506 2200 notare,
521 2165 603 2204 quod
620 2175 678 2195 non
695 2165 792 2194 multo
808 2165 864 2195 mi-

144 2216 203 2236 nus
218 2206 420 2237 facinorosum
440 2212 498 2243 est,
518 2218 555 2238 ao
570 2207 597 2238 si
617 2214 735 2248 patrem
751 2209 864 2249 perdas

147 2253 180 2280 et
193 2248 363 2281 interimas.

188 2310 232 2317 -·
245 2295 296 2323 25.
310 2291 495 2334 ἀδικηθέντα]
505 2292 531 2323 si
544 2292 717 2326 ἀδικηθέντα
729 2294 767 2324 ad
780 2295 864 2324 Stra-

145 2339 254 2366 tonem
273 2336 366 2372 redit,
390 2341 424 2366 ut
444 2337 596 2367 credibile
621 2343 680 2373 est,
704 2343 735 2368 et
759 2337 865 2376 speeie

145 2377 262 2430 prima'⁴
259 2378 394 2416 videtur,
414 2384 479 2410 tum
492 2390 621 2412 necesse
639 2385 698 2417 est,
715 2385 750 2412 ut
765 2379 865 2421 Μειδίᾳ

146 2421 198 2451 vel
217 2420 262 2462 τῷ·
277 2421 378 2454 Μειδία
396 2427 611 2473 transponatur
630 2429 702 2464 post
715 2423 771 2455 οὐδ’
782 2424 862 2458 ὅλως.

144 2468 183 2496 ut
191 2466 342 2496 sententia
352 2455 418 2496 tiaeo
432 2466 493 2497 sit:
509 2471 608 2498 tutum
623 2468 705 2498 haud
719 2472 767 2498 est
778 2468 864 2498 Stra-

141 2507 224 2544 toni.
243 2508 329 2540 litem
345 2509 373 2539 ei
388 2508 561 2546 intendere,
577 2510 606 2541 si
619 2510 689 2551 quis
705 2511 815 2551 injuria
832 2521 865 2541 se

142 2550 356 2588 lacessiverit,
377 2562 476 2593 neque
498 2554 657 2584 arbitrium
679 2554 796 2591 dicere,
813 2565 865 2584 ne-

143 2604 218 2634 que,
234 2599 269 2626 ut
287 2594 420 2632 videtur,
436 2597 563 2627 eandem
579 2607 648 2627 cum
668 2597 769 2628 Midia
786 2597 864 2628 viam

145 2636 204 2667 ire.
228 2637 302 2668 milii
332 2644 433 2669 tamen
459 2640 651 2679 probabilius
677 2640 804 2671 videtur
827 2640 864 2670 ad

145 2679 321 2712 itunae-u
343 2683 508 2713 subaudire
529 2685 593 2714 τινὰ
615 2681 669 2714 ὑπὸ
691 2682 810 2720 Μειδίου,
832 2688 867 2714 ut

146 2725 216 2755 haeo
229 2725 268 2755 sit
283 2726 450 2756 sententia:
476 2725 600 2757 Nemini
605 2727 674 2766 jam
684 2727 802 2758 videtur
817 2732 866 2757 tu-

146 2772 212 2798 tum
227 2777 295 2803 esse,
309 2779 401 2808 neque
410 2781 430 2800 a
441 2769 622 2809 Midiajme
630 2780 732 2810 poeuas
741 2776 868 2809 repetere

147 2816 336 2850 acceptarum
355 2813 550 2852 injuriarum,
571 2823 662 2854 neque
679 2815 827 2844 arbitrum
841 2815 868 2844 ei

145 2853 256 2889 sedere,
271 2864 492 2895 nequeprorsus
504 2857 626 2887 eandem
640 2858 720 2888 viam
729 2858 783 2887 ire.
799 2867 867 2896 quae

147 2897 340 2928 commodior
354 2904 404 2929 est
418 2899 579 2930 sententia.

192 2956 237 2962 —
249 2939 304 2970 ult.
325 2941 416 2984 ὢμὸν]
438 2942 570 2973 malim'
557 2945 653 2982 ωμῶς.
670 2947 704 2973 ut
719 2944 869 2973 reseratur

149 2982 190 3012 nd
214 2980 404 3016 ἐπεβούλευσε
427 2985 526 3019 λαβεῖν
548 2984 632 3017 δίκην.
653 2991 753 3016 tantas
772 2995 871 3025 panas

150 3029 237 3056 tama
257 3035 325 3057 eum
345 3028 522 3060 crudelitate
546 3039 659 3061 sumere
677 3039 730 3070 per
748 3029 871 3061 insidias

198 3076 276 3099 vox..
293 3080 323 3100 v.

892 306 1080 337 machinatus
1108 314 1158 337 est.
1207 309 1337 339 Videtur
1364 309 1394 338 in
1421 307 1490 338 aliis
1517 307 1604 337 libris

892 349 989 380 fuisse
1016 350 1079 379 baec
1102 350 1194 380 lectio
1217 350 1302 384 οὕτως
1322 352 1400 391 ὢμὲν
1419 350 1604 384 ὲπεβούλευει

891 393 974 435 (sine
991 392 1191 433 τηλικαύτην),
1207 393 1236 422 in
1247 394 1313 423 aliis
1326 395 1420 424 fuisse
1432 393 1606 425 τηλικαύτην

891 436 957 466 sine
971 435 1059 470 οὕτως
1071 436 1159 475 ὠμήν.
1179 441 1241 466 tum
1258 437 1361 465 ambas
1376 438 1442 467 illas
1459 438 1606 468 lectiones

891 479 922 508 in
936 489 1022 508 unam
1034 480 1176 509 confusas
1188 479 1343 518 vulgarem
1355 480 1496 510 vitiosam
1509 491 1604 520 pepe-

891 523 978 552 risse.
994 522 1172 552 alterutrum
1189 522 1356 552 tollendum
1370 528 1417 551 est
1428 524 1605 561 mejudice.

891 565 957 595 scio
974 570 1073 595 tamen
1089 566 1166 601 fore,
1186 565 1238 604 qui
1255 566 1348 595 verba
1368 563 1455 598 οὕτως
1469 566 1542 601 ὠμὸν
1556 578 1605 596 re-

890 609 988 639 serent
1003 609 1039 638 ad
1057 609 1217 648 praemissa
1234 607 1264 638 ‘n'
1279 607 1370 645 ἐστὶν,
1385 613 1415 638 et
1432 609 1505 638 nibil
1522 609 1604 639 alind

891 652 986 687 aiunt,
1014 662 1115 691 quam,
1143 662 1227 682 more
1254 652 1359 682 Attico
1382 653 1511 690 trajecta
1538 662 1605 681 esse

892 695 1051 726 vocabula.
1074 696 1127 735 qni
1147 695 1270 735 jndicio
1297 705 1354 725 suo
1379 705 1436 734 per
1459 705 1508 725 uie
1533 694 1607 724 licet

890 739 1040 768 fruantur.

933 783 1009 813 543.
1025 783 1057 812 6.
1079 782 1211 821 μεγάλην
1224 784 1252 814 νὴ
1268 779 1330 823 Δί’]
1356 781 1415 811 Est
1431 781 1483 811 hie
1498 790 1606 820 proso1

890 826 1015 864 popoeia
1031 826 1153 855 mimica
1169 831 1200 856 et
1213 826 1332 856 ironica
1348 825 1439 855 amici
1457 834 1608 854 excusau-

890 869 933 898 tis
959 869 1091 899 Midian·
1115 879 1183 898 cum
1201 869 1327 899 inimico
1351 879 1420 898 eum
1444 873 1608 898 accusante

890 911 1056 951 loquentis.
1100 912 1227 942 Amicus
1253 911 1361 943 Midiae
1386 912 1452 941 sio:
1475 911 1609 950 μεγάλην

890 957 918 986 νὴ
933 953 978 986 Δί’
989 954 1069 995 ὦφλε
1082 954 1165 987 δίκην.
1180 956 1315 986 occurrit
1325 955 1469 985 inimicus
1480 954 1589 984 Midiae
1601 965 1608 983 :

891 999 973 1029 ἀλλὰ,
985 997 1099 1040 χιλίων.
1114 1010 1219 1030 rursus
1232 1000 1365 1029 amicus:
1383 1000 1458 1030 πάνυ
1469 1009 1512 1037 γε.
1527 998 1610 1027 ἀλλὰ

891 1041 982 1071 δάκνει
997 1042 1045 1072 καὶ
1060 1044 1145 1072 τοῦτο
1155 1061 1209 1073 --.
1224 1043 1393 1083 respondet
1414 1042 1558 1072 inimicus
1579 1051 1611 1070 V.

893 1087 946 1116 10.
961 1084 1031 1115 ἀλλ’
1046 1086 1215 1126 αὐθημερον.

935 1145 977 1151 -·
993 1130 1023 1158 9.
1038 1128 1139 1162 συνέβη
1153 1130 1182 1161 δὲ
1199 1128 1377 1169 ὑπερημέρῳ]
1394 1129 1518 1167 vulgata
1530 1127 1609 1156 bene

892 1171 993 1201 habet.
1016 1171 1097 1202 idem
1112 1178 1160 1202 est
1175 1184 1211 1202 ac
1224 1174 1249 1202 si
1263 1173 1411 1202 dixisset:
1435 1172 1484 1202 οὐκ
1499 1170 1610 1212 ᾔσθετο

891 1213 1071 1253 γεγενημένος
1085 1216 1264 1256 ὑπερήμερος,
1279 1226 1337 1245 nem
1357 1215 1452 1245 sensit
1471 1214 1609 1245 debitum

893 1267 912 1286 a
927 1267 960 1287 se
973 1262 1054 1288 stato
1069 1264 1207 1298 tempore
1222 1270 1280 1288 non
1298 1259 1446 1294 solutum,
1462 1257 1530 1288 διότι
1545 1256 1611 1286 σύν-

894 1299 959 1329 οιδεν
974 1301 1054 1341 αὐτῷ’
1068 1301 1116 1331 οὒκ
1128 1302 1308 1338 &Sticho-awa,
1323 1303 1403 1331 ἀλλὰ
1418 1303 1535 1342 μᾶλλον
1549 1300 1611 1328 ἅδι-

892 1342 1021 1374 metm.
1037 1346 1109 1383 quia
1124 1345 1266 1375 conscius
1283 1346 1342 1376 sibi
1357 1350 1434 1380 erat,
1450 1354 1484 1374 se
1495 1343 1610 1374 nemini

894 1386 1034 1425 injuriam
1051 1388 1174 1424 fecisse,
1191 1389 1245 1418 sed
1262 1390 1368 1428 potius
1385 1388 1553 1427 accepisse.

936 1447 979 1452 —-
998 1433 1046 1460 19.
1064 1430 1110 1460 τὲν
1125 1431 1277 1471 ἂνθςωπον]
1295 1433 1470 1461 Stratonem
1481 1436 1566 1470 puta.
1582 1440 1611 1459 v.

895 1483 926 1501 v.
943 1474 995 1502 ⁶26.

937 1532 980 1539 ——-
1000 1517 1051 1546 13.
1075 1517 1156 1547 ἀλλὰ
1177 1519 1270 1556 μήπω
1292 1517 1393 1558 τοῦτο]
1419 1521 1503 1547 recte
1525 1516 1616 1546 Wolf

895 1559 970 1588 hanc
995 1560 1163 1589 dictionem
1190 1560 1410 1599 interpretatus
1435 1565 1496 1596 est,
1521 1570 1611 1598 quem

894 1602 1045 1632 immerito
1071 1608 1157 1632 notat
1183 1603 1397 1640 Marklandus,
1422 1603 1492 1643 ipse
1520 1605 1612 1633 dece·

894 1649 978 1684 ptus.
1010 1646 1058 1675 sed
1088 1647 1219 1676 nondum
1249 1648 1285 1677 de
1315 1647 1378 1683 hoc,
1408 1647 1477 1676 scil.
1507 1648 1613 1677 dicam.

893 1688 998 1727 paullo
1020 1694 1094 1728 post
1118 1690 1258 1730 pluribus
1282 1700 1442 1730 exsequar.
1472 1689 1503 1719 id
1529 1690 1612 1729 quod

893 1731 969 1761 facit
983 1742 1013 1761 v.
1030 1735 1083 1764 22.

936 1792 980 1797 -—
998 1777 1046 1806 19.
1069 1775 1127 1817 δεῖ]
1153 1777 1174 1806 f.
1189 1775 1254 1806 ἔδει.

938 1820 1013 1849 544.
1031 1821 1063 1850 3.
1085 1818 1115 1850 ἢν
1140 1818 1349 1861 ἀπρόσκλητον]
1381 1819 1540 1850 Sententia
1566 1824 1615 1849 est

894 1861 980 1891 baec:
1005 1862 1120 1892 Midias
1136 1863 1253 1893 artibus
1270 1863 1392 1893 callidis
1413 1863 1477 1893 suis
1498 1862 1615 1898 effecit,

894 1905 1062 1944 utjudices
1079 1907 1251 1937 Stratonem
1267 1906 1527 1936 condemnarent
1520 1916 1548 1935 in
1563 1907 1613 1944 jus

895 1958 956 1977 non
972 1949 1110 1979 citatum.

939 2008 983 2014 —
1003 1993 1056 2022 15.
1081 1991 1197 2032 Φανίας]
1225 1991 1308 2022 Citat
1323 1992 1355 2022 b.
1374 1992 1394 2021 l.
1413 1992 1563 2032 Harpocr.
1583 2001 1613 2021 v.

895 2033 1007 2067 Φανίας.

938 2095 982 2100 -
1000 2079 1052 2108 19.
1079 2079 1094 2108 ἦ
1115 2075 1194 2118 κυρία
1214 2079 1264 2107 τοῦ
1285 2076 1386 2118 νόμου]
1409 2078 1487 2108 bene
1511 2077 1614 2108 habet.

896 2126 1000 2161 potest
1014 2120 1046 2150 ἐκ
1062 2121 1231 2156 subaudiri,
1248 2121 1319 2151 addi
1332 2122 1373 2151 nil
1387 2132 1466 2161 opus
1482 2126 1541 2151 est.
1556 2121 1616 2151 dies

896 2175 915 2194 a
931 2165 1042 2205 legibus
1055 2165 1235 2203 prce-scriptu,
1248 2164 1397 2205 praefinita
1412 2165 1543 2195 arbitris.

940 2225 983 2230 —
1005 2210 1057 2237 24.
1081 2207 1175 2247 αὐτῷ]
1198 2213 1247 2237 est
1273 2209 1306 2237 iu
1331 2208 1394 2246 «jus
1417 2208 1559 2249 gratiam,
1583 2211 1617 2237 ut

897 2250 1014 2280 dudum
1031 2251 1189 2281 admonuit
1205 2250 1380 2281 Markland.

942 2296 1018 2325 545.
1028 2296 1061 2323 7.
1077 2293 1188 2325 ἐπειδᾶν
1195 2293 1366 2334 Βούλωνται]
1378 2293 1439 2323 imo
1454 2304 1526 2324 vero
1538 2292 1616 2323 ἐπει-

897 2336 948 2367 δᾶν
964 2336 988 2367 δ’
1003 2337 1135 2367 ἕλωνται.
1155 2343 1343 2377 posteaquam
1365 2346 1431 2367 vero
1454 2337 1617 2377 delegerint

897 2381 932 2411 (le
947 2382 1094 2410 communi
1107 2382 1225 2410 consilio
1239 2381 1388 2410 arbitrum
1404 2381 1580 2421 quempiam.

939 2440 984 2446 —
1009 2427 1059 2455 18.
1093 2423 1107 2454 ἦ
1129 2423 1302 2465 ὀδύρασθαι]
1328 2423 1397 2453 loco
1421 2422 1435 2454 ἢ
1459 2423 1514 2453 dat
1536 2423 1618 2462 Aug.

897 2466 957 2502 καὶ,
972 2467 1055 2506 quod
1071 2467 1186 2506 recepi.
1230 2467 1293 2497 Sed
1309 2466 1388 2497 forte
1402 2466 1463 2507 leg.
1477 2467 1519 2497 sit
1530 2465 1618 2507 φθέγ·

898 2508 1006 2549 {meai
1018 2522 1049 2540 τι
1064 2510 1113 2540 καὶ
1127 2509 1292 2550 ὀδύρασθαι.

940 2554 1017 2585 546.
1033 2555 1065 2584 6.
1086 2552 1186 2594 νόμου]
1210 2553 1237 2583 si
1258 2554 1338 2583 bene
1360 2553 1464 2588 habet,
1483 2552 1564 2584 redit
1580 2554 1619 2583 ad

897 2597 999 2636 legem
1012 2597 1050 2626 de
1067 2596 1272 2628 Liberalibus.
1293 2596 1346 2626 alii
1362 2596 1436 2627 dant
1448 2595 1548 2637 νόμων.
1563 2597 1620 2627 du-

899 2639 977 2675 bito,
992 2639 1052 2670 utri
1069 2639 1192 2671 melius.

942 2700 986 2706 -—-
1001 2685 1033 2713 ¹7.
1057 2682 1185 2723 πρίνοιαν
1200 2682 1381 2724 1ειπόιούμενιν]
1398 2683 1527 2713 subaudi
1544 2681 1620 2716 ὅπως

899 2728 942 2767 μὴ
959 2726 1020 2766 περὶ
1035 2725 1114 2756 αὐτὰ
1128 2727 1310 2767 πλημμελῇ,
1324 2727 1373 2757 vel
1390 2727 1450 2756 tale
1465 2726 1553 2766 quid.
1569 2736 1620 2755 ac-

900 2770 1058 2799 cusativus
1082 2770 1134 2800 hio
1156 2770 1239 2800 redit
1254 2771 1293 2800 ud
1319 2768 1451 2804 λαςόντες
1478 2769 1620 2809 ἀφήσετε.

901 2818 1090 2854 quapropter
1098 2813 1433 2853 signuminterrogandi
1443 2813 1470 2842 ei
1481 2812 1619 2850 adjunxi.

902 2866 970 2886 nam
986 2854 1249 2896 καταψηφίζεσθαι
1275 2857 1446 2896 genitivum
1459 2854 1619 2886 adsciscit.

944 2916 988 2922 —
1008 2903 1059 2932 14.
1081 2899 1184 2941 σχεδὸν
1207 2899 1308 2939 αἴτιον]
1337 2903 1385 2929 est
1408 2899 1501 2932 idem,
1527 2903 1619 2936 atque

902 2942 1003 2984 σχεδὸν
1016 2943 1096 2983 μόνον
1107 2942 1207 2979 αἴτιον,
1221 2947 1273 2972 aut
1288 2941 1390 2982 σχεδὸν
1401 2941 1584 2971 αἰτιώτατον.

946 3003 990 3009 -·
1006 2988 1059 3017 16.
1082 2985 1098 3017 ἢ
1117 2988 1211 3016 σῶσαι
1234 2986 1280 3015 διὸ,
1295 2985 1418 3026 ταύτην]
1443 2990 1511 3026 post
1527 2987 1623 3014 σῶσαι

905 3034 958 3059 aut
971 3029 1112 3064 subaudi.
1129 3035 1182 3060 aut
1197 3029 1275 3059 adde
1291 3029 1398 3059 τοῦτον.

907 3081 927 3101 ,Γ
