1931 3323
340 211 421 251 508

337 325 503 354 componere
520 316 582 346 lites
597 327 604 352 ;
628 320 789 356 utrumque
807 321 851 346 est
871 315 1043 346 διαλύεσθαι.

339 359 459 397 quando
472 358 654 389 dirimuntur
667 360 748 396 lites,
760 366 980 398 componuntur
993 370 1044 388 ne-

341 402 432 440 gotia.
450 402 543 440 igitur
558 402 729 432 διαλύεσὲαι
745 404 801 436 τὰς
814 402 911 441 φιλίας
927 407 973 431 est
986 403 1045 431 dis-

338 445 442 474 solvere
456 446 609 481 amicitias,
630 451 659 474 et
684 444 847 476 διαλύεσθαι
868 445 923 479 τάς
938 444 1047 486 ἔχθρας

340 487 489 517 dissolvere
509 489 688 524 inimicitius,
707 499 880 526 componere,
897 490 1047 518 dirimere.

340 530 510 560 διαλύεσθαι
534 533 573 560 τα
597 530 680 572 χρέα,
701 537 731 561 ut
749 533 817 562 Lat.
833 532 983 561 dissolvere
998 532 1047 561 de-

341 573 412 608 bita,
425 579 456 603 et
472 573 635 603 διαλύεσθαι
649 574 763 615 ἐράνους,
773 575 921 604 dissolvere
936 584 1048 609 erauos,

341 617 446 646 debita
468 617 549 646 erani
571 618 692 647 nomine
717 622 882 647 contracta.
929 617 991 647 Sed
1019 624 1049 647 et

342 658 513 689 διαλύεσθαι
535 661 637 694 ἁπλῶς
658 666 689 690 et
714 659 934 700 άπολελυμένως
959 671 1048 690 sensu

341 703 456 732 forensi
479 708 525 732 est
549 703 696 738 dirimere,
713 705 761 733 vel
783 713 958 741 componere,
977 703 1049 738 lites,

343 756 396 775 seu
420 748 633 776 controversias.
680 748 770 776 Dem.
790 757 816 775 c.
839 745 919 775 Mid.
938 745 981 785 [ᾗ.
1002 745 1048 786 ir]

343 789 365 817 οἶ
394 788 418 817 δ’
446 787 678 829 ἐπιχειρῆσαντες
705 790 778 819 δίκην
807 788 976 828 λαμβάνειν,
1003 788 1051 818 οὐκ

341 831 523 868 ἦδυνήθησαν,
538 833 591 861 εἶσὶ
608 831 631 860 δ’
646 831 671 861 οἳ
684 831 731 861 καὶ
747 831 921 868 διελύσαντο,
934 836 1051 861 λυσιτε-

342 876 401 904 λεῖν
415 875 512 908 αὑτοῖς
526 874 677 914 ἡγούμενοι.
695 876 749 905 ulii
770 884 870 913 poenus
895 875 929 904 de
950 885 980 904 eo
1002 884 1051 904 su-

341 927 418 947 mere
427 919 562 952 volentes,
570 917 791 957 ulciscijudicio
802 928 858 947 non
868 922 1051 956 potuerunt,-

342 966 412 989 sunt
432 966 460 989 et
483 961 533 1000 qui
556 971 622 990 cum
647 971 677 990 eo
702 962 898 1001 transegerint
924 965 951 989 et
973 960 1052 990 litem

342 1004 562 1041 composuerint,
578 1005 606 1033 in
622 1014 660 1043 gi
664 1005 754 1034 atium
771 1014 837 1034 cum
852 1013 882 1034 eo
897 1004 1050 1034 redierint.

343 1046 396 1075 ubi
413 1051 609 1085 opponuntur
624 1045 696 1077 δίκην
711 1046 871 1088 λαμβάνειν
892 1052 923 1077 et
944 1047 1053 1077 διαλύε-

343 1088 429 1118 σθαι.
458 1087 531 1120 δίκην
559 1088 716 1129 λαμξάνειν
740 1091 852 1125 ulcisci,
880 1089 1055 1121 διαλύεσθαι

343 1133 536 1162 reconciliari.
559 1133 688 1163 Aristot.
701 1135 769 1163 Eth.
783 1134 848 1164 viii.
862 1135 912 1165 15.
928 1134 966 1163 de
981 1134 1053 1163 ami-

344 1175 419 1205 citia
436 1175 502 1205 utili
519 1186 572 1205 seu
589 1177 791 1215 quaestuaria:
815 1175 942 1216 γίγνεται
958 1188 1000 1206 ουν
1013 1179 1054 1207 τὰ

346 1217 523 1257 ἐγκλῆματα
536 1218 672 1258 μάλισθ’,
685 1219 748 1250 ὅταν
762 1222 805 1261 μὴ
820 1222 898 1250 κατὰ
910 1221 959 1251 'rim
969 1220 1055 1251 αὐτὴ

346 1261 546 1301 συναλλάξωσι
570 1262 618 1292 καὶ
642 1262 817 1294 διαλύωνται.
831 1266 859 1292 in
886 1263 938 1293 hoc
950 1273 1055 1304 genere

344 1306 480 1334 amicitiae
501 1312 667 1336 nascuntur
684 1307 901 1336 criminationes
920 1308 1054 1342 maxime,

344 1348 394 1377 ubi
404 1358 460 1377 uon
472 1348 569 1378 eodem.
581 1349 663 1378 modo
675 1359 726 1379 nec
741 1350 838 1379 eadem
850 1351 962 1379 ratione
967 1349 1054 1389 fiunt.

343 1395 543 1421 contiactuset
553 1392 716 1422 solutiones
729 1398 757 1421 et
774 1403 845 1422 mox
861 1393 891 1422 in
905 1393 975 1422 eod.
968 1403 1052 1432 ..cap

345 1433 400 1474 οὐχ
424 1432 524 1473 ὁμοίως
548 1434 575 1463 δὲ
604 1446 652 1464 και
675 1435 860 1474 συναλλάξας
883 1435 930 1465 καὶ
957 1435 1053 1466 διαλυ-

347 1475 441 1515 ὄμενος
456 1475 617 1515 ἐγκαλέσει.
632 1488 700 1507 cum
723 1484 823 1507 autem
842 1489 901 1508 uon
922 1479 1055 1508 similiter

345 1521 524 1549 contraxerit
542 1530 576 1550 ac
591 1525 773 1551 contractum
788 1521 914 1557 solverit,
927 1522 1055 1551 alterum

345 1563 503 1593 accusabit.
518 1563 697 1602 συναλλάξαι
720 1569 751 1594 et
770 1563 973 1594 διαλύσασθαι
985 1571 1056 1594 sunt

345 1606 504 1642 antitheta,
535 1612 663 1645 utraque
692 1612 762 1636 sunt
790 1608 884 1636 verba
912 1608 1055 1638 forensia.

346 1649 558 1679 συναλλάττειν
587 1655 635 1679 est
663 1649 844 1686 contrahere,
872 1647 1053 1680 contractum

337 1690 454 1731 jacere,
470 1698 589 1731 pactum
608 1693 655 1722 vel
678 1693 839 1731 pactionem
860 1694 948 1728 inire,
969 1700 1055 1732 pacto

346 1745 373 1763 se
393 1735 570 1773 obstringere
591 1741 616 1765 et
641 1737 789 1775 obligare:
813 1735 984 1766 διαλύεσθαι
1007 1742 1053 1766 est

346 1782 462 1815 pactum
485 1778 648 1813 dissolvere,
672 1777 806 1819 diffungi
829 1784 857 1808 et
884 1779 1006 1808 liberare
1028 1790 1056 1809 se

345 1825 513 1855 contractu,
542 1822 621 1860 quod
654 1823 774 1860 quidem
806 1823 980 1860 praestando
1011 1823 1052 1851 lit.

348 1864 544 1893 Συναλλάττει
555 1864 690 1894 creditor
702 1875 768 1894 cum
780 1869 915 1894 mutuum
928 1866 990 1900 dat,
1002 1870 1054 1894 ant

346 1907 471 1937 debitor
502 1917 571 1936 cum
604 1912 742 1937 mutuum
775 1908 856 1946 capit
876 1919 881 1937 2
907 1907 1054 1938 διαλύεται

348 1949 437 1979 etiam
461 1955 598 1988 uterque,
613 1950 662 1980 bic
686 1961 754 1980 cum
775 1951 891 1986 reddit,
911 1952 964 1981 ille
987 1962 1052 1980 cuin

345 1992 469 2031 recipit.
517 1993 584 2023 Etsi
608 1994 687 2024 enim
713 1994 743 2023 in
767 1999 874 2023 mutuo
896 2000 1054 2024 contractu

347 2036 444 2065 altera
459 2041 573 2065 tantum
598 2047 668 2075 pars
690 2042 722 2066 ut
742 2037 872 2075 obligari
887 2038 930 2067 ita
945 2043 976 2067 et
991 2038 1056 2067 dis-

348 2079 428 2108 solvi
455 2079 607 2116 videatur,
628 2080 687 2110 viz.
714 2080 835 2110 debitor
850 2080 933 2121 (qui,
959 2085 992 2110 ut.
1017 2082 1055 2111 ad

347 2122 537 2152 reddendum
554 2124 635 2162 quod
651 2123 770 2164 accepit
785 2123 1000 2163 obstringitur,
1014 2124 1056 2154 ita

347 2175 416 2194 cum
426 2175 533 2195 nomen
542 2176 628 2196 suum
639 2166 749 2196 iiberat
761 2172 791 2196 et
801 2166 939 2196 debitum
953 2167 1057 2202 solvit,

347 2207 521 2248 διαλύεται),
539 2219 648 2239 revera
667 2216 780 2245 tamen,
796 2220 864 2239 cum
881 2216 1056 2240 contractus

349 2251 390 2280 sit
404 2257 540 2289 mutuus,
555 2257 585 2282 et
600 2257 727 2292 utraque
743 2263 875 2293 persona
890 2254 1056 2283 συναλλάτ-

347 2304 403 2329 τει,
424 2299 454 2324 et
468 2300 595 2335 utraque
611 2296 700 2326 etiam
717 2295 873 2333 διαλύεται,
885 2307 941 2326 nec
957 2297 1056 2327 minus

348 2337 484 2368 creditor
499 2349 588 2378 quam
610 2340 742 2370 debitor.
788 2340 854 2369 Nec
876 2339 964 2370 aliter
984 2350 1056 2379 pro-

349 2380 430 2410 fecto
455 2382 532 2411 sumi
561 2386 665 2421 potest
687 2383 718 2412 in
743 2382 784 2412 iis
808 2383 911 2413 verbis
939 2383 1057 2414 Philus.

346 2425 406 2461 jam
429 2425 590 2455 adductis:
613 2426 668 2467 οὐχ
692 2423 792 2466 ὁμοίως
816 2424 858 2461 δὲ,
875 2432 933 2456 etc.
989 2427 1056 2457 Ari·

350 2467 477 2497 stoteles
505 2468 583 2498 enim
610 2479 646 2498 eo
668 2470 697 2499 in
715 2470 782 2499 loco
810 2471 872 2499 duo
897 2470 1057 2500 constituit

351 2519 462 2548 genera
477 2511 621 2541 amicitiae
640 2512 742 2542 utilis:
766 2522 857 2542 unum
878 2513 998 2554 νομικὸν,
1014 2514 1057 2544 al-

349 2556 447 2582 terum
464 2552 561 2584 ἦθικόν.
607 2555 643 2584 111
665 2555 718 2585 illa
736 2555 873 2585 venditio
895 2561 926 2586 et
942 2557 1057 2595 emptio

348 2595 449 2625 locum
466 2596 568 2637 habet,
583 2608 651 2637 quae
666 2597 725 2629 fit’
714 2599 761 2629 επι
771 2599 873 2640 ῥητοῖς,
885 2604 917 2629 et
927 2597 959 2628 ἐκ
968 2599 1060 2642 χειρὸς

349 2637 377 2672 ἐς
392 2639 488 2680 χεῖςα,
505 2640 540 2670 de
558 2650 648 2670 manu
662 2642 693 2671 in
708 2652 841 2678 manum,
856 2647 949 2682 atque
966 2643 1057 2673 etiam

349 2681 448 2712 foenus
465 2692 519 2712 seu
533 2688 671 2713 mutuum
685 2684 836 2715 foenebre.
861 2685 892 2715 in
915 2685 971 2715 hac
993 2696 1058 2716 era-

349 2735 421 2761 nus,
446 2735 515 2755 cum
543 2726 656 2756 amicus
684 2727 782 2757 amico
813 2729 1000 2768 gratificatur
1027 2734 1059 2760 et

349 2768 509 2807 pecuniam
525 2770 706 2800 commodat.
734 2771 748 2801 ἦ
772 2770 801 2802 δὲ
825 2771 908 2803 ἢθικη
923 2771 1057 2813 (inquit)

349 2811 398 2840 οὐκ.
411 2809 458 2840 ἐπι
473 2811 574 2864 ῥητοῖς,
589 2811 657 2842 ἀλλ’
669 2813 704 2848 ὡς
724 2812 798 2853 φίλῳ
812 2814 981 2855 δωρεῖται,
968 2828 983 2846 n
997 2815 1012 2845 ο’
1025 2828 1056 2846 τι

349 2853 453 2884 &notave
467 2855 560 2895 ἄλλῳ,
574 2854 752 2896 κομίζεσθαι
776 2855 804 2886 δὲ
824 2857 900 2896 ἀξιοῖ
916 2857 950 2888 το
970 2858 1027 2888 ἴσον
1041 2858 1057 2890 ἢ

350 2897 445 2933 πλέον,
460 2898 495 2933 ὡς
508 2898 536 2928 οὐ
549 2899 671 2933 δεδωκὼς
682 2900 761 2930 αλλα
778 2911 899 2941 χςησας.
914 2907 1055 2942 tanquam

350 2941 401 2980 qui
415 2950 473 2970 uon
481 2942 703 2979 donaverit,sed
717 2947 822 2973 mutuo
835 2943 958 2974 dederit.
980 2945 1054 2975 Cum

352 2992 425 3013 vero
437 2994 494 3014 non
509 2985 616 3016 eodem
632 2987 722 3017 modo
737 2986 825 3017 dedit
843 2991 979 3017 mutuum
996 2999 1056 3028 quo

350 3026 478 3066 recepit,
492 3028 562 3059 binc
577 3029 717 3061 oriuntur
728 3030 860 3069 querelae
874 3030 1055 3062 eterimina-

1080 2728 1310 2770 fraudulenter,
1323 2735 1383 2760 etc.

623 210 671 250 T.
686 204 689 206 ’
707 208 983 250 STANLEII
1019 207 1489 250 ANNOTATIONES

1078 316 1195 345 tiones:
1227 315 1281 356 οὐχ
1307 313 1407 354 ὁμοίως
1430 320 1488 345 ete.
1516 325 1584 355 quae
1610 316 1702 346 verba
1729 317 1785 346 Gr.

1079 359 1184 388 Schol.
1198 358 1264 388 sive
1281 359 1307 388 is
1329 360 1490 389 Eustratus
1502 359 1569 388 sive
1581 359 1791 396 Andronicus,

1080 403 1124 431 sic
1140 400 1334 442 παραφράζειῑ
1357 401 1445 442 χωξῖς
1460 400 1515 441 μὲν
1529 399 1572 431 οὖν
1585 401 1667 444 τόκου
1682 408 1787 432 συναλ-

1080 444 1180 483 λάξαι,
1202 447 1284 483 μετὰ
1310 444 1338 474 δὲ
1363 444 1446 475 τόκου
1470 445 1638 475 διαλυθῆναι
1662 445 1789 476 σπεύδων

1080 487 1257 526 ἐγκαλεῖται.
1303 490 1379 517 Cum
1407 488 1503 527 igitur
1530 492 1716 517 contractum
1742 488 1790 517 fe-

1081 531 1169 565 cerit,
1190 532 1219 560 h.
1235 542 1262 561 e.
1287 535 1423 560 mutuum
1447 531 1546 561 amico
1570 531 1702 567 dederit,
1723 531 1790 561 sine

1082 574 1257 604 conditione
1273 578 1324 603 ant
1340 579 1431 613 pacto
1444 573 1582 609 t'oeneris,
1595 578 1704 613 postea
1715 585 1791 604 vero

1083 622 1217 647 mutuum
1241 617 1378 656 recipere
1403 617 1470 646 vult
1493 627 1561 646 cum
1584 618 1713 652 t'oenore,
1736 618 1790 647 be-

1083 660 1268 690 neficiarium
1286 671 1374 690 suum
1396 665 1520 690 accusat
1542 670 1578 689 ac
1602 660 1793 697 criminatur,

1083 704 1110 733 si
1136 703 1350 742 expectatione
1377 713 1432 733 sua
1455 705 1629 739 frustretur,
1655 713 1712 733 nec
1736 713 1792 743 par

1084 756 1139 784 pro
1170 746 1248 784 pari,
1276 752 1328 775 aut
1354 747 1444 776 etiam
1471 746 1613 784 amplius,
1638 745 1790 786 recipiat:

1085 794 1177 828 atque
1193 788 1243 818 hio
1273 799 1380 818 sensus
1401 794 1448 819 est
1471 789 1600 828 insignis
1623 789 1707 819 iuius
1730 789 1790 819 loci

1084 833 1213 862 Aristot.
1228 841 1314 870 quem
1333 831 1433 861 obiter
1447 832 1603 871 explicare
1614 832 1716 862 visum
1733 837 1794 862 est.

1086 873 1262 906 Διαλύεσθαι
1285 875 1392 913 igitur,
1414 875 1516 909 ἅπλῶς
1539 880 1570 904 et
1588 884 1644 913 per
1661 885 1694 905 se
1709 875 1794 914 posi-

1085 924 1160 953 tum,
1175 923 1221 947 est
1239 919 1366 948 verbum
1377 919 1519 956 t'orense3
1543 923 1652 958 estque
1668 919 1716 948 vel
1732 917 1795 959 df-

1075 961 1174 1003 fungi
1192 962 1253 997 lite,
1271 961 1300 990 h.
1318 971 1345 991 e.
1360 961 1524 991 terminare
1537 961 1794 997 controversiam,

1085 1015 1192 1044 pacem
1223 1005 1333 1039 facere,
1357 1004 1406 1034 vei
1432 1002 1566 1045 diffungi
1589 1009 1686 1043 pacto,
1707 1005 1740 1034 h.
1763 1015 1792 1034 e.

1087 1047 1258 1077 dissolvere
1268 1053 1300 1078 et
1307 1052 1452 1087 praestare
1460 1052 1661 1077 contractum.
1683 1047 1797 1078 Archi·

1087 1092 1196 1122 damus
1220 1091 1293 1120 Rex
1317 1091 1440 1127 Laced„
1463 1101 1532 1121 cum
1556 1091 1722 1130 aliquando
1745 1101 1795 1121 ar-

1089 1135 1168 1164 biter
1184 1144 1201 1163 a
1215 1135 1335 1165 duobus
1351 1133 1543 1174 litigantibus
1560 1139 1697 1173 sumptus
1718 1133 1796 1164 fuis-

1089 1182 1150 1215 set,
1171 1188 1224 1207 eos
1240 1177 1271 1207 in
1287 1178 1436 1217 quendam
1453 1178 1554 1208 locum
1574 1177 1724 1209 adductos
1744 1176 1796 1218 ju-

1089 1225 1225 1251 ramento
1254 1221 1431 1257 obstrinxit,
1461 1225 1595 1251 staturos
1624 1230 1679 1250 eos
1709 1220 1794 1250 illius

1089 1265 1245 1294 sententiae
1254 1274 1263 1302 3
1279 1265 1360 1304 quod
1371 1275 1438 1294 cum
1447 1263 1604 1300 fecissent,
1612 1262 1689 1304 κρίνω
1698 1261 1796 1299 τοίνυν,

1088 1306 1154 1346 ἔφη,
1164 1308 1207 1347 ,uit
1223 1307 1349 1347 πςότεςον
1362 1306 1502 1338 ἀπελθεῖν
1520 1308 1609 1347 ὑμᾶς,
1625 1306 1695 1347 ηπξὶν
1709 1305 1742 1335 ἂν
1754 1307 1796 1337 τὰ

1089 1350 1156 1390 πρὸς
1165 1350 1310 1384 ἀλλήλους
1323 1348 1507 1386 διαλύσησθε,
1523 1351 1684 1389 pronuntio
1699 1349 1797 1389 igitur

1088 1404 1136 1423 vos
1148 1403 1206 1423 uon
1225 1395 1310 1432 prius
1324 1393 1393 1423 hinc
1407 1394 1585 1428 discessuros,
1607 1402 1693 1432 quam
1715 1392 1795 1421 litem

1089 1437 1167 1466 inter
1180 1445 1226 1465 vos
1238 1437 1463 1475 composueritis,
1475 1436 1533 1466 uisi
1549 1436 1635 1474 prius
1646 1440 1797 1466 transacta

1088 1485 1116 1508 et
1130 1480 1287 1509 terminata
1302 1480 1360 1509 lite.
1392 1479 1510 1509 Auctor
1520 1482 1568 1508 est
1579 1478 1659 1508 Plut.
1671 1477 1797 1519 Apoph-

1089 1522 1163 1552 Lac.

1132 1582 1174 1587 -—
1190 1567 1242 1594 11.
1258 1563 1434 1605 ὑπαχθῆναι]
1455 1562 1637 1602 ’Ύπάγεσθαι
1659 1563 1741 1594 idem
1765 1563 1796 1593 in

1088 1608 1146 1637 hoc
1157 1618 1245 1637 sensu
1257 1609 1337 1646 quod
1350 1607 1670 1647 vrgoatyscsaa‚adduci,
1679 1607 1797 1643 induci,

1088 1651 1218 1690 impelli3
1240 1660 1292 1689 per
1300 1650 1449 1691 fraudem
1470 1651 1566 1686 allici,
1581 1650 1668 1687 illici,
1682 1651 1797 1681 induci.

1087 1692 1169 1724 ‘rma
1185 1694 1262 1723 enim
1281 1693 1311 1723 in
1329 1694 1548 1733 compositione
1563 1694 1664 1723 dolum
1680 1693 1798 1733 signifi-

1089 1740 1148 1772 cat,
1171 1742 1206 1766 ut
1235 1735 1422 1778 ὑπὲρχομαι,
1447 1737 1529 1775 quod
1557 1737 1796 1766 assentationem

1089 1779 1240 1818 significat
1257 1784 1287 1808 et
1304 1780 1512 1818 obreptionem
1533 1790 1602 1809 sese
1617 1779 1706 1809 alteri
1722 1780 1797 1809 sub-

1088 1823 1158 1852 dole
1173 1822 1392 1853 submiuemis.
1437 1823 1490 1852 Sic
1513 1822 1606 1861 igitur
1628 1826 1659 1852 et
1680 1822 1796 1861 saw-elys-

1088 1865 1163 1894 σθαι
1178 1870 1225 1895 est
1238 1876 1290 1904 per
1301 1866 1400 1896 dolum
1415 1870 1445 1895 et
1456 1865 1604 1907 fraudem
1617 1866 1738 1901 adduci,
1753 1866 1800 1895 al·

1089 1908 1149 1944 lici,
1174 1909 1286 1944 induci,
1303 1909 1342 1938 ad
1337 1909 1468 1961 aliquid
1479 1910 1636 1949 agendum.
1704 1909 1798 1939 Dem.

1091 1952 1172 1981 Phil.
1198 1959 1229 1982 B.
1258 1951 1300 1992 [§.
1317 1950 1353 1986 ς’.
1353 1952 1371 1999 ]
1401 1949 1472 1981 οὕτω
1497 1951 1601 1986 τελέως
1626 1951 1794 1992 υπῆχθητε.

1089 2004 1177 2035 usque
1191 1996 1263 2025 adeo
1282 1996 1313 2024 in
1326 1993 1475 2034 fraudem
1490 1997 1555 2025 estis
1569 1995 1670 2026 illecti.
1687 2000 1720 2025 ut
1737 2006 1798 2025 non

1089 2039 1168 2067 male
1185 2038 1228 2068 ibi
1243 2039 1411 2076 Interpres.
1425 2038 1531 2068 AEsoh.
1546 2037 1590 2078 [c.
1599 2038 1754 2068 Timarch.
1770 2038 1796 2078 §.

1090 2080 1149 2121 λὲ.]
1165 2081 1218 2112 ὑπὸ
1233 2083 1284 2115 τῆς
1298 2083 1413 2115 ἀπάτης
1435 2081 1616 2120 ὑπάγεσθαι.
1630 2080 1797 2122 fallimini,

1089 2125 1153 2154 dolo
1167 2125 1359 2154 adducimini.
1394 2125 1523 2155 Isocrat.
1552 2124 1640 2165 [a'dv.
1662 2125 1746 2155 Phil.
1767 2125 1795 2165 §.

1090 2166 1137 2206 λζ’
1140 2168 1164 2208 .]
1181 2167 1328 2203 τοιαύταις
1341 2165 1454 2199 ἐλπίσιν
1464 2168 1658 2208 ὑπαγόμενος.
1672 2168 1728 2198 tali
1748 2178 1797 2207 spe

1090 2211 1216 2247 illectus,
1231 2212 1387 2247 adductus,
1401 2212 1548 2251 pellectus.
1578 2213 1639 2241 Sed
1652 2216 1681 2241 et
1693 2211 1796 2241 active

1091 2254 1180 2284 etiam
1209 2255 1264 2284 hac
1288 2254 1509 2293 significatione
1535 2255 1687 2294 ὖπάγομαι
1713 2255 1797 2284 med.

1092 2308 1158 2328 voc.
1176 2297 1302 2327 Heliod.
1327 2297 1348 2326 l.
1365 2309 1394 2327 v.
1411 2296 1454 2338 [ᾗ.
1469 2297 1540 2338 33.]
1557 2297 1732 2336 ὑπαγόμενος
1754 2295 1796 2328 οὖν

1090 2341 1184 2376 αυτὸν,
1210 2341 1280 2375 “he-rs
1304 2351 1360 2371 παν
1384 2340 1546 2379 ἀναπτύξαι
1574 2339 1609 2370 τὸ
1634 2340 1796 2381 Βούλευμα.

1089 2393 1154 2413 eum
1168 2393 1238 2424 ergo
1257 2384 1414 2423 pelliciens,
1429 2383 1544 2414 subdole
1565 2393 1630 2414 eum
1643 2384 1797 2420 inducens,

1091 2429 1179 2457 totius
1198 2428 1311 2457 consilii
1332 2428 1473 2457 rationem
1494 2422 1648 2466 explicare.
1694 2428 1797 2457 Hero-

1090 2470 1171 2500 dian.
1191 2469 1227 2510 [1.
1241 2470 1274 2500 ii.
1292 2473 1340 2501 14.
1346 2470 1360 2511 ]
1377 2470 1541 2509 ὑπηγάγετο
1555 2471 1620 2505 τους
1635 2469 1800 2506 πλείστους

1090 2513 1128 2547 εἰς
1145 2512 1243 2544 εὔνοιαν
1257 2513 1305 2543 και
1321 2512 1429 2544 πίστιν.
1441 2514 1586 2553 plurimos
1605 2514 1644 2543 ad
1655 2512 1796 2554 savorem

1089 2562 1116 2586 et
1121 2556 1215 2596 fidem
1230 2557 1363 2591 induxit,
1371 2557 1509 2593 adduxit,
1519 2556 1650 2596 pellexit.
1662 2561 1694 2586 et
1709 2557 1797 2586 alibi.

1090 2599 1250 2639 Chrysost.
1277 2600 1370 2630 Hom.
1395 2600 1441 2630 X.
1465 2600 1495 2629 in
1522 2599 1623 2639 Epist.
1644 2600 1683 2629 ad
1710 2600 1795 2630 Phil.

1089 2641 1157 2672 ὅταν
1171 2643 1241 2673 αὐτὸ
1256 2641 1394 2675 Βούληται
1410 2642 1642 2673 ἐπισπάσασθαι
1654 2642 1704 2672 καὶ
1718 2643 1796 2673 ὑπα-

1090 2685 1247 2724 γαγέσθαι.
1256 2687 1424 2722 subducere,
1434 2686 1602 2716 clanculum
1616 2685 1796 2724 subtrahere,

1427 2730 1478 2759 Ita
1500 2734 1531 2759 et
1546 2730 1613 2759 Lat.
1636 2729 1797 2759 subducere

1091 2773 1207 2803 fraudis
1229 2777 1260 2803 et
1283 2773 1411 2802 fallaciae
1433 2772 1681 2811 significationem
1704 2772 1797 2802 habet

1091 2826 1130 2845 ex
1155 2816 1325 2846 imitatione
1349 2817 1402 2846 Gr.
1423 2817 1547 2846 Terent.
1570 2815 1668 2845 Andr.
1689 2813 1747 2855 [iv.
1764 2818 1794 2845 1.

1091 2859 1159 2900 QO.]
1183 2859 1204 2876 “
1216 2859 1354 2889 Etiamne
1370 2869 1417 2889 me
1434 2859 1608 2888 subducere
1619 2857 1688 2888 istis
1701 2857 1794 2888 dictis

1090 2902 1228 2942 postulas
1239 2901 1279 2931 ?”-

1131 2963 1174 2968 —
1190 2948 1240 2977 15.
1257 2947 1369 2976 πολλῶν
1386 2944 1504 2983 ἀγαθῶν
1517 2942 1590 2975 ’ἦσαν
1603 2942 1704 2985 κύριοι]
1718 2944 1794 2974 mul-

1090 2994 1187 3019 torum
1203 2989 1337 3019 bonorum
1352 2988 1462 3018 domini
1477 2993 1506 3017 et
1519 2996 1682 3026 possessores
1696 2993 1795 3018 eraut.

1090 3032 1206 3071 Interp.
1235 3033 1347 3072 vnagnis
1368 3032 1467 3070 opibus
1481 3030 1628 3071 floruisse,
1648 3034 1730 3061 recte
1755 3030 1793 3058 ad
