1931 3322
333 196 418 238 AD
451 195 818 240 ORATIONEM
852 195 918 238 IN
950 196 1292 242 ONETOREM
1326 201 1386 243 II.

132 301 283 343 ejusmodi
298 301 369 343 ἔξους
386 307 470 333 esset
487 303 611 333 videre!

176 362 221 368 -—-·
236 348 286 375 11.
301 345 394 386 αὐτῷ]
409 347 541 386 Aphobo
556 352 641 387 puta.

177 406 220 411 —
235 390 285 418 12.
299 387 396 429 αὗτόν]
412 389 493 420 redit
508 389 545 419 ad
561 389 704 419 eundem.

176 430 306 460 —ibid.
332 431 406 472 ἰδὼν]
432 437 494 467 aut,
519 438 552 462 ut
568 433 633 468 alii,
654 431 737 467 εἰδὼς,
757 432 838 471 quod

132 473 237 504 nescio
253 484 288 503 an
304 474 343 503 sit
358 475 478 511 melius,
494 476 574 506 redit
588 477 624 505 ad
641 475 818 505 Onetorem.

174 534 218 540 —
231 518 283 547 20.
300 517 551 558 ἀποτετιμῆσθαι]
568 519 634 549 scil.
647 515 726 557 φησί.

174 576 216 582 —--
231 570 300 598 pen.
326 559 450 601 ἐκείνους]
466 563 529 596 τοὺς
550 562 622 602 ὄξους
644 566 718 601 puta
735 560 839 590 domui

133 601 257 641 Aphobi
273 603 391 634 affixos.

179 662 217 667 —
246 645 303 676 ult.
339 646 388 676 καὶ
421 647 549 689 τούτους]
585 647 692 678 affixos
719 647 838 686 praedio

131 687 266 727 Aphobi.

175 733 247 761 877.
265 731 296 762 5.
318 732 366 762 καὶ
386 733 442 774 νῦν]
467 743 589 771 operam
607 744 640 763 se
654 732 789 768 dedisse,
806 738 840 763 ut

131 773 190 804 sibi
207 773 438 814 oppigneratum
450 776 481 805 in
496 776 607 806 tabulis
618 776 748 816 publicis
761 787 836 816 prae-

129 817 215 846 dium
229 818 365 856 Aphobi,
380 824 412 848 et
427 824 495 849 ante
511 820 632 856 fuisset,
645 825 676 850 et
691 830 770 849 nunc
787 820 838 849 ad-

129 860 262 890 hucdum
279 866 372 898 esset,
388 872 444 901 pro
457 862 580 892 talento.

172 921 215 926 ——-
229 905 260 934 7.
279 903 464 946 προωρίσοιτο]
490 905 613 936 correxi
635 902 837 946 πξοσωρίσατο.

129 947 288 977 Sententia
304 953 369 978 est:
393 959 426 978 se
449 959 582 984 curasse,
600 954 635 978 ut
657 948 838 979 auctoritate

130 989 266 1029 publica,
281 997 394 1030 praeter
405 991 474 1022 illos
486 991 566 1033 ὅρους,
580 992 631 1031 qui
645 995 747 1021 essent
760 1002 837 1030 prae-

130 1033 183 1062 dio
205 1033 328 1073 Aphobi
356 1034 450 1071 affixi,
475 1036 528 1065 alii
554 1045 673 1074 quoque
694 1033 744 1075 δ’ςοι
771 1036 837 1074 ejus

129 1076 234 1106 domui
257 1077 460 1117 affigerentur,
479 1078 588 1117 quibus
611 1078 682 1114 sibi,
698 1078 838 1113 Onetori,

128 1120 168 1148 de
184 1120 314 1159 pecnnia
329 1131 384 1151 sua
399 1122 528 1161 Aphobo
537 1122 619 1158 data,
628 1121 838 1160 recuperanda

129 1163 252 1201 publice
267 1170 439 1195 caveretur.

125 1210 212 1238 w—
227 1207 258 1237 9.
286 1208 335 1237 ‘niv
355 1205 525 1249 μαςτυρίαν]
556 1206 685 1237 subaudi
708 1206 838 1244 ταυτηνὶ,

132 1249 180 1280 vel
196 1250 246 1280 τὴν
260 1249 321 1290 περὶ
335 1251 451 1280 τούτων.

169 1309 214 1314 -
231 1292 282 1323 15.
295 1295 358 1327 τοῖς
372 1292 403 1333 ἐξ
418 1293 523 1334 ἀρχῆς]
542 1293 609 1323 scil.
625 1292 792 1333 λεγομένοις.

169 1353 213 1358 -
227 1336 284 1366 ult.
299 1337 348 1366 τοῦ
360 1336 388 1367 δὲ
401 1336 506 1379 χωρίου
515 1336 548 1366 ‘rb
563 1335 665 1378 περιὸν]
683 1336 838 1367 Sententia

129 1382 160 1408 et
176 1379 363 1409 constructio
384 1381 538 1420 postulat:
560 1379 594 1410 τὸ
618 1379 646 1410 δὲ
669 1379 766 1421 χωρίον
787 1380 837 1409 τοῦ

128 1422 277 1462 πεςιόντος.
298 1423 378 1453 idem
404 1428 450 1454 est
466 1434 500 1453 ac
523 1423 551 1453 si
575 1423 726 1453 dixisset:
751 1425 764 1454 ἦ
783 1422 838 1463 μὲν

128 1464 202 1495 οἰκία
224 1466 368 1496 ταλάντου
384 1465 471 1497 ἔσται
495 1466 562 1506 ἀξία
576 1485 620 1490 -
634 1465 667 1496 τὸ
690 1466 719 1497 δὲ
741 1466 839 1508 χωρίον

125 1507 201 1548 ἄξιον
216 1507 301 1539 ἔσται
315 1510 365 1539 τοῦ
383 1510 529 1551 περιόντος,
544 1509 682 1540 τουτέστι
704 1512 758 1540 τῶν
777 1511 837 1540 διο·-

124 1551 226 1592 χιλίων
244 1551 392 1594 δραχμῶν.
411 1554 519 1584 domus
542 1554 657 1584 valebit
679 1554 837 1589 talentum,

128 1595 275 1634 praedium
299 1601 398 1627 autem
419 1608 579 1628 excessum
594 1597 711 1633 talenti,
729 1596 837 1636 viginti

127 1637 227 1668 minas
239 1644 324 1677 puta.

170 1683 246 1712 878.
261 1684 313 1713 12.
336 1680 379 1712 ἔτι
397 1682 563 1723 ὡμολόγησέ
579 1695 620 1713 τι.
639 1683 689 1713 καὶ
712 1684 767 1723 fig
790 1682 835 1712 λέ-

126 1734 181 1762 γων
195 1725 252 1766 --]
271 1726 392 1755 correxi
407 1725 450 1756 ὅτι
471 1726 578 1766 ὤμοσε.
601 1725 633 1756 τί
649 1729 703 1766 γὰρ
722 1726 771 1756 καὶ
789 1725 836 1756 λέ-

125 1777 190 1805 γων.
207 1774 319 1799 constat
332 1779 397 1799 eum
403 1769 502 1811 sitisse
513 1772 709 1810 juraturum.
756 1768 836 1800 Nam

127 1820 184 1849 quo
197 1822 288 1852 quaeso
300 1813 418 1842 tandem
430 1819 572 1852 praetextu,
586 1814 705 1856 negabit
725 1823 752 1843 se
772 1819 835 1843 tum

114 1853 215 1894 fuisse
218 1856 402 1893 juraturum
411 1856 476 1885 —?

168 1915 212 1920 —
221 1900 273 1928 27.
285 1896 326 1939 ὃς]
338 1899 459 1929 correxi
470 1900 515 1933 ὡς.
528 1905 657 1939 propter
672 1899 835 1939 insequen-

128 1942 188 1970 tem
199 1940 379 1971 infinitivum
392 1942 669 1983 προσεγγυήσασθαι.
684 1954 750 1973 nam
761 1943 836 1972 alias

128 1992 184 2021 per
200 1994 234 2014 se
249 1985 360 2014 bonum
378 1990 426 2015 est
441 1985 478 2019 34.
522 1987 584 2017 Sed
603 1987 730 2016 deberet
748 1986 835 2026 sequi

127 2027 284 2066 optativus
300 2028 510 2069 vrgao-eryvq‘a'ro.
525 2040 556 2059 v.
572 2041 604 2069 p.
620 2032 693 2061 903.
707 2032 759 2059 18.

172 2072 246 2102 879.
261 2073 292 2102 4.
314 2072 426 2114 τοῦτον]
449 2077 521 2112 post
534 2073 632 2103 τοῦτον
645 2073 766 2103 videtur
782 2073 835 2102 de-

171 3054 247 3076 vol..
265 3057 293 3076 V.

1502 202 1584 244 201

874 312 946 332 esse
972 301 1042 343 ὑπὲρ
1069 301 1176 334 ἐκείνου.
1202 304 1280 335 hunc
1307 306 1506 346 (Onetorem)
1531 307 1587 336 alii

873 345 1057 385 (judicibus.
1069 356 1098 376 v.
1109 357 1138 385 p.
1151 349 1224 377 878.
1237 350 1289 379 23.
1302 349 1354 378 ubi
1365 351 1432 388 ὑμῖν
1447 349 1586 391 correxi)

870 397 926 426 pro
942 388 993 417 illo
1008 388 1172 427 (Aphobo)
1188 391 1259 419 velle
1275 392 1442 430 dependere.

915 449 958 453 —
979 433 1030 462 13.
1062 433 1114 468 νῖν,
1135 433 1190 470 εἴγε
1211 433 1306 463 ἀληθῆ
1329 434 1436 475 λέγεις]
1459 435 1585 465 correxi

873 475 1107 512 transponendis
1131 476 1238 514 primis
1256 478 1427 512 vocabulis,
1447 478 1473 507 εἴ
1486 489 1518 515 γε
1540 480 1583 508 νῦν

872 517 970 548 ἀληθῆ
987 523 1014 546 λ.
1061 519 1220 548 Sententia
1233 525 1297 548 est:
1324 524 1365 554 tu,
1383 521 1510 556 Onetor,
1530 531 1582 550 ne-

873 570 927 599 gas
943 560 1016 600 ἕζους
1032 561 1137 591 fixisse
1160 562 1252 600 prius,
1267 572 1354 600 quam
1371 563 1517 603 Aphobus
1533 574 1581 593 es-

873 608 921 632 set
950 605 1176 634 condemnatus.
1223 606 1320 635 Recte
1347 605 1402 640 ais,
1430 606 1483 634 sed
1515 606 1579 636 haec

872 646 1096 682 condemnatio,
1117 658 1174 677 non
1194 648 1232 677 de
1249 648 1498 678 condemnatione
1517 648 1580 684 illa,

873 700 940 728 quae
958 690 1144 729 ajudicibns
1166 691 1196 720 in
1219 691 1394 730 Aplnobum,
1410 692 1465 721 sed
1480 691 1519 720 de
1533 702 1580 727 ea,

873 743 939 772 quae
961 743 978 763 a
1000 739 1029 763 te
1050 733 1081 763 in
1105 734 1233 764 eundem
1254 735 1390 774 profecta
1406 739 1464 770 est,
1482 734 1583 773 accipi

872 777 975 812 debet,
994 777 1020 806 si
1038 788 1142 807 verum
1159 783 1207 807 est
1222 778 1265 814 id,
1279 778 1360 817 quod
1382 783 1413 807 tu
1431 788 1510 807 nunc
1526 778 1582 813 ais,

873 830 940 849 cum
957 830 1049 859 negas
1067 831 1083 850 a
1098 826 1128 850 te
1145 821 1221 850 fixos
1237 832 1302 850 esse
1314 827 1382 850 ante
1400 822 1582 851 condemna-

873 863 986 892 tionem
1016 864 1136 903 Aphobi
1168 863 1246 904 δ’ρους.
1291 864 1418 894 Planius
1444 864 1509 893 haec
1535 863 1581 893 sic

871 905 1066 936 dicerentur!
1103 907 1136 937 Si
1155 917 1260 936 verum
1284 912 1344 943 est,
1365 907 1446 947 quod
1469 912 1501 936 tu
1525 907 1581 942 ais,

872 959 999 979 necesse
1016 955 1063 980 est
1077 951 1240 990 Aphobum
1256 955 1312 980 ate
1325 950 1412 989 prius
1425 960 1493 980 esse
1509 960 1580 980 con-

872 993 1057 1028 demnatum,
1072 1004 1162 1032 qnam
1179 1004 1196 1023 a
1207 993 1375 1032 judicibus.

912 1053 958 1058 —-
972 1038 1024 1066 21.
1041 1039 1100 1072 πῶς
1114 1035 1179 1067 ἐστὶ
1196 1036 1295 1066 δίκαιον
1309 1038 1386 1078 etc.]
1403 1041 1524 1067 constat
1538 1036 1582 1066 af-

871 1078 982 1108 fectum
1013 1079 1094 1109 hunc
1123 1090 1192 1109 esse
1216 1080 1446 1119 mutilatnmque
1467 1080 1579 1110 locum.

871 1125 1001 1152 testatur
1023 1123 1097 1152 satis
1117 1128 1149 1152 et
1167 1123 1316 1152 sententia
1335 1124 1433 1159 hians,
1447 1127 1477 1153 et
1496 1123 1582 1153 eodi-

871 1175 940 1194 cum
954 1165 1171 1204 discrepantia.
1181 1166 1262 1196 unde
1278 1167 1445 1205 colligitur,
1459 1172 1581 1196 veteres

872 1209 1089 1238 Demosthenis
1106 1208 1255 1238 editiones
1279 1209 1330 1239 hic
1351 1210 1479 1239 mirifice
1501 1209 1582 1239 inter

871 1261 904 1280 se
922 1252 1127 1281 discordasse.
1165 1253 1190 1282 E
1207 1252 1338 1282 lectione
1355 1253 1477 1292 vulgata
1493 1253 1581 1282 colli-

871 1304 922 1333 g0,
939 1295 983 1324 sic
998 1295 1093 1325 fuisse
1107 1295 1137 1325 in
1154 1295 1240 1325 libris
1253 1295 1452 1335 quibusdam:
1470 1294 1514 1325 ἐὰν
1525 1295 1581 1335 μὲν

871 1336 990 1372 πλείονος
1012 1338 1069 1379 {mii
1096 1338 1200 1379 κέρδους
1229 1337 1322 1374 ἐλπὶς,
1348 1338 1412 1368 τότ’
1435 1338 1523 1368 αἰτεῖν
1547 1350 1580 1369 σε

871 1383 982 1417 ’τεν-λεῖον,
999 1380 1044 1412 ἐὰν
1059 1381 1082 1410 δ’
1096 1380 1244 1416 ἐλάττονος
1265 1381 1348 1424 [scil.
1362 1382 1468 1423 κέρδους
1488 1380 1581 1416 ἐλωὶς

871 1424 951 1465 fimf]
973 1424 1094 1454 ἔλαττον
1119 1425 1201 1465 [scil.
1218 1436 1250 1455 σε
1271 1425 1388 1466 abab}
1413 1426 1444 1456 Si
1466 1427 1582 1465 majoris

871 1467 949 1497 lucri
964 1478 1022 1507 spes
1036 1467 1193 1510 affulgeat,
1209 1476 1271 1499 tum
1288 1475 1315 1499 te
1334 1470 1400 1508 plus
1410 1474 1518 1508 petere,
1534 1470 1579 1498 sin

871 1521 1001 1546 mmorzs,
1012 1522 1118 1542 mznus.

913 1572 955 1577 —
967 1557 1019 1585 25.
1032 1554 1146 1595 τούτου]
1163 1555 1263 1584 malim
1276 1553 1367 1593 τούτῳ
1377 1556 1437 1585 σοῦ.
1452 1565 1519 1585 cum
1534 1559 1581 1588 tu,

871 1598 996 1633 Onetor,
1011 1598 1091 1633 huic,
1108 1599 1249 1637 Aphobo,
1271 1599 1364 1628 dotem
1382 1610 1439 1628 non
1456 1598 1580 1627 dederis.

870 1644 901 1670 et
916 1641 973 1670 hoc
986 1647 1160 1680 propterea,
1175 1642 1255 1681 quod
1267 1643 1303 1671 σὺ
1318 1643 1428 1671 στῆσαι
1443 1640 1581 1680 sequitur

869 1684 1006 1724 (dnobus
1024 1685 1195 1721 vocabulis,
1213 1696 1282 1719 non,
1300 1690 1332 1715 ut
1348 1685 1440 1723 vulgo
1455 1684 1579 1723 legitur,

869 1729 1027 1764 συστῆσαι,
1038 1738 1110 1763 un0,
1128 1729 1208 1767 quod
1220 1729 1329 1758 vitium
1340 1726 1489 1767 correxi),
1505 1728 1579 1757 item

869 1769 916 1800 σὲν
931 1770 999 1802 εἶναι
1013 1770 1046 1801 τὸ
1058 1770 1165 1812 χωρίον.

913 1816 988 1845 880.
1003 1818 1034 1845 4.
1051 1814 1112 1844 ἐπεὶ
1128 1816 1215 1854 τάμὲ
1231 1813 1322 1856 ἔδοτε]
1339 1818 1422 1843 caret
1439 1814 1495 1844 hoc
1512 1824 1580 1843 sen-

870 1867 917 1886 su.
960 1859 1120 1888 Sententia
1142 1858 1295 1896 postulat:
1328 1856 1396 1887 {wei
1426 1857 1463 1891 εἰς
1489 1858 1579 1897 τάμὰ.

869 1899 954 1930 ἔδοτε.
975 1903 1109 1941 quonium
1133 1902 1163 1930 ιἰι
1184 1911 1246 1931 mea
1265 1901 1387 1930 dabatis.
1409 1900 1437 1930 b.
1456 1911 1484 1930 e.
1503 1911 1579 1939 quo—

869 1943 960 1978 niam,
977 1955 1046 1973 cum
1069 1944 1199 1983 Apliobo
1217 1944 1331 1974 daretis
1352 1944 1467 1980 dotem,
1491 1954 1579 1973 cura-

870 1987 961 2021 batis,
983 1988 1020 2016 ab
1044 1998 1080 2017 eo
1102 1987 1190 2016 vobis
1217 1987 1413 2026 oppignerari
1433 1998 1468 2017 ea
1490 1988 1578 2022 bona,

869 2040 937 2069 quae
953 2040 1012 2061 non
1027 2032 1093 2070 ejus
1108 2036 1222 2068 essent,
1237 2031 1292 2061 sed
1307 2040 1385 2061 mea.
