1931 3322
606 199 1093 245 ANNOTATIONES.

121 310 268 354 ῑεῐιιιις.

162 372 204 378 -
219 354 295 384 ibid.
313 351 376 383 Θέαν
390 351 479 394 ἔχειν]
495 352 697 391 Spectaculum
713 352 825 387 habere,

120 407 188 436 pro,
209 398 258 427 τοῦ
280 395 404 426 Θεὲἰσὲαι
429 395 513 425 τόπον
533 396 580 425 καῖ
604 395 738 435 ἐξουσίαν,
764 405 826 433 spe-

118 440 220 470 ctandi
235 441 329 469 locum
343 445 372 468 et
376 438 568 479 facultatem.

163 499 204 504 —
221 484 272 512 13.
297 479 420 522 ὅξολοῐις]
448 481 518 511 Ηοο
547 481 666 511 nomine
690 485 824 510 nostrate

117 524 221 563 lingua
235 522 406 559 abutimur(
414 535 468 563 pro
485 524 635 554 vilissimo
650 524 820 553 nummulo:

117 577 187 596 cum
203 567 310 597 obulus
325 567 438 596 Atticis
458 568 546 596 suerit
566 571 653 596 sexta
672 566 823 597 drachmae

117 620 200 650 pars,
214 620 340 648 quarum
358 616 474 639 octonae
488 619 610 639 aureum
629 610 821 639 Rhenensem

115 652 292 688 conficiunt,
307 653 400 686 denae,
409 653 561 682 Gallicum
575 657 762 682 coronatum.

158 712 202 718 --
218 698 268 725 14.
291 694 339 724 οῦκ
359 694 397 728 εἷς
417 695 516 736 τοῦτο]
541 695 610 726 Atia
633 695 821 735 exemplaria

119 738 228 768 habent
243 737 282 772 εἷς
295 737 408 773 τόπους,
420 738 474 767 sed
489 737 564 767 nihil
579 739 682 769 refert.

156 798 200 804 -
212 791 282 820 pen.
307 780 368 819 mei
384 780 452 820 τας]
474 780 562 811 Circa
575 782 773 820 expeditiones,
789 783 821 811 in

114 823 352 863 expeditionibus,
363 824 410 853 vel
420 825 459 853 ad
468 826 659 863 expeditiones
665 824 821 854 obeundas.

114 877 283 906 quanquam
298 866 418 902 dubito,
432 876 468 896 an
490 877 547 906 pro
568 868 641 909 mg),
658 868 820 908 legendum

115 909 158 940 sit
171 908 232 944 ἐπὶ,
247 909 296 939 vel
314 908 390 949 πςός.

156 970 200 976 --
215 953 269 983 ult.
291 949 491 991 κατέστησαν]
510 951 654 983 κατέστην
674 958 705 983 et
727 965 820 983 κατα-

114 996 227 1032 στῆναι,
241 996 409 1030 καταστὰς,
424 993 483 1034 οἷός.
499 993 532 1026 Β.
556 996 640 1025 verbi
657 997 750 1027 activi
766 1008 819 1026 κα-

113 1037 255 1078 θίστημι,
282 1038 408 1078 passive
438 1047 493 1076 pro
517 1039 708 1072 κατεστάθην,
731 1051 821 1069 κατα-

113 1080 264 1118 σταθῆναι,
282 1079 490 1116 κατασταθεὶς,
505 1082 613 1110 crebro
630 1088 821 1120 usurpantur.

114 1125 178 1155 Sed
192 1135 404 1155 enumeremus
427 1129 486 1153 tam
507 1119 608 1152 activa
626 1133 715 1161 quam
735 1124 822 1152 abso-

113 1168 180 1198 luta
195 1178 248 1198 seu
264 1166 397 1205 passiva.
441 1166 550 1196 Activa
565 1165 659 1205 igitur
671 1166 734 1195 fere
752 1170 824 1195 sunt

114 1210 235 1250 ἵστημι,
262 1209 355 1246 fermo,
379 1208 506 1245 ἕστακα,
531 1208 674 1245 ἑστάκειν,
697 1208 822 1243 ἔστησα,

114 1253 226 1284 στήσω.
271 1253 422 1283 Absoluta
448 1263 502 1282 seu
529 1252 672 1291 passiva:
699 1251 824 1287 ἕστηκα,

113 1296 260 1333 εἳστήκειν,
272 1295 367 1327 ἔστην.
408 1297 522 1326 Eadem
539 1300 628 1326 estet
643 1295 823 1334 participio·

115 1349 195 1376 rum,
208 1349 276 1378 quae
291 1339 360 1369 hinc
374 1339 574 1374 descendunt,
587 1338 677 1368 ratio.

158 1401 202 1405 -—
217 1383 292 1412 ibid.
308 1381 540 1423 στρατευόμενοι]
553 1381 599 1411 δ’τε
613 1380 823 1423 ἐστρατεύοντο,

114 1426 165 1456 vel
181 1426 227 1456 διὰ
247 1424 280 1455 τὸ
298 1424 532 1466 στςατεὺεσὲαιζ
557 1425 662 1454 addito
684 1425 824 1460 articulo,

114 1468 138 1498 οἶ
163 1467 390 1509 στρατευόμενοι,
412 1468 609 1507 interpretari
635 1472 825 1507 opporteret,

115 1512 139 1541 ii
153 1513 203 1552 qui
217 1513 356 1548 militant,
374 1512 422 1541 vel
436 1512 614 1542 militabant.
644 1512 727 1541 Raro
744 1511 823 1541 enim

115 1554 278 1595 participia
306 1556 468 1594 praesentia
495 1566 531 1585 eo
560 1555 651 1585 modo
679 1559 826 1593 usurpant

115 1598 228 1634 Latini,
243 1608 303 1637 qno
319 1599 429 1628 Graeci.
473 1597 593 1629 Activis
608 1598 732 1638 quidem
749 1608 826 1638 prae-

115 1641 214 1671 teritis
235 1642 409 1671 Graecorum
433 1642 621 1682 respondent
642 1641 827 1680 deponentia

116 1683 274 1724 praeterita
287 1685 462 1715 Latinorum
475 1695 482 1713 ε
497 1690 532 1715 ut
546 1684 748 1724 ἀποδημήσας,
764 1682 825 1714 ἐω-

114 1726 251 1763 ανελὲὢν,
280 1726 440 1765 δειπνήσας,
470 1728 638 1768 ἇςιστήσας,
665 1727 826 1769 prqfectus,

117 1780 256 1807 reversus,
270 1775 410 1807 coenutns,
428 1780 564 1810 pransus.
609 1771 702 1808 Quod
722 1771 747 1801 si
770 1771 825 1801 de-

117 1813 263 1852 ponentia
280 1813 445 1850 defuerint,
468 1814 700 1844 circuitionibus
721 1818 768 1844 est
788 1824 824 1844 u-

118 1856 262 1886 tendum:
284 1860 329 1892 ut,
351 1856 473 1896 εἰληφὼς
495 1856 604 1896 μισθὸν
626 1859 825 1898 συνεμάχησε,

115 1898 293 1938 stipendium
305 1901 426 1938 accepit,
447 1909 569 1940 eumque
590 1901 623 1929 in
645 1900 719 1929 bello
729 1901 827 1938 juvit,

119 1942 170 1971 vet
186 1951 277 1981 quum
288 1943 436 1980 accepisset
449 1942 637 1981 stipendium,
649 1943 699 1971 vel
713 1948 827 1981 accepto

117 1984 268 2023 stipendio.
317 1985 378 2014 Sed
408 1985 457 2014 hic
487 1995 617 2024 persona
645 1995 738 2024 agens
768 1995 826 2015 non

119 2027 320 2066 exprimitur:
345 2032 379 2057 ut
397 2027 424 2057 si
443 2027 540 2064 dicas,
565 2033 712 2067 tyrannus
735 2028 826 2067 hospi-

117 2074 175 2100 tem
189 2070 264 2100 male
278 2070 452 2102 mulctatum
471 2069 630 2112 interfecit,
654 2071 826 2111 ambiguum

121 2117 180 2149 est,
196 2112 304 2151 ipsene
319 2117 467 2152 tyrannus
482 2114 634 2152 hospitem
652 2114 730 2144 male
750 2115 828 2144 mul-

118 2155 221 2192 ctarit,
237 2166 272 2185 an
293 2155 382 2186 alius.
399 2157 453 2186 sed
468 2156 498 2186 in
513 2158 621 2187 Graeco
639 2162 685 2188 est
699 2163 827 2194 certum,

117 2197 165 2228 τὸν
179 2197 250 2238 ξένον
262 2198 274 2230 ὅ
289 2198 413 2240 τύραννος
428 2200 548 2239 ἀφειδῶς
561 2201 741 2241 χρησάμενος
755 2200 827 2230 ἀπέ-

116 2251 229 2272 κτεινεν.

161 2302 205 2307 --
218 2283 295 2315 ibid.
311 2283 428 2327 μισθόν]
456 2285 629 2322 Mercedem,
645 2285 677 2316 id
698 2291 757 2323 est,
774 2286 827 2317 sti-

118 2327 277 2368 pendium,
290 2329 448 2368 pecuniam
462 2340 529 2368 quae
545 2331 757 2360 numerabatur
773 2331 829 2359 mi-

119 2370 239 2401 litibus.
261 2381 328 2401 nam
343 2371 457 2402 cibaria
472 2372 562 2402 etiam
578 2373 651 2403 data
665 2383 733 2404 esse
750 2373 829 2403 mili-

120 2413 216 2449 tibus,
226 2423 293 2453 quae
303 2413 455 2454 cangio-mv
468 2415 708 2454 appellarentur,
720 2427 736 2446 e
753 2416 830 2446 Phi-

120 2456 261 2496 lippicis,
273 2462 305 2486 et
320 2458 455 2488 oratione
471 2457 534 2498 πρὸς
548 2458 698 2488 Πολυκλέα,
710 2460 832 2489 videtur

120 2509 215 2539 posse
239 2499 357 2539 colligi,
380 2505 415 2530 ut
438 2501 498 2530 alio
525 2501 593 2532 loco
619 2501 833 2532 indicabimus.

121 2543 180 2574 Est
191 2547 222 2572 et
230 2543 312 2583 apud
328 2544 479 2574 Caesarem
491 2544 645 2584 frequens,
656 2546 754 2575 metiri
758 2545 834 2587 sru-

122 2591 250 2616 mentum
266 2586 417 2617 militibus.

1493 199 1571 239 321

907 317 936 346 p.
954 308 982 336 9.
1003 309 1030 336 1.
1045 306 1187 345 μένοντες]
1204 306 1232 335 οὐ
1247 304 1470 346 στρατευόμενα.
1507 304 1568 333 Ρο-

862 353 923 378 test
935 349 1130 388 participium
1144 349 1200 378 hoc
1211 349 1319 384 omitti,
1329 352 1380 378 ant
1394 347 1425 377 in
1438 345 1567 378 verbum

860 393 968 422 mutari
981 403 987 421 :
1011 391 1165 421 manebant
1180 391 1267 426 domi,
1281 397 1306 420 et
1320 390 1536 429 partiebantur.

902 453 943 457 —-
959 434 1035 464 ibid.
1057 433 1224 473 διενέμοντο]
1242 432 1373 468 arealem,
1398 431 1564 474 διεμέριζον;

858 477 998 507 formatio
1014 477 1115 507 media
1132 481 1190 512 est,
1209 476 1394 514 significatio
1418 476 1474 505 hoc
1496 475 1564 505 loco

857 521 968 551 activa.
1000 520 1153 550 Differunt
1163 524 1263 549 tamen
1274 520 1349 559 (non
1366 529 1500 558 semper,
1511 518 1564 548 sed

857 563 1035 603 aliquando)
1058 563 1103 593 sic
1121 563 1159 592 ab
1180 561 1292 591 activis
1313 561 1424 596 media,
1448 565 1481 590 ut
1499 561 1564 595 illa,

855 616 920 635 enm
939 608 989 647 qui
1005 608 1062 646 ipse
1077 605 1160 646 facit
1178 604 1315 644 aliquid,·
1339 604 1415 639 haeo,
1430 613 1495 633 eum
1513 605 1564 643 qui

844 648 1025 690 faciendum
1047 655 1148 684 curat,
1170 647 1352 687 significent.
1374 651 1420 682 nt,
1443 646 1456 675 ἢ
1479 645 1563 678 βουλὴ

855 690 1009 723 ἐποιήσατο
1029 695 1085 726 τὰς
1103 692 1226 733 τριήρεις,
1245 696 1361 721 senatus
1377 689 1492 719 curavit
1507 687 1566 728 fa-

854 735 970 766 ciendas
978 737 1108 766 triremes
1114 746 1125 772 ,·
1139 734 1269 764 ὁτὲκτων
1282 730 1565 773 ἐωσίησε,]“αὺεν]ε-

854 779 895 808 cit
903 790 913 815 ,·
929 779 941 809 ὅ
954 778 1317 820 καταψευδομαξτυρήσας,
1333 775 1472 816 quisalso
1488 776 1566 803 testi-

855 823 949 852 monio
962 824 1097 862 oppressit
1107 832 1118 857 ,·
1141 821 1154 851 ὅ
1172 817 1566 860 καταψευδομαξτυρησάμε-

854 876 904 900 νος,
926 867 976 905 qui
988 865 1088 906 falsos
1102 870 1183 895 testes
1195 864 1365 894 subornavit
1374 873 1385 900 ‚·
1405 859 1564 891 καταδικά-

855 919 917 943 σαι,
931 909 1058 947 judicis,
1079 905 1344 941 καταδικάσασθαι,
1365 904 1564 939 accusatoris,

855 956 912 981 est.
957 953 1103 982 Germani
1125 962 1181 991 pro
1206 949 1397 985 ποιήσασθαι,
1421 945 1565 984 mutilen

854 992 998 1030 {asssscttt
1029 995 1180 1025 interdum
1211 994 1396 1032 simpliciter
1420 989 1565 1028 mathew

853 1040 1095 1080 καταχρηστικῶς
1117 1039 1237 1068 dicunt:
1263 1036 1394 1067 curatori
1414 1035 1445 1065 id
1468 1034 1566 1064 tribu·
1607 1057 1610 1060 .

855 1086 952 1117 entes,
968 1083 1049 1121 quod
1065 1082 1098 1111 fit
1113 1083 1150 1110 ab
1166 1080 1294 1110 artifice.

900 1127 982 1153 ——2
1006 1123 1120 1165 ἐξιέναι]
1148 1123 1202 1163 ἔξω
1225 1125 1277 1157 τῆς
1299 1122 1396 1164 χώρας
1416 1120 1431 1152 ἢ
1460 1119 1568 1153 πόλεως

855 1166 1076 1203 στξατεύεσθαι.

902 1224 946 1230 --
959 1207 1035 1237 ibid.
1061 1206 1140 1246 νόμον
1158 1207 1269 1248 ἔθεντο]
1295 1207 1385 1238 θεῖναι
1406 1206 1495 1247 νόμον,
1518 1209 1567 1236 est

858 1248 1061 1292 legemferre,
1076 1260 1194 1290 rogare,
1217 1249 1323 1280 θέσθαι
1340 1250 1429 1288 νόμον,
1444 1250 1565 1288 jubere,

856 1295 980 1328 sancire,
994 1294 1186 1332 comprobare.
1208 1294 1265 1323 hoc
1281 1293 1414 1333 populus
1430 1292 1514 1327 fecit,
1528 1292 1566 1321 il-

857 1338 910 1368 lud
936 1337 1095 1376 legislator
1119 1337 1269 1366 Eubulus.
1294 1336 1337 1375 τῷ
1357 1334 1475 1370 θέσθαι,
1496 1344 1568 1364 con-

857 1380 982 1411 trarium
999 1383 1048 1410 est
1061 1379 1095 1409 τὸ
1110 1381 1197 1409 λῦσαι
1216 1379 1264 1409 καὶ
1285 1377 1569 1418 καταψηφίσασθαι,

857 1425 1008 1464 abrogare,
1020 1424 1189 1462 improbare,
1203 1422 1371 1461 repudiare,
1387 1422 1498 1461 legem.

900 1484 943 1490 --
958 1468 989 1497 3.
1012 1465 1136 1496 θάνατον
1158 1466 1347 1507 ἀπειλοῦντα]
1374 1465 1503 1495 Brevius
1521 1464 1569 1494 di-

858 1522 928 1541 cere
953 1509 1107 1539 licuisset:
1129 1511 1222 1548 capite
1242 1514 1412 1544 sanxerunt,
1436 1518 1471 1537 ne
1493 1509 1569 1548 quis,

859 1554 918 1585 ὅτε.
934 1553 988 1584 sed
1009 1563 1076 1583 curn
1095 1554 1203 1582 Graeca
1223 1552 1346 1591 phrasis
1367 1551 1491 1581 retineri
1512 1561 1568 1590 po·

859 1597 965 1632 tuerit,
983 1596 1067 1626 nulla
1082 1595 1218 1626 mutandi
1234 1605 1325 1625 causa
1336 1594 1405 1624 suit.

901 1659 944 1664 -—-
957 1639 1032 1669 ibid.
1048 1638 1145 1680 τάξιν]
1169 1639 1218 1669 τοῦ
1233 1636 1473 1679 στςατευομὲνους
1488 1642 1571 1676 λαμ-

859 1682 949 1716 Heium
960 1680 1072 1722 μισθόν.

900 1745 945 1750 -
959 1726 1036 1756 ibid.
1048 1724 1095 1755 καὶ
1107 1723 1257 1765 γενέσθαι]
1273 1723 1451 1763 ἐπεξήγησις.

901 1787 945 1793 -·
959 1771 989 1800 5.
1017 1768 1061 1799 δ’τι
1087 1770 1123 1799 σὺ
1147 1767 1279 1808 γράφεις]
1301 1766 1342 1797 δ’τι
1363 1771 1393 1796 et
1415 1767 1450 1801 ὡς
1463 1771 1495 1796 et
1514 1766 1569 1805 γιὶς

859 1824 943 1853 saepe
959 1813 1114 1842 abundant
1127 1812 1158 1842 in
1175 1811 1284 1842 Latino
1304 1820 1454 1840 sermone.
1500 1810 1569 1838 Nec

859 1858 951 1893 enim,
965 1857 1042 1896 quoti
1057 1860 1102 1890 tu,
1117 1856 1183 1890 sed,
1202 1852 1305 1884 Tune?
1328 1860 1362 1884 tu
1384 1852 1500 1894 igitur?
1524 1851 1569 1881 di-

859 1901 989 1929 cendum
1005 1904 1062 1928 est.

903 1959 944 1965 -—
960 1941 1036 1971 ibid.
1058 1939 1198 1981 ἐπιφέςει]
1227 1939 1336 1982 Infert,
1358 1939 1493 1978 subjicit:
1517 1948 1572 1967 cn·

857 1984 991 2025 jusmodi
1008 1985 1104 2023 figura
1119 1988 1166 2013 est
1179 1983 1341 2022 subjectio.

903 2046 946 2051 —-
961 2029 993 2058 6.
1022 2028 1155 2058 τοσαῦτα
1180 2026 1250 2066 μὲν]
1277 2026 1347 2056 Alia
1370 2023 1573 2063 exemplaria,

860 2072 959 2101 ταῦτα
981 2070 1048 2110 μὲν,
1068 2069 1307 2107 subintelligitur·
1330 2066 1463 2108 εἶςήσθωι
1487 2072 1573 2106 atque

862 2115 921 2145 haec
937 2115 972 2144 de
987 2113 1126 2144 theatrali
1137 2113 1263 2152 pecunia
1274 2112 1383 2142 scilicet
1399 2111 1480 2140 dicta
1494 2111 1562 2139 sint.

904 2175 947 2180 --
957 2159 989 2188 7.
1005 2155 1170 2196 πολιτικῆς]
1187 2156 1319 2186 πολιτικὴ
1340 2154 1458 2192 δύναμις
1474 2163 1572 2192 oppo-

862 2201 944 2231 nitur
960 2200 1017 2235 τοῖς
1031 2199 1125 2240 ξένοις,
1139 2204 1192 2229 aut
1206 2198 1318 2237 ξενικοῖς
1331 2196 1550 2238 στρατεύμασι.

905 2261 947 2266 -
961 2246 992 2274 8.
1014 2241 1166 2282 εἰώθεσαν]
1191 2243 1252 2272 Pro
1273 2238 1425 2275 εἰώθεισαν,
1449 2241 1486 2269 ab
1509 2237 1572 2274 ἔδω,

861 2286 962 2322 εἴωθα,
977 2285 1094 2317 εἰώθειν.

906 2348 948 2352 --
963 2330 1037 2359 ibid.
1054 2330 1139 2359 τοῦτο
1160 2329 1228 2369 γὰρ]
1256 2327 1288 2357 τὸ
1311 2329 1356 2367 μὴ
1370 2325 1469 2359 αὐτοὺς
1483 2335 1574 2364 στρα-

863 2371 1005 2404 τεύεσθαι.

906 2434 950 2439 —
964 2415 1041 2446 ibid.
1056 2416 1096 2444 τὰ
1107 2413 1290 2454 πςάγματα]
1307 2413 1433 2444 Scilicet
1447 2412 1496 2441 τῆν
1511 2411 1575 2448 ἦγε-

864 2458 969 2498 μονίαν.
1014 2458 1104 2498 Apud
1119 2457 1371 2496 Xenophontem,
1387 2454 1451 2496 ἔῤῥει
1467 2455 1508 2485 τὰ
1523 2465 1576 2484 κα·-

867 2504 917 2538 λιὶ,
930 2503 1085 2541 perierunt
1100 2501 1184 2536 bona,
1202 2499 1234 2530 id
1249 2504 1308 2534 est,
1321 2510 1369 2529 res
1385 2503 1496 2528 nostrae
1509 2502 1578 2527 sunt

867 2546 999 2581 afflictae,
1015 2548 1130 2574 mutata
1146 2549 1190 2572 est
1207 2543 1327 2573 fortuna
1343 2540 1534 2581 reipublicae.

170 2747 649 2794 ANNOTATIONES
682 2748 746 2790 IN
780 2747 1035 2793 PRIMAM
1069 2743 1535 2789 OLYNTHIACAM.

166 2853 385 2894 Πολιοςεικτικαὶ
401 2854 615 2895 παρατηρήσεις
629 2854 666 2888 εἰς
685 2853 731 2885 τὸν
747 2854 766 2883 ά.
781 2855 835 2884 τῶν

127 2893 331 2926 Ὀλυνθιαιιῦν-

168 2936 208 2968 α’.
230 2938 462 2978 Argumentum,
478 2944 588 2975 status,
601 2939 785 2980 propositio.

169 2977 209 3014 θ’.
231 2980 340 3021 Capita
354 2986 386 3012 et
397 2982 462 3014 loci
471 2988 729 3023 argumentorum,
746 2984 838 3013 hone-

127 3026 223 3059 stum,
234 3024 321 3060 utile,
334 3024 438 3062 facite,
453 3026 667 3057 necessarium.

173 3075 251 3096 vot..
272 3077 305 3097 v.

911 2852 949 2893 γ’.
977 2854 1135 2884 Suasionis
1166 2858 1281 2893 partes,
1309 2851 1482 2885 exordium,
1508 2859 1580 2879 con·

870 2898 1009 2933 firmatio,
1019 2898 1185 2937 peroratio.

914 2938 946 2970 δ’.
969 2941 981 2970 ὅ
997 2941 1149 2982 χαζακτῆξ
1164 2938 1264 2978 μέσος.

915 2984 1134 3023 Argumentum
1149 2984 1186 3012 ab
1199 2980 1333 3020 Ulpiano
1345 2983 1376 3008 et
1389 2978 1516 3008 Libanio
1531 2988 1583 3007 co·

872 3026 962 3066 piosa
979 3031 1026 3056 est
1046 3025 1232 3065 expositum.
1278 3024 1386 3053 eausae
1407 3031 1502 3061 genus
1517 3032 1583 3051 esse

874 3073 892 3100 ἰ)
911 3080 929 3099 τ
