1931 3323
318 190 405 232 232

363 297 457 326 1032.
475 296 505 324 8.
520 294 575 335 οὔχ
589 291 640 328 οἷός
651 293 682 324 τ’
694 292 723 326 ῧν
738 293 885 335 ἐμμένειν]
901 307 920 326 a
936 305 964 325 se
974 296 1028 326 im·

316 344 433 379 patrare
450 348 508 368 non
520 342 645 377 poterat,
661 343 697 368 ut
711 346 839 369 maneret
855 340 886 369 in
897 339 1027 369 decretis.

360 399 403 405 ——-
419 384 469 412 12.
492 383 547 410 τῶν
572 382 661 411 κοινῶν
683 380 857 422 ἀμφοτέροις
873 381 923 411 καὶ
940 379 1029 421 φίλων

317 423 413 466 ὄντων]
430 425 573 463 copulam
586 424 702 454 addidi.
721 435 809 464 quam
825 424 883 461 illi,
899 425 951 464 qui
967 434 1027 454 non

315 467 506 498 solummodo
537 477 711 498 communes
738 469 885 498 ambobus
913 473 1025 504 essent,

316 511 369 547 ita,
386 516 420 540 ut
433 510 533 541 neutri
553 511 662 550 magis,
685 520 774 550 quarn
797 511 898 547 alteri,
921 511 1027 541 stude-

316 559 395 590 rent,
416 554 523 583 animis
548 553 581 583 in
604 558 764 593 utramque
784 559 902 594 partem
920 554 1028 595 aequis,

313 598 369 628 sed
385 598 476 627 etiam
488 597 635 627 ambobus
650 597 740 627 amici
753 602 866 628 essent.

358 657 401 663 —-
423 642 473 671 18.
495 640 561 670 τότε
579 638 602 670 δ’
613 639 792 682 ὄμόσαντας]
807 642 841 671 F.
852 640 920 670 τότε
935 638 959 670 δ’
973 639 1033 670 οὐδ’

315 683 490 722 ὀμόσαντας,
508 689 578 714 tunc
595 688 696 713 autem
718 684 800 713 aliud
828 684 903 723 quid
930 683 1026 714 fuisse

312 728 576 766 pronunciaturos,
602 726 655 756 ubi
678 737 715 755 ne
736 725 937 766 jurisjurandi
959 727 1026 766 qui-

313 771 383 801 dem
408 770 558 809 religione
589 769 720 799 fuissent
748 769 970 809 obstringendi.
995 774 1027 800 et

312 813 358 844 sic
375 814 447 843 dedi
463 814 501 842 de
517 823 596 843 meo.

356 873 399 879 —-
409 859 460 888 19.
477 856 559 897 ἡμῖν]
576 855 678 885 malim
691 855 769 896 ὑμῖν,
783 854 856 894 quia
870 855 944 885 alias
958 855 1026 894 ὑμῖν

311 905 397 930 esset
413 905 485 939 post
500 898 630 940 χαλεπὸν
645 899 828 928 addendum.
843 898 1025 929 subauditur

310 940 536 984 προεγνωσμὲνα.
548 942 668 972 etiamsi
682 951 736 972 vos
747 941 795 971 his
807 942 846 972 de
861 943 953 972 rebus
966 952 1024 971 non

311 986 423 1016 essetis
439 990 507 1015 ante
523 996 541 1015 a
555 995 604 1014 me
620 985 693 1015 facti
708 985 867 1021 certiores,
891 991 924 1016 et
947 996 1026 1026 prae-

310 1028 430 1065 moniti,
453 1030 632 1070 (antequam
651 1028 756 1058 silicet
777 1029 816 1058 ad
844 1029 1024 1059 sententiam

308 1072 462 1102 ferendam
487 1071 688 1108 accederetis,
709 1076 771 1108 aut,
797 1077 956 1112 antequam
988 1082 1024 1102 ea

311 1115 459 1151 dicerem,
481 1125 550 1155 quae
567 1125 646 1144 nunc
663 1125 729 1144 sum
751 1114 905 1155 dicturus)
922 1121 1021 1146 tamen

310 1169 347 1188 ne
359 1159 402 1188 sic
414 1157 538 1199 quidem
550 1158 674 1188 difficile
684 1158 772 1189 vobis
785 1163 868 1188 esset
875 1160 1021 1195 futurum,

310 1201 484 1242 intelligere
509 1207 600 1241 atque
623 1201 800 1239 decernere,
819 1212 914 1242 penes
931 1212 1022 1242 quam

308 1246 488 1286 partemjus
503 1250 535 1274 et
550 1255 654 1275 verum
672 1244 721 1275 sit.

349 1306 393 1311 —-
408 1291 462 1320 26.
480 1289 544 1322 τοὺς
565 1287 713 1322 ἀκούοντας
736 1287 936 1327 ὁμολογοῦντος
946 1287 1020 1329 ὀφεί-

307 1336 364 1361 λειν
375 1330 451 1371 ἐμοὶ,
475 1331 688 1371 συστήσαντος]
712 1331 810 1361 Wolf.
833 1332 929 1361 editio
951 1337 1022 1371 post

306 1372 372 1414 ἐμοὶ
388 1375 474 1405 addit
489 1373 547 1404 καί.
562 1385 620 1414 ego
631 1385 703 1405 vero
717 1385 778 1404 non
788 1375 886 1405 solum
896 1375 954 1405 hoc
966 1386 1021 1405 ex-

307 1417 395 1454 clusi,
413 1424 444 1448 ut
461 1419 577 1448 Graecae
593 1417 816 1448 constructioni
831 1418 933 1447 minus
948 1429 1020 1448 con·

307 1466 496 1497 sentaneum,
519 1461 588 1502 (qui
614 1461 694 1491 enim
723 1466 794 1500 post
823 1461 1021 1501 ὅμολογοῖιντος

303 1509 423 1543 poterat
431 1505 629 1540 συστήσαντος
642 1504 768 1544 subjici)
776 1505 828 1535 sed
838 1505 929 1534 etiam
940 1515 1022 1535 com-

302 1557 353 1577 ma
368 1549 489 1582 sustuli,
504 1548 578 1588 quia
594 1547 658 1587 ἐμοὶ
674 1553 735 1578 tam
751 1549 790 1578 ad
810 1548 1020 1585 συστήσαντος,

303 1601 392 1630 quam
415 1592 453 1621 ad
476 1589 591 1631 ὀφείλειν
615 1592 808 1622 referendum
835 1597 893 1627 est,
921 1596 953 1621 et
973 1591 1019 1622 tta

303 1639 364 1663 stat
378 1634 409 1664 in
434 1634 531 1670 bivio,
553 1638 590 1664 ut
613 1635 650 1664 ad
672 1639 837 1674 utrumque
861 1634 1019 1674 aequaliter

301 1678 464 1716 pertineat,
480 1685 532 1707 aut
548 1678 585 1707 ad
602 1678 760 1708 ἀποδοῦναι.
776 1678 949 1708 συνιστάνειν
969 1678 1018 1707 hic

300 1720 362 1749 loci
374 1725 420 1750 est
435 1721 589 1755 mandare,
598 1719 768 1759 injungere,
777 1721 948 1758 praecipere
961 1720 1018 1750 ali-

300 1763 364 1798 cui,
389 1767 423 1792 ut
446 1763 546 1799 alteri,
567 1763 619 1802 qui
643 1773 746 1792 coram
762 1763 943 1797 ostenditur,
961 1762 1016 1792 ali-

303 1806 376 1845 quid
393 1806 496 1841 faciat,
512 1810 649 1845 praestet,
660 1816 702 1835 aes
712 1805 850 1836 debitum
866 1816 895 1835 v.
911 1815 938 1834 c.
956 1806 1017 1835 sol·-

303 1854 366 1879 vat.
392 1849 550 1879 Sententia
575 1849 641 1879 haec
662 1854 727 1879 est:
753 1849 805 1888 qui
833 1849 1018 1879 audiverunt

302 1893 507 1931 Polyeuctum
541 1892 782 1932 praecipientem,
813 1896 847 1921 ut
873 1892 946 1921 mihi
972 1903 1017 1922 aes

301 1936 441 1965 debitum
472 1936 665 1972 redderetur,
688 1945 750 1975 quo
780 1940 918 1975 tempore
948 1935 1018 1975 ipse

300 1980 460 2015 fateretur,
474 1989 507 2009 se
521 1979 595 2009 mihi
608 1989 650 2008 aes
666 1978 744 2008 illud
760 1979 887 2009 debere.

346 2023 568 2053 1033.1.τὴν
579 2020 834 2064 ψευδομαρτυρίαν]
852 2020 954 2052 malim
969 2023 1020 2053 τῆν

301 2063 556 2107 ψευδομαρτυριῶν,
573 2066 641 2096 scil.
654 2066 736 2096 δίκην.

342 2126 387 2132 —
397 2109 478 2139 Ibid.
501 2108 589 2148 μηδὲν
602 2111 658 2139 τῶν
673 2108 822 2149 γενομένων
835 2108 1017 2151 μαρτυροῖεν]

303 2151 334 2181 id
353 2156 412 2187 est,
427 2151 450 2181 εἶ
460 2152 501 2181 τὰ
509 2154 552 2192 μὴ
564 2151 695 2192 γενόμενα
707 2164 801 2193 μαςτ.
813 2152 864 2182 vel
879 2152 905 2182 εἴ
918 2163 949 2183 τι
962 2152 1020 2183 τῶν

301 2194 456 2236 μηδέποτε
468 2194 655 2235 γεγενημένων
669 2196 846 2237 μαςτυροῖεν.

344 2255 388 2261 —
403 2240 435 2269 3.
456 2237 581 2279 ἀκριβῶς
591 2237 646 2279 γοῖς
660 2237 736 2273 ὅπως
745 2237 878 2269 τουτουσὶ
891 2237 1016 2279 διδάξῃς]

302 2291 407 2321 margo
432 2281 536 2311 Lutet.
561 2283 614 2312 dat
635 2281 757 2323 ἀκριβεῖς
767 2280 823 2323 γεῖς
836 2280 1019 2321 ἔμελε-νήσας

302 2324 388 2358 ὅπως
398 2342 441 2347 --
450 2324 592 2365 quisquis
603 2331 710 2355 auctor
724 2330 774 2356 est
784 2325 876 2364 hujus
897 2335 952 2355 seu
973 2325 1019 2354 le-

302 2367 427 2405 ctionis,
442 2378 496 2398 seu
513 2369 710 2407 conjecturae,
735 2369 932 2399 existimabat
952 2367 1019 2398 sine

301 2411 397 2440 dubio
419 2411 532 2452 aliquid
548 2412 671 2442 deesse.
712 2412 773 2443 Sed
789 2412 832 2442 nil
847 2412 947 2442 deest.
965 2412 1019 2441 be-

302 2464 341 2483 ne
358 2454 448 2484 habet
463 2455 559 2485 locus.
585 2454 768 2486 subauditur
782 2454 906 2485 modo⁰
891 2466 951 2496 ορα,
967 2454 1018 2485 vel

302 2495 448 2536 μέμνησο.
463 2508 533 2527 nam
548 2499 613 2529 vide
627 2509 729 2539 (lazese,
745 2499 795 2529 vel
818 2505 969 2535 memento,
984 2503 1020 2528 ut

303 2540 362 2570 haec
377 2542 447 2571 satis
461 2542 618 2581 diligenter
632 2543 729 2573 doceas
739 2542 787 2573 hos
796 2543 925 2582 judices.

344 2585 432 2614 -—'7.
455 2585 643 2626 ἀπήγγειλεν]
657 2586 718 2623 vel,
732 2591 767 2616 ut
785 2586 817 2616 in
835 2585 905 2617 aliis
929 2585 1019 2616 libris

303 2630 361 2662 est,
376 2627 476 2665 ἇνήγγ.
493 2628 559 2658 scil.
579 2628 653 2669 πρὸς
663 2627 710 2659 τὸν
723 2628 815 2670 ἄνδρα.
830 2629 1019 2660 renuntiavit

302 2670 341 2700 ad
355 2671 511 2706 mar-itum,
526 2671 686 2710 Spudiam.

345 2713 487 2744 —Ibid.
509 2713 606 2749 ἄλλως
631 2712 663 2744 τ’
691 2715 714 2744 εἴ
736 2714 782 2745 καὶ
809 2714 914 2757 μηδὲν]
935 2715 1019 2746 idem

302 2761 351 2786 est
366 2766 403 2786 ac
419 2756 446 2786 si
467 2763 612 2788 consueto
633 2758 725 2787 modo
746 2758 897 2789 dixisset·
921 2758 1020 2794 ἄλλως

301 2809 336 2828 τε
358 2798 407 2829 καὶ
423 2799 446 2830 εἶ
469 2799 568 2839 μηδὲν.
588 2802 748 2840 praesertim
769 2811 836 2832 cum
855 2812 915 2832 ‘non
930 2813 1019 2844 aequoe

300 2844 446 2880 portiones
459 2844 514 2883 ipsi
527 2853 594 2873 cum
603 2853 697 2874 sorore
709 2846 968 2876 constituerentur.
984 2846 1017 2876 in

303 2886 457 2917 Bavarico
479 2891 526 2917 est
542 2885 619 2928 ειχον
629 2891 660 2917 et
678 2888 863 2924 ἠλαττοῦντο,
875 2888 942 2919 scil.
955 2888 1018 2919 filia

300 2929 406 2967 junior
415 2930 589 2969 Polyeucti,
598 2934 630 2960 et
643 2930 773 2961 maritus
784 2932 861 2970 ejus,
872 2932 1016 2972 Spudias.

303 2971 414 3003 eodem
429 2973 524 3004 redit.

346 3032 388 3040 —
412 3018 466 3049 13.
496 3015 724 3058 ἀπαγγείλαντος
747 3016 771 3048 δ’
793 3015 1016 3059 Ἀριστογένους]

697 188 733 230 Ι.
758 187 794 229 Ι.
816 186 1042 230 REISKE
1074 188 1401 232 ANNOTATA

1062 295 1164 325 delevi
1182 297 1419 329 adversativam.
1443 298 1514 339 quid
1536 299 1688 339 superest?
1709 309 1774 331 rno-

1062 344 1230 369 mentorum
1242 347 1318 380 puta
1332 352 1351 371 a
1365 352 1414 371 me
1429 343 1776 375 commemorandorum.

1062 382 1119 411 hoc
1147 392 1267 422 nempe.
1313 384 1387 415 Cum
1402 386 1584 426 Aristogenes
1603 386 1775 416 renuncias-

1061 430 1102 455 set
1118 441 1172 454 --.

1070 499 1072 501 ,
1104 485 1146 490 —
1160 470 1212 499 17.
1235 467 1296 499 οὔτ’
1317 469 1447 500 ἀντεῖπεν
1467 469 1551 508 ουδὲν,
1564 470 1618 502 οὐδ’
1631 472 1663 513 ἦ]
1679 470 1774 510 parti-

1060 511 1138 540 culae
1150 511 1213 542 οὔτε
1227 516 1258 542 et
1271 511 1329 542 οὐδὲ
1346 513 1490 544 videntur
1504 514 1584 544 inter
1597 525 1630 545 se
1649 524 1775 554 permu-

1060 555 1158 584 tandae
1174 565 1241 585 esse
1264 557 1327 586 sic:
1351 555 1411 586 ουτ’
1431 556 1623 596 ἦγανίωυτηστν
1644 556 1776 588 εἰσελθὼν

1059 596 1114 627 οὐδ’
1135 597 1208 639 (per
1229 598 1328 639 delta)
1349 599 1486 630 ἀντεῖωεν
1509 599 1591 631 ουδέν·
1610 600 1676 631 οὔθ’
1700 600 1775 640 (per

1060 640 1154 678 theta,
1170 651 1225 680 pro
1241 642 1321 683 οὔτε)
1333 644 1347 674 ή
1361 644 1424 680 γυνῆ
1433 648 1680 683 *opponuntur
1692 643 1775 674 inter

1060 693 1093 713 se
1107 685 1153 714 vir
1165 689 1196 714 et
1210 685 1329 716 mulier.
1347 696 1437 726 neque
1459 687 1508 716 vir
1519 686 1707 723 succensuit,
1722 691 1775 716 aut

1059 727 1219 758 oblocutus
1231 734 1291 766 est,
1301 739 1394 769 neque
1408 740 1497 759 uxor.
1510 740 1585 769 ergo
1600 730 1675 766 οὔτε,
1690 729 1774 768 quod

1058 769 1089 799 in
1110 770 1260 810 impresso
1286 773 1454 802 secundum
1470 777 1518 802 est
1531 773 1613 810 loco,
1627 783 1698 803 cum
1713 771 1774 803 οὐδὲ

1058 814 1237 843 mutandum
1254 819 1312 851 est,
1327 820 1358 845 et
1373 816 1455 854 quod
1473 816 1518 846 ibi
1537 821 1587 846 est
1607 815 1678 852 οὐδὲ,
1702 826 1772 845 cum

1059 856 1132 886 οὔτε.
1144 857 1274 896 requirit
1287 858 1346 888 hoc
1366 859 1445 888 ratio
1459 859 1677 898 particularum
1699 859 1773 889 ista-

1057 909 1135 929 rum.
1149 904 1181 930 et
1196 900 1240 929 sic
1255 901 1327 930 dedi
1342 902 1382 931 de
1392 912 1470 933 meo.

1100 960 1144 965 -—
1163 945 1214 974 19.
1235 944 1321 984 ὑμεῖς
1332 944 1427 986 αὐτοὶ]
1443 949 1488 982 tu,
1506 944 1636 985 Spudia,
1650 950 1682 976 et
1697 954 1774 975 uxor

1057 990 1119 1016 tua.

1099 1046 1143 1051 —-—-
1158 1039 1227 1068 pen.
1252 1030 1288 1064 ὡς
1303 1028 1414 1065 δικαίως
1428 1030 1475 1061 καὶ
1493 1029 1770 1072 προσοφειλομένων]

1057 1071 1181 1102 videtur
1194 1073 1255 1111 leg.
1265 1084 1352 1103 esse:
1361 1074 1398 1109 ὡς
1409 1073 1516 1108 δικαίως
1524 1074 1572 1104 και
1582 1073 1773 1116 προσηκόντως

1056 1113 1251 1156 ὅφειλομενων.

1101 1161 1196 1190 1034
1219 1160 1250 1189 5.
1271 1159 1472 1201 ἀπετιμήθη]
1490 1159 1583 1191 seil.‘
1572 1171 1588 1191 n
1610 1157 1679 1190 οἰκία
1695 1158 1771 1199 ἐμοί.

1056 1201 1113 1231 Si·
1101 1212 1171 1241 Jure
1185 1201 1258 1231 mihi
1269 1203 1422 1242 assignata
1434 1203 1626 1239 estdomum,
1641 1208 1703 1232 tum
1717 1213 1770 1233 vo-

1056 1244 1103 1274 bis
1119 1255 1177 1274 non
1193 1245 1418 1284 licet,jndices,
1433 1246 1490 1276 hac
1506 1245 1610 1276 saltim
1627 1246 1665 1276 de
1676 1256 1771 1277 causa

1055 1288 1203 1327 Spudiam
1227 1288 1398 1325 absolvere,
1414 1289 1442 1319 si
1466 1289 1592 1329 quidem
1605 1289 1709 1328 legum
1727 1288 1769 1319 si-

1055 1331 1095 1362 tis
1111 1341 1262 1362 memores
1277 1336 1369 1372 atque
1384 1337 1520 1363 tenaces.

1096 1391 1141 1397 —-
1156 1378 1208 1405 11.
1237 1374 1311 1405 οὐδὲν
1334 1375 1498 1417 τεκμήριον]
1528 1374 1640 1405 dubius
1669 1374 1768 1406 locus.

1056 1416 1200 1458 Cogitavi
1215 1417 1381 1458 aliquando
1403 1419 1465 1459 leg.
1488 1428 1578 1449 esse.
1600 1416 1673 1448 οὐδὲν
1686 1417 1771 1457 μέγα

1055 1461 1213 1502 τεκμήριον,
1238 1471 1297 1491 non
1321 1467 1363 1492 est
1387 1472 1529 1503 magnum
1549 1465 1771 1501 argumentum,

1055 1504 1263 1535 adversarium
1279 1503 1394 1535 actoris
1415 1515 1534 1536 causam
1559 1505 1618 1535 sola
1640 1506 1772 1534 oratione

1054 1548 1209 1586 adjuvare.
1252 1548 1331 1579 Tum
1347 1549 1524 1588 suspicatus
1538 1558 1605 1578 sum
1617 1547 1680 1587 leg.
1690 1557 1774 1578 esse:

1054 1590 1126 1621 οὐδὲν
1150 1590 1165 1623 ἢ
1191 1592 1352 1633 τεκμήριον,
1367 1591 1445 1622 nihil
1468 1592 1555 1622 aliud
1573 1596 1624 1627 est,
1647 1596 1769 1630 praeter-

1053 1644 1141 1673 quam
1164 1633 1311 1671 probabile
1336 1641 1559 1675 argumentum,
1582 1644 1642 1664 non
1668 1638 1769 1664 autem

1053 1677 1180 1706 evidens
1197 1676 1430 1708 demonstratio.
1474 1676 1570 1707 Venit
1594 1687 1716 1716 quoque
1736 1676 1770 1707 in

1051 1722 1182 1748 mentem
1195 1716 1254 1748 οὐδὲ
1272 1720 1428 1759 τεκμήριον,
1438 1730 1474 1750 ne
1485 1725 1691 1760 argumentum
1700 1720 1768 1760 qui-

1052 1761 1116 1791 dem
1131 1761 1182 1791 hoc
1197 1766 1249 1801 est,
1265 1768 1318 1793 aut
1333 1762 1386 1793 οὐδ’
1397 1761 1422 1793 ἐν
1437 1761 1607 1804 τεκμηρίοις,
1623 1773 1659 1792 ne
1672 1763 1706 1792 in
1718 1773 1769 1792 ar-

1048 1810 1254 1845 gumentorum
1265 1806 1382 1846 quidem
1390 1815 1512 1836 numew
1522 1805 1654 1836 habetur.
1664 1816 1770 1845 quam-

1051 1858 1140 1886 quam
1155 1849 1211 1878 hoc
1227 1851 1273 1880 rei
1289 1848 1412 1878 veritati
1436 1849 1559 1879 videtur
1581 1859 1767 1889 repugnare.

1050 1891 1161 1921 deinde
1178 1892 1288 1923 dubito
1303 1902 1437 1932 quoque,
1454 1902 1521 1931 quae
1545 1891 1586 1922 sit
1601 1893 1768 1922 verborum

1052 1935 1201 1964 sententia
1228 1937 1323 1978 ὥσπερ
1342 1936 1384 1966 νῦν
1408 1935 1563 1965 ἀντιδικῶν.
1585 1945 1658 1965 num
1681 1935 1768 1965 haec:

1051 1979 1304 2016 quemadmodum
1317 1989 1397 2009 nune
1408 1985 1457 2009 est
1466 1979 1660 2009 adversarius
1668 1989 1767 2015 meus,

1050 2031 1111 2051 non
1122 2023 1226 2058 rebus,
1241 2033 1310 2053 nam
1331 2022 1379 2052 his
1401 2021 1526 2061 quidem
1548 2021 1695 2058 vincitur,
1711 2022 1769 2052 sed

1051 2065 1156 2094 verbis
1169 2066 1373 2097 solummodo.
1403 2065 1466 2095 Sed
1474 2070 1538 2096 tum
1551 2064 1691 2095 dicturus
1701 2069 1768 2095 erat

1051 2108 1199 2145 ἀντίδικος,
1224 2120 1283 2139 non
1306 2109 1461 2139 ἀντιδικῶν.
1484 2119 1522 2138 an
1551 2108 1653 2149 potins
1681 2109 1765 2138 llaec:

1051 2152 1294 2191 quemadmodum
1316 2163 1399 2183 nunc
1417 2158 1459 2182 est
1472 2150 1545 2182 mihi
1556 2152 1646 2187 testis,
1661 2155 1766 2182 tamet-

1051 2196 1075 2224 si
1084 2200 1187 2226 contra
1196 2206 1245 2226 me
1242 2202 1328 2237 agat.
1344 2200 1378 2225 ut
1389 2195 1504 2236 μάρτυς
1515 2206 1568 2234 μοι
1577 2193 1664 2225 ἔσται
1676 2204 1768 2234 repe-

1051 2242 1144 2274 tatur,
1159 2245 1191 2269 et
1205 2239 1349 2270 ἀντιδικῶν
1361 2238 1534 2279 accipiatur
1547 2248 1605 2277 pro
1615 2235 1711 2267 καίτοι
1720 2248 1769 2268 αν-

1051 2281 1163 2312 τιδικῶν
1187 2280 1264 2322 ἐμοι.
1308 2282 1373 2312 Sed
1397 2287 1472 2311 tunc
1497 2282 1594 2311 verba
1614 2280 1768 2311 sententia

1051 2331 1166 2355 carent.
1194 2335 1253 2355 non
1285 2325 1366 2355 enim
1403 2323 1651 2364 deprehenditur
1684 2324 1768 2364 Spu·

1051 2368 1118 2398 dias
1139 2368 1228 2399 testis
1251 2368 1366 2399 actoris
1388 2367 1421 2398 in
1438 2368 1549 2398 verbis
1573 2366 1768 2398 solummodo

1051 2411 1160 2442 fuisse.

1093 2472 1138 2478 --
1154 2456 1206 2487 23.
1228 2454 1277 2485 και
1300 2454 1329 2485 οὗ
1346 2454 1432 2485 τοῦτο
1451 2451 1535 2494 μὸνον
1555 2452 1570 2484 ὅ
1591 2451 1766 2503 adnisum-fe

1051 2497 1130 2528 αυτοὶ
1144 2496 1324 2529 ἀποθνήσκων
1343 2496 1524 2549 ἒγκεκλήιιει]
1545 2501 1702 2537 postrema
1719 2496 1769 2526 sio

1051 2542 1192 2572 correxi.
1205 2541 1285 2572 αὗται
1270 2540 1491 2572 “evoma-w
1504 2538 1682 2579 ἒγκεκλοκεν.
1691 2549 1768 2579 per-

1051 2585 1166 2616 fectum
1181 2585 1482 2635 plusquamperfecto
1497 2583 1650 2614 substitui
1655 2593 1696 2613 ex
1711 2592 1767 2613 aa·

1051 2628 1196 2660 ctoritate
1207 2629 1364 2665 codicum,
1375 2628 1454 2658 αὐτοι
1439 2626 1501 2657 de
1510 2635 1580 2657 meo
1588 2625 1674 2658 dedi,
1684 2625 1765 2656 sutis

1051 2672 1188 2704 declarat
1222 2672 1389 2703 lectionum
1417 2661 1637 2710 discrepantia,
1662 2669 1767 2699 locum

1051 2716 1154 2746 hunc‘
1141 2726 1206 2756 Jam
1220 2715 1354 2747 vetustis
1368 2714 1485 2744 criticis
1503 2714 1543 2744 de
1555 2712 1631 2744 vitio
1655 2721 1767 2751 suspe-

1051 2763 1133 2790 ctum
1149 2759 1255 2790 fuisse.
1270 2759 1356 2789 τοῦτο
1364 2758 1446 2788 bene
1455 2757 1558 2787 habet.
1582 2754 1768 2785 subauditur

1051 2801 1084 2832 τὸ
1098 2801 1189 2844 χρέος.
1181 2813 1258 2833 mon
1272 2802 1325 2832 hoc
1337 2799 1513 2831 solummodo
1523 2799 1654 2829 debitum
1664 2803 1766 2838 postu-

1051 2845 1124 2876 lavit
1137 2845 1282 2886 aSpudia
1297 2844 1486 2883 polyeuctus.

1090 2906 1136 2913 —
1143 2889 1202 2920 215.
1225 2887 1324 2919 ἐνῆσαν
1339 2886 1366 2916 δ’
1379 2887 1426 2928 αἱ]
1443 2884 1545 2917 malim
1560 2882 1658 2915 ἔνησαν
1671 2882 1700 2914 δὲ
1715 2883 1765 2914 καὶ

1048 2933 1078 2963 αῖ
1090 2944 1127 2974 χ.

1091 2993 1136 2999 -
1150 2976 1202 3005 27.
1225 2985 1256 3005 τι
1268 2972 1298 3003 δή
1315 2983 1374 3004 ποτ
1376 2971 1469 3004 ὀὐδὲν
1478 2971 1527 3002 οὐκ
1541 2969 1643 3011 εὐθυς]
1657 2968 1765 3001 delevi

1051 3018 1133 3056 οὐδὲν,
1148 3017 1180 3048 in
1196 3027 1257 3057 quo
1268 3016 1295 3047 si
1310 3016 1386 3056 quid
1400 3016 1480 3047 inest
1494 3014 1574 3053 veri,
1586 3014 1666 3045 latet
1680 3011 1733 3043 οὖν.
