1931 3322
441 228 527 269 AD
560 227 735 270 ORAT.
769 228 851 270 DE
883 228 1248 271 SYMMORIIS.

120 333 259 374 pecuniae
295 345 413 366 summa
447 336 707 375 suppeditaretur,
742 338 829 375 cujus

119 378 341 408 distribuendae
363 378 509 409 rationem
535 380 584 410 hic
607 380 710 409 habes.
756 380 830 410 Uni-

120 431 230 451 versus
249 432 358 451 census
385 422 519 462 regionis
543 423 656 452 Atticae
677 422 829 452 indicatur

119 473 189 494 esse
211 467 297 495 6000
320 465 523 495 talentorum:
553 467 601 495 hic
625 466 719 504 igitur
749 465 828 494 divi-

118 507 238 537 dendus
254 513 300 537 est
316 508 370 545 ita,
383 513 416 538 ut
428 509 542 539 exinde
558 510 628 538 fiant
647 511 708 538 100
724 511 827 547 partes

116 549 199 580 inter
210 561 243 581 se
256 561 359 591 pares,
375 552 502 591 singulae
512 554 554 582 60
569 552 761 587 talentorum,
775 551 827 590 qui

115 603 261 624 numerus
291 595 422 634 partium
447 595 640 625 centenarius
662 594 828 624 conveniet

116 646 187 666 cum
204 639 264 667 too
278 637 340 667 illis
355 638 544 669 sectionibus
560 637 726 666 minoribus
743 647 826 676 sym-

115 679 294 716 moriarum,
321 691 446 720 quarum
475 690 661 720 unaquaeque
685 683 724 711 12
750 680 825 710 viris

115 724 288 762 composita
306 723 543 763 est.-—Singulis
562 725 626 762 jam
649 723 825 763 symmoriis

113 765 189 795 totis
199 777 239 796 ex
248 766 305 797 hac
313 769 399 799 6000
410 767 591 797 talentorum
600 777 717 797 summa
724 767 825 806 portio

113 807 268 840 tribuatur
290 820 378 850 aequa
396 811 461 842 300
483 811 663 841 talentorum
679 810 762 851 (haec
783 810 826 840 ita

112 849 334 892 intelligantur,
346 864 406 883 non
420 859 454 884 ut
468 853 538 894 ipsa
549 854 602 883 illa
614 855 698 884 6000
711 853 825 884 talenta

113 896 303 934 symmoritis
334 897 548 927 distribuenda
577 902 690 932 essent,
718 906 822 927 verum

111 936 159 968 illi
173 943 290 970 tantum
304 940 435 978 reditus,
456 941 507 980 qui
529 939 690 980 quotannis
709 951 749 970 ex
767 940 821 970 illo

1486 229 1570 271 457

864 346 956 366 censu
968 338 1032 366 600
1044 336 1224 367 talentorum
1242 337 1270 366 in
1288 335 1444 376 publicum
1460 336 1573 366 refere-

862 380 983 409 bantur.
1017 380 1066 409 Ex
1082 385 1168 418 parte
1185 379 1330 410 convenit
1344 390 1414 409 cum
1429 375 1476 415 eo,
1489 379 1572 418 quod

862 432 918 452 nos
934 422 1064 451 dicimus
1077 423 1133 452 den
1143 423 1266 452 inkomst
1281 424 1332 452 der
1350 422 1466 452 Directe
1489 423 1574 452 Bela-

861 467 997 505 stingen:
1014 465 1122 494 melius
1138 466 1227 495 etiam
1243 466 1388 495 reddetur
1403 466 1438 495 de
1454 465 1573 496 Grand-

863 508 965 538 lasten.
981 508 1063 546 quod
1078 507 1156 537 infra
1172 509 1370 546 probabimus
1392 509 1430 538 ad
1446 519 1478 548 p.
1498 510 1572 540 183.

862 552 892 580 5.
917 551 952 580 In
977 551 1032 580 liac
1055 556 1157 581 tamen
1183 551 1261 589 legis
1285 552 1426 581 versione
1451 552 1572 591 perspi-

861 593 984 623 cuitatis
1004 594 1102 632 gratia
1125 598 1216 633 caput
1238 593 1339 632 ipsum
1363 595 1573 632 pecuniarum,

861 636 961 676 ipsum
991 642 1146 667 auctorem
1178 636 1288 672 secuti,
1311 642 1461 675 perpetuo
1483 648 1574 677 repe-

861 684 971 716 temus,
981 691 1039 710 non
1053 690 1182 710 annuum
1197 679 1432 718 vectigal,quod
1445 687 1574 720 propter

860 723 935 754 illud
953 733 973 754 a
991 724 1123 754 dominis
1144 723 1327 762 praediorum
1350 728 1434 751 esset
1451 723 1573 753 solven-

860 766 970 806 dum):
994 768 1058 797 baec
1081 772 1180 797 antem
1203 768 1267 796 300
1289 765 1403 795 talenta
1422 766 1572 805 cujusque

859 811 1032 849 symmoriae
1046 809 1214 851 participes
1226 809 1268 839 ita
1280 808 1359 838 inter
1372 819 1404 838 se
1415 808 1574 844 dirimant,

859 857 893 883 ut
906 854 1005 883 minor
1020 864 1146 894 quaeque
1163 852 1261 883 sectio
1278 854 1317 883 12
1335 852 1471 882 virorum
1492 852 1575 882 acci-

857 895 924 936 piat
940 900 981 929 60
1000 897 1124 928 talenta.
1146 907 1178 936 p.
1202 898 1274 928 183.
1300 906 1330 926 V.
1348 897 1466 926 5—11.
1503 896 1574 933 Qua

855 940 974 971 ratione

431 1007 565 1038 universi
582 1007 768 1046 symmoritae
786 1009 871 1038 1200
887 1007 1042 1047 accipient
1058 1010 1143 1039 6000
1159 1006 1272 1036 talenta

112 1153 180 1184 Jam
203 1163 279 1184 vero
301 1154 485 1184 monendum
508 1157 567 1189 est,
584 1153 825 1192 quomodomaeo

113 1198 199 1227 6000
218 1197 342 1232 talenta,
359 1207 405 1232 ea,
427 1207 494 1235 quae
517 1197 599 1226 dicta
613 1201 673 1235 est,
685 1197 765 1226 facta
779 1197 826 1225 di-

112 1239 309 1275 stributione,
325 1239 477 1269 sufficiant
492 1239 530 1268 ad
546 1243 667 1267 sumtus
683 1248 825 1277 compen-

111 1283 236 1319 sandus,
248 1282 300 1321 qui
315 1292 332 1311 a
348 1281 537 1321 symmoritis
552 1281 583 1310 in
600 1281 741 1311 triremes
758 1281 823 1311 fieri

111 1326 235 1355 debent.
281 1326 383 1364 Quum
407 1335 464 1355 non
488 1324 620 1363 amplius
644 1326 685 1354 60
712 1324 824 1354 talenta

109 1369 224 1408 cuique
240 1369 472 1408 symmoriarum
489 1367 598 1397 minori
621 1368 749 1397 sectioni
768 1378 823 1406 pu-

110 1411 193 1442 blice
216 1411 347 1451 praeberi
363 1412 495 1451 possint,
519 1415 552 1441 ut
573 1411 686 1441 exinde
704 1421 823 1441 omnem

109 1455 391 1494 compensationem
428 1458 564 1494 quaerant
601 1464 726 1483 necesse
765 1459 822 1484 est.

110 1499 224 1538 Neque
245 1503 344 1528 tamen
360 1498 404 1528 ita
419 1498 591 1528 committet
607 1497 728 1536 civitas,
745 1503 778 1527 ut
793 1497 822 1527 iu

109 1541 220 1572 minori
243 1542 366 1572 navium
389 1541 573 1571 necessitate
597 1540 623 1570 ei
648 1541 761 1570 talenta
782 1544 823 1573 60

110 1595 171 1614 non
187 1585 310 1624 integra
325 1585 444 1615 reddat.
489 1586 587 1614 Immo
613 1595 700 1620 vero,
718 1584 742 1614 si
760 1587 823 1614 100

109 1632 226 1658 tantum
243 1629 372 1658 navibus
389 1639 467 1667 opus
481 1629 530 1664 sit,
547 1633 580 1657 ut
593 1626 726 1657 duodeni
741 1638 823 1666 sym-

109 1672 228 1701 moritae
252 1673 408 1710 praebeant
439 1682 538 1706 unam,
564 1676 694 1710 possunt
724 1672 824 1701 omnia

110 1717 152 1746 60
174 1715 287 1746 talenta
309 1716 347 1744 ad
371 1715 459 1744 unius
481 1714 569 1744 navis
591 1715 821 1744 aedificationem

108 1757 257 1798 impendi.
303 1758 358 1788 Sin
392 1761 454 1788 200
481 1757 659 1788 triremibus
686 1757 823 1796 indigeat

108 1812 205 1841 resp„
233 1802 362 1832 totidem
388 1804 431 1833 60
456 1801 571 1831 talenta
599 1801 692 1840 duplo
716 1801 820 1831 borum

110 1850 265 1877 sumtuum
286 1845 448 1885 sufficiant,
464 1849 494 1874 et
508 1855 564 1883 pro
582 1847 621 1875 12
638 1845 822 1882 symmoritis

110 1898 198 1918 unam
229 1898 337 1918 navem
369 1888 576 1927 praebentibus
613 1887 677 1916 seni
708 1888 821 1926 quique

109 1931 191 1961 idem
209 1932 340 1961 officium
362 1936 518 1971 praestent.
565 1931 682 1968 Quodsi
699 1931 821 1960 taudem

108 1976 176 2006 300
197 1975 306 2004 adesse
329 1979 470 2014 oporteat
494 1984 600 2008 naveS,
617 1974 695 2003 idem
713 1984 821 2003 munus

109 2019 197 2048 navis
220 2018 308 2048 unius
331 2018 519 2048 aediticandae
548 2018 633 2046 obii-e
665 2018 823 2046 debebunt

107 2066 240 2102 quatuor
265 2061 336 2095 viri,
359 2071 457 2099 neque
483 2066 582 2090 tamen
612 2060 762 2105 universal
780 2062 822 2090 60

108 2105 243 2135 virorum
254 2105 419 2143 symmoria
435 2104 504 2142 plus
516 2114 604 2142 qnam
617 2106 680 2134 300
696 2104 822 2139 talenta,

108 2149 140 2178 h.
155 2160 183 2178 e.
209 2158 336 2187 quaeque
353 2147 450 2180 minor
469 2147 700 2185 symmuriarum
724 2147 821 2176 sectio

109 2193 151 2222 12
175 2191 308 2230 virorum
333 2192 404 2231 plus
427 2200 515 2229 quam
541 2192 582 2220 60
606 2191 719 2219 talenta
741 2191 821 2219 acci-

106 2234 184 2275 piet.
203 2245 236 2274 p.
259 2236 333 2266 188.
354 2245 384 2264 v.
409 2235 548 2263 11—17.
574 2235 622 2263 Ex
647 2234 704 2263 hoc
726 2233 821 2272 igitur

106 2283 254 2318 computo
265 2278 342 2308 ratio
356 2277 543 2307 aedificandae
556 2277 665 2306 classis
674 2281 705 2306 et
716 2277 820 2306 distri-

107 2321 236 2352 buendae
267 2321 404 2360 pecuniae
433 2321 498 2350 liaec
527 2321 596 2349 erit.
628 2319 819 2359 Syrnmoritae

108 2367 193 2395 1200
216 2365 371 2403 accipiunt
391 2366 478 2394 6000
499 2364 625 2400 talenta,
642 2374 759 2403 proque
783 2363 820 2393 iis

104 2408 259 2438 aedificant
274 2418 368 2437 naves
385 2408 432 2437 vel
450 2409 513 2437 100
536 2408 585 2437 vel
601 2409 664 2437 900
681 2407 728 2437 vel
745 2409 819 2438 300.

106 2451 300 2491 Symmoritae
307 2453 352 2481 60
367 2450 522 2490 accipiunt
536 2452 600 2481 300
612 2450 736 2485 talenta,
748 2461 819 2490 pro-

105 2504 167 2534 que
190 2495 228 2524 iis
244 2494 393 2524 aediticant
415 2503 509 2524 naves
530 2493 578 2523 vel
603 2495 622 2524 5
640 2494 690 2523 vel
711 2496 751 2523 10
768 2493 818 2523 vel

105 2540 158 2570 15.
183 2538 376 2577 Symmoritae
399 2539 438 2568 12
462 2536 614 2576 accipiunt
629 2539 671 2567 60
694 2537 818 2572 talenta,

105 2591 224 2621 proque
245 2581 282 2610 iis
311 2580 461 2610 aedificant
485 2590 579 2610 naves
608 2580 658 2609 vel
683 2583 700 2609 1
727 2580 773 2610 vel
798 2585 816 2611 2

107 2624 156 2654 vel
179 2627 210 2655 3.
235 2624 295 2655 His
317 2623 419 2664 itaque
442 2628 564 2653 cautum
589 2629 649 2659 est,
678 2628 710 2652 ut
740 2623 816 2662 reip.

102 2668 206 2706 justus
241 2678 363 2706 semper
393 2667 638 2707 symmoritarum
675 2676 818 2696 numerus

104 2715 218 2750 praesto
242 2711 282 2741 sit
304 2720 471 2749 eorumque
492 2710 549 2739 rite
568 2709 819 2747 distributorum3

105 2753 239 2793 itemque
270 2758 303 2784 ut
329 2753 357 2783 ei
385 2759 512 2793 paretur
541 2753 668 2782 facultas
698 2752 817 2782 idoneae

105 2797 214 2827 classis
236 2797 380 2836 paranda:
412 2797 459 2827 vel
487 2799 560 2830 100,
586 2796 633 2825 vel
667 2798 740 2828 5200,
767 2795 816 2825 vel

105 2842 170 2870 300
185 2841 318 2877 navium,
336 2844 428 2880 prout
447 2840 494 2869 vel
517 2839 623 2877 majori
645 2839 690 2868 vel
709 2839 817 2868 minori

103 2883 266 2914 earundem
278 2893 401 2914 numero
414 2893 492 2922 opus
502 2882 636 2912 futurum
647 2882 704 2918 sit3
717 2883 818 2920 jactu-

103 2936 167 2956 ram
190 2931 290 2956 autem
309 2927 507 2966 pecuniarum
532 2937 548 2955 a
567 2925 732 2955 ditioribus
748 2925 818 2954 ideo

104 2969 273 2999 faciendam
301 2970 406 3000 eadem
430 2970 479 2998 lex
513 2969 648 3008 publice,
673 2973 816 3008 quantuni

104 3017 238 3052 poterat,
251 3013 619 3051 compensem—Restant
635 3017 734 3041 autern
747 3012 817 3047 alia,

104 3065 231 3095 quorum
261 3055 400 3086 recensio
419 3057 481 3094 jain
508 3055 653 3094 sequitur.
704 3055 815 3086 Eadem

146 3108 224 3129 voi..
251 3110 279 3129 v.

822 1052 864 1081 60

823 1097 864 1125 12

1079 1054 1144 1082 300
1186 1067 1229 1073 —

1102 1096 1144 1124 60
1188 1111 1231 1116 -

859 1153 950 1188 ratio,
967 1163 1026 1192 qua
1042 1153 1165 1182 navium
1181 1151 1426 1181 aedificandarum
1442 1150 1572 1189 partitio

860 1196 938 1225 inter
948 1195 1128 1234 symmorias
1140 1195 1222 1224 facta
1231 1201 1290 1230 est,
1301 1195 1331 1224 in
1344 1194 1572 1233 comparatione

860 1239 1126 1268 instrumentorum
1143 1238 1296 1267 navalium
1314 1238 1460 1267 obtineat.
1497 1237 1573 1267 Uni-

860 1292 950 1311 versa
970 1282 1093 1311 illorum
1117 1281 1207 1320 copia
1229 1281 1394 1310 secundum
1425 1283 1466 1311 ⁰20
1490 1290 1572 1320 sym-

859 1325 1021 1354 moriarum
1040 1334 1196 1353 numerum
1214 1334 1269 1362 per
1286 1326 1326 1353 ΞΟ
1347 1328 1452 1362 partes
1467 1323 1573 1353 distri-

859 1368 981 1404 buatur,
997 1378 1063 1406 quae
1087 1378 1142 1397 sua
1165 1378 1237 1406 pars
1259 1367 1406 1396 vicesima
1421 1377 1507 1405 aeque
1524 1367 1572 1396 di-

860 1411 926 1441 visa
955 1416 988 1441 ut
1011 1411 1068 1440 rite
1092 1415 1227 1449 paretur,
1256 1420 1386 1449 quaeque
1409 1410 1572 1448 symmoria

858 1455 1026 1484 minoribus
1048 1454 1111 1483 suis
1128 1457 1147 1486 5
1171 1454 1361 1483 sectionibus
1385 1453 1518 1488 mandet,
1534 1464 1571 1483 ue

857 1497 888 1527 in
912 1499 987 1538 reip.
1010 1497 1206 1533 necessitate,
1230 1498 1255 1527 si
1281 1497 1367 1525 navis
1384 1502 1498 1535 praesto
1519 1496 1572 1532 sit,

859 1542 963 1572 eadem
979 1541 1249 1571 instrumentorum
1270 1540 1422 1570 navalium
1445 1540 1572 1578 penuria

858 1591 1022 1624 prematur.
1038 1595 1068 1624 p.
1084 1586 1156 1615 183.
1172 1595 1200 1614 ν.
1214 1585 1351 1613 17-25.
1378 1585 1486 1621 Neque
1498 1594 1572 1612 vero

858 1628 1043 1658 omittendus
1060 1633 1105 1657 est
1122 1629 1208 1663 ordo,
1225 1628 1276 1666 qui
1294 1627 1322 1656 in
1341 1626 1492 1655 uavilibus
1508 1637 1570 1655 ser-

859 1672 922 1701 vari
940 1673 1041 1702 debet.
1088 1672 1197 1709 ltaque
1220 1675 1367 1709 praetores
1386 1668 1464 1708 [τοὺς
1479 1681 1571 1708 ‹ri-ga-

857 1715 971 1755 τηγοὺς]
996 1720 1116 1752 oportet
1140 1715 1169 1742 iu
1195 1714 1354 1742 navalibus
1377 1713 1443 1741 loca
1463 1713 1570 1742 decem

857 1763 996 1796 separata
1012 1759 1124 1787 habere
1140 1768 1193 1794 pro
1209 1767 1332 1785 numero
1345 1755 1491 1790 tribuum,
1504 1766 1571 1794 quae

859 1802 924 1830 loca
940 1802 1061 1839 singula
1077 1802 1252 1830 contineant
1267 1801 1310 1830 30
1324 1799 1445 1829 navium
1462 1800 1570 1829 domos

858 1843 1042 1885 [νεωσοίκους]
1059 1857 1064 1873 :
1087 1855 1146 1883 quo
1163 1844 1245 1873 facto
1263 1853 1352 1872 unuin
1370 1842 1476 1872 navale
1494 1843 1572 1882 [νεώ-

856 1888 920 1928 gwy]
945 1890 986 1918 30
1003 1888 1122 1917 navium
1147 1897 1244 1925 capax
1261 1885 1424 1915 conveniet
1444 1895 1570 1915 numero

858 1931 1039 1965 triremium,
1056 1940 1146 1969 quein
1164 1930 1233 1959 duae
1250 1929 1422 1968 sytnmorize
1439 1928 1468 1957 in
1486 1939 1568 1958 sum—

856 1984 904 2003 ma
916 1974 992 2012 reip.
1008 1974 1191 2003 necessitate
1200 1973 1368 2002 debebunt.
1389 1972 1455 2001 lllae
1468 1976 1569 2001 antem

857 2018 1029 2056 symmoriae
1045 2018 1087 2047 ita
1103 2021 1173 2046 sunt
1188 2016 1381 2055 copulandae,
1399 2019 1431 2044 ut
1447 2025 1570 2054 semper

856 2061 935 2090 binae
948 2072 987 2090 ex
1004 2061 1108 2090 eadem
1123 2060 1203 2089 tribu
1222 2058 1330 2099 [φυλῇ]
1345 2059 1374 2087 in
1386 2059 1493 2088 eodem
1508 2057 1570 2087 sint

856 2105 965 2133 navali.
988 2104 1122 2133 Tandem
1138 2114 1175 2132 ex
1192 2103 1321 2140 singulis
1338 2102 1478 2132 tribubus
1491 2111 1569 2130 uuus

855 2147 1019 2176 trierarcha
1031 2148 1096 2185 ejus
1109 2147 1224 2175 navalis
1234 2155 1336 2175 curam
1349 2145 1469 2180 habear,
1479 2146 1568 2182 cujus

854 2189 921 2229 ipse
936 2191 976 2220 sit
997 2191 1165 2229 particeps.
1181 2200 1212 2228 p.
1236 2192 1308 2219 184.
1326 2199 1356 2218 v.
1384 2190 1476 2218 1—9.
1502 2188 1570 2217 Tri-

857 2235 911 2263 bus
936 2237 975 2263 10
998 2234 1063 2264 sive
1085 2236 1126 2263 ΞΟ
1145 2232 1319 2272 symmoriae
1337 2236 1443 2261 tenent
1459 2234 1499 2261 10
1517 2241 1568 2260 na-

856 2276 945 2312 valia,
958 2288 1025 2316 qnae
1039 2277 1197 2307 continent
1207 2278 1271 2307 300
1281 2276 1431 2305 triremes.
1453 2274 1567 2304 Tribus

854 2323 872 2349 1
892 2320 957 2350 sive
974 2324 992 2351 2
1010 2319 1183 2360 symmoriae
1199 2323 1304 2349 tenent
1321 2322 1337 2348 1
1351 2318 1468 2353 navale,
1485 2317 1567 2356 quod

854 2364 989 2393 continet
1010 2366 1053 2394 30
1083 2363 1235 2393 triremes.
1280 2361 1397 2392 Ultimo
1419 2361 1489 2390 loco
1517 2370 1569 2389 na·

854 2406 934 2436 valia
945 2407 1175 2446 distinguantur
1188 2406 1354 2436 secundum
1371 2406 1426 2437 ’τὰς
1437 2404 1568 2443 τριττῦς,

853 2461 920 2489 quae
943 2450 1061 2480 tertiam
1086 2457 1199 2490 partem
1222 2449 1332 2482 tribus,
1347 2448 1449 2487 φυλῆς.
1471 2447 1568 2477 conti-

853 2494 983 2524 nebant:
1015 2499 1059 2529 ut‚
1089 2503 1182 2532 quum
1213 2492 1333 2531 singula
1363 2490 1482 2520 navalia
1512 2490 1568 2519 tri-

853 2537 952 2566 bubus
975 2536 1101 2576 singulis
1123 2535 1272 2565 destinata
1297 2536 1338 2564 30
1363 2539 1468 2563 tenere
1494 2543 1567 2572 pos·-

853 2580 910 2610 sint
928 2591 1034 2616 nares,
1050 2580 1168 2619 τριττὺς
1182 2588 1310 2618 quaeque
1327 2578 1446 2607 tertiam
1462 2586 1566 2607 earum

850 2628 981 2662 partein,
999 2624 1028 2652 b.
1043 2633 1070 2651 e.
1088 2623 1186 2652 locum
1207 2625 1246 2651 10
1263 2621 1391 2651 navibus
1406 2619 1567 2657 capiendis

851 2666 1006 2701 idoneum,
1034 2670 1174 2704 occupet.
1221 2666 1271 2695 Ex
1295 2665 1352 2693 bac
1377 2663 1456 2693 enim
1486 2662 1565 2691 divi-

852 2709 949 2745 sione,
963 2709 988 2738 si
1005 2720 1081 2748 opus
1093 2710 1162 2744 erit,
1173 2709 1274 2738 statim
1292 2707 1452 2746 apparebit
1466 2707 1566 2740 locus,

853 2753 902 2781 ubi
919 2763 1046 2790 quaeque
1063 2754 1138 2792 φυλὴ
1155 2762 1225 2782 suas
1241 2755 1397 2781 construat
1413 2750 1564 2781 triremes,

851 2795 963 2825 deiude
988 2796 1038 2825 ubi
1057 2805 1185 2834 quaeque
1208 2795 1335 2834 τριττῦς,
1353 2800 1414 2821 tum
1440 2791 1509 2830 quis
1526 2791 1567 2820 sit

852 2838 1020 2868 trierarclia
1042 2839 1152 2878 cuique
1171 2837 1271 2868 navali
1289 2834 1484 2875 praepositus,
1501 2838 1566 2862 tan—

851 2881 919 2911 dem
945 2886 1020 2920 quot
1042 2892 1170 2921 qtiaeque
1195 2881 1312 2920 τςιττὺς
1339 2888 1432 2908 naves
1455 2878 1565 2906 babeat

852 2930 983 2963 paratas.
1012 2936 1044 2966 p.
1070 2927 1144 2956 184.
1168 2935 1198 2953 v.
1230 2925 1347 2953 3—16.
1393 2922 1494 2958 Atque
1520 2919 1568 2949 his

852 2969 1024 2999 continetur
1047 2968 1112 3003 lex,
1135 2977 1202 3006 quae
1227 2966 1361 3004 quidem,
1384 2964 1409 2993 si
1433 2962 1566 3002 simplici

852 3012 969 3041 ratione
985 3014 1050 3050 ejus
1067 3010 1280 3049 interpretatio
1293 3007 1491 3046 suscipiatur,
1507 3016 1564 3035 non

851 3055 944 3084 tantis
962 3054 1059 3094 premi
1077 3054 1198 3083 videtur
1212 3051 1456 3085 difficultatibus,
1472 3059 1565 3089 quan-

855 3111 872 3122 .»
900 3108 915 3126 ,Χ
