1931 3323
310 193 395 236 236

312 298 397 329 πέντε
412 297 562 330 τεθέντων.
584 299 639 331 sed
661 300 744 331 nullo
766 300 859 332 modo
883 304 953 331 sunt
974 311 1027 331 au-

314 342 432 373 diendi.

357 403 399 409 -
412 388 464 417 526.
487 384 599 428 ἑαυτὸν]
615 386 710 417 editio
726 386 830 417 Wolfii
846 387 900 417 dat
916 386 1026 417 ἑαυτοῦ.

315 429 408 466 paulo
424 429 457 459 id
478 429 602 467 quidem
617 430 737 466 melius,
754 441 843 470 quam
858 431 939 469 quod
960 430 1026 460 vul-

316 476 385 508 gata
401 472 464 501 dat.
486 476 612 510 praestat
628 478 740 510 tamen,
759 475 841 512 quod
859 485 876 503 e
893 473 1026 503 meliori-

315 513 372 544 bus
390 515 479 545 libris
500 515 584 552 dedi,
599 515 717 553 ἑαυτῶν,
733 527 829 553 suam,
850 516 1026 551 Eubulidis,

313 556 432 588 domum
447 563 474 588 et
492 557 632 598 Hugniae.

358 603 454 633 1054.
469 603 500 632 7.
525 600 637 642 ζωμοῦ]
661 607 730 642 post
745 602 845 640 βωμοῦ
862 602 951 631 deest
971 601 1025 630 ali-

261 665 263 668 ·
313 643 400 680 quid,
416 655 444 674 e.
459 655 487 674 c.
510 643 584 675 ὃέδει
601 646 696 680 ποιεῖν,
709 646 783 684 quod
797 645 944 683 oportebat
959 654 1025 674 eum

301 684 407 725 facere
421 687 467 728 (b.
484 699 512 718 e.
529 688 717 726 oportuisset
732 693 833 717 autem
849 688 1025 726 Theopom-

311 739 384 768 pum
398 731 436 760 ab
453 741 505 760 ara
516 732 666 761 abducere
680 729 859 769 victimam),
876 734 927 759 aut
939 729 1006 759 οὐκ
994 740 1026 759 αν

314 773 479 809 ποιήσοντα,
492 775 566 813 quod
582 774 632 802 ille
645 783 703 802 ‘non
712 772 927 813 emtfacturus
938 773 985 813 (b.
997 783 1025 802 e.

312 825 419 845 verum
432 817 483 845 ille
496 827 554 845 non
570 821 741 845 recusasset
757 815 912 844 victimam
930 816 1025 844 abdu—

311 858 401 907 cere)
414 860 439 888 si
454 868 501 889 cei
504 864 532 888 to
552 860 671 888 novisset
688 858 765 888 hunc
780 868 905 897 puerum
918 863 1026 897 prater

301 898 382 940 fas
373 912 402 930 zu
416 902 571 940 phratoras
586 902 699 930 induci.

354 961 398 966 —
414 947 465 973 17.
489 943 572 984 κύριον
593 942 826 984 ἔπιγςοιψίιμενος
845 942 891 973 τὸν
906 942 1025 982 ἀδελφὸν

311 984 358 1015 τὸν
370 986 486 1027 ἑαυτοῦ]
499 987 563 1016 haec
576 998 634 1016 non
646 987 795 1026 intelligo.
822 987 949 1016 Exierat
964 987 1025 1016 Eu-

310 1029 433 1059 bulides
445 1029 550 1068 junior
566 1040 582 1059 e
599 1034 753 1069 potestate
770 1030 867 1069 patris
885 1029 915 1059 in
936 1035 1024 1069 pote-

311 1075 420 1102 statem
447 1072 497 1102 avi
525 1073 665 1109 materni,
690 1073 855 1103 Eubulidis
881 1073 1025 1108 senioris,

309 1115 363 1152 qui
380 1119 443 1144 tum
456 1116 556 1145 adbuc
572 1116 603 1145 in
617 1116 696 1146 vivis
714 1120 883 1155 supererat.
922 1117 1023 1154 Quare

308 1157 414 1197 itaque
430 1168 488 1188 non
510 1169 612 1194 avum,
623 1169 678 1188 seu
694 1163 814 1198 patrem
830 1159 1022 1198 adoptivum,

307 1199 367 1230 sibi
392 1205 563 1231 curatorem
587 1201 802 1232 adsciscebat?
826 1212 880 1231 cur
901 1202 1023 1232 fratrem

309 1243 430 1274 Sosiam
448 1245 507 1275 sibi
523 1249 693 1275 curatorem
710 1245 855 1281 adscivit,
867 1245 973 1276 nescio
987 1256 1023 1276 an

308 1287 408 1317 adbuc
424 1287 573 1318 minorem
589 1287 685 1324 annis,
700 1293 731 1318 et
746 1288 776 1318 in
795 1288 854 1318 alia
869 1289 960 1318 domo
975 1299 1024 1318 re-

305 1329 426 1367 lictum,
441 1336 472 1360 et
484 1330 537 1361 cui
553 1335 703 1371 praeterea
720 1330 795 1360 nihil
811 1331 975 1370 potestatis
993 1331 1023 1361 in

306 1372 432 1403 fratrem
447 1374 595 1404 minorem
610 1379 704 1410 esset,
720 1379 848 1413 utroque
867 1380 954 1414 patre
969 1374 1023 1404 ad-

305 1409 366 1446 buc
384 1417 569 1456 superstite.

349 1476 393 1482 ——
410 1462 463 1490 27.
486 1458 752 1500 ἐπιδεδικασμένου]
776 1458 907 1491 subaudi
921 1459 1003 1495 τινός.

348 1519 392 1525 ——-
407 1503 482 1533 ibid.
506 1502 700 1545 ἀμφισβητῇ]
726 1503 857 1533 subaudi
873 1514 929 1537 τις,

348 1562 392 1568 --
410 1546 489 1576 ibid.
512 1547 563 1576 τοῦ
590 1545 705 1587 κλήρου]
729 1546 861 1576 subaudi
888 1545 950 1587 mg}
975 1546 1024 1576 τοῦ

305 1593 354 1618 κλ.
370 1589 394 1619 si
405 1590 456 1619 eui
465 1590 642 1628 adjudicata
646 1589 751 1630 fiterit
764 1589 955 1630 [haereditas,
967 1600 1024 1619 seu

305 1631 395 1671 virgo
410 1632 526 1663 nubilis
540 1633 670 1682 haeres],
682 1638 710 1662 et
727 1633 805 1663 alius
819 1633 926 1673 aliquis
941 1642 1024 1672 expe-

304 1674 362 1703 riri
375 1685 442 1705 cum
457 1676 510 1706 illo
524 1677 596 1706 velit
606 1677 684 1715 jure
698 1685 783 1714 supeo
798 1676 853 1705 illa
868 1685 920 1705 seu
935 1675 1024 1706 haer-e

304 1716 411 1754 ditate,
426 1728 476 1749 seu
491 1719 618 1759 virgine,
635 1719 814 1749 haeweditatis
829 1719 960 1755 domina,
976 1719 1023 1749 hic

303 1758 415 1790 illum
405 1761 500 1799 znjus
514 1763 554 1791 ad
568 1761 735 1792 archontem
749 1767 858 1792 vocato.

348 1820 391 1826 ——
407 1804 463 1834 ult.
485 1804 571 1846 εἰναι]
592 1804 724 1835 subaudi
739 1804 789 1835 δεῖ.
812 1804 894 1835 debet
906 1810 1022 1835 conten-

302 1845 373 1876 dens
387 1846 516 1885 deponeo
517 1857 531 1876 e
542 1852 768 1878 sacramentum.

350 1890 448 1920 1055.
462 1892 494 1919 4.
517 1892 567 1921 τὴν
591 1889 615 1919 δ’
638 1889 867 1943 ἀμφισβήτησιν
890 1890 957 1921 εῖναι
980 1902 1023 1930 τῳ

304 1930 421 1972 ἄρχοντι
442 1932 548 1963 καθότι
579 1932 772 1963 ἐπεδικάσατο
794 1930 823 1964 οὗ
846 1933 878 1963 ἂν
902 1933 957 1976 ’έχῃ
982 1937 1023 1965 τὰ

303 1975 466 2016 χρήματα]
490 1976 580 2016 posui
607 1980 705 2007 totum
734 1977 848 2012 locum,
876 1978 930 2016 qui
952 1988 1023 2008 cum

304 2018 449 2049 universe
477 2020 688 2049 subobscurus
713 2024 773 2055 est,
796 2025 861 2049 tum
882 2020 1023 2051 laborare

303 2071 427 2100 quoque
443 2061 521 2092 vitio
537 2073 597 2092 uno
611 2067 642 2092 et
657 2062 752 2092 altero
767 2061 903 2092 videtur.
951 2064 1021 2094 Pri-

302 2114 386 2134 mum
404 2106 483 2145 παρὰ
506 2105 549 2144 τῷ
569 2105 686 2146 ἄρχοντι
702 2105 763 2145 leg.
780 2115 850 2135 esse
869 2105 1023 2144 suspicor,

303 2157 393 2186 quam
410 2148 441 2177 in
461 2148 670 2187 suspicionem
692 2147 817 2178 venisse
831 2147 928 2178 Wolf
947 2157 1022 2188 quo—

303 2200 376 2228 que,
391 2191 590 2230 postmodum
604 2190 718 2240 reperi.
741 2190 855 2221 deinde
870 2192 1022 2221 assentior

304 2233 424 2269 Petito,
438 2245 465 2266 ος
481 2233 647 2273 corrigenti
661 2244 718 2272 pro
731 2245 770 2263 ου.
797 2234 904 2263 Possit
919 2238 1020 2264 tamen

301 2287 333 2305 ου
347 2276 484 2312 defendi,
509 2276 535 2306 si
556 2276 585 2306 in
607 2274 801 2306 επεδικάσατο
822 2277 1022 2308 subaudiatur

302 2328 360 2354 τις,
375 2323 406 2350 et
422 2316 452 2349 οὗ
471 2319 504 2350 ἂν
518 2318 584 2362 ἔχῃ,
605 2321 646 2349 τὸ.
667 2319 814 2360 χρήματα
835 2329 903 2349 cum
924 2319 1020 2350 inter·

298 2363 385 2401 jecto
398 2367 548 2393 commate
566 2362 728 2394 scribatur.
742 2363 763 2392 i.
775 2373 801 2392 e.
817 2360 916 2392 καθότι
931 2362 1021 2394 ἐπεδι-

302 2404 417 2435 κάσατό
432 2417 478 2440 τις
492 2408 533 2437 τὰ,
546 2417 692 2449 χρηματα.
707 2405 820 2441 τούτου,
839 2417 869 2435 ου
888 2407 929 2436 τὰ
948 2407 1021 2448 χρή-

302 2458 393 2487 ματα.
413 2448 446 2479 ἂν
468 2448 532 2491 ἔχη.
556 2460 611 2490 quo
634 2449 721 2480 titulo
737 2449 824 2488 juris
842 2449 949 2489 aliquis
966 2450 1020 2480 sibi

301 2493 453 2522 curaverit
467 2493 640 2530 adjudicari
662 2493 736 2523 bona
750 2492 823 2531 ejus,
842 2493 929 2532 cujus
947 2492 1020 2523 bona

302 2534 356 2570 ,sibi
371 2534 544 2574 adjudicari
558 2537 767 2575 impetraverit.
803 2535 866 2565 Sed
882 2535 956 2575 quid
973 2540 1021 2567 est

301 2575 367 2607 καθ’
387 2576 454 2608 ὅτι.)
485 2588 568 2614 num,
590 2583 623 2609 nt
648 2579 900 2618 interpretantur,
920 2580 1019 2610 eadem

292 2620 434 2661 formula
450 2622 547 2660 juris,
571 2632 642 2660 qua,
663 2622 716 2661 qui
739 2622 839 2653 adhuc
860 2620 968 2653 habuit
989 2628 1021 2653 et

301 2664 395 2694 habet
411 2664 499 2699 bona,
514 2664 630 2700 effecit,
640 2669 674 2695 ut
687 2675 723 2695 ea
735 2664 798 2695 sibi
807 2665 1021 2705 adjudicaren-

302 2711 364 2737 tur.
387 2716 437 2742 an,
453 2717 509 2747 quo
524 2706 716 2746 titulojuris.

345 2767 388 2773 —
406 2752 458 2781 19.
481 2748 721 2789 ἀπολείπεσθαι]
737 2750 805 2781 scil.
821 2751 871 2781 τοῦ
888 2751 958 2792 ὁςᾷν.

343 2809 388 2817 ·—-
410 2795 463 2824 21.
485 2791 682 2833 πειςαο-όμεθοι
709 2792 737 2822 δὲ
756 2793 805 2823 καῖ
830 2794 929 2834 ἡμεῖς]
952 2795 1018 2825 haec

301 2846 361 2866 non
375 2838 438 2876 jam
453 2840 550 2872 actor,
567 2836 621 2866 sed
638 2837 703 2874 ejus
722 2836 862 2866 advocati
883 2848 1018 2876 pronun-

299 2879 395 2915 ciant,
409 2880 459 2910 vel
474 2878 682 2919 interpellant.

347 2924 443 2954 1056.
456 2923 506 2953 15.
522 2922 620 2957 οὐδενὸς
636 2924 692 2952 τῶν
703 2921 826 2963 Ἁγνίου]
845 2933 861 2952 e
875 2934 906 2962 p.
922 2925 1018 2955 1065.

302 2967 353 2996 25.
372 2965 515 3005 suspicor
530 2970 598 3005 post
610 2964 707 3000 οὐδενὸς
720 2967 774 2996 τῶν
786 2965 895 3003 Ἁγνίου
905 2967 1016 2999 deesse

300 3009 485 3050 κληρονομεῖν.
509 3009 583 3040 item
599 3021 616 3041 e
631 3020 702 3050 pag.
720 3011 815 3041 1066.
832 3011 883 3039 27.

684 188 718 235 Ι.
750 190 787 235 Ι.
818 189 1043 235 REISKE
1076 187 1406 235 ANNOTATA

1103 317 1146 324 —-
1161 302 1214 331 19.
1234 299 1318 341 ἐστὶ]
1342 298 1446 331 malim
1460 297 1558 330 ἔσται.

1105 344 1200 374 1057.
1216 346 1247 375 4.
1263 342 1446 384 οἰκειότατον]
1470 341 1591 373 correxi
1606 340 1772 384 οἰκειότερον.

1060 390 1209 425 praeterea
1223 386 1324 416 malim
1340 391 1413 426 post
1426 388 1505 426 ἡμῶν
1520 385 1593 416 addi
1607 385 1655 415 καὶ
1671 386 1772 427 προσή-

1059 439 1115 459 κειν
1129 440 1145 459 e
1161 440 1192 469 p.
1212 429 1306 460 1056.
1323 430 1379 460 ult.
1403 429 1525 460 videtur
1535 434 1637 460 tamen
1653 439 1683 460 v.
1699 439 1770 469 pen.

1060 472 1131 502 huic
1145 473 1329 511 conjecturae
1344 483 1525 512 repugnare.

1101 533 1144 538 —-
1161 518 1212 545 18.
1235 515 1416 555 Πολέμωνος]
1440 520 1512 554 post
1530 514 1696 556 Πολέμωνος
1718 514 1773 544 ad-

1059 558 1135 587 dunt
1157 558 1279 596 quidam
1303 559 1376 588 libri
1398 558 1512 597 aliqua,
1535 568 1615 596 quae,
1630 562 1773 596 tanquam

1058 599 1181 630 iteratio
1205 604 1236 629 et
1256 600 1434 639 diligentior
1456 600 1621 630 inculcatio
1640 602 1703 639 jam
1726 600 1773 629 di-

1059 648 1186 678 olorum,
1210 643 1284 673 ferri
1305 646 1445 684 possunt,
1465 644 1508 674 nil
1529 648 1631 674 tamen
1645 643 1708 673 illis
1724 647 1773 673 est

1059 686 1148 716 valde
1165 697 1204 725 op
1208 696 1252 716 us.

1102 697 1204 760 1058p
1227 731 1258 760 ¹7.
1294 727 1470 771 Ευζουλίδου]
1506 733 1578 769 post
1607 726 1774 762 ΕυΒουλίδῑου

1059 773 1241 802 subauditur
1265 783 1282 802 e
1306 773 1474 811 praemissis
1501 771 1618 810 ἐγένετο.
1643 772 1725 811 quod
1746 771 1772 800 si

1058 815 1119 849 fiat,
1136 815 1211 844 nihil
1227 820 1285 850 cst,
1301 816 1406 854 quod·
1398 826 1429 845 m
1443 816 1611 854 vulgatah.
1620 816 1640 846 l.
1653 815 1772 853 culpes.

1059 858 1111 887 alii
1127 858 1252 887 codices
1268 859 1348 888 idem
1362 858 1480 895 dicunt,
1491 859 1547 889 sed
1561 858 1666 889 verbis
1681 858 1774 898 paulo

1059 901 1148 930 aliter
1163 900 1334 930 collocatis.

1100 961 1143 966 —
1160 945 1190 974 9.
1213 942 1256 982 τῷ
1281 944 1337 974 υἱεῖ
1354 942 1399 984 τῷ
1424 943 1612 984 Θεοπόμπου]
1637 942 1669 973 in
1691 943 1773 980 Aug.

1058 991 1107 1016 est
1121 987 1170 1016 τοῦ
1186 992 1273 1016 Θεοπ.
1289 987 1319 1016 in
1333 987 1410 1017 Bav.
1426 986 1469 1026 τῷ
1480 985 1567 1027 τςίτῳ
1582 987 1638 1017 υἱεῖ
1650 984 1695 1025 τῷ
1708 991 1774 1016 Θεο-

1058 1029 1188 1069 πόμπου.
1211 1029 1338 1060 exhibui
1351 1030 1515 1060 lectionem
1526 1029 1711 1069 Augustani.
1728 1029 1775 1058 vi-

1058 1073 1148 1103 detur
1169 1076 1269 1103 tamen
1292 1073 1323 1102 in
1344 1073 1477 1103 lectione
1504 1072 1646 1103 Bavarici
1668 1071 1775 1101 nescio

1057 1117 1131 1156 quid
1145 1115 1318 1146 abstrusius
1335 1116 1442 1152 latere,
1455 1120 1487 1146 et
1499 1116 1529 1145 in
1543 1116 1633 1146 libris
1649 1115 1775 1155 quibus-

1057 1159 1127 1189 dam
1154 1158 1252 1189 fuisse
1283 1157 1327 1198 τῷ
1351 1158 1440 1200 τξίτῳ
1468 1160 1524 1189 υἱεῖ
1548 1161 1604 1189 τῶν
1627 1157 1775 1200 [subaudi

1056 1201 1147 1244 υἱέων]
1163 1201 1349 1242 Θεοπόμπου,
1362 1203 1447 1233 tertio
1451 1201 1522 1243 filio
1530 1204 1562 1233 in
1576 1202 1672 1232 liberis
1685 1200 1776 1231 Theo-

1053 1247 1163 1285 pompi.

1100 1307 1143 1311 —-
1158 1292 1211 1319 11.
1233 1289 1276 1329 τᾷἰ
1289 1288 1345 1329 μὲν
1359 1287 1507 1328 παιδι-]
1531 1287 1687 1318 Sententia
1708 1290 1775 1317 est.

1057 1331 1161 1361 Puero
1175 1331 1259 1368 hnic,
1276 1330 1423 1362 Eubulidi
1439 1331 1544 1367 tertio,
1556 1330 1702 1361 convenit
1718 1330 1775 1360 ali-

1058 1375 1140 1413 quod
1158 1384 1278 1411 nomen,
1289 1374 1412 1404 illorum
1425 1373 1592 1409 nominum,
1607 1384 1675 1412 qute
1691 1383 1775 1403 com-

1056 1421 1263 1448 memorantur
1279 1418 1317 1448 ab
1332 1416 1385 1447 illa
1399 1416 1481 1456 lege,
1494 1427 1563 1456 quae
1579 1416 1692 1452 sancit,
1707 1415 1774 1455 qni-

1057 1470 1125 1490 nam
1132 1461 1203 1500 jure
1212 1460 1243 1491 in
1252 1460 1464 1490 haereditatem
1474 1460 1606 1500 aliquam
1615 1464 1773 1490 vacuatam

1057 1508 1088 1533 et
1119 1508 1350 1534 controversam
1379 1503 1559 1533 succedant.
1605 1504 1666 1533 Est
1694 1502 1774 1533 enim

1057 1544 1169 1584 ἀνεψιοῦ
1185 1547 1255 1581 παῖς
1274 1548 1312 1578 ad
1325 1546 1412 1577 illum
1429 1546 1597 1586 Hagniam,
1612 1557 1707 1586 super
1721 1556 1776 1575 cu—

1052 1591 1105 1629 jus
1119 1591 1299 1621 haereditate
1314 1590 1524 1620 controversia
1535 1600 1614 1620 nunc
1630 1588 1775 1629 agitatur.

1057 1633 1152 1672 Atqui
1168 1633 1270 1668 παῖδες
1284 1631 1403 1672 ἀνεψιῶν
1418 1643 1436 1662 a
1449 1632 1519 1673 lege
1531 1637 1728 1663 numerantur
1744 1631 1774 1662 in

1057 1675 1205 1715 legitimis
1220 1677 1411 1707 haeredibus.
1436 1677 1495 1706 Est
1509 1686 1585 1716 ergo
1600 1675 1650 1706 hic
1666 1676 1775 1706 Eubu-

1056 1718 1136 1749 lides
1161 1720 1260 1750 haeres
1287 1719 1431 1759 Hagniae.
1476 1720 1668 1749 Macartatus
1692 1718 1774 1748 enim

1056 1772 1116 1792 non
1131 1768 1178 1793 est
1191 1763 1324 1802 Hagnioe
1339 1761 1452 1800 ἀνεψιοῦ
1467 1762 1548 1796 παῖς.

1098 1823 1142 1829 ——
1158 1808 1211 1837 24.
1233 1804 1273 1846 ᾧ]
1297 1806 1330 1836 id
1350 1810 1408 1842 est,
1426 1805 1439 1835 ὅ
1455 1803 1554 1843 λέγων.
1599 1804 1671 1835 Hoc
1693 1803 1774 1835 enim

1057 1849 1197 1885 obtentu,
1226 1850 1309 1889 quod
1339 1848 1410 1878 scil.
1437 1851 1641 1883 asseveraret,
1669 1858 1774 1887 quam-

1056 1901 1148 1930 quam
1160 1893 1250 1929 falso,
1262 1892 1497 1932 Theopompus,
1512 1901 1613 1922 meum
1627 1890 1722 1920 filium
1735 1891 1773 1920 ab

1056 1934 1182 1974 Hagnia
1196 1934 1318 1975 longius
1331 1935 1459 1970 distare,
1479 1939 1512 1964 et
1528 1944 1588 1964 non
1610 1933 1644 1964 in
1665 1933 1773 1964 eadem

1057 1978 1148 2009 domo
1164 1989 1236 2009 esse
1252 1989 1321 2008 cum
1339 1978 1462 2017 Hagnia
1471 1995 1526 2008 -.

1098 2039 1142 2045 ·—
1160 2024 1213 2053 26.
1236 2021 1275 2063 οἳ]
1298 2021 1447 2052 articulus
1461 2021 1513 2051 bic
1531 2019 1645 2050 vitiose
1659 2020 1774 2051 redun-

1055 2064 1130 2095 dare
1147 2065 1282 2101 videtur,
1304 2070 1339 2096 ut
1354 2070 1444 2095 natus
1460 2074 1477 2094 e
1494 2064 1552 2094 fine
1567 2063 1702 2103 proximi
1718 2075 1773 2095 vo-

1055 2108 1158 2138 cabuli
1175 2108 1288 2138 λοιποί.

1099 2151 1196 2182 1059.
1214 2153 1245 2180 1.
1267 2150 1317 2180 οὐκ.
1331 2148 1367 2180 ὧν
1380 2148 1430 2179 τοῦ
1446 2147 1533 2188 οἴκου]
1557 2148 1660 2177 malim
1676 2148 1725 2177 οὐκ
1739 2147 1775 2179 ὢν

1055 2190 1088 2221 ἐκ
1110 2194 1161 2221 τοῦ
1184 2191 1267 2221 οἴκου.
1284 2191 1347 2222 vid.
1363 2201 1395 2230 p.
1412 2192 1510 2221 1058.
1526 2192 1558 2220 2.
1579 2200 1648 2220 nam
1665 2191 1776 2232 saepis-

1055 2234 1132 2264 sime
1149 2233 1283 2264 occurrit
1297 2234 1348 2264 illa
1364 2233 1462 2263 dictio
1477 2232 1508 2272 ἔξ
1522 2232 1596 2263 οἴκου
1609 2232 1682 2269 τινὸς
1695 2238 1728 2264 et
1741 2233 1774 2273 ἐξ

1055 2288 1127 2307 οικου
1141 2275 1237 2318 ἑτὲξου
1247 2276 1326 2308 εῖναι.
1349 2281 1502 2316 repugnat
1515 2280 1616 2306 tamen
1631 2287 1663 2308 v.
1679 2279 1712 2307 ¹7.

1097 2337 1140 2342 —-
1157 2323 1207 2350 11.
1231 2319 1280 2350 καὶ
1304 2318 1339 2349 δι’
1360 2319 1496 2361 ἅπαντα]
1520 2319 1643 2350 correxi
1665 2319 1715 2351 καὶ
1740 2320 1772 2352 δὴ

1053 2361 1187 2398 ἅπαντα,
1200 2363 1319 2403 ideoque
1332 2363 1442 2393 omnia.

1098 2408 1194 2436 1061.
1210 2416 1283 2445 pen.
1307 2407 1355 2436 τῆν
1371 2405 1488 2447 ἑαυτοῦ]
1511 2405 1616 2436 malim
1636 2406 1688 2438 τὴν
1707 2405 1775 2437 ἔαυ-

1053 2451 1120 2480 trev.
1166 2449 1257 2479 Suam
1273 2453 1401 2480 matrem
1415 2449 1474 2480 sibi
1491 2460 1561 2480 cum
1573 2448 1723 2480 fratribus
1740 2455 1774 2480 et

1056 2492 1216 2523 sororibus
1233 2492 1298 2523 suis
1314 2502 1516 2523 communem.
1530 2494 1580 2524 τὴν
1594 2493 1687 2523 αὐτῶν
1702 2492 1773 2532 qui-

1054 2535 1124 2568 dem
1145 2546 1175 2566 v.
1190 2535 1246 2567 ult.
1268 2547 1285 2566 e
1307 2535 1397 2566 libris
1420 2535 1546 2576 reposui
1569 2545 1626 2575 pro
1646 2535 1773 2575 vulgato

1055 2590 1103 2610 Τῆν
1118 2579 1215 2610 ἀυτήν.

1099 2625 1241 2654 1062.1.
1264 2620 1337 2665 προς
1352 2621 1469 2663 οιυτους]
1485 2621 1525 2652 ad
1541 2631 1587 2659 se,
1603 2624 1726 2657 testem,
1739 2625 1772 2652 et

1053 2665 1091 2695 ad
1106 2667 1217 2697 fratres
1227 2676 1423 2706 sororesque,
1438 2666 1514 2695 item
1528 2665 1567 2695 ad
1584 2664 1738 2695 maritum.

1095 2723 1138 2733 ·-—
1163 2712 1195 2740 8.
1230 2708 1293 2750 mg?
1319 2711 1374 2740 τῶν
1404 2706 1647 2748 ὁμολογουμένων]
1680 2717 1770 2737 nemo

1053 2752 1134 2782 enim
1157 2756 1254 2783 testes
1277 2752 1424 2792 producit
1449 2761 1546 2791 super
1567 2752 1661 2780 rebus
1687 2750 1769 2780 baud

1051 2795 1274 2832 controversis,
1291 2796 1330 2826 de
1344 2794 1456 2834 quibus
1469 2803 1556 2824 nemo
1573 2793 1706 2824 dubitat.

1095 2856 1138 2861 —
1163 2842 1216 2869 14.
1236 2838 1436 2880 κατεχρῶντο]
1468 2837 1527 2866 hoc
1556 2837 1771 2873 abutebantur,

1052 2882 1109 2912 boc
1131 2882 1315 2912 dictitabant
1337 2887 1368 2912 et
1385 2880 1544 2919 jactabant
1563 2879 1770 2916 mendacium,

1051 2929 1082 2955 et
1103 2924 1195 2955 tertio
1215 2935 1337 2964 quoque
1359 2924 1454 2954 verbo
1475 2923 1505 2953 in
1530 2923 1656 2953 erebant
1675 2927 1770 2962 atque

1050 2967 1254 2998 inculcabant.
1278 2967 1460 2997 subauditur
1474 2977 1567 3006 τουτῳ
1582 2965 1625 3005 τῷ
1639 2964 1723 3006 λόγῳ.
1762 2993 1768 2997 .

1095 3012 1191 3042 1063.
1216 3014 1268 3042 11.
1295 3010 1466 3050 ἀδελφοὶ-
1482 3008 1553 3050 υῖός]
1578 3009 1693 3040 Versus
1715 3010 1770 3046 16,
