1931 3322
341 189 406 231 IN
440 189 620 232 ORAT.
651 188 735 231 DE
765 188 1069 231 RHODIOR.
1106 188 1461 232 LIBERTATE.

169 297 319 327 vocabulo
340 301 372 328 et
390 298 486 333 κακὸς,
502 298 639 337 adeoque
658 297 827 327 desinentia
845 296 876 326 in

167 339 273 375 ιιικέω,
292 350 362 370 cum
378 347 476 371 tamen
493 352 531 371 ex
550 341 610 371 alia
626 350 701 370 voce
718 345 748 370 et
767 339 880 377 ἀγαθὸς

171 382 219 412 vel
234 381 333 416 ἐσθλὸς
349 384 463 413 nullum
481 385 533 420 sit,
549 390 579 413 et
599 394 688 413 unum
706 388 822 413 tantum
840 393 877 412 ex

170 425 230 455 ulio
247 426 398 456 vocabulo
414 432 445 456 et
459 426 557 461 καλὸς,
570 427 629 456 viz.
643 425 817 465 φιλοκαλὲω,
829 425 880 455 ho-

170 474 310 499 nestatem
327 469 398 504 colo,
417 481 478 499 sum
504 480 602 500 rerum
623 471 794 508 paterarum
818 477 878 498 stn-

170 511 289 542 diosus:
309 512 450 551 adeoque
465 513 549 542 κακόν
564 513 685 542 facilius
700 512 834 540 adhaeret
850 518 880 540 et

170 555 265 584 rebus
277 556 410 585 associat
425 562 455 585 et
467 556 637 594 agglutinat
650 566 692 590 se,
704 564 791 593 quarn
806 554 880 591 ἀγα-

171 596 233 626 θόν.
254 599 381 628 Nullum
394 603 442 627 est
452 599 578 628 verbum
589 607 726 638 compos.
737 596 880 626 desinens

170 640 200 669 in
210 640 322 678 ἀγαθὲω
329 639 508 676 ιιηῐέσθλὲω,
516 641 545 670 in
555 639 647 669 aazia
654 640 793 678 plurima.
809 639 880 669 'rx-ia

170 687 286 714 tantum
303 684 486 719 observabo,
503 689 608 724 utpote
623 683 809 722 insigniora:
834 684 880 712 ἆν-

171 725 318 764 εξιιιαιιέω,
341 727 485 756 malorum
502 727 625 766 patiens,
649 727 774 756 tolerans
795 735 880 754 sum·
870 749 879 763 ,

171 766 351 804 ἐθελοκακέειν,
370 774 468 808 sponte
488 770 561 799 mali
585 779 644 798 non
662 769 787 809 ignarus
805 778 881 804 snm,

167 813 420 851 praevaricatorem
429 823 484 852 ago
491 815 642 853 inpugna,
651 810 882 851 εῐμνησικακὲω,

170 865 348 885 memorsum
357 856 513 892 malorum,
524 857 552 885 h.
566 867 593 886 e.
603 855 794 894 injuriarum,
803 855 881 885 unde

169 896 344 937 μνησίκακος
367 904 398 928 et
418 896 604 938 μνησικακία,
625 904 652 928 et
672 897 882 938 ἀμνησικακία,

171 942 355 981 injuriarum.
376 942 491 978 oblivio,
512 943 593 972 idem
617 944 699 980 quod
721 939 882 981 ἀμνηστία.

171 983 268 1025 [Haec
284 985 322 1014 ad
339 985 474 1025 priorem
496 991 596 1014 notam
614 985 695 1015 clare
712 984 881 1025 spectant]

213 1045 257 1050 -—
273 1030 325 1058 12.
347 1027 540 1068 πρυτανεύσας
565 1028 665 1058 ταῦτα
688 1029 735 1058 καὶ
762 1025 881 1068 πείσας]

171 1070 232 1100 dux
241 1076 267 1101 et
279 1077 383 1101 auctm·
393 1071 483 1110 hnjus
494 1072 551 1107 rei,
560 1070 665 1101 harum
675 1081 775 1100 rerum
788 1077 883 1100 trans-

171 1120 252 1144 actor
265 1119 294 1144 et
307 1124 434 1144 summus
449 1113 757 1154 administratorfait.
775 1125 884 1154 πρυτα-

171 1156 250 1186 νεύειν
263 1163 294 1187 et
310 1156 540 1197 πρυτανεύειν-θαι
566 1158 692 1187 verbum
706 1157 882 1187 translatum

173 1209 190 1228 a
204 1201 280 1239 Rep-
295 1201 405 1230 Athen.
430 1202 544 1230 Notum
554 1200 605 1240 qui
617 1200 726 1231 fuerint
737 1201 886 1240 πρυτάνεις

172 1243 311 1280 Athenis,
326 1249 355 1273 et
372 1245 447 1283 φυλὴ
466 1243 686 1284 πρυτανεύουσα.
736 1245 790 1273 Est
806 1254 885 1283 πρυ·

173 1286 306 1322 τανεῦειν,
321 1289 376 1316 τῶν
389 1286 547 1327 πρυτανὲων
562 1285 656 1326 officio
665 1285 776 1328 fungi,
794 1292 884 1325 atque

172 1328 244 1359 inde
268 1332 476 1370 μεταφορικῶς,
498 1340 600 1370 regere
622 1336 650 1360 et
675 1330 885 1359 administrare

173 1373 270 1411 quovis
284 1374 375 1402 modo.
421 1374 493 1411 Ulp.
505 1373 709 1412 πρυτανεύοντα
725 1371 820 1412 κυρίως
830 1372 886 1412 μὲν

174 1416 238 1445 ἀντὶ
250 1417 299 1446 τοῦ
311 1416 455 1455 πρυτανέα
465 1416 541 1452 ὄντα,
551 1417 614 1446 ἀντὶ
625 1416 653 1447 δὲ
663 1417 713 1446 τοῦ
723 1416 884 1452 &maozin-a,

174 1465 256 1498 Δημ.
272 1457 298 1488 ἔν
312 1462 505 1494 Φιλιππικοῖς.
551 1461 664 1495 Locus,
681 1469 770 1499 quem
787 1459 883 1497 respi-

173 1501 216 1531 cit
233 1503 368 1533 Gramm.
378 1503 443 1538 ille,
457 1504 587 1532 habetur
603 1503 742 1532 oratione
759 1503 797 1532 de
809 1502 882 1533 Pac.

173 1545 219 1585 [§.
245 1545 273 1578 Β
275 1546 300 1587 .]
323 1547 365 1576 τὰ
390 1544 457 1586 παρ’
479 1547 547 1585 ὑμῖν
573 1546 725 1576 &amoime
746 1544 884 1585 Φιλίππῳ

172 1588 222 1618 καὶ
246 1588 465 1628 πρυτανεύοντα.
487 1591 527 1619 ad
551 1589 685 1629 Philippi
707 1578 884 1619 commodum

172 1633 271 1661 omnia
294 1638 441 1672 regentem
463 1638 491 1662 et
521 1633 727 1663 moderantem.
778 1632 831 1663 Sic
854 1638 884 1662 et

175 1674 256 1705 Phil.
283 1681 313 1705 Γ.
341 1675 385 1716 [μ
411 1674 473 1715 ιγ’.]
499 1676 627 1706 Heliod.
649 1676 669 1705 l.
694 1675 715 1706 i.
741 1675 785 1716 [ᾗ.
811 1676 882 1716 36.]

173 1717 198 1747 εἲ
217 1717 265 1748 σή
286 1729 330 1748 σοι
351 1717 461 1748 κάθοδον
484 1718 568 1751 λάβοι
593 1718 839 1759 πρυτανευόμενος.
860 1720 885 1748 si

172 1761 310 1800 quomodo
320 1763 362 1792 ita
376 1771 439 1791 rem
448 1767 535 1802 gerat
545 1769 632 1802 atque
642 1763 839 1798 administret,
850 1767 885 1792 nt

174 1805 306 1834 reditum
330 1805 383 1834 tibi
403 1810 540 1844 procuret
562 1811 589 1834 et
612 1805 749 1835 obtineat.
795 1806 883 1835 Idem

175 1847 307 1876 suaviss.
328 1853 411 1877 auct.
432 1847 455 1878 1.
476 1848 530 1877 vii.
554 1847 596 1887 [§.
612 1848 682 1889 5o.]
701 1847 776 1881 ἔπους
796 1848 829 1877 ἂν
851 1849 884 1877 ἆ,-

174 1892 294 1930 σφαλῶς
313 1889 417 1929 γένοιτο
433 1892 676 1931 πρυτανευόμενος.
694 1896 728 1920 ut
742 1892 884 1920 securita-

175 1932 526 1974 temsuctoproviderem.
569 1935 679 1971 Synes.
690 1935 749 1973 Ep.
763 1932 885 1974 ἒῤῥωμέ-

173 1987 214 2010 νος
235 1975 364 2012 &neruine
385 1976 555 2017 φιλοσοφίας
573 1976 708 2017 εὐθυμίαν
729 1988 886 2017 πρυτανευ-

142 2032 145 2036 ’
174 2019 256 2053 οὖα-ης
277 2019 416 2059 ἀκύμονα.
437 2026 553 2050 strenue
569 2026 663 2051 totum
679 2021 746 2050 vitae
763 2030 885 2050 cursum

173 2062 320 2100 conficias,
329 2062 513 2102 philosophia
523 2066 708 2094 securitatem
720 2064 811 2093 animi
818 2074 886 2103 pru·

173 2111 297 2135 cru-ante
313 2107 515 2147 tranquillam.
567 2106 886 2147 Isocrat.[Pancgy1-.

175 2147 203 2188 ξ.
219 2148 274 2178 λδ’.
277 2149 292 2190 ]
312 2149 360 2178 και
377 2151 428 2179 τοῦ
443 2148 582 2189 ’.πολέμου
595 2150 682 2190 κύριος
701 2148 822 2188 ἐγένετο,
837 2151 886 2180 καὶ

175 2193 226 2223 τὴν
235 2192 332 2232 εἰρήνην
341 2191 538 2233 ἐπρυτάνευσε.
543 2194 600 2232 jus
611 2193 716 2223 habuit
723 2193 789 2223 betti
797 2198 825 2223 et
831 2203 887 2232 pa-

175 2245 235 2266 cem
248 2246 302 2274 pro
315 2236 441 2266 arbitrio
455 2247 507 2266 suo
521 2238 680 2267 constituit.
726 2237 887 2275 Aristoph.

177 2279 308 2309 Achai-n.
321 2279 407 2321 [59.]
417 2278 472 2319 ἐγὼ
483 2278 538 2317 μὲν
548 2279 596 2309 otu
607 2280 672 2321 (sc.
683 2279 825 2321 σιγήσω)·
837 2279 889 2310 Ἢν

175 2323 219 2361 μῆ
231 2322 292 2362 περὶ
304 2322 402 2363 εἰρήνης
413 2334 446 2361 γε
462 2322 685 2363 πρυτανεύσητε.
701 2324 756 2353 nisi
768 2324 888 2354 consilia

177 2365 212 2394 de
226 2375 296 2404 pace
309 2367 439 2406 agitetis,
454 2368 511 2396 nisi
531 2367 567 2396 cle
580 2377 648 2405 pace
663 2367 762 2407 agatis
777 2373 804 2396 et
820 2377 887 2397 con-

177 2407 291 2439 sulatis.
301 2410 462 2449 πράττητε,
475 2408 692 2451 χρηματίζητε.
712 2411 767 2440 Gr.
779 2410 888 2441 Theot.

177 2451 354 2491 πρυτανεύειν
375 2453 414 2482 de
434 2453 631 2492 providentia
646 2458 677 2483 et
695 2453 890 2484 administra-

176 2495 260 2525 tione
271 2495 375 2525 divina
384 2506 441 2525 uon
452 2506 520 2525 raro
531 2501 686 2535 usurpant.
704 2497 800 2535 Greg.
812 2497 889 2527 Naz.

179 2547 225 2568 or.
240 2538 284 2568 xi.
299 2539 335 2572 ὥς
349 2538 382 2568 ἂν
397 2538 431 2568 τδ
447 2538 660 2579 {Tornaesius
673 2539 722 2568 καὶ
738 2541 780 2578 μή
796 2551 887 2580 ταρα-

176 2580 352 2623 χθῆναι,τοῦ
362 2583 430 2613 Θεοῦ
442 2583 666 2622 πρυτανεύοντος.
691 2582 752 2612 Deo
769 2583 826 2612 viz.
837 2584 888 2612 hoc

175 2626 333 2655 ordinante
350 2630 378 2655 et
396 2627 589 2656 constituente
610 2632 644 2656 ut
665 2630 771 2664 parata
791 2635 823 2656 ea
846 2637 889 2656 res

177 2674 206 2698 et
217 2678 275 2697 non
288 2667 409 2698 turbata
425 2675 503 2699 esset.
519 2673 550 2698 et
565 2679 608 2699 or.
623 2669 668 2699 iii.
682 2669 710 2698 in
726 2669 790 2700 Jul.
807 2671 888 2699 κατὰ

178 2710 332 2750 πρόγνωσιν
343 2710 390 2741 ἐπὶ
403 2716 452 2742 τὴν
464 2711 651 2752 ἐκστρατείαν
662 2710 763 2752 ἀρθεὶς,
771 2712 818 2740 καὶ
829 2712 889 2742 δαι-

175 2754 268 2792 μόνων
291 2753 393 2785 κίνησιν
413 2755 446 2785 τὸ
463 2756 571 2793 μέλλον
593 2755 823 2796 ὑπισχνουμένων
844 2755 890 2784 καὶ

177 2797 346 2836 μεταβολὴν
374 2798 598 2838 πρυτανευόντων
629 2799 689 2833 τοῖς
718 2799 889 2838 πράγμασι.

177 2842 368 2871 mutationem
392 2852 492 2872 rernm
512 2843 748 2880 procurantium,
771 2843 890 2882 agitan-

179 2884 265 2913 tium.
311 2885 383 2914 Duo
398 2885 555 2924 praecipue
571 2890 656 2914 erant
667 2884 767 2922 capita
779 2884 810 2914 in
823 2885 890 2923 qui·

181 2927 240 2956 bus
255 2926 417 2965 plurimum
433 2928 660 2967 triumphabant
675 2927 698 2958 οἶ
711 2926 742 2966 ἐξ
757 2926 890 2964 ἐναντίας,

181 2974 211 2999 et
228 2980 295 3009 quae
311 2971 511 3002 Demostheni
528 2973 558 3002 in
576 2972 633 3002 hac
650 2981 744 3001 causa
757 2971 892 3002 maxime

182 3012 305 3045 obstare
327 3014 521 3052 videbantur,
541 3025 602 3055 quo
625 3014 725 3046 minus
749 3014 797 3045 vel
823 3015 892 3055 ipse

1538 188 1623 229 517

916 296 1054 326 Rhodios
1076 296 1242 326 defendere
1261 300 1327 325 tuto
1347 295 1532 333 honesteque
1552 303 1625 331 pos-

915 344 974 374 set,
991 340 1037 367 vel
1059 339 1265 369 Athenienses
1289 338 1476 368 Rhodiorum
1498 336 1623 365 tutelam

915 381 1072 420 suscipere
1096 392 1260 421 eorumque
1277 381 1449 410 libertatern
1466 377 1625 409 'vindicare

915 425 1072 453 deberem.
1118 426 1162 454 Ea
1177 430 1263 454 erant
1279 425 1292 454 ἦ
1309 427 1362 454 τῶν
1373 421 1480 453 Ῥοὸἵων
1496 421 1625 452 ἀπιστία

914 467 972 496 eto‘
994 469 1073 507 παρὰ
1089 469 1139 496 τοῦ
1161 465 1303 501 Cau-mimz,-
1324 467 1419 505 φᾶβος,
1442 465 1626 496 Rhodiorum

911 510 1036 549 perfidia
1067 518 1098 539 et
1125 515 1215 539 metus
1239 513 1315 549 regis
1344 510 1512 539 Persarum.
1564 509 1626 538 His

914 553 1033 581 duobus
1054 563 1108 591 per
1132 553 1365 591 procatalepsini
1390 563 1444 582 sea
1470 561 1626 590 praenccu-

914 596 1066 633 patior-em
1085 596 1216 625 occurrit
1240 596 1401 624 Demosxh.
1419 596 1447 624 in
1465 595 1553 624 initio
1573 596 1628 623 hu-

910 639 963 677 jus
981 639 1137 668 orationis.
1184 639 1225 668 Et
1241 638 1427 667 Rhodiorum
1439 638 1562 676 quidem
1581 638 1627 667 in-

910 681 1002 720 juriae
1027 688 1056 710 et
1075 681 1211 720 pertidiae
1228 680 1358 734 opponit
1378 682 1427 710 τὴν
1446 688 1628 720 μεγαλοφρο-

916 724 995 754 σύνην
1007 736 1057 758 της
1073 725 1180 757 πόλεως
1193 723 1240 753 καὶ
1252 724 1284 753 τὸ
1300 720 1420 758 σύνηθες,
1437 724 1466 752 id
1482 735 1497 751 v
1503 725 1541 754 iz.
1559 734 1626 754 esse

916 778 1001 807 ρτος,
993 769 1080 798 loria
1094 773 1122 797 et
1138 767 1242 796 indole
1255 773 1286 797 et
1298 776 1382 797 more
1395 766 1627 796 Atheniensium

915 813 957 851 μὴ
969 811 1165 850 μνησικακεῖν,
1178 811 1326 839 malorum
1340 806 1502 848 ἀμνηστίαν
1516 810 1627 844 faeere,

915 856 957 894 μὴ
980 852 1111 884 νικᾶσθαι
1135 864 1188 883 mro
1215 856 1271 883 τῶν
1296 855 1387 882 κακῶν
1411 852 1461 892 (ut
1485 852 1629 891 Apostoli

918 899 1020 927 verbis
1043 895 1140 936 utar),
1160 898 1242 926 ἀλλὰ.
1264 896 1338 936 νικᾷν
1360 906 1386 925 εν
1404 896 1446 934 τῷ
1468 894 1573 934 ἀγαθῶ
1595 893 1629 924 τὸ

916 940 1008 977 κακὸν,
1018 947 1048 970 et
1058 940 1135 970 male
1146 940 1264 970 meritis
1277 939 1435 969 benefacta
1446 938 1629 978 rependere.

917 984 1067 1022 Quamvis
1086 983 1181 1022 igitur
1199 983 1316 1012 Rhodii
1334 982 1487 1021 soedifragi
1505 981 1630 1021 perfidi-

917 1037 976 1065 qne
1003 1028 1074 1061 sint,
1099 1031 1130 1055 et
1150 1026 1196 1056 διὰ
1221 1028 1271 1057 τήν
1292 1025 1385 1056 αὐτῶν
1408 1024 1484 1064 ὕβριν
1510 1025 1592 1055 nulla
1612 1035 1630 1056 a

918 1070 1007 1099 vobis
1036 1070 1143 1109 injuria
1172 1069 1321 1104 lacessiti,
1349 1069 1404 1098 sed
1431 1079 1485 1098 sua
1512 1073 1630 1098 tantum

917 1114 1089 1152 petulantia
1110 1112 1253 1151 pennoti,
1278 1112 1389 1141 bellum
1405 1111 1496 1141 vobis
1517 1111 1629 1141 intule-

918 1157 999 1187 rint:
1026 1167 1080 1186 vos
1100 1161 1201 1186 tannen
1221 1155 1303 1193 agite
1319 1155 1402 1194 qnod
1419 1160 1556 1184 vostrum
1573 1160 1633 1191 est,

919 1206 950 1230 et
963 1199 1042 1239 quod
1061 1200 1170 1229 samam
1187 1203 1218 1228 et
1231 1199 1325 1228 decus
1341 1204 1372 1227 et
1389 1198 1583 1238 splendorem
1600 1203 1631 1228 et

919 1243 1197 1279 magnanimitatem
1215 1242 1307 1271 decet
1318 1242 1403 1271 urbis
1420 1242 1551 1278 Athen.;
1574 1241 1632 1270 mi-

919 1286 998 1315 seris
1009 1290 1040 1315 et
1054 1285 1317 1325 supplicibusjam
1332 1285 1513 1320 succurrite,
1526 1294 1632 1314 eorum

915 1331 985 1368 jura
1007 1329 1175 1364 defendite,
1189 1328 1326 1358 libertati
1345 1327 1509 1363 consulite,
1528 1332 1560 1358 et
1577 1327 1632 1357 de-

919 1372 1096 1402 mocratiam
1112 1372 1338 1412 periclitantem
1355 1371 1522 1401 suffulcite.
1560 1371 1632 1401 Hoc

920 1416 998 1445 enim
1020 1426 1078 1445 uon
1095 1416 1186 1444 modo
1202 1415 1342 1454 pulcrum
1359 1419 1390 1444 et
1406 1414 1583 1455 przeelarum
1602 1419 1634 1444 et

918 1459 1099 1498 gloriosum,
1120 1459 1172 1489 sed
1190 1458 1278 1488 etiam
1296 1458 1372 1488 utile
1393 1464 1424 1488 et
1440 1457 1633 1488 conducibile

920 1509 948 1532 et
960 1502 1209 1541 percommodum
1224 1501 1314 1532 vobis
1326 1502 1460 1531 futurum
1472 1505 1531 1530 est.
1554 1501 1634 1531 Cum

920 1546 977 1576 hoc
993 1546 1092 1585 palam
1110 1546 1249 1575 omnibus
1269 1545 1447 1579 innotuerit,
1462 1555 1520 1574 vos
1540 1544 1634 1573 liber-

919 1589 974 1618 tati
994 1589 1134 1619 vindices
1148 1594 1178 1617 et
1190 1588 1298 1619 salutis
1313 1595 1456 1618 auctores
1471 1587 1510 1617 iis
1524 1587 1634 1624 fuisse,

919 1633 970 1671 qni
992 1633 1032 1662 de
1050 1632 1137 1662 vobis
1155 1636 1214 1661 tam
1237 1631 1315 1661 male
1331 1632 1510 1666 meruerint,
1527 1641 1633 1661 omnes

920 1676 1022 1705 statim
1038 1676 1076 1705 ad
1093 1685 1149 1704 vos
1165 1675 1332 1710 confluere,
1348 1685 1451 1704 omnes
1468 1674 1633 1704 amicitiam

919 1718 1157 1757 societatemque
1167 1723 1299 1747 vestram
1310 1723 1468 1758 expetere,
1477 1717 1636 1756 incipient,

920 1766 1027 1801 utpote
1037 1760 1278 1791 benevolentiam
1289 1766 1319 1789 et
1327 1760 1492 1790 amicitiam
1502 1765 1634 1790 vestram

917 1804 1138 1834 incolumitatis
1160 1814 1224 1833 suae
1246 1804 1355 1843 pignus
1379 1809 1411 1834 et
1433 1809 1578 1834 tesseram
1603 1808 1636 1834 et

919 1848 1117 1877 arrhabonem
1135 1857 1203 1876 esse
1217 1847 1412 1876 arbitrantes.

962 1908 1007 1913 —
1021 1893 1072 1921 19.
1087 1890 1233 1930 σύμέολον
1247 1891 1299 1923 τῖς
1315 1890 1405 1920 αὐτῶν
1419 1887 1574 1930 σωτηρίας]
1587 1900 1634 1920 sa-

919 1933 992 1963 lutis
1007 1943 1065 1963 διιεῖ
1080 1934 1210 1973 signnm,
1228 1933 1274 1963 vel
1296 1938 1429 1963 tesseram
1444 1933 1636 1963 incolumita-

919 1978 956 2007 tis
965 1987 1033 2012 suae,
1047 1981 1081 2006 ut
1097 1977 1190 2007 vertit.
1204 1976 1374 2015 interpres.
1419 1976 1511 2006 Certe
1522 1975 1636 2015 σύμέο-

920 2025 966 2050 λον
982 2031 1043 2049 vox
1056 2026 1102 2049 est
1113 2019 1271 2049 latissimae
1285 2019 1536 2058 significationis:
1552 2025 1635 2057 nota,

919 2065 1049 2103 signum,
1071 2063 1229 2102 indicium,
1260 2067 1293 2092 ut
1323 2073 1391 2092 cum
1420 2062 1499 2092 dicit
1527 2063 1635 2092 Philo·

921 2107 1010 2145 soph.
1043 2106 1083 2135 τὰ
1112 2103 1137 2135 ἓν
1169 2105 1207 2146 τῇ
1237 2105 1315 2145 φωνῇ’
1351 2111 1421 2135 sunt
1452 2106 1508 2135 τῶν
1539 2104 1567 2135 ἐν
1597 2106 1637 2146 τῇ

921 2147 1008 2191 ψυχῇ
1031 2147 1216 2188 παθημάτων
1235 2147 1386 2187 σύμβολα.
1433 2150 1511 2179 Dnae
1532 2153 1635 2180 autem

922 2198 992 2222 sunt
1003 2192 1244 2232 significationes
1255 2192 1344 2231 hujus
1352 2192 1438 2222 vocis
1449 2192 1521 2232 (pro
1529 2192 1636 2233 signo)

921 2236 1055 2266 maxime
1083 2235 1231 2275 insignes,
1251 2246 1379 2275 quorum
1405 2236 1502 2266 altera
1525 2236 1634 2268 saltem

922 2279 994 2309 huic
1022 2280 1091 2309 loco
1124 2289 1295 2318 congruere
1320 2279 1457 2315 videtur,
1487 2278 1547 2308 viz.
1574 2289 1635 2318 qua

922 2321 1070 2361 σύμβολα]
1086 2322 1209 2362 ponitur
1225 2333 1278 2362 pro
1295 2329 1399 2353 tessera
1414 2322 1552 2356 militari,
1569 2323 1635 2353 sivo

924 2365 1010 2405 signo
1022 2366 1135 2396 bellico
1151 2376 1210 2405 quo
1225 2366 1301 2395 socii
1313 2367 1351 2395 ab
1365 2366 1504 2396 hostibus
1518 2365 1636 2396 discer-

923 2415 1036 2438 nuntur
1048 2410 1078 2438 in
1095 2409 1173 2445 acie,
1185 2410 1266 2448 quod
1282 2409 1486 2439 communiter
1502 2407 1635 2449 σύνθημα

923 2453 1005 2492 apnd
1021 2454 1089 2489 Gr.,
1114 2453 1199 2492 quasi
1216 2453 1248 2482 id
1266 2453 1304 2482 de
1328 2463 1388 2491 quo
1411 2452 1493 2491 pacti
1512 2457 1582 2482 suut
1604 2457 1636 2482 et

923 2506 1092 2525 convenere
1103 2506 1208 2526 omnes
1220 2495 1270 2534 qui
1285 2495 1314 2524 in
1330 2496 1440 2525 iisdem
1457 2495 1568 2526 castris
1581 2495 1636 2525 mi-

922 2539 1023 2571 litant.
1042 2540 1133 2576 vulgo
1151 2545 1250 2567 u‘onn
1264 2549 1296 2568 or
1311 2544 1556 2573 WATCH-WORD,
1568 2539 1636 2570 Lat.

922 2588 1034 2612 tessera.
1059 2582 1149 2621 Virg.
1165 2580 1252 2621 [AEn.
1268 2582 1320 2611 vii.
1336 2581 1428 2622 637]
1465 2586 1487 2599 ¹¹
1501 2582 1548 2611 Sit
1565 2582 1637 2612 belli

923 2630 1040 2655 tessera
1057 2623 1209 2664 signum.'’
1242 2625 1299 2655 Sit.
1320 2625 1391 2655 ltal.
1412 2623 1451 2664 [l.
1472 2624 1522 2654 vii.
1544 2623 1635 2664 347]

924 2672 943 2686 ‘¹
969 2669 1117 2698 discurrit
1147 2673 1264 2697 tessera
1293 2667 1438 2698 castris.''
1466 2672 1496 2696 et
1525 2668 1637 2698 iterum

924 2711 962 2752 [Ι.
989 2722 1042 2741 xv.
1071 2711 1164 2752 475]
1189 2712 1353 2741 “tacitum
1377 2711 1431 2740 dat
1455 2715 1572 2740 tessera
1593 2710 1637 2740 si-

924 2754 1048 2791 gnum.’‘
1072 2755 1123 2784 nbi
1147 2754 1320 2793 intelligere
1345 2754 1466 2784 videtur
1489 2763 1546 2782 non
1570 2754 1637 2784 σύν-

923 2797 1003 2836 Θημα
1017 2798 1069 2827 sed
1087 2796 1310 2838 παρασύνθημα.
1336 2799 1383 2826 Ita
1399 2796 1478 2826 enim
1493 2796 1638 2827 differunt

924 2840 1054 2880 σύνθημα
1070 2847 1099 2871 et
1115 2841 1331 2881 παρασόνθημα
1346 2841 1452 2880 (juxta
1468 2841 1638 2878 scriptores

924 2883 1082 2925 melicos),
1099 2890 1133 2914 ut
1154 2886 1272 2924 signum
1294 2884 1390 2914 vocale
1408 2883 1457 2922 (in
1482 2882 1581 2922 bello)
1598 2884 1640 2913 sit.

924 2926 1068 2967 σύνθημα,
1095 2929 1212 2968 signum
1249 2932 1365 2957 mutum
1401 2925 1640 2965 παρασὺνὲημα.

926 2972 1082 3001 Maximus
1100 2976 1202 3001 autem
1220 2980 1294 3000 usus
1309 2968 1583 3010 ωαρασυνὸἦματος
1597 2970 1637 3000 ob

926 3015 1040 3046 milites
1070 3013 1252 3054 peregrinos
1288 3013 1340 3053 qui
1377 3013 1502 3043 diversa
1531 3012 1638 3053 lingua
