1931 3323
362 215 445 255 338

358 333 415 353 sese
432 324 579 355 dederent.
625 327 715 364 Quod
736 325 886 356 Lucienus
906 326 936 355 in
963 325 1068 355 lauda-

359 367 443 397 tione
461 369 678 399 Demosthenis
694 371 750 399 sub
766 369 919 409 Antipatri
936 378 1068 408 persona

360 410 445 445 dicit,
467 411 591 451 κώλυμα
614 422 645 442 τι
668 413 715 441 καὶ
737 412 869 453 πρόβολος
893 413 959 451 ἡμῖν
986 412 999 441 ὅ
1022 411 1068 440 ε’ὶν-

360 452 463 490 θρωπός
483 453 559 490 ἔστι,
580 457 622 495 μὴ
645 455 731 486 πάντ’
750 456 822 497 ἔχειν
845 455 876 494 ἐξ
896 454 1065 495 ἐπιδρομῆςῑ

359 496 441 525 idem
460 502 517 526 est.

402 558 446 562 —-
459 542 488 569 4.
516 538 611 581 κᾷτα]
627 541 673 570 καὶ
690 542 763 572 εἶτα.
780 540 962 579 διέψευσται,
978 552 995 571 a
1010 541 1068 570 διοι-

360 580 515 621 ψεύδομαι.

401 644 442 647 -
451 628 480 655 5.
492 629 568 666 παρὰ
575 627 698 666 γνώμην]
709 633 814 664 prater
821 628 1066 665 exspectationem,

358 668 444 698 aliter
467 680 552 708 quam
575 670 678 699 voluit.
722 670 821 706 Supra
842 671 920 696 ›ewa-34
944 669 1066 705 γνώμην,

358 717 404 740 est
422 712 509 749 liujus
525 711 721 739 contrarium.

402 772 443 776 -—
459 755 488 783 6.
513 753 578 782 εἶτα
594 755 633 782 τὰ
649 756 704 781 τῶν
725 750 892 790 Θετταλῶν]
919 751 963 780 II.
991 752 1064 780 Per-

358 796 429 825 fidia
444 796 668 825 Thessalorum.
686 795 844 825 Diodorus
867 794 917 822 lib.
943 797 993 823 11.
1010 794 1062 823 fol.

358 841 431 869 283.
465 839 503 867 de
529 849 629 877 pugna
653 838 689 868 ad
719 839 899 876 Tanagram,
923 839 978 866 τῶν
1008 836 1063 876 μὲν

357 883 512 911 Θετταλῶν
534 881 758 921 μεταβαλόντων
779 879 805 909 ἐν
826 880 865 922 τῇ
885 880 973 921 μάχῃ
991 879 1063 921 ἀτρὸς

358 926 423 958 τοὺς
435 922 676 963 Λακεδαιμονίους.

401 985 443 990 —-
466 967 541 996 ibid.
566 969 605 998 τίι
629 970 684 997 τῶν
707 966 880 1007 Θετταλῶν]
909 966 1061 1006 Ulpianus

358 1009 408 1039 hic
425 1010 560 1049 argutias
583 1011 702 1050 quaerit.
726 1010 777 1039 sed
802 1016 834 1039 ut
857 1009 1001 1045 dicimus,
1022 1011 1062 1039 τὰ.

356 1055 408 1085 τῆς
423 1052 603 1089 δικαιοσύνης,
619 1054 827 1094 projitstitz'a:
852 1053 897 1082 sic
915 1053 1006 1083 etiam
1022 1055 1062 1083 τὰ

355 1098 412 1125 τῶν
427 1099 594 1132 Θεσσαλῶν,
611 1098 673 1127 dici
690 1101 764 1136 puto
782 1107 836 1136 pro
855 1096 1003 1126 Thessalis.

398 1156 439 1161 -
457 1140 531 1170 ibid.
548 1143 643 1171 ταῦτα
659 1140 728 1182 γὰρ]
747 1140 783 1169 [(1
799 1148 857 1176 est,
869 1137 941 1170 οὗτοι
953 1141 974 1170 οἳ
989 1146 1062 1170 Θεσ-

358 1181 452 1212 σαλοί.

399 1243 442 1248 —
462 1228 492 1256 9.
511 1227 580 1256 εἰσὶν
600 1225 804 1268 ἐψηφισμένοι]
822 1227 860 1256 Id
881 1231 941 1262 est,
959 1224 1063 1266 ἐψηφί-

355 1280 451 1298 ffew‘ro.

398 1330 441 1335 -—
458 1315 508 1343 10.
524 1312 671 1355 τειχίζειν]
696 1313 849 1355 ὀχυρῶσαι,
864 1311 981 1353 φρουρίον
1000 1311 1062 1342 ἔνοι-

354 1356 490 1394 κοδομεῖν.

397 1416 440 1421 —-
453 1399 531 1429 ibid.
548 1401 611 1433 τοὺς
624 1399 756 1441 λιμένας]
773 1401 828 1433 τὰς
849 1397 996 1439 προσόδους
1011 1400 1063 1428 τῶν

353 1441 483 1481 λιμένων.

399 1503 442 1507 —-
458 1496 529 1525 pen.
550 1488 607 1520 τὰς
631 1486 748 1527 ἀγοξᾶς]
777 1487 818 1515 τὰ
839 1484 907 1515 τέλη
929 1487 984 1520 τῶν
1007 1483 1062 1524 ἒμ-

355 1526 461 1568 71¹0?le-

398 1589 441 1594 —-
455 1572 530 1602 ibid.
554 1575 593 1603 τὰ
608 1573 698 1613 κοιναὶ]
717 1572 749 1602 τὸ
765 1572 857 1607 κοινὸν,
876 1571 1061 1610 Respublica,

355 1625 526 1654 quanquam
550 1621 581 1646 et
597 1617 706 1646 Cicero
728 1625 879 1645 commune
894 1615 951 1644 hoc
972 1616 1063 1645 modo

356 1658 450 1693 dixit,
477 1664 510 1688 ut
537 1663 567 1688 et
590 1659 623 1689 τὸ
645 1658 768 1699 κωμικὸν
797 1658 844 1688 καὶ
866 1657 900 1687 τὸ
922 1659 1063 1698 τραγικόν,

356 1701 514 1731 Comicum
531 1706 561 1731 et
576 1703 751 1741 ff'ragicuzn,
765 1702 840 1731 dure
856 1701 939 1731 satis.

398 1762 441 1766 ——
458 1745 513 1775 ult.
530 1744 597 1785 δέοι]
622 1745 738 1775 Latinis
755 1745 803 1774 hio
821 1745 963 1776 utendum
981 1750 1063 1774 esset

354 1786 504 1817 infinitivo
520 1787 582 1817 δεῖν.

394 1847 437 1853 --
445 1831 520 1860 ibid.
530 1831 650 1872 διοικεῖν]
662 1832 881 1866 administrare,
889 1836 1060 1861 sustentare.

399 1873 436 1902 P.
454 1876 506 1906 25.
524 1876 553 1904 Q.
570 1874 607 1908 εἷς
617 1875 711 1905 στενὸν
723 1874 824 1915 κομιδῇ
839 1874 1062 1904 καταστήσεται

355 1916 450 1957 αὐτῷ]
485 1918 518 1947 in
546 1918 704 1948 admodum
731 1923 846 1947 arctum
875 1918 1061 1957 redigentur.

356 1959 443 1990 Sicut
459 1960 622 1991 Comicus:
648 1966 668 1979 ‘¹
683 1963 774 1992 Nunc
797 1971 872 1990 meae
892 1961 922 1990 in
946 1964 1062 1990 arctum

356 2008 509 2042 coguntur
524 2003 655 2042 copiae.''

397 2064 440 2070 ·-—-
455 2047 532 2077 ibid.
557 2049 597 2077 τὰ
620 2050 671 2082 τῆς
694 2049 794 2088 τροφῆς
815 2049 870 2077 τῶν
894 2045 988 2089 ξένων]
1024 2048 1062 2077 Id

354 2093 413 2126 est,
432 2091 445 2120 ἣ
459 2093 545 2130 τξοφῆ
563 2093 617 2120 τῶν
631 2090 720 2130 ξένων.

398 2151 441 2156 --
458 2136 487 2163 4.
518 2133 632 2168 τούτους
660 2134 808 2174 ἅπαντας]
845 2133 974 2163 Scilicet
999 2135 1064 2168 τοὺς

353 2175 408 2206 ὑπὸ
425 2177 578 2207 Φίλιππον
592 2177 672 2211 ὄντας
689 2176 736 2206 καὶ
753 2176 975 2216 δεδουλωμένους.

396 2236 438 2241 --
458 2220 531 2249 ibid.
555 2219 738 2260 αὐτονόμους]
763 2220 815 2249 Sic
838 2220 964 2250 ordina:
992 2219 1062 2250 ἥδιον

354 2261 386 2291 ἒιν
401 2262 468 2293 εῖναι
487 2262 656 2303 αὐτονόμους
676 2264 723 2293 καὶ
745 2262 906 2304 ἐλευθέρους.
954 2265 1061 2302 Neque

353 2306 433 2335 enim
464 2312 539 2345 puto
569 2308 697 2337 multum
719 2306 799 2336 inter
826 2305 990 2345 αὐτονομίαν
1013 2306 1061 2336 καὶ

353 2347 509 2390 ἐλευθερίαν
522 2350 680 2381 interesse.
716 2350 882 2379 Paeonibus
892 2350 1061 2389 imperabat

355 2392 529 2432 Philippus.
574 2394 643 2423 Non
658 2393 753 2432 igitur
768 2393 789 2423 ii
814 2394 889 2429 suis,
907 2394 960 2422 sed
977 2393 1060 2432 regis

354 2435 476 2473 legibus
494 2437 649 2467 vivebant.
695 2438 788 2467 Erant
801 2437 879 2467 enim
896 2438 962 2476 ejus
979 2447 1060 2466 man-

357 2478 429 2508 data
457 2479 555 2518 leges,
580 2480 660 2510 sicut
688 2491 761 2510 vere
788 2479 864 2510 dicit
885 2480 1059 2509 Isocrates:

356 2531 428 2559 pag.
444 2525 495 2551 11.
513 2534 542 2552 v.
564 2524 616 2553 50.
633 2522 821 2565 ἰσχυρότατον
842 2522 907 2553 εῖναι
921 2521 1000 2563 νόμον
1014 2522 1060 2552 τόν

356 2563 455 2604 τρόπον
477 2568 532 2594 τῶν
553 2564 702 2597 ςασιλὲων.
746 2567 813 2596 Jam
838 2567 863 2596 si
891 2567 929 2595 ab
953 2566 1060 2595 alienis

354 2608 505 2637 mandatis
520 2610 702 2646 pendebant,
721 2620 779 2639 non
790 2614 875 2639 erant
885 2609 974 2639 liberi
990 2609 1059 2650 (ha-

353 2649 467 2679 bebant
481 2651 559 2680 enim
575 2652 747 2691 dominum)
764 2653 789 2682 si
805 2652 1058 2692 nonliberi‚ergo

355 2694 455 2723 servi:
479 2695 559 2732 quod
576 2696 699 2725 verbum
717 2695 818 2725 statim
830 2695 975 2735 sequitur.
1006 2696 1058 2726 Sic

353 2735 366 2764 ὅ
388 2738 429 2774 μὴ
452 2736 603 2776 αὐτόνομος
625 2739 670 2774 ὢν,
699 2739 747 2768 οὐκ
769 2738 848 2769 ἔστιν
876 2737 1022 2780 ἐλεύθερος·
1047 2739 1059 2769 ὅ

353 2781 396 2817 μὴ
413 2778 547 2820 ἐλεύθερος
569 2781 669 2814 δοῦλος.
690 2782 771 2820 quod
790 2783 827 2811 de
850 2782 887 2811 iis
909 2783 1058 2812 duntaxat

351 2822 583 2862 intelligendum
605 2829 663 2861 est,
686 2824 736 2863 qui
754 2835 810 2853 non
828 2825 900 2864 legi,
918 2826 970 2855 sed
991 2826 1057 2865 regi

353 2865 421 2896 sive
441 2871 568 2907 tyranno
589 2873 707 2907 parent.
752 2867 875 2906 Alioqui
902 2869 1056 2899 veniemus

350 2908 380 2938 in
406 2911 602 2949 Euripideam
625 2911 874 2950 disputationem,
896 2915 927 2940 et
953 2912 1057 2942 Stoice

352 2953 582 2989 concludemus,
599 2955 747 2984 neminem
763 2964 886 2993 prorsus
900 2964 968 2984 esse
980 2955 1057 2985 libe-

350 3005 429 3031 rum,
445 2997 494 3027 cui
514 2996 593 3028 nllus
615 2998 663 3028 vel
684 2998 774 3027 nomo
791 2997 839 3027 vel
856 2996 985 3028 affectus
1001 2998 1056 3027 do-

350 3039 490 3071 minetur.
544 3041 636 3078 Quod
668 3040 809 3081 equidem
836 3050 943 3080 parum
969 3041 1058 3073 abest

610 216 665 256 H.
698 215 920 257 WOLFH
958 215 1018 256 IN
1056 215 1088 256 Ι.

1124 213 1561 257 OLYNTHIACAM

1104 324 1173 364 quin
1186 334 1291 354 verum
1306 334 1375 355 esse
1392 325 1545 356 confitear.

1145 385 1186 391 ——
1202 369 1231 397 6.
1256 365 1362 409 ἀήθεις]
1386 369 1430 398 Ut
1450 368 1587 398 homines
1610 367 1809 404 bellicosi,'et

1104 411 1208 441 hostes
1225 410 1346 441 vincere
1367 411 1463 442 soliti.
1509 411 1612 450 Magis
1637 417 1735 440 autem
1752 411 1807 440 ‹lo-

1102 454 1165 483 lent
1188 454 1307 483 insueta
1332 456 1427 484 mala:
1457 457 1499 490 et,
1525 461 1558 484 nt
1582 453 1731 494 Virgilius
1755 453 1812 490 ait,

1104 502 1125 514 “
1143 498 1303 534 Quondam
1319 498 1409 527 etiam
1427 497 1519 528 victis
1535 498 1613 528 redit
1629 498 1658 526 in
1676 507 1808 536 praecor-

1102 541 1151 570 dia
1176 539 1306 570 virtus.'’
1350 542 1413 571 Sed
1436 541 1458 571 ii
1483 541 1534 580 qui
1556 541 1669 571 virtute
1692 545 1809 576 carent,

1101 584 1275 613 rectissime
1292 583 1417 621 faciunt,
1434 584 1459 614 si
1475 584 1572 623 aequis
1587 583 1695 613 animis
1710 584 1809 613 serant

1101 627 1292 655 servitutem.
1339 627 1391 656 Sic
1415 627 1556 666 quoniam
1578 626 1649 657 leve
1664 626 1707 663 fit,
1724 626 1807 664 quod

1102 668 1176 697 bene
1188 668 1283 698 fertur
1299 679 1386 698 onus.

1142 711 1272 740 -ibid.
1296 711 1476 753 καταλούειν]
1493 710 1694 751 Ἐμφατικῶς.
1722 711 1809 750 quasi

1099 751 1192 785 dicat,
1209 751 1292 782 πάνθ’
1306 753 1455 793 ὑπηρετεῖν
1469 755 1516 782 καὶ
1533 757 1573 783 τὰ,
1586 752 1691 790 δίκαια,
1703 754 1752 783 καὶ
1767 757 1808 784 τὰ

1098 792 1216 824 ἐναντία.
1241 805 1346 824 morem
1376 798 1402 826 ei
1421 806 1522 836 gerere
1544 797 1578 826 in
1607 797 1692 826 rebus
1718 799 1810 827 omni·

1099 837 1162 873 bus,
1188 839 1245 867 sive
1263 839 1368 876 justis,
1397 840 1454 868 sive
1484 840 1612 878 injustis.
1657 841 1694 870 Id
1723 840 1806 879 quod

1098 880 1197 909 Creon
1214 882 1291 919 apud
1310 882 1494 920 Sophoclem
1510 884 1672 922 τυραννικῶς
1693 892 1710 912 a
1730 883 1808 913 civi-

1098 923 1155 953 bus
1171 924 1316 962 postulat.

1140 984 1182 988 ——-
1196 967 1272 996 ibid.
1288 965 1442 1009 ἄνθρωπος]
1469 968 1507 997 Id
1531 972 1590 1003 est,
1615 967 1628 997 ὁ
1651 966 1807 1004 olma-wo,-

1097 1007 1177 1039 ἐστὶν
1193 1009 1335 1050 ὑβριστής.
1352 1011 1398 1040 sic
1421 1011 1511 1047 malo,
1531 1021 1621 1050 quam
1636 1011 1649 1040 ὅ
1666 1010 1808 1047 Φίλιππός

1098 1051 1177 1083 ἐστιν
1191 1053 1335 1094 ἄνθρωπος
1345 1054 1488 1095 ὑβριστος.
1503 1054 1650 1084 articulus
1666 1054 1679 1084 ὃ
1695 1059 1725 1085 et
1741 1065 1809 1086 ver-

1098 1107 1170 1126 vum
1186 1095 1265 1127 ἐστὶν
1279 1097 1402 1133 omissa,
1412 1099 1535 1127 turbant
1549 1097 1698 1128 rudiores.

1140 1158 1183 1162 —
1209 1140 1283 1171 ibid.
1315 1140 1464 1182 ὑβριστής]
1496 1141 1676 1181 ὑπερήφανος,
1703 1140 1808 1178 ἄδικος,

1098 1183 1231 1223 τύραννος.
1249 1185 1336 1223 cujus
1352 1184 1501 1214 cantilena
1516 1189 1584 1214 est:

1099 1255 1120 1268 ‘¹
1137 1252 1188 1281 Sic
1209 1252 1279 1282 volo
1299 1252 1464 1305 siejubeo,
1484 1252 1526 1283 sit
1543 1263 1599 1292 pro
1616 1251 1733 1284 ratione
1753 1263 1806 1285 vo-

1183 1295 1295 1325 luntas.
1308 1295 1315 1307 ’

1140 1372 1182 1376 --
1197 1356 1229 1384 ’7.
1245 1355 1279 1388 ὥς
1293 1355 1383 1396 φασι]
1405 1356 1525 1386 Cautus
1545 1360 1594 1386 est
1620 1356 1805 1386 Demosthe-

1098 1407 1164 1434 nes,
1178 1408 1212 1427 ac
1229 1398 1370 1428 vanitatis
1384 1398 1558 1438 opinionem
1571 1404 1672 1435 cavet,
1683 1398 1713 1428 iu
1725 1400 1807 1429 vitu-

1098 1441 1234 1479 perando
1251 1442 1418 1481 Philippo:
1444 1442 1493 1471 cui
1512 1443 1578 1472 laus
1598 1441 1810 1478 humanitatis,

1099 1484 1167 1514 sive
1184 1495 1276 1521 verae,
1290 1486 1355 1515 sive
1372 1496 1427 1525 pro
1438 1496 1472 1516 re
1487 1491 1556 1516 nata
1572 1485 1734 1521 simulatae,
1751 1486 1806 1516 tri-

1098 1528 1256 1558 buebatur.

1139 1588 1183 1594 —·
1198 1572 1273 1601 ibid.
1289 1571 1338 1601 καὶ
1352 1573 1399 1611 μὰ
1414 1569 1475 1612 Δί’]
1499 1569 1732 1613 Πςοκατάληψις.

1139 1632 1181 1637 --
1194 1614 1270 1644 ibid.
1286 1614 1373 1655 οὐδὲν]
1391 1616 1454 1645 Pro
1470 1615 1528 1645 οὐκ.
1547 1616 1601 1646 sed
1617 1615 1695 1645 illud
1709 1616 1806 1655 majo-

1097 1668 1159 1688 rem
1175 1658 1267 1688 habet
1280 1657 1419 1697 ἔμφασιν.

1140 1718 1183 1724 —
1197 1701 1275 1731 ibid.
1299 1700 1332 1730 τὸ
1351 1704 1407 1742 γὰρ
1420 1699 1450 1731 εὖ
1465 1701 1618 1742 πράττειν]
1641 1701 1801 1732 Refntatio

1098 1745 1164 1783 ejus
1182 1745 1261 1783 quod
1279 1745 1372 1783 objici
1388 1749 1519 1784 poterat,
1543 1744 1718 1784 Philippum
1734 1756 1804 1775 esse

1097 1788 1269 1823 humanum,
1286 1792 1316 1817 et
1332 1789 1467 1827 justum:
1493 1787 1624 1817 sumitur
1641 1789 1679 1817 ab
1695 1788 1803 1828 adjun-

1097 1831 1164 1861 ctis.
1210 1830 1381 1861 Comitatur
1405 1831 1483 1861 enim
1504 1831 1683 1861 felicitatem
1706 1831 1804 1861 inusi-

1096 1879 1188 1904 tatam
1209 1874 1389 1914 plerumque
1412 1875 1585 1910 insolentia,
1607 1874 1803 1905 insolentiam

1097 1918 1212 1954 odium,
1235 1917 1338 1948 odium
1358 1918 1493 1948 defectio
1520 1927 1730 1958 novarumque
1753 1928 1803 1948 re-

1096 1971 1161 1991 rum
1177 1961 1309 1991 studium
1325 1960 1474 2000 sequitur.

1138 2022 1182 2027 »-
1196 2004 1271 2034 ibid.
1293 2003 1326 2034 τδ
1349 2002 1379 2034 εῧ
1402 2003 1554 2046 πράττειν]
1578 2005 1592 2035 ἦ
1616 2001 1765 2045 εὗπςαξία,
1786 2003 1801 2034 ἦ

1097 2046 1230 2089 εὐτυχία.

1139 2109 1182 2114 -——
1201 2094 1231 2121 8.
1248 2092 1327 2130 παρὰ
1344 2091 1393 2121 τὴν
1411 2086 1506 2131 ἀξίαν]
1525 2088 1632 2130 ”Αξιος,
1646 2101 1676 2125 α,
1698 2100 1734 2126 ον,
1754 2090 1800 2119 di-

1093 2145 1182 2175 gnus,
1201 2147 1230 2171 a,
1248 2145 1310 2164 um.
1325 2135 1339 2164 ἡ
1353 2132 1431 2173 ἀξία,
1446 2133 1648 2169 substantive,
1660 2134 1802 2174 dignitas,

1092 2180 1231 2216 pretinm,
1243 2178 1389 2208 meritum.
1403 2175 1472 2216 κατῗ
1484 2175 1575 2216 ἀξίαν,
1588 2176 1620 2207 id
1635 2180 1693 2212 est,
1708 2175 1802 2215 ἀξίως,

1093 2231 1146 2259 pro
1163 2223 1322 2262 dignitate,
1343 2219 1411 2259 ὑπὲρ
1426 2221 1475 2251 τὴν
1490 2218 1579 2259 ἀξίαν,
1597 2229 1686 2259 supra
1700 2220 1801 2259 digni-

1095 2270 1194 2300 tatem,
1205 2263 1273 2304 'neg’
1284 2261 1374 2302 ἀξίαν,
1386 2268 1489 2293 contra
1500 2263 1683 2303 dignitatem.
1699 2262 1801 2301 Signi-

1095 2307 1164 2338 ficat
1181 2308 1284 2347 igitur,
1308 2305 1487 2346 Philippum
1511 2307 1550 2336 ob
1569 2306 1800 2345 improbitatem

1093 2350 1249 2389 indignum
1266 2360 1336 2380 esse
1352 2350 1444 2380 tantis
1466 2350 1670 2380 successibus
1716 2350 1752 2379 In
1768 2348 1801 2382 Β.

1092 2392 1209 2423 Ὀλυνθ.
1224 2395 1247 2424 οἳ
1257 2396 1335 2433 παρὰ
1348 2395 1397 2424 τῆν
1412 2391 1492 2432 ἀξίαν
1501 2393 1593 2424 αὐτῶν
1606 2390 1800 2432 δεδουλωμένοι

1093 2435 1248 2467 Θεσσαλοί.
1291 2436 1391 2473 Quos,
1404 2447 1473 2466 cum
1486 2436 1536 2467 hie
1548 2436 1683 2476 perfidos
1696 2439 1798 2472 vocet,

1092 2480 1136 2510 ibi
1154 2486 1253 2510 tamen
1269 2479 1417 2519 Philippo
1431 2480 1598 2518 anteponit.
1621 2480 1722 2518 Atque
1734 2479 1799 2508 haec

1094 2524 1227 2563 vulgaris
1238 2523 1395 2563 expositio
1412 2523 1553 2553 vocabuli
1569 2527 1637 2553 est:
1654 2522 1708 2552 sed
1723 2521 1796 2551 mihi

1093 2567 1198 2597 nescio
1215 2567 1368 2606 quomodo
1380 2566 1532 2596 interdum
1549 2575 1606 2596 non
1625 2570 1684 2595 tam
1697 2565 1798 2605 digni-

1092 2616 1191 2646 tatem,
1206 2621 1294 2650 quam
1308 2610 1435 2648 aliquid,
1450 2609 1531 2649 quod
1544 2608 1667 2638 modum
1683 2612 1714 2637 et
1724 2617 1796 2637 con-

1093 2653 1283 2684 suetudinem
1308 2652 1444 2688 excedit,
1465 2651 1637 2691 significare
1663 2650 1795 2680 videtur.

1093 2702 1136 2733 ut,
1147 2696 1180 2727 τό
1194 2695 1223 2727 εἶν’
1238 2696 1377 2738 πράττειν
1390 2696 1468 2735 παρὰ
1479 2697 1528 2727 τὴν
1541 2692 1632 2734 ἀξίαν,
1647 2693 1687 2723 sit
1696 2694 1796 2723 immo·

1091 2741 1158 2770 dica
1180 2745 1207 2770 et
1222 2741 1364 2770 inusitata
1376 2738 1520 2780 felicitas,
1537 2737 1696 2777 παξίιλογος
1716 2736 1798 2766 εὔτυ-

1090 2782 1156 2824 χία,
1184 2794 1272 2823 quam
1303 2783 1370 2822 ipse
1399 2782 1490 2812 etiam
1518 2780 1682 2820 Philippus
1712 2779 1795 2819 apud

1090 2827 1256 2856 Lucianum
1273 2826 1330 2856 sibi
1347 2824 1465 2860 tribuit,
1478 2823 1526 2854 his
1539 2823 1641 2853 verbis
1654 2833 1662 2852 x
1675 2821 1714 2864 τῇ
1728 2832 1796 2852 ωα-

1090 2868 1191 2909 ραδόξῳ
1206 2868 1276 2910 ῥοπῇ
1295 2870 1347 2902 τῆς
1367 2867 1461 2909 τύχης
1483 2866 1522 2908 τῇ
1541 2868 1639 2897 πολλοὶ
1654 2865 1798 2898 πολλάκις

1090 2914 1157 2952 ἡμῖν
1165 2909 1383 2952 συνειργασμὲνῃ
1391 2907 1614 2951 κεκρατήκαμεν.
1625 2909 1689 2939 Pau
1694 2907 1794 2938 sanias

1089 2955 1163 2986 item
1178 2956 1209 2986 in
1224 2954 1442 2985 Messeniacis:
1465 2952 1511 2983 διὰ
1527 2952 1555 2983 δὲ
1570 2954 1620 2983 τὴν
1629 2950 1793 2991 κουφότητα

1089 2999 1118 3028 οὐ
1143 3000 1283 3040 χαλεπῶς
1307 2995 1518 3037 ἀποφευγόντων
1542 2998 1596 3026 τῶν
1622 2992 1794 3029 Μεσσηνίων,

1088 3041 1190 3085 ἀπορία
1201 3041 1262 3075 τοῖς
1274 3039 1509 3082 Λακεδαιμονίοις,
1517 3038 1564 3070 καὶ
1576 3036 1630 3070 ἀπ’
1643 3037 1732 3073 αὐτῆς
1745 3035 1792 3068 ἤδη
