1948 3322
248 197 332 239 AD
369 193 736 238 ORATIONEM
772 192 855 236 DE
889 193 1080 235 FALSA
1112 195 1476 241 LEGATIONE.

163 303 380 346 aliquantisper
394 301 520 334 ludendi
534 308 626 342 atque
637 301 788 339 morandi,
803 312 873 332 cum

163 357 237 378 reus
259 349 370 378 actoris
391 356 551 387 personam
574 347 633 376 sibi
655 346 765 380 induit,
789 346 818 375 h.
844 355 872 375 e.

163 390 290 421 crimina
310 391 341 421 in
363 401 397 421 se
417 389 530 420 intorta
551 389 581 419 in
601 393 808 420 accusatorem
822 399 872 419 re-

162 437 292 473 torquet.

205 493 248 500 —
266 480 315 507 18.
337 477 378 506 ‘rh
402 474 430 506 δὲ
453 474 636 517 πράγματα]
670 476 735 505 scil.
755 476 795 505 τὰ
819 473 873 505 ὑπὸ

161 517 261 548 τούτου
269 517 474 560 διεφθαρμένα.
491 519 550 548 nisi
562 519 649 549 malis
664 519 779 558 legere,
790 519 830 548 τιὶ
843 517 871 548 δὲ

160 561 262 592 erobwv
273 561 451 602 πςαῖγματα,
467 568 520 592 aut
533 564 574 592 τὰ
588 564 629 592 σὲ
646 561 674 591 δὲ
693 560 870 603 πράγματα.

162 607 214 634 tua
229 614 301 634 vero
316 615 408 635 causa
421 605 464 635 nil
476 615 514 635 eo
529 605 562 634 fit
575 605 694 635 melior.

201 664 245 670 --
258 650 312 679 21.
328 646 484 690 ἀπολογία]
501 648 602 678 nullus
618 658 686 678 cum
701 647 871 677 dubitarem

158 695 232 730 post
254 689 402 731 ἀπολογία
421 701 440 721 e
463 691 630 731 praemissis
652 690 744 722 tacite
759 690 870 729 repeti,

159 742 214 763 seu
226 735 385 765 subaudiri
399 734 513 765 debere
528 733 677 774 ἐπιδεῖξαι,
690 734 763 763 ideo
775 733 872 773 φεύξε-

157 787 208 806 ται
223 777 311 808 uncis
325 777 446 808 inclusi.
470 778 552 808 idem
565 784 613 807 est
624 788 660 808 ac
675 777 703 807 si
718 777 854 807 dixisset
867 788 874 807 :

157 816 306 858 ἐπιδεῖξαι,
320 819 381 854 ἥτις
393 819 472 851 ἐστὶν
491 822 505 853 ἦ
523 819 617 850 δικαία
630 819 686 855 ὁδὸς
701 822 753 854 τῆς
766 820 871 850 dorom-

156 860 229 900 νίας.
251 867 284 893 et
305 864 430 900 docere,
452 875 520 904 quae
541 864 582 894 sit
597 875 670 895 vera
685 868 777 903 atque
794 864 872 904 legi-

154 905 230 936 tima
245 907 292 936 sui
308 907 457 947 purgandi
471 907 561 938 ratio.

201 966 243 972 —
261 953 313 981 25.
335 950 476 991 ποιῆσαι]
498 951 533 981 id
553 955 611 986 est,
628 949 727 990 δεῖξαι.
751 949 872 989 gemina

156 991 216 1021 fuit
235 992 307 1022 olim
323 993 354 1023 in
368 993 460 1024 libris
476 995 505 1024 h.
521 994 542 1023 l.
563 993 667 1028 lectiv.
683 994 780 1024 altera
793 995 871 1023 ποιῆ-

158 1045 221 1070 σαι,
236 1035 332 1066 altera
345 1037 442 1068 εἰπεῖν.

201 1080 276 1110 405.
294 1083 345 1110 10.
368 1078 413 1119 ἐφ’
427 1079 509 1120 ὑμῖν]
530 1083 614 1110 recte
629 1081 730 1110 habet.
744 1079 775 1109 in
791 1079 871 1108 frau-

154 1121 238 1158 dem,
253 1123 284 1152 in
298 1128 418 1162 pestem
434 1128 577 1153 vestram.
600 1123 674 1153 vide
690 1123 836 1152 indicem.

198 1181 242 1187 ·—-
259 1168 310 1196 14.
330 1165 422 1206 ὑμῶν]
445 1170 528 1196 arcte
541 1166 673 1197 cohaeret
688 1176 757 1196 cum
773 1165 870 1195 ἄλλον.

154 1205 237 1237 idem
261 1212 318 1245 est,
342 1218 378 1239 ac
402 1209 429 1239 si
451 1209 603 1240 dixisset:
626 1209 717 1240 οὐδένα
738 1209 824 1239 ἄλλον
839 1207 872 1238 ἐκ

155 1251 207 1280 τοῦ
228 1250 362 1291 ὑμετέξου
380 1250 512 1287 πλήθους.
535 1263 624 1283 nemo
648 1253 741 1283 alium
766 1263 871 1292 quem-

154 1292 239 1332 piam
265 1300 411 1332 vestrum,
431 1295 462 1325 id
487 1300 546 1332 est,
564 1307 581 1326 e
605 1301 710 1327 vestro
731 1306 871 1331 numero,

155 1337 300 1375 appellet,
323 1348 413 1377 quam
436 1339 651 1375 Philocratem,
673 1351 711 1370 ne
737 1339 762 1369 si
790 1345 872 1369 erret

153 1379 289 1418 quidem,
300 1382 384 1412 aliud
393 1391 498 1421 agene,
514 1382 595 1413 aliud
607 1383 757 1423 cogitans,
767 1382 871 1421 lingua

154 1428 287 1454 mentem
302 1430 506 1464 praecurrente
515 1426 595 1456 hunc
605 1427 752 1466 appellet,
762 1426 871 1456 volens

155 1466 250 1496 alium
265 1468 433 1508 appellare.
448 1468 479 1498 h.
493 1479 520 1499 e.
534 1479 623 1500 nemo
636 1480 764 1509 unquam
778 1469 870 1499 alium

153 1514 267 1548 praeter
297 1511 503 1542 Philocratem
538 1513 622 1550 edet,
658 1523 756 1553 neque
786 1513 872 1544 volet

154 1553 259 1585 edere.

197 1614 242 1619 —
251 1599 303 1628 18.
319 1596 404 1628 δειλδν
414 1598 481 1640 πρὸς
490 1600 555 1634 τοὺς
563 1599 681 1642 ὄχλους]
697 1600 730 1631 id
743 1604 803 1636 est,
817 1599 871 1631 δει-

153 1637 200 1668 λὸν
207 1639 346 1680 προσιέναι
355 1640 420 1682 πρὸς
429 1644 494 1676 τοὺς
503 1643 618 1684 ὄχλους.
632 1645 771 1674 timidum
783 1644 870 1674 adire

153 1683 192 1712 ad
219 1684 383 1715 conciones
408 1686 509 1725 plebis
525 1686 742 1722 miscellaneae,
758 1697 870 1727 eosque

154 1727 466 1766 expostulationibus,
479 1730 634 1767 convicio,
643 1731 746 1770 jurgio
760 1731 871 1760 obtun-

151 1768 238 1800 dere.
256 1772 440 1802 servandum
458 1783 526 1803 esse
541 1771 645 1815 ὄχλους
660 1775 773 1804 docent
790 1774 872 1804 inse-

153 1813 288 1851 quentia,
310 1814 382 1845 οὐδὲν
395 1818 451 1856 γὰρ
466 1816 637 1847 πώποτε-
649 1828 659 1856 3
674 1817 750 1847 alias
766 1827 823 1857 per
837 1827 870 1847 se

154 1856 233 1886 bona
248 1862 296 1887 est
310 1858 418 1894 dictio,
428 1859 515 1894 δειλός
532 1858 604 1901 πρὸς
616 1862 682 1895 τοὺς
695 1859 794 1901 δ’ςκους.
810 1859 870 1890 nisi

154 1900 235 1938 quod
258 1901 296 1930 ab
317 1901 376 1931 hoc
397 1902 467 1933 loco
487 1898 542 1933 ‘est
566 1903 676 1940 aliena,
694 1904 870 1943 significans

155 1943 320 1981 pudentem
344 1949 376 1974 et
395 1945 587 1984 religiosum,
607 1952 807 1986 sanctumque
825 1947 870 1977 vi-

154 1995 234 2021 rum,
248 1986 300 2025 qui
317 1986 353 2016 ad
366 1987 530 2025 jurandum
545 2000 626 2024 raro,
637 1995 669 2019 et
683 1991 870 2020 cunctabun-

155 2028 225 2064 dus,
241 2033 272 2058 et
285 2029 414 2067 invitus,
430 2041 527 2071 neque
540 2033 597 2062 nisi
608 2043 626 2062 a
639 2043 755 2062 summa
765 2042 871 2063 neces-

154 2070 246 2101 sitate
265 2076 404 2110 coactus,
425 2076 563 2112 accedat,
586 2080 668 2106 metu
689 2086 728 2106 ne
743 2076 793 2107 vel
815 2076 870 2106 im-

153 2115 290 2153 prudens
313 2117 442 2156 pejeret.
485 2119 625 2159 lmprobi
644 2124 746 2149 autem
766 2122 798 2148 et
818 2129 872 2149 an-

152 2157 257 2194 daces,
280 2159 319 2188 ad
337 2160 515 2198 jurandum,
538 2162 590 2192 vel
612 2162 755 2193 mercede
771 2162 870 2197 ducti,

152 2201 203 2230 vel
225 2201 351 2232 levitate
373 2203 510 2243 impulsi,
536 2209 651 2236 temere
673 2210 872 2246 procurrunt,

150 2244 239 2283 pensi
256 2255 317 2275 non
338 2246 497 2284 facientes,
522 2248 642 2279 etiamsi
665 2254 759 2289 caput
780 2259 871 2279 suum

152 2287 355 2319 atrocissimis
371 2290 448 2320 diris
462 2291 627 2322 innectant.

195 2348 239 2354 --
253 2334 306 2363 21.
328 2332 392 2373 πεςὶ
412 2334 533 2376 τούτων]
557 2336 625 2365 sive
645 2334 693 2365 his
710 2335 749 2366 de
765 2336 869 2374 rebus,

151 2373 219 2404 sive
233 2375 345 2415 potius,
359 2375 408 2406 his
423 2378 462 2407 de
476 2377 663 2408 hominibus.

194 2434 237 2440 -—
252 2420 305 2449 26.
320 2418 416 2459 ἀλλὰ]
432 2420 471 2450 de
485 2431 556 2451 meo
571 2421 688 2458 addidi,
704 2422 753 2453 vel
765 2422 869 2461 potins

152 2470 192 2490 ex
209 2460 386 2500 Harleyauo
400 2462 564 2499 adscitum,
586 2465 624 2495 ad
644 2465 798 2504 vulgatam
816 2476 870 2506 ap-

150 2503 260 2543 plicui.
283 2514 342 2534 non
363 2516 398 2535 os
416 2507 508 2537 modo
524 2518 583 2537 non
603 2507 742 2546 diduxit,
759 2509 814 2539 sed
831 2520 869 2539 ne

150 2546 268 2586 prodiit
282 2548 405 2588 quidem
421 2549 453 2579 iu
468 2555 680 2591 conspectum,
702 2562 740 2582 ne
757 2553 871 2583 obtulit

150 2590 274 2630 quidem
291 2602 324 2622 se
338 2591 442 2623 vohis.

193 2635 269 2664 406.
286 2636 316 2665 6.
342 2634 429 2666 δήπου
442 2635 490 2666 καὶ
507 2635 612 2678 πρῴην]
635 2642 687 2668 aut
706 2638 870 2669 delendum

153 2681 202 2706 est
224 2677 286 2713 καὶ,
310 2680 393 2718 quod
416 2679 542 2718 plurimi
564 2680 690 2711 codices
713 2682 870 2719 omittunt,

151 2725 204 2750 aut
225 2720 400 2752 addendum
420 2728 470 2753 est
484 2723 577 2761 αὐτοὶ,
602 2730 722 2755 vosmet
737 2725 799 2765 ipsi
815 2736 869 2755 no-

152 2763 218 2799 stis,
234 2764 364 2804 perinde
379 2769 411 2795 ut
427 2776 496 2806 ego.
527 2767 538 2775 ”

192 2824 236 2830 --
251 2809 282 2839 9.
293 2811 408 2849 μακρῶν
421 2810 469 2840 καὶ
485 2812 601 2841 πολλῶν
614 2810 737 2852 ἀγώνων]
760 2811 782 2841 οἳ
806 2824 870 2850 μα-

149 2849 204 2889 ugni
218 2851 266 2881 καὶ
281 2851 390 2881 πολλοὶ
406 2853 508 2891 ἀγῶνες
527 2853 576 2884 καὶ
600 2853 675 2893 λόγοι
697 2855 871 2894 respiciunt

150 2893 189 2922 ad
216 2894 391 2933 oppositum
417 2897 447 2926 ei
469 2902 562 2936 atque
584 2899 784 2935 contrarium,
810 2899 871 2928 tria

149 2936 258 2973 verba,
272 2948 341 2976 quae
355 2938 423 2969 heri
445 2944 559 2970 emtum
573 2941 612 2972 de
624 2947 741 2972 catasta
756 2943 871 2973 manci-

150 2976 236 3017 pium
263 2980 457 3018 Thracicum,
487 2984 597 3015 Graece
625 2985 709 3026 loqui
736 2986 869 3017 nondum

149 3020 288 3064 doctum,
303 3023 392 3056 facile
408 3026 602 3066 pronunciet.

1538 200 1621 243 109

948 317 992 324 -——
1010 301 1060 332 15.
1079 300 1094 333 ἢ
1115 305 1313 345 μετειληφὼς]
1340 306 1402 335 duo
1425 305 1577 338 vocabula
1606 305 1622 337 ἦ

905 346 1087 384 μετειληφὼς
1117 350 1150 375 ut
1181 346 1315 376 tollenda
1347 349 1435 379 uncis
1460 350 1582 380 inclusi.
1606 349 1624 380 ἲν

906 387 1008 417 statim
1020 388 1138 418 indicat
1149 388 1217 418 sive
1224 389 1346 419 Variam
1357 391 1546 428 Lectionem,
1555 394 1623 424 sive

906 430 1066 461 scholium.
1110 431 1206 461 Varie
1237 431 1384 471 scriptum
1410 434 1481 464 olim
1509 437 1568 466 fuit
1593 436 1625 466 in

906 475 1038 504 vetustis
1054 474 1155 510 libris,
1170 475 1199 504 in
1216 475 1284 504 aliis
1301 475 1430 514 simplex
1447 478 1578 518 εἰληφὼς,
1591 479 1623 509 in

907 517 975 546 aliis
996 519 1187 557 μετειληφώς.
1213 518 1265 547 alii
1283 518 1508 557 significabunt,
1524 523 1622 552 solum

906 561 1143 590 Demosthenem
1161 561 1325 599 largitione
1346 568 1522 601 corruptum
1543 576 1624 601 esse,

905 603 945 633 de
961 603 1110 634 lEschine
1127 609 1274 634 tacentes.
1300 604 1352 634 alii
1378 615 1446 635 cnm
1472 606 1525 636 illo
1543 608 1625 638 hunc

905 657 1028 686 quoque
1060 647 1242 688 corruptelae
1265 648 1509 679 communionem
1533 651 1627 680 saten-

905 695 967 720 tem
983 690 1177 720 inducebant.
1191 691 1249 726 illi,
1266 692 1490 722 Demosthenes
1506 694 1626 733 accepit

904 743 1041 770 munera,
1055 744 1114 763 nun
1130 745 1198 774 ego.
1215 735 1258 768 hi,
1275 734 1384 774 accepi
1406 746 1465 774 ego
1481 736 1626 775 equidem
1656 750 1660 754 >

904 787 1042 813 munera,
1069 782 1100 807 at
1126 788 1185 808 non
1214 777 1310 814 solus,
1338 778 1395 808 sed
1419 779 1479 809 iste
1503 790 1626 820 quoque

905 830 1024 850 mecum
1039 830 1111 850 una.

947 881 990 887 —
1005 866 1058 894 16.
1069 855 1161 905 eim]
1177 863 1441 904 noupraedtcabat
1454 865 1494 896 de
1507 876 1541 896 se
1557 867 1626 906 pla-

905 906 955 936 nis
971 906 1097 937 disertis
1106 907 1221 938 verbis.
1241 906 1414 947 ἐφθέγξατο,
1427 919 1528 949 neque
1544 920 1628 940 mus-

906 951 1002 980 sabat.

948 1011 992 1016 —
1006 995 1057 1023 18.
1084 992 1178 1027 δοῦλος
1200 991 1232 1024 ’ἦν
1253 996 1311 1024 τῶν
1337 993 1472 1035 ῥημάτων
1500 995 1626 1038 τούτων]

907 1046 1016 1066 servus
1032 1040 1097 1066 erat
1118 1037 1224 1066 horum
1241 1039 1414 1073 verborum,
1428 1040 1476 1070 vel
1492 1041 1623 1079 probro-

905 1089 970 1108 rum
982 1084 1013 1109 et
1029 1079 1201 1110 criminum.
1216 1080 1360 1121 χρήματα
1376 1081 1507 1121 εἴληφας.
1519 1082 1624 1124 οιινροδὸ4

905 1133 958 1156 της
972 1121 1006 1152 ef.
1021 1122 1087 1152 haec
1104 1124 1199 1152 verba
1214 1125 1256 1159 ei,
1270 1125 1356 1153 velut
1369 1125 1509 1156 dominus
1526 1127 1626 1165 impe-

905 1166 1049 1200 ritabant,
1076 1176 1178 1196 saevus
1204 1172 1235 1196 et
1256 1166 1395 1203 immitis,
1419 1169 1470 1198 eui
1496 1170 1624 1209 obloqui

906 1219 966 1238 non
992 1209 1078 1238 licet.
1122 1210 1185 1239 His
1207 1210 1312 1240 verbis
1334 1221 1508 1248 occurrere,
1531 1214 1624 1243 anda-

906 1257 972 1282 cter
992 1262 1185 1290 responsare,
1209 1254 1381 1289 confutare,
1405 1256 1549 1289 conscius
1577 1256 1625 1286 sui

905 1295 1015 1335 flagitii
1030 1295 1198 1326 AEschines
1221 1296 1450 1334 reformidabat,
1465 1302 1499 1328 ut
1515 1310 1625 1329 servus

904 1349 1046 1379 asperum
1061 1340 1169 1369 herum
1181 1339 1312 1377 devitat,
1325 1351 1415 1381 quem
1432 1351 1450 1371 a
1469 1352 1502 1372 se
1518 1343 1624 1373 laesum

903 1382 999 1412 novit.

946 1443 991 1449 —
1005 1428 1058 1457 20.
1080 1427 1183 1468 αὐτῆς]
1208 1427 1274 1458 scil.
1296 1429 1348 1463 τῆς
1370 1427 1496 1464 διανοίας.
1520 1439 1627 1469 repre-

904 1469 1070 1506 hendebat,
1099 1472 1284 1510 castigabat,
1312 1473 1531 1512 compescebat
1561 1474 1625 1502 ani·

904 1523 987 1543 mum
1009 1514 1134 1553 obloqui
1161 1515 1356 1554 gestientem,
1380 1525 1479 1555 neque
1503 1515 1624 1546 hiscere

905 1555 1025 1587 sinebat
1040 1557 1231 1587 conscientia
1245 1558 1345 1597 culpae
1361 1563 1537 1588 contractae.

947 1617 991 1623 —
1008 1602 1060 1631 24.
1073 1602 1114 1630 τὰ
1130 1600 1239 1641 δίκαια]
1261 1605 1362 1640 potest
1379 1601 1408 1631 h.
1425 1601 1445 1631 l.
1463 1602 1626 1632 adverbia-

903 1642 976 1673 liter
991 1643 1104 1683 accipi,
1120 1654 1177 1683 pro
1192 1643 1302 1678 δικαίως
1315 1644 1364 1675 vel
1380 1646 1460 1675 κατὰ
1472 1647 1512 1674 τὰ
1522 1645 1627 1676 δίκαια.

904 1685 1060 1726 Ρτουῒ’]αε
1077 1692 1107 1716 et
1119 1688 1163 1717 fas
1176 1691 1234 1717 est.
1250 1697 1433 1727 quamquam
1446 1688 1525 1718 enim
1542 1694 1626 1719 recte

904 1729 1079 1765 dicitur‚·r&
1089 1727 1185 1760 δίκαια
1200 1730 1381 1771 «πρεσβεύειν,
1398 1741 1454 1771 pro
1469 1731 1625 1772 legatione

903 1779 989 1803 recte
1005 1779 1171 1813 sancteque
1186 1774 1327 1814 defungi,
1347 1779 1447 1804 tamen
1470 1785 1528 1804 non
1549 1775 1623 1806 item

904 1816 968 1846 dici
993 1822 1107 1855 potest,
1122 1816 1202 1855 λόγον
1219 1818 1270 1852 τῆς
1289 1817 1444 1858 πρεσβείας
1466 1818 1562 1848 διδόναι
1583 1821 1625 1849 τιὶ

903 1858 1011 1890 δίκαια.
1034 1860 1090 1890 sed
1106 1860 1271 1891 dicendum
1293 1866 1341 1891 est
1366 1860 1486 1895 δικαίως.
1503 1872 1551 1892 me
1571 1873 1626 1901 ge·

905 1902 1027 1939 stiente,
1041 1909 1075 1933 ut
1092 1904 1138 1933 bis
1154 1903 1340 1942 legationem
1357 1905 1494 1934 obieram
1511 1905 1627 1944 optima

904 1956 972 1975 cum
996 1947 1067 1982 fide,
1084 1946 1127 1976 ita
1142 1947 1192 1976 bis
1207 1958 1329 1986 quoque
1349 1947 1536 1986 legationum
1551 1948 1626 1978 ista-

902 1999 970 2018 rum
985 1990 1146 2025 rationem,
1161 2000 1220 2029 qua
1231 2000 1288 2029 par
1303 1995 1380 2026 erat,
1396 1991 1538 2021 reddere.

947 2034 1022 2062 407.
1046 2035 1097 2063 13.
1120 2032 1277 2073 μάρτυρες]
1301 2033 1432 2063 subaudi
1455 2044 1514 2064 non
1536 2033 1624 2076 εἰσέρ-

904 2086 1014 2116 χονται,
1026 2086 1125 2116 neque
1144 2078 1331 2117 μαρτυςοῦσι,
1345 2077 1429 2116 quod
1444 2077 1538 2116 paulo
1554 2084 1626 2117 post

903 2120 967 2154 fiet,
983 2119 1075 2157 hujus
1098 2129 1169 2158 pag.
1188 2130 1279 2150 versu
1295 2125 1472 2161 postremo;
1497 2121 1552 2150 sed
1575 2131 1624 2151 so-

904 2161 1060 2192 lummodo
1091 2163 1300 2194 εἶσκαλοῦνται.
1332 2163 1475 2193 citantur.
1506 2163 1625 2195 interea

904 2205 976 2234 dum
988 2211 1187 2235 arcessuntnr
1198 2211 1230 2236 et
1243 2207 1443 2244 conveniunt,
1455 2212 1558 2237 orator
1567 2219 1625 2247 pro

904 2258 989 2278 more
1019 2259 1075 2279 suo
1103 2249 1243 2288 quaedarn
1268 2249 1438 2285 interfatur,
1465 2261 1483 2280 a
1508 2261 1542 2280 re
1564 2261 1623 2281 non

904 2291 1015 2323 aliena.
1045 2293 1195 2323 Solebant
1208 2293 1289 2323 enim
1305 2293 1352 2323 illi
1365 2298 1516 2330 oratores,
1531 2294 1626 2324 inter-

904 2345 942 2365 ea
952 2336 1025 2365 dum
1039 2336 1095 2366 lex
1104 2335 1262 2367 recitanda
1271 2341 1474 2375 quaereretur,
1488 2341 1624 2368 testesve

903 2378 1083 2415 citarentur,
1097 2389 1136 2409 ne
1152 2379 1250 2409 oratio
1265 2379 1424 2410 insisteret
1441 2389 1539 2419 neque
1556 2380 1625 2420 ipse

903 2422 1140 2458 conticesceret,
1170 2428 1201 2452 et
1220 2422 1263 2452 nil
1284 2428 1402 2461 ageret,
1427 2432 1526 2462 pauca
1541 2434 1625 2464 quae-

903 2466 973 2495 dam
997 2466 1146 2502 interfari,
1169 2476 1237 2505 quae
1262 2465 1439 2496 viderentur
1454 2477 1470 2496 a
1485 2477 1520 2496 re
1544 2477 1624 2506 prae-

903 2515 989 2539 sente
1010 2519 1069 2539 non
1094 2510 1196 2539 aliena
1220 2519 1301 2544 esse,
1325 2520 1507 2549 quamquam
1531 2510 1626 2541 inter-

903 2553 976 2582 dum
1005 2552 1276 2592 deprehenduntur
1304 2563 1374 2583 cum
1402 2552 1532 2594 reliquis
1563 2564 1624 2584 nou

903 2595 1018 2635 optime
1031 2596 1197 2626 cohaerere.

945 2656 989 2662 ·-
997 2641 1049 2669 17.
1059 2641 1141 2679 μετὰ
1150 2639 1265 2681 ταῦτα]
1278 2644 1389 2679 postea
1400 2650 1491 2680 quam
1501 2640 1625 2671 AEschi-

904 2692 958 2712 nes
975 2692 1100 2713 causam
1115 2693 1198 2712 suam
1214 2682 1340 2713 dixerit.

946 2727 1021 2756 408.
1046 2728 1076 2756 9.
1107 2726 1250 2765 ὁμολογῶν
1279 2726 1397 2767 ἀδικεῖν]
1427 2727 1560 2766 Sopater
1585 2728 1623 2757 ad

904 2768 1094 2808 Hermogen.
1110 2771 1163 2800 91.
1190 2771 1240 2799 tin.
1261 2768 1434 2809 ἐπιωλῆξειέ
1457 2781 1503 2803 τι,-
1525 2770 1557 2799 ἲιν
1580 2771 1626 2809 τῷ

902 2811 1073 2852 Ἐςμογὲνει,
1087 2811 1130 2842 ὅτι
1148 2812 1194 2842 τὸν
1208 2813 1359 2844 hasnam-m
1379 2814 1524 2853 ὁμολογεῖν
1546 2812 1624 2850 λέγει

903 2855 1005 2886 ἀδικεῖν
1029 2856 1138 2897 [refert
1161 2857 1259 2886 locum
1276 2856 1496 2895 Hermogenis,
1518 2856 1571 2894 qui
1593 2867 1626 2895 p,

903 2901 956 2929 57.
974 2901 1005 2930 2.
1027 2899 1103 2930 edit.
1120 2899 1223 2939 Crisp:
1241 2899 1384 2940 legitur]
1400 2899 1483 2931 οἰδεῖς
1496 2900 1550 2938 γὰρ
1567 2902 1626 2930 πώ-

903 2952 987 2978 ποτε,
1002 2943 1037 2977 ὡς
1052 2942 1122 2982 φησὶ
1139 2943 1339 2983 Δημοσθένης,
1358 2943 1501 2980 ὁμολογεῖ-ν
1521 2942 1626 2974 ἀδικεῖν

904 2985 993 3021 ἑάλω,
1014 2985 1084 3015 ἀλλ’
1100 2987 1349 3027 ἀναισχυντοῦσιν,
1365 2986 1506 3024 ἀξνοῧνται
1521 3003 1564 3008 —
1579 2986 1625 3017 δῆ-

902 3035 950 3059 λον
963 3031 1029 3070 γὰρ,
1046 3030 1092 3065 ὡς,
1106 3028 1154 3060 ἐὰν
1166 3028 1291 3070 ὁμολογῇ
1307 3028 1320 3057 ὅ
1341 3029 1448 3068 φεύγοζν
1463 3028 1628 3068 ἠδικηκέναι,
