1931 3323
314 207 397 247 :312

313 311 389 352 ἔχειν
408 313 477 353 ὑπὲρ
501 324 580 347 τινος·
605 316 714 345 πολλὴν
736 315 883 347 ποιεῖσθαι
906 317 1027 358 πρόνοιαν

313 354 384 394 ’περί
408 366 491 391 τινος·
516 356 663 387 ποιεῖσθαί
685 369 749 389 τινα
774 359 894 399 πρόνοιαν
918 361 1025 399 καὶμὴ

311 401 520 438 παραμελῆσαι
529 402 580 434 τῆς
587 402 646 441 περὶ
657 403 721 435 τοὺς
729 403 869 443 προγόνους
876 402 1022 439 sao-ecsiae.

311 443 441 482 μελετᾷν
456 445 495 472 τὰ
510 443 571 483 mg?
587 443 632 473 τὸν
648 444 792 484 πόλεμον,
809 458 936 477 eret-cere
950 459 977 477 se
992 450 1024 478 in

307 494 341 513 re
365 487 512 515 militari:
535 488 762 526 μεμελετηκότα
788 489 854 519 εῖναι
874 489 1024 530 φείδεο-θαι

309 527 358 558 καὶ
376 527 552 569 ἐργάζεσθαι·
571 529 702 570 ἐμμένειν
716 534 774 567 τοῖς
787 532 893 569 ἤθεσιν,
907 531 943 568 οἷς
955 536 1023 564 παῖ’-

310 569 354 604 δες
365 570 441 606 ὅντες
456 571 637 611 ἐμελέτησαν
651 576 713 604 ἀντὶ
728 576 908 611 τοῧ,τούτοις
925 577 943 606 ἃ
954 576 1022 616 ἔμε-

308 612 447 644 λὲτησαν·
460 616 661 656 διαφυλάττειν
673 630 702 647 τι
717 620 783 652 ταῖς
793 620 944 657 μελέταις.
955 632 1022 651 wei«

307 657 408 687 εἴα-θαι
433 659 511 697 λόγον
534 661 606 695 τινὸς
628 659 767 700 ἀνθρώπου
793 662 807 692 ἢ
833 664 1021 703 πράγματος,

306 702 448 731 rationem
471 703 582 733 habere.
606 703 737 744 abela-um
762 703 868 745 τέχνας
894 707 956 746 πεξῖ
979 710 1019 738 τὸ,

305 740 392 782 θηρία.
416 746 477 786 vti-egi
502 747 608 780 παντὸς
635 747 782 776 ποιεῖσθαι
806 749 1021 789 κεχαρισμένως

307 786 404 827 ἅςχειν
424 791 486 822 τοῖς
502 789 757 829 ὑποτεταγμένοις.
773 793 838 824 τοὺς
857 791 927 826 νέους
947 805 1019 832 τυγ-

305 830 402 870 χάνειν
437 830 604 871 ἐπιμελείας
641 835 760 869 πολλῆς,
796 835 1018 867 adolescentiam

307 873 465 911 diligenter
487 877 600 905 curari.
624 875 775 915 διατςίΒειν
797 877 858 917 περὶ
885 880 934 909 τὴν
961 883 1018 910 τῶν

305 914 376 945 ἰδίων
389 916 564 956 ἐπιμέλειαν·
581 918 797 957 ἐπιμεληθῆναι
813 919 876 960 'nega'
890 933 971 957 τινος·
987 923 1018 953 τὶ

305 962 413 993 πολλῆς
433 959 603 1000 ἐπιμελείας
618 962 736 992 δεῖσθαι·
760 966 824 997 τοὺς
848 964 928 1000 θεοὺς
942 965 1017 1008 ἔχειν

304 999 473 1040 ἐπιμέλειαν
493 1006 543 1038 τῆς
566 1008 621 1034 τῶν
645 1005 747 1036 τέκνων
770 1008 879 1047 ἀρετῆς·
910 1007 1016 1049 ἐπιμε-

304 1045 419 1075 λεῖσθαι
435 1048 485 1080 τῆς
499 1047 647 1089 σωτηρίας·
673 1048 877 1088 ἐπιμελεῖσθαι
894 1054 948 1082 τῶν
961 1064 1016 1083 κοι-

301 1089 350 1116 νῶν
364 1089 459 1128 ὥσπερ
476 1093 530 1120 τῶν
543 1092 730 1122 οἰκειοτάτων·
754 1095 804 1128 τῆς·
817 1094 920 1133 ὑγιείας
935 1095 1016 1126 πλεί-

302 1141 375 1161 στην
401 1131 569 1170 ἐπιμέλειαν
599 1134 686 1176 ἔχειν,
711 1137 934 1176 diligentissime
961 1151 1015 1170 cn-

300 1183 370 1203 rare
394 1177 615 1207 valetudinem:
640 1177 852 1218 ἐπιμελεῖσθαι
876 1185 932 1211 τῶν
953 1184 1015 1222 περὶ

300 1215 347 1246 τόν
368 1217 424 1250 βίον
451 1220 595 1256 ἁπάντων,
619 1232 721 1251 curum
746 1225 887 1262 suscipere
913 1236 1014 1255 ‘rerum

301 1270 364 1299 quae
375 1261 415 1290 ad
429 1264 519 1291 vitam
532 1264 692 1302 degendam
704 1267 852 1303 pertinent
866 1269 1014 1298 onmium:

299 1304 457 1333 ποιεῖσθαί
487 1316 558 1338 τινος
583 1308 632 1336 τὴν
661 1305 838 1346 ἐπιμέλειαν·
867 1310 1013 1340 ποιεῖσθαι

299 1344 467 1386 ἐπιμέλειαν
482 1348 544 1388 περὶ
563 1349 740 1388 πράγματός
758 1362 837 1384 τινος.
877 1351 936 1380 Hae
953 1353 1012 1382 for-

298 1399 356 1419 mae
382 1401 421 1420 ex
453 1402 512 1420 uno
542 1392 680 1422 Isocrate
708 1398 780 1422 sunt
809 1395 1011 1435 depromptae,

297 1433 408 1471 quibus
420 1445 457 1463 ex
470 1434 537 1464 aliis
552 1436 638 1463 bonis
650 1437 825 1466 auctoribus
836 1440 1011 1477 complures

297 1476 366 1505 aliae
383 1484 512 1516 possunt
526 1478 663 1517 adjungi.

342 1519 506 1551 observatio
539 1524 568 1551 1.
597 1521 693 1551 Casus
730 1533 890 1561 personam
925 1525 1009 1555 desi-

298 1569 426 1602 gnantes
450 1575 508 1594 non
533 1564 646 1603 ubique
671 1576 797 1596 necesse
815 1572 862 1597 est
888 1578 1009 1608 praepo-

295 1616 368 1635 nere
390 1608 507 1643 verbis,
533 1608 591 1637 nisi
609 1608 657 1637 vel
680 1608 839 1639 historiam
863 1611 1007 1649 aliquam,

296 1649 345 1679 vel
374 1657 563 1689 praeceptum
590 1651 661 1680 vitoe
686 1653 878 1682 contineant:
912 1655 1007 1685 bisto-

293 1692 382 1728 riam,
401 1698 444 1730 ut,
459 1694 665 1734 ὁἈρταξὲςξης
679 1694 829 1726 ἀπέκτεινε
845 1695 890 1725 τὸν
903 1697 1006 1736 Εὐαγό-

293 1746 360 1775 gar:
377 1747 486 1766 munus
502 1743 592 1776 atque
606 1738 749 1772 officium,
762 1745 812 1769 aut
828 1747 944 1775 contra,
961 1747 1005 1777 ut,

291 1778 304 1807 ἆ
334 1779 471 1814 Βασιλεὺς
499 1779 685 1819 ἐπιμελεῖται
712 1783 762 1815 τῆς
791 1781 929 1822 σωτηρίας
957 1786 1006 1814 τοῦ

295 1822 434 1856 πλήθους-ι
453 1825 652 1860 contrarium,
670 1826 691 1854 oi
705 1825 811 1866 ῥήτοξες
826 1826 1006 1865 λοιδοροῦνται

294 1866 355 1905 περὶ
370 1868 624 1907 μεσεγγυημάτων
632 1867 729 1906 σφίσιν
744 1869 851 1903 αὐτοῖς,
863 1871 910 1899 καὶ
928 1870 1006 1912 διχὸ·

292 1905 335 1938 θεν
358 1912 530 1948 καρποῦνται
556 1913 605 1942 τὴν
628 1910 717 1940 πόλιν.
764 1914 843 1942 Nam
867 1914 903 1942 ad
925 1914 1005 1943 hunc

292 1953 415 1981 modum
433 1959 463 1983 et
480 1954 628 1989 historiae,
645 1959 674 1984 et
691 1955 776 1985 utilia
791 1962 959 1995 praecepta,
976 1963 1006 1987 et

291 1996 435 2034 exempla
461 2002 520 2026 tam
547 1999 713 2036 sequenda,
737 2009 825 2038 quam
851 2000 1005 2039 fugienda,

291 2039 447 2069 memoriae
480 2041 670 2071 mandantur.
727 2043 874 2072 Stultitiae
904 2049 1004 2074 autem

291 2081 399 2118 fuerit,
419 2082 591 2123 simplicem
609 2084 722 2114 laboris
745 2085 788 2115 tui
808 2097 921 2125 capere
944 2088 1004 2116 frn-

291 2130 386 2159 ctum,
409 2136 478 2156 cum
506 2128 707 2167 multiplicem
731 2130 841 2168 possis.
874 2131 910 2159 In
935 2131 1005 2161 aliis

289 2177 378 2203 vero,
402 2170 452 2198 ubi
478 2171 560 2199 nulla
584 2171 654 2200 talis
678 2181 771 2202 causa
796 2174 914 2208 subest,
932 2175 1006 2204 satis

291 2210 393 2246 fuerit,
417 2214 584 2251 particulas
608 2214 654 2248 τὶς
679 2221 710 2244 et
733 2215 762 2244 τὶ
788 2216 945 2251 adhibere,
972 2222 1005 2247 ut

289 2255 353 2284 τινὰ
371 2255 519 2296 φροντίζειν
534 2255 614 2292 τινὲς,
631 2259 756 2296 aliquem
766 2269 873 2288 curare
889 2260 1003 2300 aliquid

289 2297 337 2326 vel
359 2299 498 2338 aliquem.
545 2300 613 2330 Etsi
637 2300 671 2330 τὸ
691 2305 755 2331 τινὰ.
780 2313 937 2341 personam
963 2304 1004 2333 si-

290 2341 446 2378 gnificans,
463 2353 532 2372 cum
546 2344 701 2373 antecedit
718 2346 857 2380 verbum,
869 2346 943 2376 nihil
960 2353 1003 2376 at-

289 2384 365 2413 tinet
386 2386 567 2424 adjungere.
613 2388 803 2417 Nominativi
827 2394 926 2418 autem
951 2395 1003 2420 aut

287 2429 456 2457 accusativi
494 2440 556 2459 rem
597 2431 817 2467 significantes,
848 2443 1000 2470 nunquam

287 2475 357 2499 sunt
382 2471 555 2509 omittendi,
573 2475 654 2512 quod
674 2474 844 2513 plerunque
864 2476 1001 2514 peculia-

285 2522 349 2542 rem
367 2514 614 2546 observationem
634 2517 800 2556 postulant,
817 2529 915 2557 neque
932 2527 1002 2549 sunt

285 2565 373 2594 aeque
398 2557 499 2593 liberi,
523 2569 558 2588 ao
578 2570 668 2589 casus
694 2571 856 2598 personam
882 2562 999 2599 signifi-

286 2605 404 2635 cantes,
429 2606 461 2630 ut
488 2602 499 2631 ὁ
519 2604 643 2636 πλοῦτος
665 2602 765 2637 ἀδίκως
787 2605 824 2637 εἷς
845 2607 894 2636 τὴν
919 2605 1001 2635 πόλιν

283 2641 426 2679 εἰσελθὼν,
442 2648 650 2684 προσαπώλεσε
666 2647 714 2676 καὶ
731 2646 777 2676 τὸν
792 2647 900 2681 δικαίως
911 2649 999 2688 ὑπάξ-

285 2685 390 2725 ξαντα.

330 2730 498 2760 observatio
519 2734 551 2762 Ξ.
573 2731 659 2761 Nihil
679 2739 775 2768 vetat,
791 2734 904 2764 alicubi
924 2745 998 2773 cog-

283 2777 354 2803 nata
375 2774 526 2804 vocabula
553 2779 584 2804 et
608 2777 762 2806 contraria
783 2777 853 2816 (ubi
878 2778 998 2808 scilicet

283 2815 371 2846 locus
397 2817 511 2856 aliquis
536 2817 634 2848 minus
661 2819 720 2848 late
744 2820 846 2858 patet)
869 2823 995 2859 conjun-

284 2869 366 2897 gere,
384 2861 553 2901 eodemque
568 2863 667 2901 capite
679 2863 843 2900 complecti
857 2874 863 2892 τ
890 2875 926 2893 ne
941 2866 996 2893 ob-

281 2904 417 2933 servatio
433 2904 499 2934 haec
525 2905 554 2934 in
577 2905 725 2935 infmnum
744 2912 864 2944 vagata,
882 2908 995 2945 grande

283 2946 422 2977 volumen
442 2948 610 2978 desideret.
631 2949 764 2987 exempli
789 2950 903 2989 gratia:
929 2951 993 2988 pri-

281 2999 364 3020 mum
393 2991 487 3032 hujus
514 2992 660 3022 orationis
690 2993 817 3022 verbum
849 2997 907 3028 est,
933 2993 994 3033 ὁςῶ,

278 3031 352 3062 huic
375 3033 447 3064 licet
470 3036 638 3074 adjungere
662 3046 843 3075 synonyma,
865 3035 992 3073 βλέπειν,

561 208 613 249 ll.
647 208 866 250 WOLFH
903 208 964 250 IN
1002 209 1034 250 l.

1069 208 1511 252 OLYNTHIACAM

1061 316 1135 352 ι’δεῖν,
1151 316 1250 356 δέξκειν
1269 315 1349 357 (etsi
1367 317 1520 356 poeticum
1538 319 1596 348 boc
1608 318 1684 358 est),
1698 323 1731 348 et
1746 319 1773 349 si

1060 370 1120 398 qua
1144 365 1213 390 sunt
1236 359 1306 391 alia.
1353 361 1394 391 Et
1416 361 1487 400 quia
1508 360 1542 392 τὸ
1564 360 1626 402 ὁξᾷἷν
1646 372 1770 392 sensum

1061 403 1226 442 significat,
1248 403 1322 433 licet
1341 405 1509 443 adjungere
1525 410 1637 435 eaetera
1652 415 1774 445 quoque

1061 447 1155 476 verba
1179 457 1334 481 sensuum,
1359 452 1402 483 ut,
1424 447 1540 483 ἀκούειν,
1561 446 1772 488 ὃσφςαίνεσθαι,

1058 488 1201 527 γεύεσθαι,
1219 488 1378 520 ἅπτεσθαι,
1425 491 1467 520 Et
1485 491 1555 530 quia
1577 502 1684 521 sensus
1701 502 1773 522 cor-

1060 534 1143 572 poris
1156 534 1192 562 ad
1209 533 1352 569 animum,
1370 533 1461 563 animi
1479 545 1588 564 sensus
1604 536 1642 565 ad
1658 545 1771 574 corpus

1058 577 1292 611 transferuntur,
1316 577 1391 605 nihil
1416 581 1499 607 vetat
1521 577 1569 607 his
1591 578 1771 617 adjungere,

1057 618 1089 649 τᾶ
1109 621 1264 655 κατανοεῖν,
1281 618 1314 649 τὸ
1327 620 1578 659 καταλαμβάνειν,
1593 619 1627 650 τό
1642 619 1772 651 αἰσθάνε-

1056 661 1135 698 σθαι,
1149 662 1182 692 τὸ
1194 661 1373 702 μεμνῆσθαι.
1405 664 1467 693 Sed
1486 670 1599 700 tamen,
1616 664 1640 694 si
1656 675 1714 702 qua
1728 675 1771 694 ex

1056 705 1103 734 bis
1120 706 1312 736 t'oecundiora
1334 712 1416 742 sunt,
1439 717 1639 746 magnamque
1656 707 1771 737 formu-

1055 747 1150 778 larum
1170 750 1348 779 varietatem
1365 751 1576 789 suppeditant,
1602 750 1770 789 peculiaris

1054 791 1099 820 eis
1115 791 1202 821 locus
1219 796 1267 821 est
1290 792 1512 831 assiguandus;
1536 804 1598 833 quo
1615 793 1656 823 sit
1672 793 1770 823 inten-

1054 834 1097 863 tio
1114 835 1300 873 expeditior.

1098 876 1265 907 observatio
1287 879 1318 908 3.
1356 878 1427 908 Non
1443 882 1560 909 tantum
1578 889 1669 909 casus
1695 879 1767 918 puri

1055 920 1155 950 verbis
1175 921 1328 960 jungendi
1344 926 1427 957 sunt,
1445 922 1498 951 sed
1514 927 1546 951 et
1562 923 1766 953 substantivis

1052 963 1206 1002 adjectiva
1221 975 1287 1000 sua,
1310 969 1340 994 et
1359 965 1591 1005 praepositiones
1615 975 1684 994 cum
1703 966 1768 996 suis

1051 1007 1185 1043 casibus,
1213 1012 1244 1037 et
1274 1007 1423 1037 adverbia
1455 1007 1642 1038 cohaerentia
1675 1009 1768 1038 verbo

1051 1051 1350 1091 συγκατηγοςῆμαη-α,
1366 1051 1499 1090 denique
1515 1050 1627 1087 omnia,
1642 1061 1710 1090 quae
1727 1052 1765 1081 ad

1051 1095 1210 1123 sententiae
1230 1094 1493 1134 perspicuitatem,
1510 1099 1543 1124 et
1563 1095 1702 1124 formuiae
1717 1095 1765 1124 in-

1050 1137 1224 1176 tegritatem
1242 1139 1449 1176 requiruntur.
1691 1150 1700 1165 .-

1093 1181 1157 1209 111.
1179 1181 1284 1210 Tertia
1306 1181 1385 1210 ratio
1401 1185 1450 1210 cst
1464 1184 1525 1210 tam
1548 1180 1588 1210 ad
1607 1179 1765 1211 invenien-

1048 1223 1133 1256 dum,
1152 1233 1240 1261 quam
1265 1223 1302 1252 ad
1321 1224 1466 1253 utendum
1489 1223 1678 1262 expeditior,
1694 1234 1764 1254 cum

1049 1264 1160 1302 insigni
1184 1265 1275 1295 alicui
1300 1266 1415 1295 nomini
1438 1266 1631 1296 substantivo
1654 1271 1688 1296 et·
1709 1266 1765 1298 ad-

1043 1308 1172 1345 jectiva,
1189 1313 1221 1337 et
1243 1314 1327 1338 certa
1351 1310 1444 1338 verba
1460 1319 1528 1338 cum
1552 1309 1617 1338 suis
1641 1310 1763 1339 casibus

1048 1354 1078 1379 et
1102 1350 1256 1380 adverbiis
1280 1355 1311 1380 et
1335 1352 1620 1390 praepositionibus.
1636 1352 1762 1391 subjici-

1048 1398 1152 1428 untur,
1169 1395 1256 1432 cujus
1273 1394 1318 1423 rei
1335 1395 1512 1433 exemplum
1528 1395 1568 1424 sit
1582 1394 1660 1424 hoo:
1676 1396 1762 1437 χάρις

1046 1437 1150 1471 πολλὴ,
1163 1434 1277 1472 πλείων,
1290 1437 1429 1474 πλείστη,
1439 1438 1570 1477 μεγάλη,
1581 1435 1697 1478 μείζων,
1706 1449 1762 1478 με·

1045 1479 1144 1517 γίστη,
1159 1480 1300 1516 τοσαύτη,
1316 1478 1394 1520 ἀξία.

1176 1566 1323 1606 ὁμολογεῖν

1175 1608 1293 1649 ὀφείλειν

1042 1652 1127 1692 χάριν
1173 1651 1248 1693 ἔχειν

1171 1696 1306 1725 ἀπαιτεῖν
1321 1698 1385 1727 τινὰ

1172 1739 1321 1770 ἀποδοῦναι

1396 1567 1496 1733 ξτινῖ,
1505 1629 1586 1668 τινὸς,
1598 1630 1666 1672 ὑπέρ
1676 1642 1758 1668 τινος,

1430 1672 1495 1704 ἀντί
1507 1685 1587 1708 τινος.

1042 1824 1120 1853 Haec
1145 1825 1223 1855 ratio
1246 1825 1369 1855 facilius
1391 1824 1522 1855 incurrit
1544 1825 1573 1855 in
1590 1825 1709 1861 oeulos,
1726 1831 1758 1856 et

1042 1867 1138 1906 magis
1164 1868 1277 1898 excitat
1296 1869 1485 1903 memoriam,
1508 1879 1596 1907 quam
1613 1879 1681 1898 cum
1704 1879 1757 1900 no-

1041 1920 1110 1939 men
1145 1911 1176 1940 in
1206 1922 1314 1950 magna
1344 1913 1436 1941 turba
1466 1913 1665 1951 quaerendum
1696 1918 1755 1943 est.

1041 1954 1119 1991 Quis
1136 1955 1215 1984 enim
1237 1965 1297 1984 non
1318 1954 1441 1984 facilius
1465 1955 1611 1994 reperiat,
1628 1955 1756 1995 gratiam

1043 1997 1165 2033 habere,
1195 2008 1283 2037 quam
1317 1998 1428 2028 habere
1457 1998 1596 2036 gratiam,
1628 2008 1695 2028 cum
1725 2000 1755 2030 ei

1043 2041 1138 2070 verbo
1157 2041 1278 2071 nomina
1297 2052 1375 2080 pene
1391 2046 1539 2071 sexcenta
1558 2042 1754 2080 junguntur?

1042 2082 1111 2113 Etsi
1137 2086 1203 2123 ejus
1227 2095 1350 2124 quoque
1375 2085 1559 2114 incommodi
1586 2086 1754 2116 remedium

1041 2126 1099 2156 hoc
1114 2128 1218 2164 fuerit,
1235 2133 1268 2157 ut
1285 2139 1375 2158 casus
1390 2128 1498 2158 ordine
1509 2128 1706 2168 alphabetico
1723 2133 1754 2158 et

1040 2171 1219 2209 majusculis
1256 2171 1364 2210 scripti
1401 2171 1511 2207 literis,
1550 2171 1755 2209 subjiciantur

1040 2214 1155 2244 verbis.
1204 2214 1321 2244 Harum
1345 2215 1436 2244 trium
1461 2213 1612 2244 rationum
1635 2214 1754 2254 deligat

1039 2266 1104 2286 eam
1128 2256 1256 2296 quisque
1280 2268 1368 2296 quam
1385 2257 1443 2286 sibi
1459 2257 1647 2296 aptissimam
1666 2263 1754 2297 puta-

1039 2300 1127 2329 verit.
1160 2301 1226 2340 Ego
1242 2310 1347 2330 omnes
1363 2301 1590 2339 conjungendas
1607 2301 1751 2331 existimo

1038 2343 1076 2377 ei,
1095 2344 1145 2382 qui
1166 2344 1289 2383 puritati
1304 2349 1334 2373 et
1349 2344 1448 2382 copiae
1469 2344 1570 2374 Graeci
1589 2344 1751 2383 Latinique

1038 2387 1188 2416 sermonis
1220 2387 1334 2418 studet.
1381 2387 1489 2417 Potest
1516 2391 1547 2416 et
1571 2391 1679 2426 quarta
1701 2387 1750 2418 bis

1037 2429 1143 2467 adjici,
1159 2431 1261 2460 omnia
1276 2430 1399 2470 quidem
1411 2430 1462 2460 illa
1478 2430 1634 2464 facillima,
1651 2437 1681 2460 et
1699 2440 1750 2460 ru-

1036 2473 1126 2503 dibus
1143 2474 1478 2504 accommodatissima:
1503 2473 1614 2504 sedita
1626 2473 1748 2504 demum

1036 2516 1133 2552 utilis,
1151 2517 1175 2546 si
1197 2517 1407 2547 annotationes
1423 2522 1475 2546 aut
1494 2517 1649 2546 memoriae
1666 2527 1748 2546 man—

1035 2560 1156 2594 dentur,
1168 2566 1219 2590 aut
1230 2560 1337 2589 ordine
1349 2559 1543 2599 alphabetico
1557 2560 1747 2598 digerantur,

1034 2608 1085 2632 aut
1102 2603 1203 2633 indice
1218 2604 1412 2642 adjuventur,
1428 2607 1481 2633 aut
1502 2604 1621 2633 tandem
1639 2603 1676 2632 ad
1693 2604 1748 2632 ati-

1033 2656 1122 2684 quam
1150 2647 1241 2676 trium
1270 2647 1462 2685 superiorum
1487 2647 1633 2675 rationem
1658 2656 1747 2675 revo-

1034 2695 1152 2719 centur.
1176 2691 1336 2719 Sumamus
1345 2688 1481 2728 exempli
1496 2698 1599 2724 causa,
1613 2688 1742 2726 primam

1034 2733 1186 2771 Evagorae
1202 2733 1383 2772 periodum:
1400 2732 1460 2772 ὃςᾷν
1473 2733 1537 2762 τινὰ.
1552 2731 1686 2770 τιμῶν-τά
1702 2743 1743 2761 τι.

1032 2776 1123 2806 Licet
1138 2781 1169 2805 et
1193 2775 1480 2815 generaleverbum
1503 2775 1668 2814 subjicere,
1685 2774 1746 2815 ὂρξίν

1031 2821 1094 2849 τινὰ
1117 2820 1248 2849 ποιοῦντά
1272 2818 1287 2850 ἢ
1309 2818 1477 2859 πράττοντά
1498 2829 1539 2854 τι.Δ
1586 2819 1642 2847 Est
1663 2818 1744 2848 enim

1031 2863 1095 2892 haec
1111 2863 1316 2892 Grammatica
1330 2859 1518 2892 constructio
1531 2861 1696 2900 ejusmodi,
1710 2865 1744 2890 ut.

1030 2906 1216 2945 peculiarem
1230 2905 1489 2940 observationem,
1502 2914 1570 2943 quae
1587 2904 1744 2943 periphra—

1029 2960 1101 2979 seon
1118 2949 1250 2978 maxime
1272 2948 1400 2987 propria
1420 2952 1479 2982 est,
1495 2958 1554 2977 non
1575 2947 1742 2978 desideret.

1029 2992 1063 3022 Si
1074 2992 1150 3022 libet
1164 2990 1197 3021 τὸ
1208 2990 1314 3028 attauhu,
1331 2991 1415 3031 quod
1429 2995 1478 3021 est
1490 2990 1523 3021 in
1537 2995 1674 3026 auctore,
1685 2999 1742 3030 po·

1028 3045 1113 3071 nere,
1127 3034 1205 3066 nihil
1221 3038 1316 3066 vetat.
1332 3039 1367 3064 ut
1382 3035 1396 3065 ὃ
1410 3033 1570 3074 Ἰσοκράτης
1584 3033 1687 3074 ἑόρακε
1696 3032 1742 3064 τὸυ
