1931 3322
622 200 1111 244 ANNOTATIONES.

184 328 227 339 --
241 309 298 340 ult.
312 308 363 340 νυνὶ
375 307 403 338 δὲ
419 307 527 349 καιρὸς]
552 307 741 338 Consolatio.
785 308 848 338 Ite-

141 363 209 385 rum
221 353 354 384 inculcat
369 352 572 387 occasionem,
583 358 674 390 atque
685 351 851 391 amplificat

142 396 320 428 felicitatem
344 394 586 429 Atheniensium,
610 406 678 434 quae
703 405 740 425 eo
757 394 850 433 perti-

141 444 204 475 net,
222 444 254 468 ut
269 439 413 468 ostendat
437 439 518 468 vires
545 439 592 468 eis
613 448 671 467 non
687 438 809 472 deesse,
825 437 851 467 si

142 482 283 513 voluntas
304 491 364 511 non
380 481 482 511 desit:
506 491 605 520 neque
622 481 785 520 praesentia
802 490 852 509 so-

140 525 216 560 lum,
233 525 287 554 sed
305 525 463 563 superiora
476 526 565 554 etiam
579 530 719 563 tempora
736 524 853 552 laudat.

183 584 228 597 -ε-
240 567 316 598 ibid.
342 568 394 598 νυνὶ
418 567 446 597 δὲ
461 567 551 607 καιρὸς
565 566 635 602 ἥκει,
651 566 716 603 vig,-
731 564 808 600 οὗτος
823 565 852 605 ὁ]

141 610 204 640 Alii
214 611 260 640 sic
270 610 477 649 distinguunt,
487 610 560 645 ἥκει,
575 610 622 643 τὶς
636 607 724 645 οὗτος,
736 610 759 639 ὁ.
777 609 853 645 Alii,

139 651 345 690 ‘tsnanvkffiofiwc
359 654 381 683 ὅ.
391 661 458 692 quae
468 654 549 683 haud
565 653 630 683 scio
638 663 674 683 an
684 653 853 682 rectissima

140 696 191 725 sit.
208 697 323 726 Nescio
337 697 416 726 enim
427 696 580 734 quomodo
589 696 640 725 hic
652 695 852 735 interrogatio

139 739 213 769 mihi
237 740 375 777 asperior
390 739 524 770 videtur.
546 739 579 770 τὸ
603 739 649 775 τῖς
670 739 752 769 idem
770 739 853 778 quod

139 781 188 812 οὐκ
203 781 451 824 εὖκαταφρᾶνητος.

184 825 222 854 Ρ.
254 827 306 856 16.
338 830 369 856 1.
396 824 578 867 αὐτόματος]
620 824 718 863 Quasi
747 825 850 855 dicat:

139 868 320 908 Quanquam
344 869 470 899 stultum
494 874 586 908 atque
609 869 786 908 improbum⁴
805 873 853 898 est

138 916 246 941 votum
256 916 402 949 vestrum,
419 918 518 942 tamen
532 913 666 951 idipsum
678 913 790 942 factum
804 917 853 942 est

138 955 223 992 quod
241 956 462 995 exspectastis}
485 955 646 995 αὐτόματα
664 955 785 997 σχήσειν
799 967 852 984 ›uz-

137 998 205 1034 λῶς,
217 1003 258 1034 et,
274 998 364 1040 καιρὸς
378 999 434 1030 ἥκει
447 996 626 1039 αὐτόματος,
643 1009 676 1029 se
686 1003 791 1028 mutuo
803 1009 851 1028 re-

138 1040 285 1080 spiciunt.

180 1100 224 1106 —·
253 1083 330 1114 ibid.
354 1086 411 1114 ’τῶν
442 1081 591 1124 πρότερον]
622 1083 725 1113 Etiam
758 1093 850 1122 snpra

137 1126 253 1163 monui,
286 1126 434 1157 articulos
465 1137 536 1156 cum
575 1126 732 1156 adverbiis
756 1128 850 1166 dege·

136 1179 246 1200 nerare
269 1169 299 1199 in
322 1171 444 1200 nomina
466 1169 630 1209 adjectiva.
677 1170 734 1199 Est
755 1170 851 1209 igitur

135 1211 181 1242 δὴ
195 1211 230 1242 τὸ
253 1212 389 1254 πρότερον,
413 1213 494 1243 idem
519 1214 600 1252 quod
621 1211 633 1241 ὅ
662 1211 809 1253 ωροτέρος,
835 1213 849 1243 ἦ

135 1254 270 1295 vestiga,
290 1256 324 1286 ’τό
339 1255 476 1297 πρότερον.
501 1257 548 1286 Ac
560 1259 616 1286 τῶν
629 1255 767 1297 πρότερον,
782 1256 849 1286 Ἓλ-

135 1300 312 1340 ληνικῶτεςον
325 1300 390 1340 μέν·
405 1303 461 1330 τῶν
483 1298 620 1340 προτέρων
638 1299 680 1336 δὲ,
698 1298 849 1341 συμφωνό-

135 1351 220 1382 τερον.

177 1402 222 1408 --
232 1387 264 1416 3.
280 1384 329 1414 καὶ
342 1383 438 1424 ἔμοιγε
452 1384 542 1427 δοκεῖ]
579 1385 762 1415 Verecunde
777 1396 851 1425 pro-

134 1429 235 1467 ponit,
250 1428 378 1458 deorum
396 1428 579 1468 benignitati
593 1429 762 1459 habendam
781 1439 849 1459 esse

137 1470 279 1511 gratiam.
531 1492 536 1495 κ

178 1513 309 1544 —ibid.
325 1512 423 1554 ἔμοιγε
439 1513 529 1557 δοκεῖ]
557 1515 703 1555 Sequitur
720 1517 848 1547 verbum

135 1556 223 1599 ἔχειν,
239 1567 297 1587 non
315 1557 560 1597 subintelligitur
575 1559 621 1592 ὡς.

177 1600 306 1633 -ibid.
322 1598 439 1642 δίκαιος]
482 1603 566 1641 Ergo
582 1601 679 1642 iniqui
697 1607 779 1638 sunt,
794 1602 847 1643 qni

134 1643 241 1674 divina
257 1644 404 1674 beneficia
420 1655 478 1674 non
498 1651 679 1685 agnoscunt,
705 1646 758 1686 qui
783 1647 846 1676 for·

135 1690 236 1717 tunam
252 1692 409 1717 accusant.
436 1702 444 1707 -

175 1733 262 1761 —4.
285 1729 437 1771 λογιστὴς]
488 1732 572 1771 Ergo
595 1741 655 1761 non
680 1731 846 1763 vivendum

133 1782 218 1803 more
234 1768 405 1813 pecudu'm:
429 1784 488 1804 non
509 1775 610 1805 minus
622 1781 779 1811 accurate,
797 1777 845 1806 vel

133 1816 231 1856 magis
268 1816 371 1856 potius
400 1817 531 1848 ineunda
560 1819 638 1848 ratio
669 1818 844 1849 divinorum

133 1869 207 1898 erga
221 1869 275 1888 nos
291 1858 519 1896 beneficiorum,
534 1871 623 1900 quam
639 1862 790 1900 pecuniae.

179 1918 223 1924 —-
236 1901 313 1931 ibid.
328 1901 523 1942 ὑπηργμένων]
561 1905 609 1932 Ab
631 1904 843 1944 bwdpxmscu-

129 1944 184 1983 jus
196 1943 367 1975 multisunt
380 1949 411 1974 et
422 1945 578 1983 elegantes
594 1946 740 1985 loquendi
750 1948 842 1977 modi.

133 1988 303 2022 καταστὰς,
317 1997 373 2026 pro
389 1987 596 2025 κατασταθεὶς,
606 1988 757 2028 γενόμενος.

175 2047 219 2053 -
236 2032 268 2061 5.
302 2028 410 2071 καίπερ
432 2029 566 2072 ἐχόντων]
608 2031 842 2074 Epona-ramulae.

135 2072 269 2103 Oceurri
294 2073 375 2104 enim
400 2074 428 2104 ei
452 2075 623 2114 potuisset:
658 2076 766 2115 Quid?
796 2078 843 2107 Tu

131 2115 194 2145 diis
210 2116 317 2147 haberi
334 2117 461 2156 gratiam
473 2119 588 2157 jubes?
623 2124 654 2148 tu
673 2119 758 2149 urbis
773 2120 840 2149 feli-

133 2158 258 2189 citatem
274 2160 439 2200 praedicas,
463 2166 536 2200 post
560 2166 605 2192 tot
621 2166 762 2202 acceptas
779 2163 841 2194 cla-

131 2202 205 2232 des'!
229 2202 260 2232 in
278 2208 361 2233 tauta
375 2205 607 2242 perturbatione
622 2205 818 2245 reipublicae?

173 2262 218 2273 -.-
233 2247 264 2276 6.
295 2245 329 2278 ἂν
353 2245 428 2287 ἔχειν
457 2247 554 2285 αὐτοῖς
577 2248 671 2290 χάριν,
713 2249 841 2291 εἰκότως]

131 2286 208 2330 ἔχειν
232 2287 346 2324 εἰκότως
370 2290 514 2330 conjungi
541 2296 677 2331 possunt.
722 2293 784 2323 Sed
812 2294 840 2324 si

130 2336 202 2361 ante
219 2332 333 2367 εἰκότ’-ως
345 2332 592 2373 interpungatur,
601 2345 698 2375 eaque
712 2347 771 2367 vox
786 2337 839 2366 ab-

132 2374 231 2405 solute
253 2376 403 2416 capiatur,
426 2376 700 2421 Δημοσθενικώτεςον
723 2381 757 2411 ἂν
772 2379 839 2411 εῖναι

132 2416 225 2457 δόξειε.

173 2478 217 2485 --
225 2461 300 2492 ibid.
310 2460 406 2502 τὸμὲν
414 2462 484 2505 γὰρ]
506 2464 685 2505 AEtiologia,
695 2469 838 2496 constans

128 2505 339 2536 translatione.
355 2512 495 2537 removet
510 2508 588 2537 enim
601 2508 720 2548 culpam
736 2520 754 2539 a
767 2510 839 2547 diis,

130 2552 162 2578 et
176 2549 294 2578 confert
309 2548 339 2578 in
356 2549 589 2580 Atheniensium
607 2552 837 2591 negligentiam.

174 2609 218 2615 —-
231 2592 308 2622 ibid.
323 2591 642 2636 τὸ-ἇπολωλεκέναι]
661 2595 838 2633 Perdidisse,

128 2633 162 2664 id
174 2639 233 2671 est,
247 2635 330 2674 quod
344 2636 546 2675 perdidimus.
591 2638 645 2668 Sic
654 2644 839 2670 commutata

130 2677 195 2707 fere
211 2684 256 2708 est
266 2679 386 2709 Graecis
402 2685 432 2710 et
448 2680 564 2710 Latinis
587 2681 730 2712 infinitivi
751 2683 839 2714 ratio.

130 2721 210 2751 Nam
226 2723 308 2761 quod
318 2722 348 2752 hi
365 2732 421 2762 per
437 2723 619 2754 infinitivum
636 2725 777 2761 efferunt,
792 2727 840 2756 illi

129 2774 187 2804 per
200 2763 258 2801 ὅτι,
273 2770 304 2795 et
319 2771 436 2802 contra,
451 2777 508 2796 non
523 2778 653 2808 semper,
675 2769 729 2798 sed
747 2780 841 2810 saepe.

130 2807 183 2838 Ab
217 2807 380 2849 ὀπόλλυμι,
407 2809 456 2839 vel
489 2809 614 2846 ἄπολέω,
651 2811 842 2849 ἀπωλολέναι,

129 2850 266 2888 periisse:
290 2851 349 2882 hoc
366 2853 513 2892 passivae,
526 2854 603 2884 illud
620 2855 730 2885 activae
745 2855 839 2896 signi-

131 2893 289 2924 ficationis.
373 2919 376 2922 .

175 2953 217 2959 -
232 2936 307 2968 ibid.
321 2939 436 2980 πολλὰ]
454 2940 497 2970 Ut
511 2940 735 2981 Amphipolim,
752 2942 838 2972 Poti-

132 2979 242 3015 daeam,
258 2979 482 3019 Halonnesum,
508 2985 732 3023 Paeparethum‚
761 2987 835 3016 Car-

132 3021 214 3052 diam
227 3023 331 3064 (cujus
351 3025 476 3064 quidem
499 3028 621 3066 jactura
653 3029 838 3068 gravissima

1513 203 1598 245 :333

884 312 949 337 est:
973 306 1025 340 τῆς
1040 309 1096 348 γὰρ
1110 307 1223 347 καρδίας
1234 310 1418 345 ἀπολωλυίας
1433 310 1505 342 miv
1519 310 1600 342 ἐστιν

883 348 991 391 ὄφελος,
1009 350 1056 379 καὶ
1072 352 1114 380 ‘rei
1129 351 1252 392 ῥώμης),
1267 359 1357 392 atque
1369 354 1439 384 alia.
1456 362 1460 363 ⁷

927 395 1011 422 --'7.
1035 394 1087 427 τῆς
1103 395 1242 434 ἡμετέρας
1263 396 1404 436 ἀμελείας
1427 396 1499 438 Θείη]
1523 398 1599 438 νομί-

885 446 957 466 σειεν
972 434 1050 466 εῖναι.
1069 437 1205 466 Verbum
1232 437 1323 469 &eima
1338 441 1468 480 respicit
1488 452 1599 471 nomen

885 479 1033 516 λογιστῆς.
1050 480 1133 518 quasi
1151 480 1282 515 dicat,in
1299 483 1480 513 haoratione
1493 485 1598 514 ineun-

887 523 926 551 da
942 523 1079 552 calculos
1091 529 1185 562 ponet
1204 524 1241 553 ad
1259 526 1432 555 socordiam
1452 533 1598 564 nostram,

887 565 925 595 ad
943 565 1079 595 divinam
1094 567 1339 601 beneficentiam,
1354 568 1414 598 «Sic.

929 626 971 631 -—-
987 612 1017 639 8.
1031 610 1107 648 μήτε
1130 610 1250 651 πάλαι]
1288 612 1371 649 Ergo
1392 612 1599 643 incommodo·

886 662 952 682 rum
970 652 1078 682 dilatio
1094 658 1141 683 est
1156 653 1185 682 in
1202 654 1290 683 bonis
1311 657 1506 686 numeranda.
1545 658 1598 686 Sic

887 696 957 734 pius
975 695 1028 725 ille
1046 696 1335 736 Hierosolymorum
1352 708 1410 727 rex
1434 699 1598 735 Ezechias,

886 749 979 777 quum
1002 750 1018 768 e
1037 745 1105 769 vate
1121 740 1320 779 cognovisset
1335 742 1528 780 posteritatis
1543 754 1596 772 ex-

886 782 1013 816 cidium,
1030 793 1090 822 quo
1107 783 1185 813 haud
1210 783 1302 813 dubie
1318 784 1453 822 graviter
1470 787 1600 824 angeba-

886 831 951 855 tur:
976 825 1023 855 Sit
1036 837 1109 865 pax,
1136 827 1246 866 inquit,
1271 828 1302 856 in
1327 827 1438 856 diebus
1466 829 1598 858 nostris:

885 869 924 898 de
951 873 1062 898 caetero
1086 870 1147 902 flat.
1173 871 1254 907 quod
1284 880 1405 909 aequum
1429 875 1461 900 et
1486 872 1598 902 bonum

886 911 1019 942 Domino
1034 911 1199 940 videbitur.

927 972 970 976 ——
986 953 1064 983 ibid.
1092 952 1256 995 πεφῃνέναι]
1296 955 1322 984 Α
1340 953 1491 995 φαίνομαι,
1518 969 1598 998 prae-

885 997 1008 1026 teritum
1023 997 1169 1028 medium.
1195 997 1344 1028 formandi
1360 999 1508 1030 rationem
1525 1007 1598 1041 pete

884 1049 902 1069 a
917 1039 1141 1069 Grammaticis.

925 1100 970 1105 ·——
984 1086 1012 1114 9.
1030 1083 1151 1124 τούτων]
1191 1084 1331 1120 Scilicet,
1346 1082 1382 1115 οἷν
1399 1087 1597 1119 ἀπολωλέκα-

883 1136 937 1165 μεν
951 1127 998 1155 nai
1011 1126 1208 1165 πεπόνθαμεν.

925 1187 969 1192 —-
983 1170 1060 1199 ibid.
1078 1169 1250 1212 ἆντίῤῥοπον]
1273 1171 1464 1211 tlepnltricem
1482 1174 1599 1211 horum,

883 1217 1079 1252 exaequantem
1096 1213 1166 1249 hoec,
1192 1225 1253 1255 quae
1267 1216 1305 1244 ,sic
1324 1218 1406 1254 paris
1418 1219 1556 1255 ponderis
1569 1223 1597 1247 et

882 1257 1031 1292 momenti,
1046 1257 1205 1287 translatio
1223 1268 1240 1287 a
1255 1258 1380 1288 trutinis
1399 1265 1510 1290 sumta.

926 1317 969 1322 ——
987 1302 1037 1329 10.
1054 1302 1104 1334 τῆς
1118 1299 1186 1341 παρ’
1198 1299 1316 1342 ἐκείνων]
1348 1303 1386 1332 Id
1407 1308 1464 1339 est,
1481 1303 1597 1334 ἐκείνων,

884 1353 977 1382 snpra
997 1346 1084 1384 wag&
1099 1346 1155 1374 τῶν
1175 1343 1258 1380 θεῶν,
1282 1345 1315 1375 id
1331 1350 1391 1382 est,
1415 1346 1527 1384 θεόθεν,
1547 1348 1594 1378 di-

884 1388 1005 1417 vinitas.

927 1433 1032 1460 —11.
1054 1429 1123 1460 ἀλλ’
1144 1429 1242 1472 οἶμαι]
1269 1432 1399 1468 Iterum,
1431 1438 1594 1473 postquam

883 1472 965 1503 dixit
982 1473 1057 1512 quid
1079 1474 1145 1503 fieri
1170 1474 1293 1511 debeat,
1311 1476 1437 1514 subjicit
1453 1478 1593 1507 collatio-

882 1526 963 1552 nem,
988 1517 1061 1556 quid
1088 1528 1146 1546 non
1172 1518 1235 1553 fiat,
1261 1524 1391 1548 autnon
1417 1525 1502 1550 recte
1530 1521 1592 1551 fiat.

884 1560 1015 1589 Omnino
1043 1561 1251 1599 amplissimus
1281 1562 1330 1591 hic
1358 1567 1405 1592 est
1435 1564 1534 1600 locus,
1563 1570 1594 1594 et

883 1613 1035 1642 nunquam
1053 1614 1111 1633 non
1128 1604 1250 1634 dicendi
1267 1606 1385 1644 copiam
1404 1607 1594 1646 suppeditat.

882 1646 960 1675 Nam
981 1652 1012 1676 et
1034 1657 1157 1686 semper
1185 1648 1317 1678 officium
1345 1650 1443 1680 facere
1459 1651 1592 1681 debeba-

881 1699 960 1726 mus,
976 1695 1007 1719 et
1024 1701 1176 1729 nunquam
1191 1691 1253 1721 fere
1270 1692 1409 1722 facimus.

923 1750 967 1755 —
986 1733 1065 1763 ibid.
1091 1733 1190 1775 οἶμαι]
1228 1736 1300 1765 Hoc
1332 1737 1470 1773 verbum,
1501 1741 1536 1766 ut
1561 1741 1592 1767 et

880 1776 963 1813 δοκεῖ,
995 1777 1139 1816 φαίνεται,
1174 1779 1209 1812 ὡς
1238 1778 1319 1814 εἶκὲς,
1350 1780 1432 1818 apud
1463 1781 1591 1811 Graecos

881 1830 969 1849 sunm
986 1820 1077 1850 habet
1091 1831 1177 1850 usum
1192 1827 1223 1851 et
1237 1822 1435 1861 elegantiam:
1459 1829 1531 1854 utet
1547 1835 1591 1862 γε,

879 1862 909 1893 δὲ
932 1864 974 1897 δὴ,
998 1875 1053 1897 τοι,
1078 1864 1139 1893 alia
1162 1865 1254 1903 hujus
1280 1866 1414 1904 generis.
1437 1868 1490 1896 sed
1508 1869 1590 1907 apud

882 1906 1006 1935 Latinos
1030 1907 1194 1944 aliquando
1218 1907 1282 1937 sine
1308 1910 1469 1939 sententiae
1493 1910 1588 1940 detri-

878 1954 994 1984 mento,
1023 1954 1056 1978 ut
1080 1948 1232 1980 Ἐλληνικοῖ
1260 1950 1433 1991 ῖδιωτισμοῖ,
1461 1954 1589 1993 negligi,

878 1991 1042 2030 aliquando
1056 1992 1115 2021 alia
1128 1993 1224 2022 forma
1245 1995 1390 2024 orationis
1405 2006 1496 2035 posse
1511 1998 1590 2027 inse-

879 2034 906 2063 ri
921 2034 1076 2065 videntur.

919 2095 963 2100 --
983 2078 1060 2108 ibid.
1087 2077 1333 2120 παςόμσιὸνέφτι]
1364 2081 1450 2120 Apta
1481 2083 1588 2114 simili-

877 2121 966 2151 tudo.
1010 2122 1090 2152 Nam
1113 2127 1145 2152 et
1166 2124 1297 2161 pecunia
1312 2124 1456 2155 facillime
1478 2137 1588 2157 consu-

875 2164 979 2202 mitur,
996 2169 1029 2195 et
1043 2165 1088 2194 rei
1105 2165 1183 2195 bene
1197 2167 1340 2206 gerendae
1357 2168 1478 2198 occasio
1493 2171 1586 2209 paulo

874 2212 1028 2239 momento
1046 2208 1187 2239 elabitur.
1231 2210 1312 2241 Vide
1334 2216 1366 2241 nt
1382 2222 1441 2242 non
1461 2213 1501 2243 sit
1514 2214 1586 2243 sim-

873 2251 949 2290 plex
970 2256 1001 2282 et
1028 2252 1206 2291 quotidiana
1233 2253 1453 2285 Demosthenis
1476 2257 1586 2295 oratio,

874 2295 928 2324 sed
946 2295 1009 2325 suis
1025 2297 1210 2326 ornamentis
1233 2297 1262 2326 in
1284 2308 1393 2339 magna
1409 2299 1501 2329 etiam
1518 2301 1587 2330 brc-

874 2338 969 2368 vitate
984 2344 1016 2369 et
1031 2339 1135 2379 specie
1159 2340 1367 2380 simplicitatis
1388 2348 1525 2373 constet:
1553 2349 1587 2375 ut

873 2381 1090 2412 collationibus
1113 2384 1344 2419 contrariorum,
1373 2386 1586 2425 occupationi-

873 2425 944 2461 bus,
962 2426 1228 2462 similitudinibus,
1244 2428 1416 2464 sententiis,
1433 2431 1586 2470 exemplis

872 2467 1053 2499 illustretur.
1099 2470 1256 2501 Potuisset
1278 2471 1359 2501 enim
1387 2473 1432 2502 sic
1459 2473 1583 2504 dicere:

872 2513 952 2547 Nos,
982 2523 1050 2542 cum
1080 2514 1207 2553 agendae
1241 2520 1344 2545 essent
1371 2515 1440 2545 Deo
1467 2517 1585 2556 gratiae,

873 2556 1089 2586 beneficiorum
1107 2558 1174 2595 ejus
1190 2566 1295 2587 sumus
1311 2558 1517 2591 immemores.

915 2616 959 2622 —
976 2599 1052 2630 ibid.
1082 2599 1231 2640 παρόμοιον
1255 2601 1340 2643 ὅπερ,
1364 2603 1411 2632 καὶ
1439 2603 1501 2644 περὶ
1527 2606 1584 2633 τῶν

873 2642 1059 2682 πραγμάτων
1080 2642 1183 2685 οὕτως]
1210 2644 1413 2676 Observanda
1446 2652 1493 2676 est
1518 2647 1584 2677 haec

873 2686 1025 2720 ἀπόδοσις.
1043 2691 1115 2726 post
1130 2686 1176 2717 ¹er
1189 2687 1273 2718 αὐτὸν
1283 2687 1392 2728 τξόπον,
1407 2690 1514 2730 ὥσπερ.

916 2747 961 2752 —
977 2733 1027 2761 12.
1044 2729 1186 2772 κτήσεως]
1221 2732 1290 2762 Non
1313 2738 1372 2762 tam
1386 2735 1583 2772 possessionem

875 2772 1038 2811 significat,
1056 2784 1143 2813 quain
1155 2776 1382 2814 acquisitionem.

917 2832 961 2838 -—-
975 2816 1052 2847 ibid.
1071 2816 1125 2847 ὅσα
1141 2818 1217 2860 λάβῃ
1233 2819 1281 2848 καῖ
1296 2818 1390 2860 σώσῃ]
1413 2818 1472 2853 καὶ,
1485 2820 1584 2849 etiam.

876 2858 907 2889 Si
922 2870 1009 2899 quam
1024 2863 1179 2899 acceperit,
1192 2872 1255 2892 eum
1270 2863 1356 2892 etiam
1371 2863 1562 2891 conservarit.

917 2905 1023 2934 -13.
1047 2904 1199 2938 ἀναλώσας
1223 2903 1310 2946 λάθῃ]
1350 2905 1397 2934 ΑΙ)
1426 2904 1582 2941 ἀναλίσκει),

877 2946 927 2975 vel
945 2947 1066 2983 ἆνσιλόω,
1083 2954 1112 2977 ct
1125 2947 1258 2977 λανθάνω.
1273 2946 1402 2976 λανθάνω
1415 2947 1584 2984 ἀναλίσκων,

876 2989 928 3019 vel
945 2989 1089 3020 ἀναλίσκω
1099 2991 1254 3026 λανθάνων,
1267 2992 1435 3029 imprudens
1447 2999 1581 3021 consumo

872 3042 931 3064 non
952 3034 1152 3064 animadverto
1174 3044 1218 3064 me
1244 3044 1415 3064 consumere.
1444 3034 1473 3064 id
1500 3035 1582 3073 quod
