1931 3322
461 191 524 233 IN
558 191 963 234 PHILIPPICAM
996 192 1080 236 DE
1112 192 1284 239 PACE.

143 294 278 336 Ἂςιιάσιν
299 296 483 337 ἧναγκάζῡγτο
507 296 641 337 πέμπειν
662 300 726 332 τοὺς
748 298 856 333 ἱππέας

142 337 300 380 ἐπικούρους
324 341 369 370 διὰ
392 344 441 372 τὴν
455 340 643 383 ξυμμαχίαν,
671 342 696 372 εἴ
709 354 754 376 τις
766 354 855 382 στρα-

146 381 255 411 τεύοιτο
276 381 324 413 ἐπὶ
339 385 387 414 τὴν
403 382 559 423 Ἀξκοιδίαν·
585 387 637 419 τῖς
651 385 680 415 δὲ
696 387 854 420 Λακωνικῆς

139 425 191 454 οὐκ
203 423 342 454 &oz-{eamr
357 424 404 456 ἐπὶ
420 426 551 466 πολέμῳ.

185 485 229 489 -
243 469 273 497 6.
289 468 336 498 οὐκ
351 469 419 510 ἄχξι
439 472 489 504 τῆς
510 471 587 511 ἴσης]
613 471 762 510 Ulpianus
779 471 850 500 sub-

140 510 229 540 audit
252 509 347 550 ψήφου
361 524 366 541 :
391 524 449 552 ego
463 512 548 553 μοι’ξα
571 514 690 552 potius,
706 517 738 542 ut
752 512 851 547 ἐπίσης

140 551 189 591 ὑφ’
203 551 239 588 ἓν,
253 562 286 583 επ
301 565 389 595 aequo.
419 557 562 586 Comicus
579 556 666 595 [Ter.
689 556 848 591 Eunucho,

140 595 168 625 1.
184 597 214 626 Ξ.
231 599 282 627 11.
299 597 356 638 ss.]
386 602 408 615 “
421 600 449 628 Ο
475 599 580 633 Thais,
605 598 710 634 Thais,
734 599 849 629 utinam

138 644 224 668 esset
251 640 325 670 mihi
359 651 431 680 pars
459 651 546 680 aequa
577 641 689 670 amoris
716 641 849 678 tecum,”

137 681 246 719 ὤφελον
258 681 360 716 ἐπίσης
373 684 465 722 φιλεῖν
485 684 534 713 καὶ
557 683 721 722 φιλεῖσθαι.
746 685 848 714 Hero—

139 724 231 755 dotus
243 735 252 755 ε
273 724 322 754 ἐπὶ
331 724 369 767 τῇ
379 726 425 768 ἴσῃ
437 726 486 757 καὶ
495 725 584 767 ὁμοίῃ.
595 728 664 765 pari
675 727 847 757 conditione.

183 766 239 807 [P.
263 770 337 799 137.
353 769 403 799 ed.
427 769 485 810 D.]
502 787 543 792 ·—
557 772 590 800 7.
616 770 694 800 ὥστε
719 769 849 800 εἶναικαὶ

134 812 249 849 κςιιτεῒν
270 813 326 841 τῶν
350 811 461 853 ἄλλων]
492 814 536 843 Μ.
551 813 672 843 Tullius
700 813 780 842 hunc
804 813 849 842 lo-

136 862 208 883 cum
220 854 425 887 adumbravit.
442 856 548 897 [Offic.
563 856 591 886 1.
609 857 676 897 ΓΖ]
703 860 724 874 “
737 856 799 886 Sed
813 867 849 886 ea

135 895 227 933 bella,
243 897 354 937 quibus
369 898 490 938 imperii
507 899 606 938 gloria
617 900 778 939 proposita
790 905 848 936 est,

137 939 237 970 minus
268 942 378 971 acerbe
406 943 542 981 gerenda
569 947 650 972 sunt.
694 944 738 973 Ut
766 943 846 973 enim

136 992 231 1021 quum
247 984 383 1015 civiliter
396 985 618 1021 contendimus,
634 985 724 1016 aliter
741 984 847 1025 [Hanc

133 1026 289 1066 antiquam
304 1028 468 1058 lectionem
483 1029 574 1059 etiam
597 1028 752 1068 Heusing.
767 1040 847 1069 prae-

136 1068 218 1100 tulit.
264 1071 343 1101 Nam
358 1076 430 1111 post
443 1072 552 1102 Lamb.
568 1072 682 1102 editum
695 1083 702 1101 τ
725 1083 791 1102 cum
805 1074 846 1102 ci-

135 1112 167 1141 υἱ
191 1113 280 1143 aliter
298 1115 440 1144 couteud.
462 1114 489 1145 si
512 1120 558 1145 est
581 1120 641 1145 etc.
668 1115 789 1156 Buca]
819 1116 845 1146 si

134 1159 185 1185 est
204 1156 358 1193 inimicus,
376 1157 478 1193 aliter,
504 1158 530 1188 si
554 1159 758 1197 competitor:
775 1169 843 1188 cum

131 1197 230 1229 altero
244 1205 395 1230 certamen
409 1201 533 1231 honoris
554 1205 586 1230 et
607 1201 769 1240 dignitatis
786 1206 844 1237 est,

133 1249 204 1271 cum
216 1242 312 1273 altero
327 1244 439 1283 capitis
459 1248 490 1274 et
501 1244 609 1274 famae:
633 1244 680 1274 sic
692 1255 760 1274 cum
775 1245 844 1275 Cel-

135 1284 258 1323 tiberis,
280 1297 350 1317 cum
371 1287 504 1318 Cimbris
521 1288 632 1318 bellum
648 1292 683 1318 ut
701 1299 772 1318 eum
787 1289 843 1318 ini-

132 1326 222 1358 micis
237 1331 410 1369 gerebatur,
426 1335 494 1361 uter
514 1335 609 1367 esset,
624 1341 685 1361 nou
702 1337 772 1362 uter
786 1332 843 1361 im-

131 1379 275 1410 peraret:
300 1384 370 1403 cum
391 1373 521 1409 Latinis,
543 1374 677 1410 Sabinis,
700 1375 842 1405 Samniti-

134 1415 201 1451 bus,
221 1416 338 1453 Poeuis,
361 1417 483 1456 Pyrrho
499 1417 540 1447 de
556 1418 688 1458 imperio
713 1418 841 1448 dimica-

131 1457 257 1489 batur.'’
300 1460 381 1490 Haec
406 1461 468 1492 ille.
501 1462 549 1490 De
575 1461 682 1491 Poenis
705 1461 841 1492 dubitari

132 1505 245 1540 potest.
290 1503 445 1534 Videntur
484 1504 564 1534 enim
598 1505 713 1534 Punica
749 1505 842 1542 bella,

130 1546 301 1583 praesertim
312 1547 490 1582 secundum,
499 1547 719 1578 interneciuum
731 1548 840 1579 fuisse.

132 1588 194 1617 Sed
215 1590 273 1620 hoc
296 1590 389 1621 etiam
411 1591 570 1621 confirmat
584 1591 645 1621 alio
660 1591 740 1621 loco.
767 1591 839 1631 [pro

131 1632 254 1670 Sextio,
271 1644 300 1664 c.
317 1634 386 1675 68.]
404 1638 426 1651 “
439 1634 520 1671 Quis
536 1634 839 1673 Carthageuiensium

114 1677 229 1717 <pluris
248 1677 307 1707 suit
321 1677 470 1708 Annibale
493 1677 631 1713 consilio,
649 1678 774 1715 virtute,
792 1689 840 1708 re-

129 1721 188 1751 bus
210 1720 324 1760 gestis?
346 1721 399 1761 qui
415 1731 493 1752 uuus
510 1732 578 1751 cum
590 1725 636 1751 tot
647 1720 840 1761 imperatori-

130 1765 189 1794 bus
198 1763 314 1794 nostris
327 1769 374 1794 tot
392 1774 487 1795 annos
503 1764 543 1795 de
557 1764 688 1804 imperio
700 1770 732 1795 et
743 1765 841 1804 gloria

130 1806 335 1837 decertavit.”
377 1808 479 1847 Atque
491 1808 549 1838 hoc
564 1807 609 1837 sic
625 1808 692 1838 fieri
713 1809 792 1838 solet
810 1814 842 1839 et.

129 1850 224 1881 debet
237 1849 269 1880 iu
284 1860 352 1890 rep.
367 1861 425 1880 non
441 1850 539 1881 miuus
551 1850 582 1880 in
599 1851 730 1890 privatis
742 1851 840 1881 homi-

130 1893 221 1924 nibus
237 1897 327 1933 atque
343 1893 463 1933 injuriis
479 1894 714 1924 observandum.
759 1895 841 1925 The-

131 1936 301 1973 mistocles,
320 1947 388 1966 cum
408 1936 493 1966 falsae
517 1936 700 1976 proditionis
715 1947 841 1967 accusa-

130 1985 180 2010 tus
196 1979 325 2019 patriam
343 1980 474 2019 fugeret,
495 1979 676 2018 urgentibus
706 1989 724 2009 a
751 1985 840 2020 tergo

129 2023 184 2063 qui
207 2024 480 2063 persequebantur,
502 2028 627 2052 coactus
651 2026 701 2052 est
723 2023 762 2052 ad
778 2023 841 2053 Ad-

129 2071 245 2097 metum
279 2075 383 2106 regem
424 2065 646 2101 Molossorum,
687 2065 839 2096 hominem

128 2120 188 2140 non
203 2110 346 2145 amicum,
362 2110 538 2148 confugere,
554 2113 662 2148 utpote
685 2109 734 2139 cui
751 2110 840 2139 resti-

125 2153 217 2184 tisset
246 2153 421 2193 aliquando,
452 2163 521 2183 cnm
550 2152 653 2182 nescio
691 2152 765 2192 quid
799 2154 838 2183 ab

127 2196 376 2232 Atheniensibus,
388 2201 519 2235 peteret.
537 2195 591 2235 [ad
607 2195 695 2225 finem
713 2197 740 2225 1.
754 2196 838 2226 Thu-

127 2240 199 2279 cyd.
214 2250 241 2270 c.
259 2239 350 2280 136.]
373 2239 423 2270 Ad
438 2249 542 2278 regem
561 2239 655 2278 igitur
677 2249 745 2269 cum
761 2249 836 2279 sup-

127 2283 203 2323 plex
226 2283 399 2320 accederet,
426 2293 517 2322 quem
543 2282 675 2316 laeserat,
703 2282 835 2322 ingenue

128 2328 287 2357 consessus
299 2331 358 2362 est,
375 2337 407 2357 se
423 2327 462 2356 de
478 2336 514 2356 eo
528 2336 588 2355 nou
605 2325 720 2365 optime
744 2326 836 2356 meri-

127 2375 192 2400 tum
202 2379 291 2401 esse:
315 2370 370 2399 sed
395 2374 495 2400 tamen
517 2379 638 2409 aequum
662 2379 788 2400 censere
803 2375 835 2400 et

126 2413 298 2453 postulare,
320 2412 347 2442 si
370 2418 476 2443 contra
503 2423 566 2443 rem
591 2412 674 2442 illius
700 2413 834 2452 quodam

124 2462 265 2497 tempore
279 2455 425 2491 venisset,
437 2465 496 2486 nou
510 2455 542 2486 id
557 2460 623 2485 tum
638 2455 669 2486 iu
683 2459 765 2486 tauta
780 2467 836 2487 sua

125 2500 300 2531 calamitate
324 2498 511 2530 meminisse.
564 2499 637 2529 Nou
665 2499 746 2529 enim
776 2499 835 2531 hoc

125 2552 197 2574 esse
215 2553 271 2583 par
284 2541 351 2583 pari
371 2542 494 2578 referre.
519 2551 589 2572 cum
612 2541 695 2572 salus
719 2542 834 2582 agitur,

125 2586 222 2618 ultum
241 2586 289 2616 ire
309 2595 378 2616 eum
393 2585 424 2615 iu
439 2589 543 2625 caput,
559 2594 576 2614 a
590 2595 652 2624 quo
674 2585 770 2616 laesus
790 2596 834 2623 es,

125 2639 195 2661 cum
227 2628 384 2660 mediocre
417 2629 608 2660 commodum
637 2633 836 2668 quaereretur.

124 2673 243 2713 γενναῖον
266 2673 322 2713 γὰρ
347 2671 415 2702 εἶναι
439 2672 504 2706 τοὺς
526 2671 634 2710 ὁμοίους
648 2670 706 2702 ἀπὸ
721 2673 772 2703 τοῦ
788 2672 836 2714 [p.

126 2719 202 2750 138.
222 2715 274 2746 ed.
287 2714 345 2756 D.]
360 2714 420 2745 ἴσον
432 2712 634 2755 τιμωρεῖσθαι,
655 2714 699 2744 ait
713 2715 835 2755 Thucy·

126 2760 227 2792 clides.
240 2756 312 2790 ἄλλ’
322 2757 407 2794 novbr,-
421 2757 476 2797 μὲν
490 2756 577 2796 ἐκείνῳ
583 2756 683 2800 χρείας
696 2757 778 2793 τινὸς,
787 2758 835 2788 καὶ

125 2800 264 2837 abarien-3
275 2803 366 2842 σῶμα.
379 2799 534 2843 σώζεσθαι,
549 2797 749 2832 {varst-amoma.
764 2800 835 2832 ἐκεῖ·

125 2857 166 2878 νο,
180 2843 205 2875 Υ
224 2843 268 2880 ἂν,
291 2845 314 2876 εἰ
329 2843 413 2875 {dein
429 2843 524 2880 αὐτὸν,
544 2842 654 2885 (εἰπὼν
672 2844 720 2884 ὑφ’
739 2841 776 2874 οἷν
788 2844 837 2874 καὶ

125 2887 173 2929 ἔφ’
185 2885 210 2929 ᾇ
223 2887 370 2928 διώκει-αι)
383 2885 522 2928 σωτηρίας
536 2886 569 2917 ἂν
581 2889 632 2922 τῆς
645 2885 743 2928 ψυχῆς
764 2889 838 2918 ἄπο·

126 2933 273 2973 «πεζῇ-ιιι.
319 2931 389 2961 Hac
413 2929 550 2961 oratione
580 2930 682 2960 victus
704 2941 760 2960 rex
786 2941 839 2961 ve-

127 2976 209 3005 niam
232 2972 330 3009 dedit,
355 2978 387 3004 et
412 2974 489 3004 clam
507 2974 607 3004 emisit
625 2983 774 3004 summum
792 2973 838 3003 vi-

126 3028 207 3053 rum,
230 3026 291 3056 quo
306 3016 464 3054 tendebat,
487 3018 527 3048 ad
551 3018 676 3049 Persas.
722 3016 838 3049 Similis

173 3070 249 3093 vot..
268 3070 298 3090 v.

1515 192 1595 242 401

889 299 1059 329 moderatio
1085 303 1262 334 Graecornm
1283 303 1342 334 fuit
1358 314 1432 345 erga
1450 306 1598 336 Lacedae-

888 342 1015 377 monins,
1036 353 1126 381 quum
1149 345 1334 377 insolescere
1350 348 1510 387 imperium
1526 350 1596 379 ade-

887 385 931 423 pti
945 391 1111 425 coeperant.
1156 389 1192 417 ld
1209 390 1287 419 enim
1305 392 1448 430 agebant,
1464 398 1497 422 ut
1513 392 1595 422 inso-

885 427 978 457 lentia
989 438 1093 458 eorum
1110 432 1361 469 comprimeretur
1383 435 1525 474 adempto
1539 435 1595 464 im-

884 471 982 509 perio,
1008 481 1067 501 non
1092 477 1124 501 ut
1141 474 1272 512 perirent
1295 481 1324 504 et
1340 477 1476 507 funditus
1505 478 1595 508 tolle-

884 519 997 543 rentur.
1044 514 1196 545 Aristides
1208 516 1385 556 [Leuctrica
1399 521 1460 549 111.
1473 531 1503 560 p.
1518 524 1592 552 450.

884 561 905 585 t.
921 557 947 586 I.
961 558 1010 587 ed.
1025 557 1132 599 Jebb.]
1153 559 1200 588 καὶ
1211 561 1237 589 νὴ
1253 558 1297 589 Δί’
1312 560 1378 594 ἴσως
1393 562 1460 591 sisi?
1476 564 1497 592 οἳ
1512 563 1593 594 πλεί-

882 610 926 632 ους
940 599 985 630 διὸ,
1001 602 1065 634 τοὺς
1088 603 1239 641 ἁρμοστὰς
1263 602 1311 631 καὶ
1336 605 1384 633 ‘ri-a
1407 604 1464 635 ἀπὸ
1481 608 1591 636 Λυκίν-

883 642 941 682 &gau
955 642 1020 673 τότ’
1034 642 1170 684 ἒπῆξειιιν,
1184 645 1276 687 μὲχξι
1289 645 1344 685 μὲν
1358 648 1408 676 τοῦ
1422 649 1463 686 μὴ
1482 650 1530 679 τὴν
1544 652 1594 680 τοῦ

882 687 981 715 ‘mih-a.
1006 688 1092 717 ποιεῖν
1114 686 1190 729 ἔχειν
1210 689 1335 728 δύναμιν,
1365 691 1501 728 μισ-οὖσιν
1526 692 1594 727 ἴσως

882 728 984 763 αὖτοὺς
997 732 1048 763 ‘ric
1072 731 1165 761 αὐτῶν
1187 730 1255 762 ἕνεκ’
1276 731 1438 771 ἀσφαλείας
1462 732 1592 765 ἕκαστοι.

883 771 919 803 ὡς
936 772 963 801 δὲ
979 773 1023 802 καὶ
1039 774 1236 807 ἀπολωλότας
1253 774 1406 815 καθάπαξ
1417 776 1494 813 ἰδεῖν,
1505 778 1533 807 οὗ
1542 790 1593 817 μοι

882 812 1003 843 δοκοῦσιν
1028 825 1055 844 ιι.
1075 826 1104 844 τ.
1131 823 1159 844 λ.
1205 818 1378 847 Harmostae
1409 823 1490 855 sunt,
1515 831 1593 860 quos

883 856 1110 887 Lacedaemonii
1127 858 1210 888 bello
1227 860 1490 899 Peloponnesiaco
1506 863 1593 893 devi-

882 899 941 929 ctis
958 900 1208 938 Atheniensibus,
1225 914 1293 933 cum
1310 904 1349 933 ab
1365 904 1456 934 armis
1473 904 1594 937 disces-

883 952 949 972 sum
966 948 1023 979 est,
1044 943 1222 975 civitatibus
1237 946 1462 985 imposuerunt,
1475 949 1527 988 qui
1543 961 1592 981 res

882 985 997 1025 ubique
1014 987 1052 1016 ad
1072 997 1186 1017 morem
1210 993 1241 1018 et
1265 989 1457 1029 disciplinam
1474 993 1592 1031 Spartae

881 1035 1110 1071 componerent,
1125 1030 1174 1061 καὶ
1196 1031 1262 1072 πρὸς
1288 1032 1333 1062 τὸν
1347 1033 1453 1074 κόσμον
1470 1037 1521 1069 τῆς
1542 1037 1593 1067 αὑ-

880 1074 937 1102 τῶν
962 1072 1117 1107 πολιτείας.
1170 1075 1310 1114 Denique
1347 1082 1443 1114 erant,
1485 1080 1592 1118 quales

879 1116 960 1154 apud
992 1117 1147 1146 Romanos
1171 1119 1393 1150 constituendae
1428 1121 1507 1161 reip.
1524 1123 1591 1152 Tri-

879 1159 992 1188 umviri
1015 1164 1095 1190 teste
1126 1161 1255 1191 Budaeo.
1279 1162 1340 1202 ἂςη,
1367 1163 1476 1197 βλάβη.
1506 1172 1591 1196 πλεο-

878 1202 982 1242 νασμῷ
993 1203 1043 1232 τοῦ
1059 1213 1080 1233 ει
1092 1201 1175 1243 epeia.
1222 1205 1300 1235 Inde
1312 1206 1437 1247 ἒπῆξειοι,
1447 1210 1528 1247 quod
1540 1209 1592 1239 hic

878 1245 1000 1283 quidem
1019 1247 1204 1276 insolentium
1219 1248 1382 1288 significat.
1407 1251 1592 1282 Eustathius

877 1288 994 1319 ἀπειλὴν
1017 1299 1174 1329 exponens
1197 1290 1273 1321 illud
1298 1291 1431 1331 [Iliados
1448 1300 1477 1324 P.
1494 1296 1590 1335 431]

877 1333 975 1362 πολλὰ
1006 1331 1034 1362 δὲ
1063 1332 1235 1374 μειλιχίοισι
1265 1336 1418 1374 προσηύδα,
1443 1341 1540 1368 πολλὰ,
1567 1338 1591 1367 δ’

877 1374 963 1416 ἆξειῇ.
988 1375 1076 1406 Eust.
1093 1376 1261 1407 ἀντίκειντοιι
1278 1378 1305 1408 δὲ
1329 1379 1367 1420 τῇ
1382 1380 1458 1420 eigel?
1473 1381 1590 1416 πάντως

875 1417 1014 1460 μειλίχιοι
1031 1418 1116 1458 λόγοι.
1162 1420 1245 1450 Talis
1271 1428 1335 1452 erat
1350 1423 1510 1462 Lysander
1532 1425 1590 1454 mi-

876 1471 948 1496 nant,
966 1463 1126 1502 superbus,
1143 1462 1287 1495 insolens,

920 1505 976 1545 [Ρ.
998 1508 1072 1536 140.
1087 1506 1137 1536 ed.
1154 1506 1213 1547 D.]
1236 1524 1279 1530 -—
1296 1511 1348 1538 10.
1365 1506 1449 1539 τίοῧν
1464 1510 1586 1550 ἡγοῦμαι

875 1546 1002 1589 φοβερὸν]
1024 1549 1255 1589 Hermogenes:
1284 1553 1362 1581 κατὰ
1378 1553 1487 1593 σχῆμα
1504 1554 1590 1595 εὐκρι-

873 1593 915 1624 νῆς
930 1590 1036 1629 γίνεται
1051 1592 1063 1621 ὅ
1078 1592 1170 1631 λόγος,
1187 1592 1253 1623 ὅταν
1272 1593 1284 1623 ὅ
1311 1594 1400 1633 λέγων
1419 1594 1468 1626 οἷον
1490 1596 1589 1628 {aurbu

873 1632 990 1673 ἐξαιτῶν,
1016 1635 1082 1666 εἶτα.
1105 1635 1306 1676 ἀποκρίνηται,
1330 1642 1365 1668 ut
1388 1649 1480 1678 quum
1512 1640 1591 1671 dicit

874 1684 990 1713 orator,
1000 1678 1073 1713 τίνος
1088 1677 1130 1709 οὖν
1144 1679 1223 1710 ἕνεκα
1237 1682 1320 1710 τοῦτο
1331 1680 1423 1719 atym
1440 1692 1587 1722 quorsum

873 1721 961 1751 haec?
984 1721 1044 1751 ista
1059 1723 1140 1752 enim
1166 1723 1263 1763 figura
1286 1724 1452 1755 dilucidam
1473 1727 1587 1757 oratio-

874 1775 944 1794 nem
969 1764 1178 1805 liquidamque
1200 1767 1315 1804 reddit,
1339 1768 1482 1807 frequens
1505 1771 1588 1810 apud

875 1808 1051 1839 Rhetorem.
1097 1809 1166 1841 Jam
1190 1815 1290 1840 autem
1305 1812 1450 1851 proprius
1467 1813 1589 1844 accedit

874 1851 914 1880 ad
929 1861 1065 1888 cansam,
1089 1858 1180 1892 atque
1202 1853 1404 1890 auditoribus,
1430 1855 1504 1894 quid
1519 1856 1584 1886 illis

874 1893 1008 1924 maxime
1023 1897 1220 1926 metuendum
1236 1896 1288 1933 sit,
1300 1897 1437 1927 ostendit
1448 1908 1488 1928 ex
1502 1908 1586 1930 com-

873 1937 1044 1976 paratione.

918 1980 956 2010 P.
981 1983 1053 2013 145.
1067 1983 1097 2012 2.
1125 1982 1184 2012 ὅσοι
1197 1992 1229 2021 γε
1245 1984 1285 2012 τὰ
1299 1983 1376 2014 αὐτὰ
1391 1982 1499 2018 τούτοις
1517 1992 1581 2026 φρο-

873 2022 963 2063 νοῦσι]
998 2024 1076 2054 Tum
1096 2024 1165 2054 duae
1189 2026 1337 2056 factiones
1362 2031 1447 2056 erant
1469 2028 1499 2057 in
1524 2029 1586 2058 Pe-

872 2065 1059 2105 loponneso:
1083 2078 1154 2107 pars
1171 2079 1240 2098 cum
1258 2069 1501 2100 Lacedaemoniis
1517 2081 1585 2102 sen-

873 2109 1001 2146 tiebant,
1025 2111 1166 2150 plerique
1181 2117 1297 2142 contra.
1319 2112 1412 2142 factio
1434 2118 1482 2143 est
1505 2114 1586 2146 inter

872 2153 982 2189 malos,
998 2152 1044 2193 [p.
1061 2155 1131 2184 141.
1147 2154 1198 2184 ed.
1215 2155 1272 2196 D.]
1289 2156 1370 2194 quod
1385 2155 1467 2186 inter
1488 2159 1585 2188 bonos

873 2196 1017 2233 amicitia,
1042 2196 1144 2236 iuquit
1178 2198 1354 2228 Sallustius.
1389 2197 1487 2239 [Bell.
1516 2201 1586 2232 Cat.

871 2240 941 2281 16.]
955 2243 976 2257 “
991 2241 1079 2270 Idem
1089 2240 1169 2270 velle
1179 2246 1210 2271 et
1221 2241 1303 2271 idem
1313 2242 1404 2278 nolle,
1415 2252 1451 2272 ea
1462 2243 1586 2274 demum

870 2281 999 2313 habetur
1017 2294 1089 2314 vera
1105 2283 1267 2315 amicitia?
1299 2285 1358 2314 boe
1379 2290 1438 2322 est,
1456 2285 1489 2316 τὸ
1512 2287 1585 2317 αὐτὸ

870 2326 979 2366 φξονεῖν.
1023 2327 1189 2357 AEsehines
1205 2327 1283 2368 [mei
1298 2338 1433 2369 wagmrp.
1458 2340 1489 2369 p.
1507 2332 1584 2362 912.

869 2368 929 2410 R.]
946 2370 1000 2412 οὐχ
1011 2369 1191 2408 ὁμονοούντων
1209 2372 1289 2401 ἀλλὰ
1303 2373 1359 2401 τῶν
1374 2370 1527 2402 πλείστων
1541 2375 1583 2404 ταὶ

869 2413 1028 2444 Παυσανίου
1046 2413 1217 2453 φξονούντων.
1247 2418 1279 2444 et
1305 2413 1388 2453 apud
1403 2415 1533 2446 Paulum
1549 2416 1585 2447 τὸ

869 2455 997 2496 φρόνημα,
1006 2458 1058 2491 τῆς
1072 2455 1174 2496 σαςκός
1191 2455 1295 2497 [Rom.
1311 2457 1405 2487 vm.
1421 2458 1483 2500 6.],
1498 2461 1581 2499 quod

869 2499 936 2530 vult
950 2509 1033 2535 caro,
1047 2500 1130 2540 quod
1150 2500 1353 2541 concupiscit.
1397 2500 1502 2532 Sensus
1516 2512 1583 2533 car-

868 2543 916 2573 nis
940 2542 1057 2583 optime
1082 2543 1233 2573 redditur.
1275 2544 1367 2580 Nam,
1392 2545 1444 2584 qui
1469 2546 1583 2585 sapien-

871 2587 943 2617 tiam
964 2591 1018 2616 aut
1029 2586 1222 2626 prudentiam
1237 2591 1370 2623 vertunt,
1385 2592 1421 2618 ut
1435 2589 1584 2628 Augusti-

869 2639 940 2666 nus,
961 2633 1075 2659 emat.
1096 2628 1173 2659 illud
1197 2629 1373 2662 Aristotelis
1398 2637 1447 2662 est
1460 2630 1582 2672 [Ethic.

870 2681 939 2712 cap.
955 2672 1068 2714 vlu]
1084 2671 1150 2703 ἆσό
1161 2674 1213 2703 τοῦ
1228 2671 1310 2713 μέγα
1323 2675 1434 2714 φςονεῖν,
1443 2676 1497 2716 χρὴ
1510 2674 1538 2705 δὲ
1554 2676 1583 2705 οὒ

869 2717 951 2746 nawa
978 2716 1044 2749 τοὺς
1063 2717 1276 2757 vagamini-nac,
1302 2716 1462 2756 ἀνθρώπινα,
1482 2719 1585 2758 ogoni&

870 2758 1016 2799 ἄνθρωπον
1035 2757 1113 2795 ὄντα,
1136 2757 1224 2791 ema-³2
1250 2759 1296 2791 τὸν
1317 2759 1426 2791 θνητόν·
1446 2760 1516 2789 ἀλλ’
1538 2759 1585 2800 ἐφ’

869 2800 930 2831 ὅσον
943 2800 1090 2844 ἐνδέχεται
1101 2801 1333 2845 ἆπαθιινιτίζειν.
1347 2803 1418 2842 quid
1440 2804 1498 2832 boc
1515 2812 1586 2833 ver-

871 2844 902 2874 bi
919 2844 990 2875 est?
1014 2845 1153 2885 sequitur
1175 2844 1355 2886 ἓξηγητικᾶς,
1383 2844 1432 2875 ³¹²²
1462 2845 1583 2876 ἅπαντι

870 2889 957 2919 ποιεῖν
970 2888 1036 2929 πςός
1048 2887 1083 2918 τὸ
1099 2887 1146 2930 ζῇν
1164 2891 1244 2919 κατὰ
1266 2887 1300 2919 τό
1320 2888 1474 2927 κράτιστον
1488 2891 1543 2918 τῶν
1558 2887 1585 2919 ἓν

870 2930 962 2970 abr-«323,
975 2931 1007 2962 id
1020 2936 1078 2968 est,
1092 2931 1251 2963 secundum
1260 2935 1382 2962 utentem
1395 2935 1483 2970 atque
1494 2931 1588 2962 intel·

874 2973 1043 3015 ligentiam:
1067 2975 1150 3015 quod
1166 2974 1277 3005 Cicero
1300 2973 1390 3010 divit,
1409 2978 1417 2991 ‘
1431 2974 1585 3004 immorta-

874 3017 992 3049 litatem
1022 3017 1173 3049 meditari’
1205 3016 1256 3048 vel
1280 3022 1286 3035 -’
1302 3022 1418 3048 aeterno
1463 3017 1585 3049 moliri.’

875 3061 895 3090 S
914 3070 929 3090 r
