1931 3322
454 207 538 250 AD
572 206 750 251 ORAT.
783 207 866 251 DE
898 208 1267 252 SYMMORIIS.

121 313 223 358 ἐχςῗν;
245 313 358 355 πότερον
377 315 416 349 εἷς
431 316 480 346 τὴν
500 315 625 346 Ἐλλάδα
641 321 671 347 et
684 326 751 355 quae
766 326 833 354 seq.

122 359 182 388 Sed
203 358 295 388 etiam
310 358 535 389 Demosthenes
556 369 610 389 sua
632 359 770 389 hausisse
787 359 833 388 vi-

122 401 214 432 detur
239 412 279 431 ex
300 401 464 441 Euripidis
488 402 601 432 Medea
631 414 660 433 v.
691 405 764 433 50⁶2.
793 402 834 432 νῖν

123 446 175 475 ποῖ
187 445 371 485 τράπωμαι;
393 444 497 499 πότερα
513 444 580 484 πξός
594 456 707 486 wat-rga
723 445 791 485 δᾶμ.
794 456 823 478 υς

121 486 166 521 οὓς
186 488 230 517 σοὶ
256 488 402 530 «προδοῦσα.
426 488 473 517 και
503 490 616 528 πάτραν
636 488 797 528 ἀφικόμηη
821 500 836 518 η

123 529 192 570 πρὸς
211 531 348 566 ταλαίνας
368 531 509 566 Πελιάδας
498 543 526 569 ‚3
550 542 626 570 quos
648 542 755 561 versus
778 532 836 559 La-

123 573 180 603 tini
197 579 356 604 verterunt
375 580 476 614 poetae
497 575 612 604 laudati
628 585 645 604 a
662 574 837 610 Lentingio.

125 616 203 653 Quae
217 617 296 647 hunc
311 618 412 647 locum
427 618 597 657 excipiunt,
611 618 683 647 item
701 627 718 647 a
733 617 837 646 multis

124 669 276 699 expressa
294 666 376 697 sunt,
396 664 429 690 ut
452 662 490 690 ab
512 661 620 690 eodem
637 660 756 700 Gorgia
769 660 788 689 l.
807 670 836 689 c.

125 704 243 733 Nostro
272 704 437 743 praeiverat
469 704 623 734 Isocrates
652 703 777 732 Plataic.
806 713 837 742 p.

125 748 202 777 5‘24.
233 745 305 781 τίνες
327 745 366 780 εἷς
391 747 476 776 τοῦτο
503 745 593 780 ἀνοίας
619 744 739 781 ἥκουσιν,
769 746 837 780 ὣςτε

125 787 278 822 Βούλεσθαι
309 791 393 829 μετὰ
415 792 470 819 τῶν
496 789 761 829 καταδουλουμένων
791 791 840 819 τὴν

124 831 253 862 Ἐλλάδα
268 831 335 862 εῖναι
350 834 466 872 μᾶλλον
480 832 494 864 ἢ
511 832 585 873 μεθ’
601 833 680 872 ὑμῶν
695 836 749 862 τῶν
770 831 839 872 ὑπὲξ

123 877 175 909 τῆς
191 876 296 906 ἑαυτῶν
306 874 464 916 ἐλευθερίας
473 875 689 916 ἀγωνιζομένων.
701 878 839 907 Amas-

127 929 278 949 roonnr.
319 919 560 950 Demosthenem
577 929 630 949 sua
645 920 783 949 hausisse
800 930 840 949 ex

127 961 289 1001 Euripidis
319 962 432 993 Medea
468 963 557 993 eccui
586 963 746 1002 probabile
774 962 840 993 fieri

126 1004 251 1045 possit?
273 1005 471 1036 SCHAEFER.

170 1066 215 1072 —
230 1049 283 1078 14.
307 1048 468 1090 δυστυχὴς]
508 1048 622 1078 Ultima
649 1049 737 1088 hujus
761 1053 840 1079 notae

126 1089 191 1133 (sc.
218 1091 399 1133 Wolfianae)
431 1102 490 1122 non
518 1092 668 1131 intelligo.
696 1092 843 1134 δυστυχης

127 1134 238 1165 eodem
253 1145 344 1165 sensu
365 1140 543 1175 usurpatum
564 1145 638 1166 mox
662 1137 795 1166 recurrit
808 1146 840 1176 p.

128 1179 202 1209 295.
219 1178 254 1209 5.
268 1179 376 1209 lnam.

171 1238 214 1245 -·
228 1222 280 1251 17.
290 1220 470 1264 Ελληνικων]
492 1221 615 1252 Recte
617 1221 745 1253 Ελλήνων
761 1222 843 1253 Bek-

127 1263 196 1295 ker.
210 1265 318 1295 lnam.

170 1325 214 1331 ·—
230 1311 283 1340 18.
305 1307 354 1349 ἂν]
378 1309 566 1340 Particulam
586 1309 750 1340 Bekkerus
772 1310 842 1348 jure

128 1351 254 1381 delevit.
288 1353 480 1392 Quamquam
495 1353 628 1382 Wolfins
645 1363 718 1383 vere
728 1357 844 1388 monet,

127 1393 188 1424 hoc
202 1394 264 1424 dici
280 1394 466 1429 ὑποθετικῶς.
510 1396 592 1425 Satis
608 1399 679 1425 nota
694 1395 844 1425 orationis

128 1438 237 1477 figura,
261 1447 322 1477 qua
335 1440 545 1477 καταφατικῶς
559 1438 744 1474 enuntiatur,
761 1438 843 1478 quod

128 1479 306 1514 ὑποθετικῶς
317 1480 551 1520 intelligendum
564 1485 620 1511 est.
638 1482 744 1513 IDEM.

170 1541 216 1546 —
228 1523 307 1554 ibid.
331 1521 428 1554 ἐκείνου
447 1524 497 1565 γε]
518 1524 652 1555 Attende
672 1525 735 1554 vim
750 1524 845 1564 parti-

132 1566 222 1598 culae.
232 1566 295 1604 illo,
309 1567 415 1607 quippe
430 1571 492 1598 tam
510 1567 632 1598 imbelli.
650 1568 758 1598 IDEM.

173 1628 217 1634 —-
232 1612 286 1642 19.
308 1611 390 1641 ἀλλὰ
404 1610 547 1651 μάλιστα
561 1609 717 1651 μὲν-νῦν
731 1611 843 1652 ἄςχειν]

130 1653 218 1684 Ordo
233 1657 297 1684 est:
318 1654 400 1684 ἀλλὰ
415 1653 552 1687 βούλεται
569 1652 626 1694 μὲν
648 1655 726 1694 μάλ.
748 1655 846 1696 ἄρχειν

129 1708 177 1734 π.,
189 1697 213 1728 εἷ
229 1696 259 1727 δὲ
272 1696 316 1737 μῆ
331 1707 365 1735 γε
375 1696 526 1737 [auva-cast
516 1697 582 1727 εστὶ
598 1697 711 1728 πάντων
724 1697 845 1739 ἄρχειν],

129 1741 186 1770 τῶν
199 1740 310 1783 ὑπαςχ.
329 1738 463 1770 δούλων“
452 1740 546 1780 seuve?
568 1741 620 1771 νῦν.
665 1742 703 1771 In
719 1742 844 1771 eandem

129 1784 196 1814 fere
221 1782 404 1815 seutentiam
423 1784 553 1815 Xerxes
578 1784 673 1814 verba
700 1784 776 1814 fecit
801 1784 846 1814 iu-

129 1830 178 1857 ter
204 1827 370 1858 Persarum
396 1837 546 1867 proceres
575 1828 614 1857 ad
645 1827 798 1858 Herodot.
823 1828 844 1858 l.

130 1870 208 1900 vn.
223 1872 255 1901 3.
269 1870 297 1911 ᾧ.
312 1872 342 1902 3.
357 1874 389 1900 et
404 1872 470 1910 ejus
487 1870 639 1901 somnium
653 1871 847 1910 interpretati

131 1918 204 1944 sunt
227 1913 310 1954 magi
332 1913 409 1944 ibid.
435 1924 462 1944 c.
490 1916 544 1944 19.
571 1915 726 1944 Isocrates
754 1913 846 1944 etiam

131 1956 251 1997 Paneg.
267 1967 296 1988 c.
312 1958 368 1988 3⁷.
379 1957 522 1998 τοιγαροῦν
538 1958 579 1988 τὲ
592 1956 648 1997 μὲν
669 1956 729 1998 ἔχει
747 1956 774 1997 [5
790 1957 846 1991 Βα-

131 2000 257 2041 σιλεὺς],
267 2001 310 2031 τοὶ
327 1999 355 2031 δὲ
367 1999 484 2040 μέλλει,
499 2001 559 2035 τοῖς
571 1999 594 2030 δ’
607 1999 793 2036 ἐπιβουλεύει,
810 2001 848 2031 δι-

130 2041 218 2076 καίως
227 2044 362 2075 ἁπάντων
370 2043 448 2084 ημῶν
457 2044 727 2085 καταωεφξονηιιώς.
744 2044 847 2074 Idem-

132 2096 193 2126 que
209 2087 331 2118 Rbetor
345 2086 492 2127 Philippo
508 2087 675 2118 Macedoni
690 2088 799 2117 suadet
815 2087 847 2117 in

132 2131 220 2160 Orat.
235 2130 274 2160 ad
290 2141 358 2161 eum
373 2130 488 2170 scripta
503 2141 536 2170 p.
554 2133 628 2161 182.
643 2129 692 2160 καὶ
705 2130 848 2171 μάλιστα

131 2171 188 2213 μὲν
203 2174 343 2225 πειξαῧῇς
364 2172 428 2204 ἕλην
448 2176 498 2206 τῆν
518 2172 666 2208 βασιλείαν
690 2173 760 2214 [τῶν
779 2180 848 2216 Περ-

132 2216 203 2257 σῶν]
220 2215 301 2254 ἑλεῖν,
317 2217 341 2247 εἴ
356 2216 384 2247 δὲ
395 2218 450 2257 μῆ,
461 2217 555 2259 χώραν
569 2216 612 2248 δ’τι
629 2216 767 2249 πλείστην
777 2218 848 2257 ἄφο-

131 2258 285 2300 ρίσασθαι.
330 2260 468 2291 Eandem
491 2260 678 2292 voluntatem
705 2261 848 2292 Lacedae-

132 2304 304 2333 moniorum
326 2304 482 2344 propriam
503 2304 612 2341 fuisse,
628 2303 712 2334 idem
733 2305 848 2344 saepius

132 2346 196 2377 illis
209 2348 389 2386 opprobrat,
404 2347 482 2378 utin
497 2348 625 2378 Panath.
641 2359 673 2388 p.
688 2350 763 2379 437.
773 2350 847 2380 469.

133 2400 203 2429 quae
218 2390 287 2420 loca
301 2401 394 2430 supra
407 2391 598 2422 laudavimus
613 2392 651 2422 ad
663 2402 694 2431 p.
708 2393 782 2422 181.
795 2394 847 2423 13.

134 2434 186 2463 Ex
207 2432 309 2473 priore
326 2444 380 2463 sua
397 2434 449 2464 hic
464 2435 560 2465 verba
576 2435 786 2466 commodasse
801 2435 849 2465 vi·

135 2476 227 2506 detur
242 2477 478 2507 Demosthenes
525 2479 710 2508 Athenarum
731 2480 848 2515 urbem,

135 2520 246 2549 eodem
260 2521 399 2550 Isocrate
415 2525 493 2550 teste
517 2522 631 2560 Areop.
647 2532 675 2551 c.
691 2524 742 2552 27.
760 2533 849 2562 pere-

135 2561 216 2601 grini
236 2563 419 2601 judicabant
442 2561 492 2603 ἄξι’
492 2575 524 2593 αν
546 2564 615 2595 εἶναι
639 2566 682 2605 μὴ
702 2565 781 2604 μόνον
795 2568 850 2596 τῶν

135 2605 272 2636 Ἐλλήνων
291 2606 399 2648 ἄρχειν,
415 2607 497 2638 ἀλλὰ
510 2607 555 2636 καὶ
577 2610 631 2637 τῶν
646 2608 742 2638 ἄλλων
756 2610 849 2638 ἀπάν-

135 2660 203 2680 των.
226 2649 264 2679 ad
283 2660 372 2690 quem
394 2650 494 2680 locum
518 2651 649 2681 adduxit
664 2651 754 2682 alium
778 2653 851 2682 huic

137 2702 266 2732 prorsus
294 2693 424 2724 similem
453 2704 492 2724 ex
523 2694 611 2724 Orat.
643 2695 681 2724 de
714 2697 850 2726 Permut.

138 2736 213 2765 edit.
225 2736 323 2766 Orell.
342 2747 371 2775 p.
389 2739 462 2767 108.
481 2738 703 2775 Bergmannus.
737 2740 852 2769 Verum

134 2779 221 2809 idem
251 2780 491 2811 Atheniensibus
523 2781 684 2811 consilium
718 2792 852 2812 nonnun-

139 2831 229 2860 quam
254 2822 286 2852 in
308 2824 495 2862 vituperium
517 2825 673 2862 objectum
696 2831 755 2855 est.
780 2825 852 2856 Vid.

139 2864 279 2903 Thucyd.
295 2866 322 2895 1.
347 2870 420 2899 125.
445 2868 466 2896 f.
490 2868 690 2898 Laudandum
712 2878 780 2898 esse
799 2869 853 2899 hu-

136 2908 276 2946 jusmodi
291 2909 483 2940 excellentiae
499 2910 645 2947 studium,
658 2911 709 2941 sed
721 2911 752 2942 in
763 2913 854 2943 rebus

141 2951 291 2988 honestis,
316 2953 475 2984 Isocrates
499 2954 615 2984 monuit
637 2955 799 2985 Pansthen.
824 2967 855 2995 p

143 2995 219 3025 488.
243 2995 276 3025 bt
301 2995 462 3027 Demosth.
486 2998 583 3028 Serm.
606 2998 693 3028 Anat.
711 3009 742 3037 p.
763 3002 854 3030 1116.

144 3039 196 3067 24.
212 3038 260 3067 ed.
279 3038 390 3071 Reisk.
410 3040 475 3077 ἣγου
495 3041 648 3080 κράτιστον
667 3041 722 3081 μὲν
744 3041 809 3072 εῖναι
824 3043 857 3073 τὸ

144 3080 292 3119 πρωτεύειν
314 3080 341 3112 ἐι
359 3082 465 3115 ἅπασι.
511 3085 687 3116 Formulam
715 3085 855 3124 μάλιστα

1499 211 1584 254 469

868 315 984 354 μὲν-,
1001 317 1024 346 εἰ
1048 317 1075 347 δὲ
1095 320 1150 357 μὴ,
1175 318 1335 358 usurpavit
1359 318 1450 348 etiam
1473 320 1586 349 Orator

871 359 1171 400 Exord.LV11.p.
1197 365 1293 393 1456.
1316 365 1346 391 1.
1369 364 1423 393 sed
1446 372 1501 401 pro
1517 362 1539 391 εἶ
1557 360 1585 390 δὲ

869 404 910 440 μῆ
925 401 1042 431 dixits.
1036 402 1084 431 δ’
1106 404 1137 442 ἇς
1130 415 1159 431 α
1180 417 1252 434 τουτ
1276 405 1351 446 ἄλλῃ
1371 417 1410 435 πη
1432 404 1584 445 συμβαίνοι

871 445 988 474 Exmmd
1014 430 1441 486 XXXi1.p.144i>.13
1479 448 1586 478 Habet

871 498 936 517 eam
953 487 1044 517 etiam
1061 489 1258 527 Thucydides
1279 492 1306 520 Ι.
1325 493 1377 521 35.
1399 493 1477 521 ἀλλὰ
1492 492 1585 531 μάλι-

871 542 933 559 στα
948 542 988 569 με
978 529 1013 566 ἑ,ν
1039 531 1061 561 εἷ
1082 531 1209 567 δύνασθε,
1234 533 1340 573 μηδένα
1363 534 1447 563 ἄλλον
1468 534 1515 574 ἐςῖν
1541 545 1587 563 κε-

870 572 1083 608 κτῆσθαιιαυς
1100 574 1121 604 εἰ
1136 574 1162 604 δὲ
1175 577 1228 614 μὴ,
1244 587 1272 605 κ.
1282 588 1310 605 τ
1325 583 1353 606 λ.
1368 583 1396 606 et
1414 589 1441 607 c.
1458 581 1508 608 40.
1525 576 1588 606 καί·

871 628 914 646 τοι
930 615 1026 646 δίκαιοί
1039 629 1059 655 γ
1083 616 1151 647 ἐστὲ
1167 631 1205 658 μ.
1221 631 1258 658 μ.
1277 618 1395 649 ἐκποδὼν
1412 622 1511 650 στῆναι
1525 621 1587 659 ἀμ·-

872 659 1008 700 φοτέξοις,
1034 660 1056 689 εἰ
1083 660 1110 691 δὲ
1137 663 1191 700 μὴ,
1218 673 1258 690 το·
1254 661 1370 692 Ξναντίον
1395 662 1450 692 {w}
1473 663 1588 696 τούτους

871 701 938 743 μεθ’
953 704 1030 742 ἡμῶν
1052 703 1128 733 εἶναι.
1150 705 1215 734 ΙΙΙ.
1231 707 1284 736 38.
1300 716 1346 734 και
1362 706 1439 744 μάλ.
1455 719 1492 745 μ.
1510 704 1589 740 οἶτος

873 746 959 776 εἶπεῖν
976 746 1098 780 ἕκαστος
1112 746 1276 786 Βουλόμενος
1289 747 1443 783 δύνασθαι,
1458 749 1480 778 εἶ
1495 748 1523 779 δὲ
1532 762 1589 789 μη,

873 807 929 816 --.
951 791 1001 819 lta
1017 795 1047 819 et
1067 791 1124 820 lv.
1141 794 1212 822 105.
1232 793 1250 821 s.
1270 793 1397 821 isocrat.
1412 792 1539 822 Panath.
1555 803 1588 831 p.

874 836 948 864 488.
971 845 1009 872 μ.
1025 845 1064 872 μ.
1087 833 1171 869 amq
1191 834 1344 875 τυγχάνειν
1355 852 1409 871 -,
1431 835 1453 864 εἶ
1478 833 1507 865 δὲ
1532 836 1587 875 μὲ,

874 878 938 910 τοὺς
959 876 1152 911 οἰκειοτάτους,
1199 878 1371 908 Illustravit
1400 878 1476 907 hanc
1503 879 1590 908 locu-

874 920 988 949 tionem
1003 921 1181 950 Perizonius
1198 921 1235 950 ad
1250 921 1363 951 AEliani
1378 922 1414 951 V.
1431 921 1474 951 H.
1491 921 1588 951 Xlll.

876 964 1259 995 o.45.A1unnsroonnr.

918 1024 961 1029 -—
977 1008 1027 1037 ΞΟ
1051 1006 1073 1036 εἶ
1090 1006 1118 1036 δὲ
1133 1008 1176 1047 μή
1197 1018 1241 1046 γε,
1264 1009 1319 1038 τῶν
1340 1006 1538 1049 ὑπαρχόντων]
1567 1006 1590 1036 εἰ

876 1048 906 1080 δὲ
920 1051 975 1089 μὴ,
997 1051 1052 1079 τῶν
1065 1060 1098 1088 γε
1113 1050 1294 1092 ὑπαρχόντων
1314 1051 1489 1089 genuinum.
1512 1050 1591 1080 Vul-

877 1099 981 1133 gatum
997 1103 1106 1123 vereor
1121 1104 1159 1124 ne
1175 1094 1276 1135 sapiat
1291 1095 1487 1124 Graecitatem
1509 1093 1590 1123 Hel-

877 1136 1066 1167 lenistarum.
1081 1138 1278 1169 SCHAEFEP..

920 1197 962 1202 —
978 1181 1030 1210 22.
1043 1177 1142 1222 τοίνυν]
1156 1191 1254 1219 porro.
1269 1182 1377 1211 IDEM.

919 1241 963 1246 —
977 1225 1031 1255 23.
1046 1222 1111 1253 ἔστι
1134 1223 1190 1263 μὲν
1213 1222 1467 1265 χαλεπὸς-περὶ
1485 1223 1594 1254 τούτων

876 1265 971 1307 λόγος]
997 1267 1175 1297 Communis
1203 1273 1267 1297 erat
1290 1267 1346 1296 hae
1367 1272 1456 1297 aetate
1471 1268 1591 1298 Theba-

876 1320 982 1339 norum
994 1309 1109 1339 invidia
1120 1311 1262 1341 omnibus
1274 1311 1409 1341 Graecis:
1424 1311 1478 1340 sed
1489 1311 1593 1350 singu—

875 1352 1055 1390 laris}etiam
1069 1353 1134 1383 odii
1146 1364 1246 1384 causae
1259 1364 1312 1384 eos
1327 1354 1407 1384 inter
1422 1359 1453 1384 et
1465 1354 1594 1384 Atheni-

877 1406 965 1426 enses
982 1396 1226 1427 intercesserant.
1273 1399 1392 1427 Praeter
1415 1398 1592 1427 memoriam

879 1439 959 1470 enim
975 1440 1091 1470 veteris
1109 1441 1199 1470 istius
1220 1441 1371 1480 suffragii,
1394 1451 1452 1480 quo
1470 1441 1500 1470 in
1516 1441 1592 1471 Am·

877 1483 1076 1522 phictyonum
1108 1484 1239 1514 concilio
1269 1490 1339 1523 post
1375 1485 1463 1514 finem
1500 1484 1592 1514 Pelo-

878 1526 1054 1566 ponnesiaci
1090 1527 1165 1557 belli
1195 1528 1329 1558 Athenas
1365 1527 1593 1558 exscindendas

878 1580 946 1600 esse
970 1575 1141 1606 suaserant,
1170 1570 1228 1613 (cf.
1254 1572 1384 1601 Isocrat.
1408 1571 1536 1601 Plataic.
1559 1581 1593 1610 p.

877 1614 952 1645 520.
977 1619 1069 1653 atque
1102 1614 1162 1644 alia
1195 1615 1263 1645 loca
1293 1615 1416 1644 laudata
1447 1625 1465 1644 a
1494 1616 1590 1654 Berg-

878 1666 988 1686 manno
1011 1657 1050 1687 ad
1067 1657 1217 1688 Isocratis
1230 1660 1351 1698 ‘Areop.
1377 1669 1404 1688 c.
1421 1660 1454 1689 3.
1479 1658 1593 1698 quibus

878 1700 957 1730 adde
976 1701 1176 1731 Demosthen.
1200 1702 1240 1731 de
1265 1702 1302 1731 F.
1330 1702 1366 1731 1..
1389 1712 1420 1740 p.
1445 1703 1520 1733 361.
1538 1702 1592 1732 25.

879 1743 928 1773 ed.
955 1742 1082 1785 Reisk.)
1106 1744 1166 1774 alia
1190 1754 1295 1774 eorum
1319 1744 1424 1784 gravis
1447 1750 1514 1775 erat
1535 1745 1593 1775 hao

878 1790 968 1817 aetate
983 1787 1124 1824 offensio,
1138 1787 1290 1826 siquidem
1307 1793 1338 1818 et
1353 1793 1482 1818 caeteros
1498 1789 1593 1819 Boeo-

878 1829 941 1860 tios
963 1835 994 1860 et
1015 1830 1102 1870 ipsos
1128 1831 1333 1861 Athenienses
1357 1831 1473 1871 saepius
1498 1842 1594 1862 vexa-

879 1874 962 1909 bant,
977 1873 1077 1912 iisque
1089 1875 1182 1904 urbes
1196 1879 1227 1904 et
1240 1884 1329 1914 agros
1342 1875 1526 1914 eripiebant,
1542 1886 1593 1905 su-

880 1916 988 1956 perbia
1005 1917 1077 1947 elati
1088 1922 1215 1957 propter
1224 1918 1371 1948 victorias
1381 1919 1421 1948 de
1433 1918 1594 1958 Spartanis

881 1963 1065 1999 reportatas.
1095 1961 1251 1991 Isocrates
1265 1961 1305 1991 de
1323 1962 1402 1992 Pace
1419 1971 1450 2000 p.
1462 1963 1536 1993 315.
1554 1962 1593 1992 de

880 2003 1034 2033 Thebanis
1054 2003 1208 2044 loquitur:
1232 2005 1298 2038 τοὺς
1321 2003 1470 2045 περιοίκους
1484 2005 1595 2035 ἀδικοῦ-

881 2057 936 2083 σιν,
958 2047 1099 2077 Boeotios
1121 2058 1241 2087 nempe,
1263 2048 1308 2077 uti
1334 2049 1431 2088 liquet
1452 2059 1491 2079 ex
1509 2059 1595 2088 seqq.

881 2094 913 2120 et
937 2089 1066 2120 Plataio.
1092 2101 1123 2129 p.
1146 2092 1219 2123 512.
1246 2090 1378 2125 Θηβαίοις
1397 2092 1456 2125 τοῖς
1477 2091 1596 2123 ἅπαντα

880 2131 927 2162 τδν
940 2132 1032 2175 χρόνον
1046 2133 1189 2174 δυσμενῶς
1203 2133 1269 2174 πρὸς
1282 2136 1332 2166 τῆν
1346 2134 1427 2165 πόλιν
1441 2136 1520 2175 ὑμῶν
1535 2135 1596 2165 δια-

881 2177 1026 2216 κειμένοις.
1051 2178 1138 2207 Orat.
1155 2178 1194 2207 ad
1208 2178 1344 2218 Philipp.
1361 2188 1393 2217 p.
1410 2181 1484 2210 159.
1499 2180 1549 2210 τὴν
1565 2177 1595 2210 δὲ

882 2219 1019 2259 ἡμετέραν
1034 2219 1116 2251 πόλιν
1129 2220 1214 2262 μέρος
1228 2233 1259 2251 τι
1281 2223 1332 2257 τῆς
1349 2222 1446 2264 χώρας
1465 2221 1595 2252 dorsera-{-

881 2274 948 2304 ςουν.
971 2264 1132 2294 Demosth.
1158 2275 1190 2304 p.
1211 2265 1284 2295 Cor.
1310 2276 1342 2305 p.
1366 2268 1441 2297 231.
1457 2268 1486 2296 2.
1512 2266 1596 2305 ὑμεῖς

881 2305 969 2341 οὕτως
993 2306 1139 2343 διέκεισθε,
1161 2307 1427 2344 ὤςτε-Θηὲαίοις
1456 2309 1542 2339 ὁτιοῦν
1565 2308 1597 2339 ἒιν

881 2348 1037 2389 ἐφησθῆναι
1052 2351 1204 2388 παθοῦσιν,
1219 2352 1268 2382 οὐκ.
1288 2352 1400 2391 ἀλόγως
1421 2351 1474 2382 οὐδ’
1495 2351 1597 2386 ἀδίκως

882 2394 978 2428 αὐτοῖς
1006 2393 1181 2435 ὀργιζόμενοι·
1205 2392 1243 2430 οῖς
1263 2398 1319 2435 γὰρ
1351 2395 1546 2437 εὖτυχῆκεσαν
1571 2394 1598 2426 ἒν

882 2437 1042 2478 Λεύκτροις,
1064 2438 1093 2467 οὐ
1115 2438 1237 2478 μετρίως
1260 2438 1420 2480 ἐκέχξηντο.
1445 2450 1515 2469 cum
1536 2449 1597 2479 quo

881 2480 950 2510 loco
976 2481 1036 2511 alia
1064 2482 1251 2511 conveniunt
1279 2482 1445 2512 Isocratis:
1476 2483 1531 2512 Or.
1558 2484 1598 2513 ad

883 2523 1022 2564 Philipp.
1038 2534 1068 2577 p.
1087 2527 1160 2555 159.
1172 2522 1333 2556 καλλίστην
1343 2527 1397 2579 γὰρ
1412 2526 1515 2567 μάχην
1526 2525 1599 2556 νική-

882 2577 986 2601 σαντες
999 2579 1047 2597 και
1063 2566 1206 2607 μεγίστην
1221 2567 1299 2607 δόξαν
1314 2567 1346 2608 εξ
1360 2570 1448 2603 αὖτης
1460 2568 1597 2604 λαβόντες

884 2611 930 2640 διὰ,
944 2622 978 2640 το
995 2623 1038 2648 μη
1061 2613 1156 2644 καλῶς
1175 2612 1349 2653 xeno-mssa:
1369 2613 1436 2647 ταῖς
1450 2610 1599 2652 ευτυχίαις

884 2653 956 2684 Οὐδξν
967 2652 1076 2684 ςξλτίον
1087 2655 1248 2696 πξάττῦυσί
1260 2658 1314 2685 Τῶν
1323 2654 1519 2686 ἦΤΤἉΘΕῚΤων
1508 2669 1522 2686 ἢ
1531 2656 1601 2684 δυσ·

884 2697 1085 2739 τυχησάντων.
1129 2699 1258 2729 Archid.
1273 2710 1305 2738 p.
1321 2702 1394 2731 212.
1410 2711 1475 2732 τους
1489 2700 1543 2731 τὰς
1558 2698 1601 2728 εὖ·

885 2740 990 2782 τυχίας
1013 2754 1056 2779 μη
1079 2740 1200 2783 μετρίως
1225 2742 1313 2782 ψέξειν
1335 2741 1553 2781 ἐπισταμένους.
1570 2746 1601 2772 et

886 2784 1000 2814 Jusnm
1014 2786 1106 2814 VIII
1119 2788 1147 2815 1.
1160 2785 1186 2825 ξ.
1196 2788 1225 2816 4.
1237 2785 1600 2824 “Thebani—quicum

887 2837 983 2857 rerum
1003 2829 1186 2867 potirentur,
1202 2830 1363 2858 secundam
1381 2830 1527 2858 fortunam
1545 2828 1599 2857 im-

889 2871 999 2901 becillo
1034 2872 1133 2902 animo
1165 2874 1297 2902 serentes
1333 2871 1423 2902 caet.‘'
1484 2871 1599 2900 Odium

888 2914 1123 2945 Atheniensium
1139 2915 1169 2944 iu
1181 2916 1343 2944 Thebanos
1358 2914 1491 2953 produnt
1507 2914 1599 2943 etiam

890 2959 1108 2988 Demosthenis
1125 2959 1192 2987 loca
1206 2970 1211 2987 :
1230 2959 1341 2995 μῦον.
1356 2968 1383 2995 p.
1400 2960 1472 2987 2’137.
1484 2959 1534 2988 16.
1548 2957 1602 2987 ubi

890 3001 1029 3031 meminit
1058 3003 1109 3034 τῆς
1138 2998 1203 3030 τόθ’
1237 3000 1417 3041 ὑπαρχούσης
1444 2999 1603 3041 ἀπεχθείας

891 3043 957 3083 ‘ng-ci:
971 3045 1036 3078 τοὺς
1053 3043 1200 3079 Θηβαίους.
1225 3044 1367 3083 idemque
1383 3043 1510 3083 Olynth.
1528 3044 1552 3073 1.
1570 3055 1602 3083 p.

894 3089 942 3117 16.
961 3091 1012 3118 ΞΟ.
1035 3089 1130 3119 dixit:
1155 3090 1195 3126 μὲ
1224 3086 1283 3118 λίαν
1307 3087 1399 3126 πικρδν
1415 3087 1502 3118 εἰπεῖν
1515 3085 1543 3128 ᾖ,
1557 3088 1605 3117 καῖ
