1931 3323
323 185 416 245 ‘334

335 309 525 351 philosophis
547 310 690 340 facillime
715 311 836 347 accidit,
862 315 925 341 tum
956 311 1036 350 quod

334 353 473 393 pecuniae
491 363 548 383 non
569 354 696 384 multum
715 355 759 384 eis
774 355 839 384 dari
856 355 947 384 solet:
973 360 1036 383 tum

333 397 414 436 quod
431 396 565 435 idipsum
583 398 661 436 quod
681 399 781 433 datur,
801 398 900 427 minus
916 402 1037 427 curant:

334 446 398 469 tum
426 440 508 478 quod
528 440 679 470 fortunam
703 452 760 471 non
786 446 845 470 tam
872 440 1036 480 propitiam

334 483 459 518 habent,
486 493 575 522 quarn
607 484 740 514 animum
773 484 941 514 liberalem.
987 484 1038 513 Sic

335 524 405 555 λαθὲ
421 525 542 563 Baiurae,
561 527 607 556 vel
624 526 709 560 βίωθι
722 527 874 557 λανθάνων.

377 586 421 591 -
438 571 488 599 14.
503 571 696 611 συνανάλωσε]
723 570 788 600 Unu
805 570 972 608 absumpsit,
983 579 1038 609 pro

335 612 479 647 absumit,
492 617 524 642 ut
540 613 567 642 in
582 614 716 643 Isocrate
733 613 953 642 annotavimus.
973 637 975 639 ,

376 672 419 677 ——
432 655 507 685 ibid.
517 655 730 695 τὸμεμνῑσὲἓται
741 656 779 697 τῇ
791 656 868 697 τύχῃ
881 657 929 686 τὴν
940 655 1038 697 χάριν]

336 700 500 728 memoriam
516 701 626 737 accepti
640 699 795 738 asoa-tuna
812 699 951 739 beneficii.

378 743 482 772 -15.
499 743 540 781 μη
568 743 742 782 χξησαμενοι
764 740 865 781 ὀρθῶς]
897 742 932 770 Id
959 741 1039 779 quod

336 785 369 815 fit
385 785 434 814 vel
451 786 603 819 socordia,
619 786 668 814 vel
686 785 824 814 stultitia.
848 784 935 813 Unde
950 784 1041 813 etiam

336 829 479 858 Germani
500 827 618 861 dicunt,
646 828 765 857 Multos
790 838 807 857 a
830 828 897 856 Deo
917 826 1041 856 salutari

336 871 388 909 qui
404 881 471 900 euin
488 871 655 899 resalutare
670 871 823 898 nesciant:
841 870 872 898 id
887 870 967 908 quod
984 880 1040 899 non

334 913 417 943 aliud
434 917 491 947 est,
507 923 596 951 quam
617 913 676 945 τοῖς
691 911 794 950 καιξοῖς
814 912 862 940 καὶ
880 913 939 944 τοῖς
964 914 1043 952 παρὰ

335 959 391 986 τῶν
403 954 466 985 Θεῶν
482 952 665 995 ὑπηςγμένοις
675 956 717 993 μὴ
732 952 852 994 χρῆσθαι
866 953 956 994 ὀρθῶς.

380 1016 423 1021 —-
439 999 494 1027 ult.
514 997 580 1037 πρὸς
603 998 658 1037 γὰρ
673 996 723 1036 τὸ]
751 997 866 1037 Γνώμηε
891 1007 958 1036 quae
984 1007 1042 1027 non

336 1042 409 1081 quid
425 1041 534 1070 debeat
550 1041 625 1075 lieri,
643 1041 696 1070 sed
710 1040 782 1079 quid
798 1040 890 1078 vulgo
914 1039 977 1075 fiat,
998 1040 1044 1069 in·

333 1085 429 1116 dicat.
444 1083 508 1114 ’ἐστι
520 1085 575 1124 γὰρ
589 1085 640 1118 τῆς
649 1084 770 1122 γνώμης,
785 1082 817 1112 τδ
832 1082 887 1122 μὲν
903 1081 934 1112 ἐκ
943 1083 1044 1123 προλή·

337 1127 425 1166 ψεως,
444 1126 477 1156 rra
500 1127 527 1157 δὲ
544 1126 577 1157 ἐκ.
592 1126 820 1167 παρατηρήσεως.
848 1127 898 1156 Sic
915 1126 1042 1156 Cicero:

335 1176 356 1190 *ί
371 1172 488 1210 Vulgus
509 1181 550 1200 ex
567 1170 696 1200 veritate
712 1180 821 1210 pauca,
845 1180 883 1200 ex
900 1169 1043 1208 opinione

338 1215 444 1251 multa,
459 1212 608 1253 judicat.”

380 1276 424 1281 —
447 1257 524 1287 ibid.
545 1256 578 1286 τὸ
596 1254 696 1298 ἐκβὰν]
731 1257 779 1286 Ab
800 1254 918 1289 ἐκβαίνει
940 1257 1042 1286 evenit.

338 1301 393 1332 Sic
405 1301 531 1331 Cicero:
554 1305 574 1319 “
586 1300 623 1329 Id
639 1300 801 1329 consilium
818 1300 860 1329 ita
872 1299 959 1329 nobis
975 1310 1043 1338 pro-

337 1345 477 1380 babatur,
493 1348 527 1373 ut
542 1345 580 1373 de
597 1354 633 1373 eo
647 1343 785 1373 homines
802 1354 841 1372 ex
863 1347 974 1373 eventu
992 1344 1042 1382 ju-

338 1390 496 1418 dicaturos
509 1386 715 1417 vide1·emus.⁷'

382 1431 509 1460 ——ibid.
531 1430 652 1460 ἕκαστον
675 1429 744 1469 τῶν]
778 1430 839 1459 Pro
863 1428 980 1459 ἕκαστα
1003 1431 1044 1460 τὰ,

339 1473 568 1514 προϋπαρξαντα,
580 1474 609 1503 id
623 1479 681 1509 est,
697 1473 794 1513 καιξοῖ,
808 1471 950 1512 εὖκαιςίαι.

384 1519 422 1547 P.
451 1520 502 1547 17.
526 1521 555 1547 1.
580 1518 615 1550 ὡς
639 1519 679 1547 τὰ
709 1516 822 1556 πολλὰ]
862 1516 1046 1556 plerumque,

327 1561 410 1602 fere,
425 1561 459 1594 ὡς
475 1560 522 1590 ἐπὶ
536 1559 570 1590 τό
586 1562 672 1597 πολὺ,
685 1558 718 1589 τὸ
728 1561 876 1589 πλεῖστον.

384 1622 427 1626 —-
442 1604 519 1633 ibid.
551 1602 684 1643 κρίνεται]
725 1603 864 1637 Scilicet,
892 1612 909 1631 a
940 1602 1046 1641 vulgo.

341 1647 422 1677 Nam
437 1647 548 1676 eruditi
569 1648 597 1676 in
614 1656 721 1677 causas
739 1656 838 1675 rerum
855 1645 1018 1675 intuentur.

384 1709 428 1713 —
444 1690 520 1719 ibid.
539 1689 578 1719 διδ
604 1691 650 1719 καὶ
675 1689 798 1729 σφόδρα]
825 1688 989 1718 Conclusio
1016 1688 1045 1717 in

340 1733 418 1763 lianc
434 1733 630 1763 sententiam:
650 1734 720 1769 Quo
738 1731 889 1770 superiori
907 1736 1046 1769 tempore

343 1776 583 1815 negligentiores
612 1776 738 1813 fuimus,
765 1786 801 1804 eo
815 1785 869 1804 nos
892 1784 971 1804 nunc
988 1774 1047 1803 ala·

342 1820 457 1850 criores
473 1830 540 1848 esse
557 1820 711 1849 convenit.

385 1880 428 1884 —
443 1862 518 1891 ibid.
543 1861 580 1891 διὸ
598 1862 646 1892 καὶ
660 1861 781 1902 σφόδρα]
804 1860 851 1890 καὶ
864 1860 913 1890 hic
927 1865 975 1890 est
986 1859 1049 1890 ἐπι-

342 1906 466 1941 τάσεως,
481 1910 513 1934 ut
530 1916 598 1935 cum
611 1906 716 1936 dicunt
731 1905 778 1934 καὶ
793 1904 891 1943 μάλα.

388 1967 432 1972 —-
447 1952 477 1979 ‘2-
495 1947 537 1978 ἵνα
558 1948 657 1988 ταῦτ’]
696 1947 888 1985 AEtiologia:
912 1948 991 1976 Tum
1016 1950 1051 1976 ut

344 2003 409 2022 rem
424 1992 453 2022 in
466 1992 615 2031 integrum
630 1991 840 2026 restituamus,
852 1993 915 2019 tum
931 1994 964 2019 ut
976 1989 1051 2019 infa-

346 2036 440 2065 miam
456 2035 644 2064 aboleamus.

389 2097 432 2101 —
454 2078 528 2108 ibid.
545 2078 648 2118 ταῦτ’]
668 2079 709 2107 τὰ
725 2074 903 2116 ἢμελημὲνα,
920 2077 1054 2106 correctis

345 2123 380 2152 iis
405 2132 466 2162 quae
486 2121 677 2161 negleximus.
698 2120 757 2150 nisi
773 2120 840 2159 quis
855 2119 938 2149 malit
954 2121 1054 2149 ταῦτα

346 2165 460 2195 referre
477 2165 514 2194 ad
537 2166 577 2194 τὰ
589 2166 689 2200 λοιπὰ,
706 2168 736 2192 et
748 2160 994 2203 ἐπανορθώσασθαι
1009 2163 1054 2192 in-

347 2207 508 2247 terpretari
523 2218 580 2246 pro
592 2206 752 2247 κατοξθοῦν,
767 2208 822 2236 rite
837 2206 1056 2236 administrare:

347 2252 379 2281 in
395 2261 455 2290 quo
468 2255 499 2280 et
514 2250 582 2289 ipso
594 2251 666 2280 nihil
684 2261 756 2280 sane
768 2254 815 2279 est
826 2248 1022 2278 incommodi.

391 2311 434 2317 ——
448 2296 479 2324 3.
507 2296 554 2324 τὴν
569 2292 616 2323 ἐπὶ
632 2295 690 2326 τοῖς
703 2291 912 2333 πεπραγμένοις
928 2290 1053 2332 ἀδοξίαν]

348 2338 474 2367 Scilicet
489 2336 642 2376 γενομένην.
657 2337 738 2376 apud
750 2338 877 2366 Latinos
889 2340 983 2370 certe,
994 2334 1055 2364 nisi

348 2380 444 2417 dicas,
461 2386 621 2418 susceptum
637 2381 669 2409 ob
685 2389 748 2409 rem
760 2379 835 2409 male
846 2384 956 2419 gestum
969 2379 1056 2408 ‹lede-

349 2434 412 2461 cus,
427 2424 583 2454 horridius
600 2423 704 2453 suerit.

394 2484 435 2488 —
446 2470 476 2498 4.
493 2466 515 2496 εἰ
532 2466 559 2496 δὲ
584 2464 778 2506 προησόμεθα]
810 2466 925 2495 Iterum
941 2465 1058 2494 confert

351 2509 442 2539 officii
458 2510 574 2539 cultum
590 2516 621 2540 et
637 2511 823 2549 neglectum,
837 2514 928 2548 atque
946 2508 1057 2538 utrius-

351 2563 410 2591 que
431 2558 579 2582 eventus:
609 2558 640 2583 et
665 2554 695 2582 in
715 2553 811 2592 ipsam
836 2562 935 2582 causae
959 2561 1058 2581 arcem

349 2597 400 2635 (ut
416 2596 523 2625 Cicero
539 2595 840 2635 loquitur)invadit:
857 2595 1059 2630 ostendend0‚

348 2648 408 2669 non
424 2643 485 2668 tam
500 2638 714 2677 Olynthiorum
727 2649 815 2678 quam
828 2638 1059 2668 Atheniensium

351 2681 481 2712 salutem
498 2681 558 2721 agi.

395 2725 522 2755 -—-ibid.
542 2724 746 2764 προησόμεθα]
767 2726 952 2764 prcy'z'ciemus
974 2723 1060 2765 (nam

351 2769 409 2798 hoc
422 2768 517 2798 verbo
525 2768 663 2797 etCaesar
670 2768 967 2807 utitur),deseremus‚
975 2769 1061 2798 amit-

352 2817 452 2847 temus,
463 2812 660 2845 destituemus,
677 2810 868 2851 negligemus,
884 2821 901 2840 a
916 2811 1062 2852 προΐεμαι.

394 2872 438 2876 -
460 2855 535 2884 ibid.
566 2852 758 2894 προησόμεθα
788 2871 830 2875 -—
858 2853 1063 2894 καταστρέψε-

351 2897 417 2937 ται]
450 2899 519 2927 Non
544 2896 683 2936 improbo
709 2896 785 2926 hanc
806 2897 980 2931 lectionem,
1008 2898 1069 2926 sed.

352 2940 454 2970 malim
470 2940 662 2979 subjunctivo
677 2950 733 2980 per
748 2951 770 2968 ω
782 2945 851 2974 etn,
864 2938 1063 2980 προησώμεθα,

353 2982 608 3024 καταστρέψηται.
633 2984 786 3022 Suspecta
811 2982 891 3013 enim
918 2982 993 3012 mihi
1017 2989 1064 3012 est

352 3026 474 3058 inscitia
493 3033 522 3058 et
549 3026 708 3058 oscitantia
723 3025 928 3062 librariorum,
953 3025 1005 3066 qui
1022 3027 1061 3056 τὰ

576 200 633 243 Η.
661 200 884 244 WOLFII
917 200 982 243 IN
1016 201 1052 243 Ι.

1085 199 1528 246 OLYNTHIACAM

1072 312 1318 351 χαρακτηςιστικᾶ
1343 311 1515 350 γράμματα
1538 311 1695 341 modorum
1722 320 1782 344 non

1073 355 1247 388 observant,
1268 366 1280 383 ο
1296 364 1307 383 ε
1323 363 1345 382 ει
1358 365 1386 383 ου
1406 354 1574 390 indicativi,
1599 365 1621 384 οι
1641 365 1669 384 αι
1694 360 1782 394 opta·

1073 396 1141 432 tivi,
1166 408 1186 425 ω
1210 408 1224 426 η
1247 397 1452 434 subjunctivi:
1488 398 1539 436 qui
1563 402 1647 427 certe
1671 398 1781 428 modus

1073 439 1121 468 hic
1133 439 1306 478 requiritur,
1317 438 1487 474 ὑποθετικῶς
1500 439 1655 480 λεγομένων
1664 440 1781 476 τούτων,

1073 484 1153 512 ἄλλα
1167 484 1209 522 μη
1221 483 1433 521 ἀποφαντικῶς.
1464 484 1576 522 Neque
1592 494 1717 514 necesse
1733 489 1781 514 est

1073 526 1110 555 ad
1124 525 1224 567 χρόνων
1240 524 1394 563 ἐναλλαγὴν
1408 527 1583 564 confugere.

1116 587 1157 591 —
1167 571 1197 598 6.
1210 568 1240 598 τί
1251 568 1284 598 τὸ
1299 569 1401 599 κωλύον
1409 569 1511 609 ἔσται]
1520 568 1782 610 Ἐμψατιιιώτεςον,

1074 622 1162 650 quant
1191 612 1217 641 si
1244 612 1389 649 dixisset,
1411 612 1441 643 τί
1466 612 1612 651 κωλύσει;
1633 611 1666 641 τὸ
1680 612 1783 641 κωλύον

1075 654 1207 693 βαδίζειν,
1229 655 1392 694 prohibens,
1409 657 1485 696 quod
1494 654 1646 695 prohibeat
1661 656 1715 690 ire,
1726 665 1783 695 quo

1075 700 1173 728 minus
1188 704 1246 728 eat.
1691 718 1694 722 ·

1120 744 1201 771 ——7.
1218 740 1278 771 δ’ποι
1294 740 1445 783 Βούλεται]
1481 751 1536 781 quo
1557 741 1632 772 vult.
1650 739 1719 771 κατ’
1738 740 1782 770 εὖ·

1076 783 1240 823 φημισμόν,
1261 794 1297 813 ne
1320 785 1398 813 male
1428 785 1591 820 ominetur,
1623 784 1649 814 si
1687 784 1786 819 dicat,

1077 836 1145 855 eum
1158 827 1246 855 etiam
1264 827 1292 855 in
1310 827 1443 857 Atticam
1454 828 1498 857 ire
1509 832 1539 857 et
1548 827 1628 858 velle
1638 831 1668 856 et
1678 836 1782 865 posse.

1120 886 1162 891 -—
1186 872 1216 900 8.
1239 865 1295 908 ἱρά
1314 879 1347 906 γε
1372 868 1517 910 λογίζεταί
1549 870 1609 911 τις]
1639 870 1784 900 Narratio

1078 910 1227 941 historica
1248 922 1348 941 rernm
1374 913 1513 952 Philippi
1536 919 1703 951 gestarum,
1721 923 1783 951 qua

1077 954 1227 985 credibile
1258 955 1360 984 facere
1385 957 1500 991 studet,
1525 960 1684 985 venturum
1713 965 1783 984 esse

1078 997 1257 1037 Philippum
1278 998 1309 1026 in
1330 998 1478 1029 Atticam.
1495 999 1525 1028 id
1542 999 1624 1037 quod
1639 998 1785 1027 socordes

1079 1040 1281 1070 Athenienses
1297 1049 1355 1068 nou
1368 1041 1454 1079 prius
1471 1042 1596 1071 credere
1608 1044 1786 1080 potuerunt,

1078 1092 1168 1120 quam
1185 1083 1223 1112 ad
1239 1082 1436 1113 chaeroneam
1450 1081 1527 1113 victi
1543 1088 1624 1113 sunt.
1651 1093 1710 1113 non
1740 1087 1787 1113 ta-

1078 1135 1146 1155 men
1164 1125 1194 1155 id
1210 1130 1315 1164 aperte
1332 1125 1419 1162 dicit,
1433 1127 1488 1156 sed
1500 1127 1538 1156 ad
1550 1126 1740 1166 diligentiam
1754 1130 1787 1156 et

1078 1169 1293 1208 negligentiam
1310 1178 1374 1198 eam
1389 1170 1613 1200 accommodat:
1641 1170 1712 1209 quia
1725 1180 1786 1199 non

1078 1218 1138 1240 tam
1154 1211 1404 1251 perterrefacere,
1427 1223 1515 1251 quain
1546 1213 1787 1252 expergefacere

1078 1255 1163 1284 cives
1175 1266 1247 1285 suos
1263 1261 1399 1291 conatur,
1408 1266 1573 1295 eorumque
1589 1256 1785 1286 offensionem

1077 1304 1177 1328 cavet.
1512 1314 1514 1316 ·
1588 1311 1590 1313 ¹

1120 1360 1162 1365 -—
1186 1341 1261 1372 ibid.
1286 1339 1330 1375 τίς
1358 1342 1451 1383 ὑμῶν]
1492 1342 1590 1381 Quasi
1616 1342 1716 1372 dicat:
1738 1343 1788 1372 Ita

1080 1385 1179 1414 securi
1197 1386 1283 1419 estis,
1301 1389 1334 1414 ut
1349 1396 1437 1415 nemo
1451 1391 1586 1415 vestrum
1602 1385 1633 1414 id
1647 1386 1789 1415 conside-

1079 1439 1146 1458 rare
1164 1428 1323 1465 videatur3
1347 1429 1462 1468 alioqui
1479 1429 1571 1459 futuri
1587 1428 1699 1458 essetis
1714 1428 1786 1458 dili-

1081 1471 1234 1511 gentiores
1250 1476 1281 1500 et
1295 1471 1457 1502 cautiores·

1121 1517 1229 1544 -10.
1255 1513 1287 1544 τό
1315 1512 1381 1544 κατ’
1400 1515 1509 1556 ἄξχίις]
1541 1513 1706 1556 Διαιρέτως.
1729 1513 1790 1543 ΑΙίἰ

1081 1557 1147 1597 ὺφὲν
1172 1558 1311 1588 scribunt
1329 1561 1529 1598 τοκαταξχιὶς,
1546 1562 1579 1587 ut
1606 1563 1637 1588 et
1660 1557 1789 1587 ὁπωσδή-

1081 1611 1164 1636 ποτε,
1184 1601 1383 1640 παραγνώμην,
1398 1601 1519 1636 ὁντινοῦν,
1543 1600 1676 1636 δηλονότι,
1692 1599 1792 1630 τουτέ-

1081 1656 1144 1679 στι,
1181 1646 1374 1684 παραχρῆμα,
1412 1647 1573 1683 τοπνςῶτον,
1617 1643 1792 1684 ἔξυπαρχῆς.

1082 1687 1143 1717 Alii
1161 1687 1289 1726 singulis
1308 1686 1423 1717 voculis
1445 1698 1519 1717 suos
1546 1687 1674 1726 spiritus
1699 1691 1790 1726 atque

1082 1735 1226 1760 accentus
1242 1730 1391 1760 tribuunt.

1124 1773 1255 1809 ——ibid.
1290 1771 1392 1808 λαξὼν,
1417 1771 1475 1801 &c.
1497 1772 1563 1803 εἶτα
1587 1771 1692 1813 ἐπέβη]
1723 1781 1792 1802 cum

1082 1817 1219 1855 caepisset,
1236 1816 1294 1846 &c.
1311 1816 1425 1845 demum
1441 1817 1585 1855 ingressus
1601 1821 1640 1846 est
1656 1817 1685 1846 in
1705 1815 1791 1846 Thes-

1081 1860 1196 1889 saliam.
1788 1879 1790 1882 v

1127 1905 1231 1933 —12
1246 1901 1427 1942 Θετταλίας]
1457 1901 1555 1939 Quasi
1569 1902 1671 1932 dicat:
1696 1901 1795 1941 Oppi-

1085 1945 1134 1975 dis
1159 1944 1260 1984 captis
1289 1945 1533 1984 potentissimam
1562 1945 1714 1975 nationem
1744 1949 1794 1974 est

1086 1998 1263 2027 aggressus,
1294 1992 1328 2017 ut
1350 1989 1503 2018 isocrates
1533 1987 1563 2018 in
1591 1989 1728 2018 oratione
1751 1988 1792 2018 de

1086 2033 1168 2062 Pace
1179 2032 1227 2061 his
1240 2030 1343 2061 verbis
1359 2031 1498 2061 declarat
1513 2042 1520 2061 :
1547 2030 1693 2061 Θετταλοὶ
1708 2030 1794 2070 μεγί-

1086 2079 1172 2108 στους
1197 2073 1337 2109 πλούτους
1363 2072 1585 2114 παραλαέόντες,
1608 2074 1656 2104 καὶ
1680 2073 1795 2112 δύναμιν

1087 2116 1231 2158 μεγίστην
1245 2117 1293 2147 καὶ
1316 2116 1458 2148 πλείστην
1478 2116 1601 2158 ἔχοντες.
1647 2118 1687 2147 Et
1701 2116 1793 2155 paulo

1088 2167 1175 2201 post:
1199 2160 1289 2196 ὄντων,
1305 2160 1417 2199 inquit,
1432 2161 1528 2194 αὐτοῖς
1543 2158 1634 2190 πλέον
1648 2159 1662 2190 ἢ
1678 2170 1794 2201 τρισχι-
1836 2199 1838 2201 ¹

1088 2204 1151 2235 λίων
1164 2203 1284 2240 ἱππέων,
1298 2204 1347 2233 καὶ
1363 2205 1541 2234 πελταστῶν
1555 2201 1768 2242 ἀναριθμήτων.

1130 2265 1175 2270 —-
1190 2257 1259 2286 pen.
1281 2245 1386 2287 πάνθ’]
1431 2246 1568 2283 Scilicet,
1600 2244 1717 2282 τᾶλλα,
1734 2245 1797 2282 vel,

1088 2302 1186 2320 Ταῦτα
1203 2300 1309 2320 πάντα.

1130 2352 1174 2357 --
1184 2334 1238 2362 ult.
1251 2332 1396 2374 ἐκβαλὼν]
1411 2334 1455 2363 Ut
1465 2334 1574 2363 Terem
1589 2337 1620 2362 et
1633 2332 1797 2362 Cersoble-

1090 2382 1184 2418 ptem,
1198 2381 1231 2405 ut
1242 2381 1371 2415 apparet
1384 2387 1421 2406 ex
1439 2375 1578 2415 Philippi
1591 2375 1700 2405 literis.

1132 2438 1175 2443 -—
1196 2419 1272 2448 ibid.
1294 2418 1504 2459 καταστήσας]
1542 2419 1679 2448 Fuerunt
1705 2418 1797 2448 etiam

1091 2463 1143 2493 alii
1154 2464 1227 2498 duo,
1244 2466 1276 2492 ut
1287 2473 1321 2492 ex
1332 2463 1541 2492 Aristocraten
1556 2462 1691 2491 oratione
1703 2471 1798 2501 appa-

1091 2511 1150 2542 ret,
1174 2505 1332 2544 ι,Ἀμάδοκος
1351 2505 1399 2535 καὶ
1422 2505 1589 2545 Βηρισάδηςτ
1615 2505 1736 2544 quibus,
1759 2514 1797 2533 an

1092 2560 1166 2580 vero
1188 2549 1268 2585 aliis,
1296 2559 1389 2587 regna
1411 2548 1606 2583 confirmarit,
1631 2558 1690 2586 ego
1720 2546 1798 2576 affir-

1093 2604 1187 2628 mare,
1201 2596 1328 2633 propter
1345 2591 1480 2621 historiae
1496 2591 1728 2631 ignorationem,
1738 2600 1796 2619 nou

1094 2647 1231 2677 possum.
1274 2635 1382 2665 Sitalci
1411 2641 1511 2665 tamen
1538 2643 1664 2673 regnum
1690 2633 1800 2663 confir-

1093 2691 1192 2710 masse
1208 2679 1339 2709 videtur.

1138 2725 1173 2754 P.
1201 2725 1252 2752 18.
1281 2726 1309 2751 1.
1344 2719 1498 2760 ἦσθένησε]
1540 2717 1661 2750 ἐνόσησε.
1690 2718 1802 2748 Memi-

1095 2766 1141 2796 nit
1155 2772 1185 2796 et
1201 2766 1231 2795 in
1252 2764 1452 2804 Philippicis:
1481 2762 1612 2793 τέθνηκεν
1623 2762 1634 2791 ὁ
1647 2759 1801 2800 Φίλιππος

1095 2809 1123 2839 οὗ
1138 2811 1186 2848 μιὶ
1198 2807 1253 2843 Δί’,
1273 2806 1340 2837 ἀλλ’
1356 2805 1476 2837 ἀσθενεῖ.
1488 2804 1520 2835 τί
1533 2804 1558 2834 δ’
1573 2805 1641 2844 ὑμῖν
1656 2803 1800 2845 διαφέρει;

1094 2852 1127 2882 τό
1137 2852 1278 2887 ἀσθενεῖν,
1290 2850 1351 2881 ἀντὶ
1362 2852 1423 2885 τοῦ,
1436 2849 1594 2880 ἡττηθῆναι
1603 2847 1642 2888 τῇ
1656 2847 1746 2889 μάχη
1762 2848 1800 2889 τῇ

1095 2894 1160 2936 πςός
1174 2893 1368 2934 Ὀνόμαςχοντ
1391 2893 1512 2923 videtur
1527 2895 1559 2921 et
1574 2892 1667 2921 verbo
1683 2897 1714 2920 et
1731 2900 1800 2920 sen-

1096 2938 1200 2968 tentiae
1215 2937 1358 2967 alienum.
1372 2936 1429 2965 Est
1444 2940 1475 2964 et
1489 2935 1584 2976 ῥαΐσαι
1599 2933 1695 2969 aliud,
1709 2943 1799 2971 quam

1096 2982 1216 3011 ἅπασαν
1229 2981 1279 3011 τὴν
1293 2979 1407 3020 δύναμιν
1420 2977 1584 3014 ἀναλαβεῖν,
1597 2977 1629 3008 id
1639 2980 1699 3014 est,
1708 2984 1803 3006 omnes

1095 3035 1161 3056 suas
1173 3024 1267 3062 copias
1281 3022 1413 3053 educere.
1790 3033 1794 3040 -
