1997 3323
412 179 491 220 128
787 180 820 223 I.
845 180 878 222 l.
903 180 1128 223 REISKE

410 290 457 314 set
472 295 479 320 j,
516 283 670 323 minuique
701 287 872 326 praemium,
903 288 1047 318 beneficio
1081 287 1123 316 nil

408 327 537 363 minum,
554 329 608 357 sed
624 329 730 359 eodem
746 335 897 361 manente.

451 372 526 401 495.
557 375 586 401 1.
617 373 858 414 γυμνασιαρχίαι]
889 374 1042 404 Immunes
1071 371 1122 412 qui

409 417 522 449 esseut,
546 414 664 454 triplici
685 417 730 446 illi
756 428 847 446 onere
873 423 958 447 erant
981 416 1123 450 relevati,

408 457 660 489 conferendarum
699 459 820 490 scilicet
855 460 1048 499 pecuniarum
1085 460 1123 488 ad

408 501 519 530 choros
543 502 692 541 publicos,
717 507 779 532 tum
797 504 834 532 ad
851 503 1015 542 gymnasia,
1037 502 1122 532 deni-

408 554 468 582 que
491 544 528 573 ad
560 546 669 584 epulas
697 546 846 575 solennes.
871 546 996 576 videtur
1021 545 1122 584 itaque

407 591 480 625 post
498 598 563 616 voc.
577 589 805 630 γυμνασιαρχίαι
821 589 929 619 deesse
943 590 970 618 αἱ
987 589 1123 620 {crta-ro-

406 627 470 668 ξίοιι,
487 630 536 659 vel
560 632 620 660 tale
645 632 729 670 quid.
775 633 846 661 Duo
873 636 986 662 tantum
1012 642 1123 669 genera

406 673 665 703 contributionum
697 685 756 704 uon
787 675 928 704 videntur
964 674 1038 704 satis
1068 675 1124 704 im-

406 716 491 754 plere
507 716 737 755 amplitudinem
755 717 896 747 vocabuli
912 718 1029 748 ἅπαντα
1052 719 1123 747 ταῦ-

407 770 459 788 τα.
477 769 570 798 quare
587 761 706 790 tertium
722 760 821 789 adhuc
835 763 961 791 accedat
977 761 1079 791 velim.

449 819 492 823 —-
513 804 544 832 3.
569 801 636 833 εῖναι
661 803 782 844 τούτων]
812 804 913 833 malim
933 804 982 833 καὶ
1009 804 1125 839 τούτων,

407 845 498 874 etiam
513 845 629 881 horam,
641 856 795 876 sacrorum
811 852 895 884 puta.

450 890 561 918 —13.
587 888 644 919 ἐπὶ
670 888 704 918 τὸ
731 892 786 918 τῶν
814 890 900 930 ἱερῶν]
927 889 1050 919 videtur
1073 889 1124 918 hic

407 930 491 964 τέλος
504 932 624 962 deesse.
640 933 803 962 traducunt
818 934 991 972 λειτουργιῶν
1014 943 1123 962 nomen

407 975 446 1003 ad
464 974 626 1014 pensiones
649 976 700 1005 vel
720 975 975 1012 contributiones,
992 986 1059 1015 quae
1078 985 1124 1006 sa-

407 1028 526 1047 crorum
543 1028 634 1047 cansa
650 1019 735 1049 fiunt.
753 1030 781 1047 v.
800 1021 874 1049 496.
891 1021 922 1049 5.

449 1077 492 1083 —
506 1062 558 1091 15.
579 1061 692 1101 γράφων
705 1064 760 1102 γᾶς
775 1062 863 1103 ἀςχῆν
887 1062 936 1092 τοῦ
955 1061 1054 1103 νόμου]
1079 1062 1124 1091 νὶ-

407 1103 498 1132 detur
513 1103 660 1133 articulus
678 1107 729 1136 τὴν
748 1106 866 1135 deesse.
882 1106 994 1145 γράφων
1008 1107 1062 1146 γᾶς
1077 1107 1126 1136 τὴν

407 1146 495 1186 ἀξχῆν
509 1158 540 1176 τ.
555 1157 576 1176 ν.
593 1157 625 1177 v.
643 1158 673 1177 v,
696 1150 749 1179 23.
773 1153 804 1178 et
828 1149 883 1178 ult.
911 1159 1004 1188 quare
1031 1159 1124 1178 ausus

409 1199 475 1218 sum
491 1199 561 1219 eum
576 1196 687 1242 sponte
702 1202 771 1221 mea
787 1193 911 1222 addere.

450 1249 493 1255 —-
509 1234 560 1262 19.
573 1232 604 1262 τί
621 1245 706 1264 τουτο
731 1234 854 1275 μαθὼν]
877 1245 935 1274 pro
956 1234 986 1264 τί
1006 1233 1124 1274 μαθὼν,

406 1285 492 1305 τουτο
509 1274 700 1316 προσέγραψε.
720 1288 781 1317 qua
803 1283 903 1308 motus
922 1289 955 1308 re
978 1279 1056 1307 hanc
1071 1278 1124 1307 ad-

407 1318 534 1357 scripsit
550 1319 730 1356 clausulam,
744 1331 803 1359 qua
820 1327 932 1356 mente,
950 1332 1011 1361 quo
1024 1321 1125 1351 consi-

407 1361 457 1390 lio.
475 1361 588 1391 vitiosa
599 1363 666 1393 haec
682 1368 729 1393 est
744 1364 895 1403 trajectio.

450 1404 664 1439 496.5.τὲλος
688 1404 770 1444 ἐστὶ]
796 1411 869 1443 post
895 1405 979 1436 τέλος
1004 1406 1125 1436 videtur

407 1448 499 1476 τελεῖν
510 1448 630 1477 deesse.
675 1447 708 1478 Si
731 1449 895 1486 pensionem
916 1447 1006 1476 sacris
1028 1456 1123 1476 conse-

407 1495 520 1519 cratam
540 1490 678 1529 pendere,
700 1490 878 1520 tantundem
901 1495 942 1520 est
963 1495 1050 1529 atque
1069 1495 1124 1520 λει-

405 1534 538 1572 τουργεῖν.
561 1532 642 1567 τέλος
667 1538 714 1563 est
740 1533 895 1571 praestatio
920 1533 990 1562 aeris
1015 1533 1124 1568 debiti,

406 1576 588 1616 praescripta
621 1581 653 1606 et
683 1576 811 1613 sancita,
837 1586 898 1616 qua
926 1576 1124 1615 praestatione

406 1619 567 1649 redimitur
577 1620 629 1658 jus
642 1625 673 1649 et
687 1620 733 1649 fas
747 1620 792 1650 rei
809 1619 939 1659 alicujus
954 1624 1005 1649 aut
1020 1623 1124 1649 tenen—

407 1662 455 1691 dae
471 1666 501 1692 et
516 1662 722 1701 possidendae,
739 1667 790 1693 aut
804 1663 965 1698 faciendae,
987 1666 1040 1692 aut
1062 1663 1124 1693 fru-

406 1705 491 1734 endae
507 1711 598 1744 atque
616 1705 846 1746 participandae.
894 1707 950 1736 Est
966 1705 1069 1745 itaque
1091 1705 1124 1736 τὸ

406 1749 461 1776 τῶν
472 1748 544 1788 ῖεςῶν
555 1747 638 1782 τέλος
656 1749 708 1778 illa
724 1750 827 1788 pensio
841 1749 922 1785 aeris,
937 1759 997 1788 qua
1017 1749 1124 1787 acqui-

406 1790 485 1820 ritur
497 1793 549 1830 jus
562 1795 593 1821 et
610 1797 747 1831 potestas
763 1803 832 1821 cum
848 1792 917 1822 aliis
931 1792 1124 1822 consortibus

406 1844 493 1864 sacra
511 1835 728 1874 participandi.
772 1836 835 1865 Sed
858 1836 944 1865 locus
965 1835 1014 1865 hic
1038 1835 1124 1872 mihi,

407 1881 442 1907 ut
454 1887 556 1907 verum
568 1877 674 1914 fatear,
690 1879 838 1908 obscurus
854 1883 885 1908 et
898 1883 1029 1908 vexatus
1044 1882 1102 1908 est.

449 1937 491 1942 -—
508 1923 538 1951 8.
554 1919 643 1958 ἔγωγε
658 1920 765 1962 ἐροίμην
779 1921 929 1963 Λεπτίνην]
945 1932 1015 1951 cum
1030 1921 1125 1952 Wol-

408 1963 465 1992 tius
487 1974 543 1994 suo
559 1965 628 2003 jure
646 1975 721 1994 usus
738 1965 912 1995 vocativum
938 1964 988 1994 hio
1009 1965 1124 1995 substi-

408 2006 518 2036 tuisset
546 2007 736 2044 accusativo,
767 2009 849 2047 quod
878 2009 990 2038 factum
1020 2008 1124 2044 laudo,

407 2059 536 2079 necesse
547 2050 699 2089 judicavi,
721 2061 770 2080 me
794 2051 924 2081 ulterius
945 2052 1125 2090 procedere,

406 2096 498 2131 atque
514 2093 673 2131 perficere,
689 2095 771 2133 quod
787 2094 840 2124 illc
860 2094 1032 2124 inchoatum
1054 2095 1125 2124 reli-

406 2136 534 2173 quisset.
580 2136 688 2175 Itaque
703 2135 790 2175 ἔγωγέ
806 2136 837 2165 er’
851 2135 968 2177 ἐροίμην,
991 2136 1124 2169 Λεπτίνη.

406 2178 526 2208 libenter
540 2179 672 2217 equidem
686 2184 725 2214 te,
738 2179 872 2218 Leptine,
887 2182 980 2210 znterr
982 2191 1073 2221 ogem.

448 2238 492 2244 —
506 2223 558 2251 13.
570 2220 697 2264 ἔχουσιν]
708 2222 797 2262 post'
791 2234 903 2264 εχουο-ιν
917 2223 1041 2253 videtur
1056 2222 1124 2253 ἀτέ-

405 2271 480 2295 λειαν
495 2264 615 2294 deesse.

448 2325 491 2330 —-
507 2310 559 2337 20.
573 2307 626 2337 ἀπ
641 2305 787 2347 ἐκείνων]’
772 2306 826 2338 απ’
839 2306 935 2338 ἐκείνου
949 2309 999 2338 dat
1017 2310 1123 2348 Augu-

406 2355 523 2386 stanus,
539 2349 591 2390 qui
607 2351 697 2380 etiam
713 2361 795 2389 saepe
808 2353 845 2380 ab
861 2351 913 2380 illa
929 2353 1056 2382 formula
1072 2354 1125 2382 τῶν

403 2391 455 2433 ἀφ’
467 2391 614 2434 Ἁρμοδίου
630 2394 677 2423 καὶ
692 2392 923 2434 Ἀριστογείτονος
937 2401 1122 2433 postremum

406 2447 515 2466 nomen
539 2442 630 2466 arcet.
652 2436 724 2466 ideo
739 2438 868 2466 sortasse
885 2437 954 2476 quia
971 2438 1122 2476 Aristogi-

406 2485 456 2508 ton
478 2480 623 2518 improles
642 2480 787 2510 decessit.
802 2481 931 2519 ideoque
953 2480 1006 2510 ἀπ’
1027 2480 1124 2512 ἐκείνου

406 2524 502 2554 dulit.
521 2525 557 2549 ab
567 2524 737 2553 Harmodio
752 2528 838 2563 puta,
853 2524 905 2562 qui
923 2524 1006 2553 solus
1018 2531 1123 2563 poste·

406 2577 455 2595 ros
469 2566 604 2603 reliquit.

449 2626 492 2631 —
508 2605 634 2647 ι21.ο’ἶ’ς]
657 2609 792 2639 cohaeret
816 2618 886 2639 cum
908 2607 996 2640 ἔναντ
987 2608 1028 2661 ζα,
1054 2616 1121 2649 post

408 2662 465 2690 qun
452 2652 489 2680 (1
505 2652 687 2681 vocabulum
704 2651 842 2681 additum
858 2652 959 2681 malim
976 2654 1062 2687 οὗτος.

447 2712 490 2717 --
512 2696 561 2724 23.
580 2693 775 2735 ἐπισύροντες]
793 2696 869 2724 bene
891 2696 991 2725 }.1abe1
1015 2695 1119 2725 ἐπισύ-

406 2748 468 2778 ςειν,
486 2741 542 2771 est,
563 2737 749 2772 festinanter,
775 2743 902 2773 temere,
925 2739 1121 2768 tumuitumic

405 2781 521 2819 aliquid
540 2790 630 2819 agere
647 2785 699 2810 aut
722 2781 838 2817 dicere,
859 2780 926 2810 sive
949 2792 1009 2820 prae
1035 2783 1119 2820 igno-

404 2824 519 2853 ratione
535 2823 613 2859 veri,
628 2823 695 2853 sive
709 2823 964 2858 dissimulatione,
984 2835 1044 2863 quo
1067 2835 1121 2854 au-

404 2867 520 2896 ditores
552 2867 689 2905 urgendo
717 2867 866 2896 excludas
893 2876 910 2895 a
941 2867 1045 2897 sedata
1073 2867 1119 2897 rei

403 2910 659 2939 consideratione.
703 2909 766 2946 Qui
782 2909 827 2939 sic
841 2909 988 2950 loquitur,
1007 2914 1038 2939 et
1053 2909 1119 2948 ipsc

405 2963 498 2991 super
509 2963 542 2982 re
554 2952 724 2992 proposita,
740 2963 798 2982 non
818 2952 945 2987 incedit,
966 2953 1017 2982 scd
1035 2954 1119 2992 quasi

404 2996 570 3032 volutatur,
594 3001 626 3026 et
640 3006 781 3026 coronam
803 2995 1050 3026 circumstantem
1076 2995 1120 3025 in-

1160 179 1242 220 AN
1249 179 1490 221 NOTATA

1158 284 1268 314 sistere
1292 285 1492 325 disputationi
1511 295 1570 316 non
1594 285 1719 325 patitur,
1739 288 1793 319 sed
1808 288 1872 328 agit

1157 328 1290 367 ruitque,
1302 339 1364 367 quo
1380 339 1511 358 errorem
1528 328 1657 367 injiciat.

1199 387 1243 393 ——·
1257 372 1308 400 24.
1333 370 1399 401 εῖναι
1423 372 1595 413 φάσκοντες]
1627 372 1758 403 subaudi
1781 371 1873 403 αὗτοῖ.

1158 415 1211 453 ipsi
1220 411 1412 453 affimnantes,
1424 425 1520 454 neque
1530 414 1712 452 inficiantes,
1725 425 1753 446 se
1769 414 1873 456 Mega-

1156 467 1248 486 renses
1261 462 1288 486 et
1302 456 1450 488 Messenios
1459 467 1524 488 esse.
1537 460 1756 498 exspectabam
1772 464 1872 488 tamen

1156 498 1306 530 Μεσσήνιοί
1318 511 1390 535 τινες
1410 500 1494 537 ὄντες,
1519 502 1638 532 πολῖται
1657 501 1785 543 ὑμέτεροι
1804 501 1872 532 εἶναι

1156 543 1322 583 φάσκοντες.
1336 545 1464 583 qnidam,
1472 543 1532 584 qui,
1541 554 1607 574 cum
1617 545 1678 574 sint
1689 545 1875 585 Megarenses

1157 591 1185 615 et
1201 586 1350 621 Messenii,
1367 593 1462 617 tamen
1477 597 1503 617 se
1515 597 1571 626 pro
1586 587 1696 617 civibus
1711 587 1872 619 Athenien-

1156 629 1232 659 sibus
1240 629 1360 670 fevam.

1200 690 1242 695 —-
1258 675 1309 704 27.
1325 671 1525 714 ἐξειλεγμένοι]
1539 672 1566 702 si
1577 671 1760 713 ἐξειλεγμένοι
1774 671 1838 702 ab'
1828 683 1875 703 εκ-

1157 713 1232 753 λὲγω
1254 717 1414 755 repetitur,
1437 721 1500 746 tum
1524 726 1649 746 necesse
1673 716 1734 746 erit
1755 715 1876 749 Λυκίδας

1157 769 1214 797 pro
1236 759 1411 789 accusativo
1434 759 1543 799 plurali
1568 759 1720 798 accipere,
1741 758 1874 799 ideoque

1158 802 1248 831 etiam
1262 800 1415 836 Διονυσίους
1429 803 1459 832 in
1475 803 1583 833 eodem
1598 811 1673 832 casu
1687 802 1802 842 legere,
1813 812 1875 841 quo

1158 850 1247 884 pacto
1263 844 1321 875 erit
1333 845 1480 876 sententia
1494 857 1501 875 ι
1515 851 1700 886 posteaquam
1712 845 1876 875 assertionis

1157 897 1216 917 suae
1238 889 1456 926 comprobandae
1477 899 1546 930 ergo
1565 889 1728 930 delegerint
1743 887 1876 928 Lycidas

1158 930 1295 970 quosdam
1311 937 1340 961 et
1356 930 1511 972 Dionysias
1525 937 1553 962 et
1568 932 1639 962 alios
1658 932 1784 971 ejusdem
1788 931 1876 972 fari-

1158 984 1212 1004 ππ.
1257 975 1337 1004 Nam
1360 978 1465 1013 potest
1483 974 1590 1014 utique
1604 974 1804 1014 participium
1818 974 1876 1004 hoc

1159 1017 1289 1055 perfecti
1306 1017 1424 1056 passivi
1441 1017 1503 1048 vim
1517 1017 1611 1048 activi
1626 1017 1779 1054 obtinere,
1794 1017 1875 1057 quod

1157 1060 1269 1090 frustra
1282 1066 1423 1099 negatur.
1466 1061 1558 1098 Quod
1570 1060 1596 1090 si
1609 1064 1708 1090 autem
1719 1064 1875 1100 repetatur

1159 1104 1196 1132 ab
1206 1102 1378 1144 ἐξελέγχειν,
1392 1109 1457 1134 tum
1473 1108 1562 1134 erunt
1578 1103 1706 1144 Lycidas
1718 1107 1750 1133 et
1762 1102 1877 1144 Diony-

1157 1147 1217 1176 sius
1245 1147 1425 1177 nominativi
1453 1147 1635 1186 singulares,
1665 1150 1698 1177 et
1726 1150 1876 1186 praeterea

1157 1188 1277 1219 τοιοῦτοί
1290 1201 1362 1225 τινες
1375 1191 1437 1230 leg.
1452 1191 1510 1220 hac
1526 1190 1691 1220 sententia:
1707 1195 1734 1219 et
1745 1189 1801 1219 alii
1811 1190 1877 1229 qui·

1159 1233 1228 1262 dam
1243 1234 1329 1269 servi,
1356 1234 1434 1274 iique
1448 1234 1600 1274 mastigiae,
1621 1239 1656 1263 ut
1681 1232 1821 1272 Lycidas,
1849 1237 1878 1262 et

1159 1275 1333 1316 Dionysius,
1341 1282 1370 1307 et
1383 1277 1437 1307 aliz·
1447 1277 1579 1317 quidam,
1590 1277 1742 1316 quiessent
1753 1275 1878 1306 convicti

1158 1329 1191 1348 ecc
1205 1320 1301 1349 eodem
1320 1330 1413 1360 genev
1413 1329 1439 1357 e,
1454 1330 1487 1350 ex
1499 1320 1597 1349 eadem
1586 1318 1682 1370 “faece
1694 1318 1795 1357 plebis,
1811 1327 1878 1348 esse.

1158 1361 1410 1403 ἐξεληλεγμένοι”’
1395 1374 1440 1392 οτι
1458 1362 1512 1392 εἶσὶ
1528 1373 1660 1396 τοιουτοι,
1679 1361 1766 1391 δοῦλοι
1787 1361 1878 1392 δηλον-

1158 1404 1202 1435 ότι
1218 1407 1267 1435 καὶ
1279 1404 1452 1445 μαστιγίαι.

1201 1465 1246 1470 -
1270 1449 1326 1477 ult.
1356 1447 1382 1477 ἐν
1405 1446 1443 1481 οις
1465 1446 1578 1479 ἀτελεῖς
1597 1445 1666 1475 εἷο-ἲν
1690 1443 1781 1488 οὗτοι]
1808 1447 1878 1477 scil.

1158 1487 1347 1529 ἐψηφισμένοι
1361 1490 1413 1520 vel
1425 1488 1597 1529 γεγενημένοι
1612 1489 1660 1519 vel
1677 1500 1878 1531 γεγραμμενοι.

1160 1533 1214 1562 sed
1228 1533 1331 1562 malim
1346 1533 1406 1562 hoc
1421 1531 1568 1562 additum.

1202 1577 1278 1607 49⁷.
1294 1578 1325 1606 8.
1351 1576 1522 1616 γράφοντας,
1539 1574 1662 1615 ἑτοίμως
1675 1574 1809 1617 πρόξενοι]
1830 1576 1879 1606 di-

1159 1618 1250 1649 stinxi
1265 1617 1363 1650 aliter.
1379 1629 1497 1649 comma
1513 1628 1531 1648 a
1545 1618 1641 1668 prima
1655 1629 1732 1649 voce
1743 1619 1878 1649 ablatum

1158 1672 1238 1701 pone
1268 1663 1431 1692 secundam
1469 1661 1571 1700 posui.
1598 1667 1718 1702 propter
1742 1671 1798 1698 eos,
1827 1664 1879 1701 qui

1157 1711 1268 1744 promte
1282 1706 1478 1746 alacriterque
1496 1704 1571 1734 talia
1588 1705 1705 1736 decreta
1725 1715 1780 1744 pro
1803 1715 1878 1736 mm·-

1158 1749 1224 1778 cede
1236 1749 1380 1779 scribunt.

1201 1809 1243 1814 —
1261 1794 1313 1822 10.
1345 1793 1458 1822 πολλῶν
1484 1790 1603 1829 ἀγαθῶν
1628 1789 1749 1832 αἰτίους]
1773 1790 1878 1820 malim

1159 1836 1271 1864 πολλῶν
1287 1834 1428 1873 ἀγαθῶΓ
1419 1834 1487 1874 υμῖν
1505 1832 1618 1867 αἰτίους.

1201 1894 1243 1901 --
1261 1881 1312 1908 14.
1336 1876 1508 1918 ἐξαρκέσειε]
1529 1877 1560 1907 Si
1583 1877 1711 1913 licuerit,
1728 1877 1754 1906 si
1775 1877 1879 1906 datum

1160 1921 1227 1959 ipsis
1240 1919 1356 1962 fuerit,
1372 1924 1395 1951 si
1419 1922 1569 1960 potuerint
1590 1920 1737 1960 pez-ficem
1757 1917 1880 1959 ἐξαρκεῖν

1158 1973 1218 1994 non
1243 1964 1342 1994 solum
1366 1963 1517 2003 siguificat
1540 1961 1680 2003 sufficere,
1702 1963 1757 1992 sed
1785 1962 1878 1992 etiam

1159 2007 1233 2036 satis
1261 2017 1403 2046 magnum
1424 2007 1528 2037 valere
1553 2007 1592 2036 ad
1616 2005 1880 2045 consequendum,

1158 2050 1377 2089 perficiendum
1393 2050 1520 2089 aliquid.
1534 2059 1627 2088 quare
1635 2048 1754 2079 Wolfio
1771 2049 1879 2088 utique

1160 2093 1237 2123 vitio
1254 2094 1386 2124 dandum
1405 2097 1465 2129 est,
1480 2093 1564 2132 quod
1585 2091 1665 2132 μόνον
1680 2091 1862 2122 eliminavit.

1200 2153 1244 2158 —
1274 2138 1326 2167 19.
1350 2135 1471 2175 ἀτελὴς]
1501 2138 1573 2175 post
1602 2135 1708 2167 ἆτελῆς
1734 2134 1879 2164 videntur

1157 2179 1224 2209 haec
1257 2189 1356 2218 pauca
1386 2180 1482 2209 verba
1511 2178 1684 2208 excidisse:
1712 2176 1798 2212 οὖδεὶς
1822 2179 1878 2218 γᾶς

1157 2222 1272 2256 ἀτελής.

1200 2283 1243 2287 -
1258 2267 1310 2295 21.
1329 2264 1393 2306 οὐχὶ
1406 2265 1502 2297 καλῶς
1513 2262 1673 2303 ποιήσουσι]
1685 2266 1734 2293 est
1748 2263 1880 2293 formula

1158 2308 1333 2338 creberrimi
1361 2318 1434 2337 usus
1460 2308 1541 2346 apud
1571 2311 1719 2341 oratores,
1744 2307 1878 2346 ideoque

1158 2361 1215 2380 non
1232 2351 1413 2385 damnanda,
1429 2360 1527 2386 neque
1548 2349 1672 2388 frigoris
1685 2349 1816 2388 alicujus
1828 2359 1878 2380 ac-

1158 2395 1303 2424 cusanda.
1320 2394 1398 2423 lenis
1414 2398 1445 2423 et
1460 2393 1627 2424 civilis-est
1647 2392 1830 2432 increpatio,
1844 2392 1876 2421 in

1158 2447 1216 2475 qua
1240 2437 1287 2467 vis
1307 2437 1387 2466 incst
1411 2436 1517 2466 eadem
1546 2439 1636 2475 atque
1656 2435 1686 2465 in
1714 2435 1766 2465 illa
1792 2445 1876 2465 acer-

1158 2481 1255 2514 biore,
1282 2480 1406 2521 jactum
1441 2480 1579 2519 improbe,
1598 2479 1757 2519 flagitium
1787 2484 1876 2508 teter-

1156 2524 1263 2552 rimum
1274 2524 1285 2552 Ι

1199 2583 1242 2589 —
1255 2568 1306 2596 26.
1316 2563 1368 2595 οὔδ’
1381 2564 1413 2594 ἂν
1429 2565 1496 2595 εἴτι
1513 2563 1633 2603 γένοιτο]
1650 2568 1733 2593 recte
1753 2567 1878 2593 senten-

1158 2609 1229 2638 tiam
1259 2609 1349 2647 hujus
1373 2608 1517 2637 dictionis
1547 2607 1676 2646 exponit
1700 2605 1877 2637 Markland.

1157 2653 1239 2691 quod
1257 2656 1357 2681 autem
1373 2651 1535 2681 emendare
1550 2654 1689 2684 conatur,
1698 2648 1730 2678 in
1747 2659 1784 2679 eo
1802 2660 1876 2690 ope-

1156 2705 1218 2725 ram
1235 2695 1325 2724 ludit.

1198 2755 1241 2760 -—
1257 2738 1313 2767 ult.
1329 2734 1514 2776 aroana-arcae]
1527 2739 1601 2774 post
1612 2733 1786 2769 ποιῆσαντας
1801 2735 1875 2766 addi

1157 2781 1275 2811 velim‘
1264 2782 1351 2820 υμᾶς.

1199 2825 1272 2855 4-98
1285 2825 1336 2853 12.
1352 2820 1386 2851 τὸ
1397 2823 1441 2860 μὴ
1453 2821 1549 2851 ταῦτα
1565 2819 1666 2860 ποιεῖν]
1687 2819 1720 2850 id
1737 2823 1796 2856 est,
1812 2820 1875 2861 περὶ

1157 2865 1188 2895 τὸ
1203 2867 1246 2906 μὴ
1268 2865 1321 2896 δεῖν
1335 2865 1433 2895 ταῦτα
1449 2865 1550 2894 ποιεῖν.
1565 2873 1653 2903 super
1667 2871 1711 2899 eo,
1725 2843 1801 2902 quod
1815 2871 1875 2894 ‘non

1155 2910 1254 2939 deceat
1266 2919 1299 2938 ea
1305 2908 1422 2960 facere.

1198 2969 1241 2975 —-
1254 2954 1304 2981 21.
1321 2949 1423 2991 εὕρετο,
1438 2948 1528 2992 ἔχειν]
1540 2949 1644 2980 malim
1658 2947 1751 2989 εὕρετο
1767 2947 1874 2984 ἐκείνην,

1157 2995 1222 3025 scil.
1239 2995 1287 3026 τῆν
1299 2993 1408 3034 δωρεάν.
