1931 3323
323 215 408 255 340
573 215 626 256 Η.
658 215 878 256 WOLFII
913 214 974 255 IN
1010 216 1045 257 Ι.

331 325 361 350 et
378 320 427 350 hic
442 320 625 359 τολμήσαιτε
641 321 687 351 καὶ
703 322 875 363 αἷσχύνησθε
893 323 965 362 legi.

374 380 417 386 —
432 366 462 394 8.
479 363 522 393 ἔτι
549 364 648 405 τοίνυν]
672 366 879 405 Ampliticatio
903 377 959 405 per
974 366 1036 395 col-

332 405 487 436 lationem.
515 407 645 437 Primum
657 413 755 438 autem
769 409 905 443 affirmat,
918 409 1037 438 omnino

332 459 401 479 esse
431 450 542 479 bellum
571 461 638 481 cum
671 452 817 491 Philippo
852 453 1036 491 gerendum·
1030 474 1037 487 ‚

333 492 425 531 idque
437 493 481 522 sic
496 495 616 532 probat,
627 496 706 534 quod
721 496 884 534 Philippus
897 501 925 524 et
937 496 1041 534 cupiat

332 535 567 574 impressionem
592 538 688 567 facero
708 539 735 567 ἱιι
761 539 904 577 Atticam,
926 545 956 567 et
973 549 1039 567 eum

336 589 434 613 ῖ“·>’“1ῑ1’-»,
464 580 521 607 'sisi
552 580 608 618 {tn}
638 582 851 616 Attice-{vuseffi
880 582 1040 620 prohibere

338 637 345 644 >
368 628 386 650 -zi
412 624 520 659 possit,
546 630 591 651 atti
623 626 704 653 vdit.
752 626 873 654 Deinde
898 625 1041 657 ostendit,

337 670 448 703 quanto
467 668 668 704 pra-stabilius
685 669 735 701 sit,
751 668 825 697 foris
848 679 935 707 quam
959 668 1042 697 domi

335 708 448 738 bellum
466 720 580 747 gerere.

379 768 423 774 —-
440 755 490 781 10.
506 751 552 782 ἐὰν
567 754 606 782 τὰ
622 754 675 781 τῶν
691 751 834 782 Ὀλυνθίων
850 752 974 794 ἀντέχῃ]
1001 752 1046 782 εὰν

336 793 358 823 οἳ
373 793 505 824 Ὀλύνθιοι
517 797 558 835 μὴ
576 795 735 830 ἡττηθῶσι,
751 797 792 834 μὴ
806 794 1045 837 ἓκπολιορκηθῶσι.

380 855 423 860 —-
446 842 497 867 11.
524 840 572 868 τὴν
598 837 694 868 ἐκείνου
715 856 758 861 —
772 841 821 869 ’τὴν
846 839 1045 878 ὑπάρχουσαν]

338 880 376 910 Id
389 885 446 915 est,
459 879 707 922 ωατςῷανχωραν,
720 883 768 911 τὴν
778 880 978 916 Μακεδονίαν,
967 892 995 910 ην
1005 892 1047 910 νυν

340 922 412 964 ἔχει.
435 923 522 962 quasi
540 923 641 953 dieat:
672 925 760 955 Adeo
777 935 834 955 non
851 924 957 953 licebit
978 924 1046 953 Phi-

339 966 426 1005 lippo
441 966 572 996 Atticam
590 967 750 1003 invadere,
761 973 794 998 ut
810 968 847 996 de
866 967 1048 996 Macedonia

339 1009 420 1047 ipsa,
430 1019 524 1047 regno
540 1009 651 1048 patrio,
664 1011 705 1040 sit
718 1014 862 1039 venturus
879 1010 909 1039 in
926 1009 1047 1048 pericu-

339 1053 412 1081 lum.
428 1053 599 1094 ὑπάρχουσα
616 1054 697 1093 χώξα
714 1052 864 1093 Philippi,
881 1057 928 1082 est
945 1054 1048 1082 Mace-

340 1094 442 1130 donia,
463 1102 642 1134 caeteraeque
666 1105 740 1134 quas
767 1097 949 1135 subegerat:
973 1094 1048 1135 μέλ·

341 1144 454 1173 λουσαι,
469 1139 623 1178 Olynthus
639 1143 669 1168 ct
685 1140 821 1175 Atlienae,
844 1140 868 1169 si
887 1150 950 1169 rem
972 1141 1050 1169 bene

342 1181 500 1221 gessisset.

385 1241 428 1247 ——
443 1227 495 1255 12.
510 1223 558 1253 καὶ
574 1226 621 1256 τὴν
636 1224 733 1256 οἰκείαν
747 1225 946 1266 καρπούμενοι]
963 1227 1050 1256 etiam

331 1266 482 1309 fruentes.
507 1268 621 1308 alioqui
645 1271 672 1300 si
694 1270 753 1306 καὶ,
769 1276 795 1300 et
816 1273 962 1309 exponat,
978 1280 1052 1299 con-

344 1311 473 1340 structio
496 1312 663 1350 postulabit
687 1323 744 1342 non
774 1313 970 1353 καρπούμενοι,
997 1313 1050 1342 sed

342 1354 563 1394 καρπώσεσθαι.
588 1357 690 1394 Quare
704 1357 726 1386 si
744 1356 793 1396 qui
810 1358 859 1387 τὴν
868 1356 1053 1398 ὑπαςχουσαν

343 1397 391 1427 καὶ
418 1399 467 1428 τὴν
487 1398 586 1428 οἰκείαν
609 1399 715 1430 ταύτην
738 1400 937 1439 conjungunt,
960 1404 992 1430 et
1013 1400 1051 1429 ad

343 1440 548 1471 Athenienses
579 1442 725 1479 referunt,
755 1443 829 1472 nibil
860 1443 1052 1482 delinquunt.

343 1494 514 1523 quanquam
531 1484 616 1524 prior
632 1485 684 1516 illa
700 1485 857 1525 expositio
874 1486 945 1516 mihi
958 1487 1054 1526 magis

344 1528 493 1566 placeret,
503 1527 530 1557 si
547 1528 722 1567 conjunctio
738 1529 785 1559 καὶ
799 1530 934 1564 abesset,
944 1540 979 1559 ac
990 1534 1054 1559 tota

344 1570 490 1610 periodus
503 1571 548 1600 sic
562 1572 821 1611 distingueretur·
839 1573 886 1602 καὶ
897 1574 945 1603 τὴν
958 1571 1055 1603 ἐκείνου

345 1615 440 1648 κακῶς
454 1614 588 1645 ποιησετε
606 1617 654 1646 τὴν
670 1617 862 1657 ὑπάςχουσαν·
881 1616 928 1645 καῖ
945 1618 994 1647 τῆν
1017 1616 1054 1645 οἲ-

345 1655 419 1686 κείαν
440 1656 557 1693 ταύτην,
580 1662 639 1688 etc.
686 1660 747 1689 Sed
765 1660 822 1689 hoc
848 1659 874 1688 si
897 1659 1054 1699 displicet,

347 1700 392 1729 sic
417 1699 590 1739 distingue:
615 1703 708 1737 κακῶς
731 1702 874 1732 ποιήσετε·
897 1704 944 1732 τὴν
965 1703 1054 1742 ὑπάρ-

346 1753 458 1783 χουσαν
472 1754 520 1772 και
537 1745 585 1774 τὴν
600 1744 698 1774 οἰκείαν
712 1756 818 1775 ταυτην
833 1749 892 1774 etc.

392 1803 436 1808 --
461 1788 511 1816 13.
538 1786 571 1817 ἂν
597 1786 621 1816 δ’
647 1786 751 1829 ἐκεῖνα]
777 1787 916 1823 Scilicet,
941 1789 980 1817 τὰ
1006 1786 1055 1818 ἐπι

349 1827 467 1869 Θρᾳκης,
482 1830 531 1859 τὴν
537 1828 682 1860 Ὄλυνθον.

391 1889 435 1894 —-
449 1871 525 1902 ibid.
541 1870 586 1907 τίς
600 1872 699 1913 αὐτον]
723 1874 906 1904 Remotione
924 1872 1056 1913 partium

348 1915 471 1954 probat,
486 1915 559 1945 nihil
576 1916 724 1956 Philippo
740 1918 862 1947 obstare
877 1927 978 1957 posse.

392 1975 436 1980 —-
457 1968 528 1997 pen.
554 1959 641 2001 δεῦρο]
666 1961 767 1999 Supra
790 1960 883 1997 dixit,
905 1960 968 1990 ὅποι
991 1959 1058 1993 βού-

348 2007 445 2073 ῗεται,
454 2001 499 2031 sic
508 2003 655 2033 audacius
666 2007 696 2033 et
705 2004 839 2043 apertius
850 2004 880 2033 in
893 2014 1059 2044 progressu

362 2044 494 2084 oquitur.

393 2104 437 2110 —-
458 2087 535 2117 ibid.
568 2086 702 2131 ἒαδίζειν]
729 2091 814 2120 Lene
845 2090 972 2120 verbum
1002 2094 1060 2120 est.

352 2130 492 2169 sequitur
507 2131 674 2161 declaratio
699 2134 774 2163 satis
799 2134 916 2172 gravis,
931 2133 980 2162 καῖ
998 2145 1072 2169 συν·ι

351 2174 543 2207 εισβαλοῦσιν.
567 2175 624 2205 Est
638 2176 717 2206 enim
734 2176 908 2212 εἰσβάλλειν,
920 2177 1061 2207 hostiliter

350 2218 498 2253 invadere,
515 2218 722 2256 impressionem
730 2219 822 2260 facet
823 2230 846 2249 e.

396 2277 439 2282 -—-
454 2241 530 2290 ibid.
544 2263 587 2299 μὴ
606 2261 681 2301 λίαν]
697 2261 914 2314 προεπίπληξις,
933 2262 1060 2302 »ua-pomo}-

352 2301 448 2339 Θωσις,
463 2303 530 2333 sive
544 2314 568 2333 π
569 2302 705 2345 ροΘεραπεῖ
705 2318 734 2334 α.

397 2347 528 2377 —ibid.
543 2349 586 2387 μή
602 2346 636 2389 ῃ]
658 2358 694 2377 ne
707 2350 755 2384 sit,
767 2359 803 2378 ‘ne
816 2349 965 2379 videatur.
977 2348 1062 2402 petit

354 2390 474 2419 veniam
492 2390 626 2420 libertati
644 2392 801 2421 orationis.
847 2392 908 2428 Qui
921 2394 981 2432 μὴ
976 2395 989 2422 ἡ
1007 2402 1062 2421 ex-

354 2438 482 2485 ponunt,
497 2432 545 2463 ἐὰν
557 2435 619 2474 μὴ
614 2432 632 2464 ἠ
646 2434 705 2464 λίαν
721 2445 814 2475 πικρον
827 2435 913 2465 sime?
901 2447 932 2470 ν,
948 2432 1063 2473 λέγοιμ’

353 2486 386 2502 αν
411 2476 455 2505 δ’τι
480 2488 527 2505 και
549 2478 799 2510 συνεισβαλοῦσινε
825 2478 863 2507 de
891 2488 946 2507 suo
970 2479 1062 2508 verba

355 2517 554 2549 Demostheni
570 2520 754 2558 largiuntur.

400 2578 444 2583 —
459 2562 514 2591 ult
530 2563 578 2592 και
594 2564 841 2605 συνεισβαλοῦσιν]
867 2565 921 2594 Int
927 2562 1015 2593 ersio.

398 2620 442 2626 —-
463 2604 540 2634 ibid.
565 2607 646 2636 ἀλλὰ
672 2608 789 2648 Φωκεῖς]
818 2606 946 2637 Scilicet
973 2606 1064 2636 κωλύ-

355 2658 451 2676 σουσιν
474 2647 557 2677 αὐτὸν
583 2648 656 2688 δεῧςο
684 2648 813 2689 ἔαδίζειν.
858 2651 894 2680 Iu
925 2650 1064 2679 Phocide

355 2690 480 2728 suerunt
491 2691 599 2730 viginti
610 2693 678 2721 duae
689 2694 794 2729 urbes,
807 2697 838 2722 et
848 2693 926 2723 inter
938 2697 1065 2722 caeteras

354 2733 445 2764 etiarn
465 2734 590 2773 Delphi.
615 2735 672 2764 Est
687 2741 786 2766 autem
805 2737 918 2766 Phocis
935 2736 1065 2766 Boeotiae

354 2777 491 2806 finitima.

400 2836 440 2842 -ο
458 2819 535 2849 ibid.
550 2819 573 2850 οἱ
595 2821 644 2851 τὴν
665 2818 779 2860 οἰκείαν]
804 2821 1023 2860 Argumentum
1049 2832 1065 2851 a

355 2863 464 2893 minori
480 2864 517 2893 ad
533 2864 643 2901 majus,
658 2868 687 2893 et
704 2865 742 2892 ab
758 2865 902 2895 absurdo.

400 2924 443 2929 —
457 2906 533 2936 ibid.
550 2905 576 2935 οἳ
587 2906 652 2947 τὴν]
676 2905 833 2936 Brevitate
847 2908 953 2938 utitur.
987 2908 1063 2937 Sen-

356 2948 452 2979 tentia
476 2950 557 2979 clara
583 2954 642 2986 est,
668 2950 723 2979 sed
751 2950 843 2979 verba
869 2951 914 2980 sic
942 2950 1061 2980 absolvi

354 2996 481 3031 possunt
497 3003 503 3022 :
528 2994 588 3026 πῶς
609 2991 642 3022 ἃν
662 2994 711 3024 τὴν
732 2990 868 3024 Ἀττικὴν
888 2993 1060 3034 vulnificae-13

354 3035 484 3067 Atticam
498 3046 553 3076 quo
565 3040 653 3075 pacto
667 3035 830 3067 tuebuntur
839 3037 854 3066 ἓ

1079 214 1522 258 OLYNTHIACAM

1124 324 1159 352 P
1179 325 1287 353 97.1.
1317 325 1365 355 τὴν
1388 322 1501 365 οἰκείαν]
1523 323 1647 354 Scilicet
1669 324 1776 365 χώραν,

1072 367 1121 395 τὴν
1137 364 1256 396 Φωκίδα.

1116 426 1157 431 --
1173 409 1247 439 ibid.
1270 407 1316 439 οιοί
1332 419 1363 439 τε
1384 408 1472 451 οντες]
1498 410 1535 440 Id
1551 413 1611 446 est,
1626 409 1776 448 δυνάμενοι·

1074 448 1134 485 οῐος,
1146 452 1251 492 quatis,
1268 463 1334 482 cum
1350 453 1498 492 particula
1514 464 1547 484 τε
1565 458 1595 483 et
1611 452 1672 494 εἰμὶ
1688 451 1784 491 signi-

1076 496 1144 524 ficat
1174 495 1313 535 δύναμακ
1339 501 1369 526 et
1395 496 1567 526 declinatur
1594 506 1649 534 per
1676 504 1783 525 omnes

1077 549 1177 573 casus,
1193 550 1345 574 uumvros,
1363 544 1393 569 et
1419 550 1540 577 genera,
1556 549 1638 568 more
1654 538 1783 567 aliorum

1078 582 1310 618 adjectivorum.
1328 583 1356 612 in
1379 584 1513 611 set-unda
1529 581 1720 619 Olynthiaca,
1737 582 1783 609 ἀν-

1078 623 1134 663 δξός
1149 625 1278 666 οὐδαμῶς
1293 625 1345 655 οἵου
1358 636 1389 655 τε
1404 624 1574 663 ψεύδεσθαι,
1589 624 1784 664 participium

1078 667 1151 700 ὄντος
1168 672 1213 697 est
1236 670 1398 698 omissum:
1424 673 1455 698 et
1471 670 1570 708 ipsum
1595 666 1647 697 οἷόυ
1664 677 1708 702 τε,
1725 677 1785 695 non

1082 715 1139 739 tam
1158 722 1211 748 pro
1228 711 1377 751 δυναμένου
1392 723 1480 752 quam
1497 710 1666 751 Βουλομὲνου
1681 710 1728 740 vel
1747 710 1786 738 εἶ-

1081 752 1212 793 Θισμὲνου
1236 755 1358 784 videtur
1386 756 1469 794 poni.
1512 755 1590 793 Quis
1620 754 1698 783 enim
1727 758 1786 788 est,

1081 796 1132 834 qui
1151 797 1270 826 mentiri
1286 808 1342 828 non
1361 798 1481 837 possit?
1502 808 1595 837 quum
1612 796 1787 837 paucissimi

1083 839 1153 874 sint,
1177 840 1241 878 qui,
1257 842 1408 870 commodi
1429 841 1596 880 praesertim
1615 840 1663 870 sui
1684 849 1787 875 causa,

1082 882 1204 911 mentiri
1228 893 1284 912 non
1313 887 1343 912 et
1364 883 1460 913 velint
1483 888 1515 913 et
1538 884 1668 913 soleant.
1706 883 1786 912 Nam

1083 924 1158 953 scite
1175 924 1309 960 mentiri,
1325 927 1408 963 quod
1423 928 1488 964 ejus
1503 935 1573 954 esse
1589 925 1666 954 dicit
1684 925 1788 960 Plato,

1082 967 1132 1005 qui
1155 967 1326 998 rectissime
1349 978 1422 997 vera
1444 967 1545 1008 possit
1568 968 1682 1004 dicere,
1704 967 1788 997 aliud

1085 1015 1143 1039 est.

1125 1070 1168 1076 —-
1180 1052 1255 1083 ibid.
1270 1051 1442 1094 βοηθήσητε]
1467 1052 1595 1084 Scilicet
1608 1053 1712 1089 αὐτοῖς.

1126 1099 1213 1127 —2
1241 1095 1256 1127 ἢ
1284 1096 1373 1131 ἄλλος
1401 1097 1462 1138 τίς]
1492 1097 1656 1127 Thessalos
1683 1095 1789 1133 tacuit,

1084 1140 1155 1179 quia
1169 1150 1223 1170 eos
1240 1151 1257 1170 a
1274 1140 1416 1180 Philippo
1428 1151 1497 1171 esse
1514 1141 1628 1171 alienos
1645 1140 1789 1170 ostendit.

1085 1183 1188 1219 Quare
1202 1184 1418 1223 propensiores
1429 1184 1458 1214 in
1475 1182 1706 1214 Atheniensium
1717 1183 1792 1213 ami-

1084 1227 1186 1256 citiam
1204 1227 1303 1257 videri
1320 1231 1472 1266 poterant.
1516 1227 1677 1258 Hactenus
1696 1227 1793 1265 igitur

1086 1270 1232 1306 ostendit,
1251 1270 1392 1310 Philippo
1406 1281 1464 1300 non
1482 1271 1585 1300 defore
1602 1270 1790 1306 facultatem,

1086 1313 1221 1352 Olyntho
1258 1318 1357 1353 capta,
1386 1313 1417 1343 in
1453 1313 1586 1344 Atticam
1616 1313 1790 1343 invadendi.

1085 1357 1174 1386 Nunc
1198 1367 1265 1386 eum
1291 1357 1381 1386 etiam
1406 1357 1499 1392 velle,
1521 1357 1713 1396 probandum
1736 1361 1793 1386 est.

1086 1400 1235 1430 Voluntas
1263 1399 1341 1429 enim
1373 1405 1404 1429 et
1429 1400 1572 1435 facultas,
1596 1403 1629 1429 ut
1652 1399 1681 1428 in
1711 1399 1793 1428 omni

1087 1453 1199 1482 genere
1216 1444 1370 1473 actionum
1388 1443 1594 1478 humanarum,
1610 1443 1654 1472 sic
1672 1441 1701 1471 in
1718 1452 1790 1472 con-

1082 1485 1215 1528 jecturis
1229 1486 1318 1516 etiam
1335 1491 1366 1516 et
1382 1486 1519 1516 consiliis
1534 1485 1736 1516 dominantur.

1129 1547 1172 1552 --
1183 1529 1260 1560 ibid.
1278 1528 1347 1560 ἔιλλ’
1361 1527 1384 1558 ὦ
1396 1529 1464 1570 τὰν]
1477 1528 1687 1571 Ἀνθυποφοριὶ.
1718 1528 1794 1559 For-

1087 1578 1169 1603 tasse
1184 1574 1278 1610 nolet‚
1295 1574 1354 1603 etsi
1371 1574 1481 1613 possit.

1130 1633 1173 1640 —-
1188 1616 1264 1646 ibid.
1287 1615 1356 1646 ἰιλλ’
1375 1615 1399 1646 075
1418 1616 1487 1656 τὰν]
1510 1614 1533 1645 ὦ
1553 1614 1630 1652 ἔνι-ἃν,
1650 1626 1666 1645 o
1682 1615 1762 1652 bone,
1780 1625 1797 1645 0

1089 1662 1171 1695 socie,
1193 1659 1262 1690 heus
1281 1665 1326 1690 tu.
1370 1660 1542 1690 Vocativus
1561 1657 1738 1697 irregularis
1758 1658 1798 1689 ab

1088 1703 1163 1739 ἔτης,
1180 1704 1283 1756 socius-3
1296 1703 1377 1739 civis,
1389 1703 1513 1737 amicus,
1528 1702 1659 1742 aequalis,
1671 1711 1797 1732 necessa-

1088 1746 1164 1775 rius.
1177 1743 1247 1775 ἒιλλ’
1260 1742 1283 1774 οῗί
1297 1745 1362 1780 τᾶν,
1376 1751 1408 1775 at
1421 1754 1496 1780 vero,
1511 1749 1544 1773 at
1555 1744 1679 1774 hercule.

1131 1805 1175 1810 —
1187 1790 1217 1819 3.
1239 1790 1295 1818 τῶν
1308 1786 1524 1828 ἀτοπωτάτων]
1542 1787 1701 1818 Refutatio
1717 1775 1799 1817 sum·-

1090 1836 1143 1872 pta
1160 1842 1177 1861 a
1194 1831 1292 1872 signo
1318 1831 1373 1862 Ait
1388 1842 1420 1862 se
1436 1833 1604 1861 facturum.
1630 1840 1706 1869 ergo
1721 1831 1800 1863 vult.

1091 1874 1146 1903 sed
1162 1875 1258 1904 multa
1272 1875 1419 1903 dicuntur
1434 1874 1510 1904 alias
1523 1872 1656 1903 vanitate
1669 1872 1799 1912 quadam

1089 1917 1218 1957 ingenii,
1241 1917 1317 1947 alias
1344 1920 1429 1947 certo
1451 1916 1595 1953 consilio,
1618 1920 1649 1946 et
1672 1917 1799 1947 terroris

1091 1970 1193 1991 causa.
1239 1962 1342 1999 Quare
1358 1961 1416 1990 hoc
1431 1964 1641 1998 argumentum
1654 1969 1713 1989 non
1730 1969 1800 1999 per-

1092 2007 1188 2044 petuo
1209 2014 1317 2034 verum
1340 2008 1399 2041 est,
1417 2008 1449 2033 et
1471 2004 1501 2034 in
1523 2002 1710 2043 Philippicis
1734 2013 1801 2034 cer-

1092 2047 1187 2077 tiores
1203 2049 1394 2087 conjecturas
1410 2046 1498 2077 affert
1513 2047 1749 2077 Demosthenes.

1136 2107 1179 2113 —-
1194 2090 1272 2121 ibid.
1292 2092 1347 2121 τῶν
1360 2090 1573 2132 ἀτοπωτάτων]
1596 2090 1635 2120 Id
1658 2089 1802 2125 estjaw-

1094 2133 1238 2164 νεώτατον.

1138 2195 1181 2200 --
1193 2177 1268 2207 ibid.
1284 2175 1385 2218 μέντ’]
1400 2175 1510 2217 μέντοι.

1137 2238 1180 2244 -—
1195 2220 1270 2250 ibid.
1295 2219 1314 2249 ἃ
1336 2221 1378 2250 νῦν
1401 2220 1503 2261 ἄνοιαν]
1535 2220 1758 2259 Argumentum
1784 2229 1802 2249 a

1096 2263 1206 2293 minori
1232 2263 1269 2293 ad
1302 2264 1412 2302 majus.
1455 2264 1559 2293 Jactat
1584 2273 1616 2291 se
1638 2262 1802 2298 facturum,

1097 2316 1188 2345 quum
1204 2316 1262 2336 non
1282 2309 1395 2345 potest.
1443 2305 1567 2342 Quanto
1584 2304 1683 2344 magis
1698 2304 1803 2341 faciet,

1098 2359 1188 2388 quum
1205 2349 1339 2389 poterit‘!
1376 2348 1490 2378 Incidit
1506 2354 1537 2378 et
1550 2348 1729 2378 absurdum:
1753 2348 1805 2378 Ja-

1098 2397 1180 2422 ctare
1199 2398 1228 2422 te
1254 2393 1414 2428 facturum,
1441 2402 1507 2431 quae
1532 2391 1623 2427 nolis,
1644 2401 1703 2420 non
1729 2401 1803 2421 con-

1098 2435 1194 2465 venit.

1140 2496 1183 2501 -—
1202 2477 1278 2508 ibid.
1305 2477 1395 2508 ἄνοιαν
1417 2476 1604 2517 ὀφλισκάνων]
1638 2477 1804 2517 incogitan-

1098 2522 1170 2550 tiam
1187 2522 1288 2552 debens
1302 2532 1310 2549 .·
1332 2521 1365 2550 id
1381 2525 1440 2556 est,
1455 2531 1523 2550 cum
1535 2518 1744 2559 incogitantiae
1756 2530 1806 2549 re-

1097 2564 1312 2603 prehensione,
1328 2565 1368 2594 ob
1390 2574 1478 2603 quam
1497 2564 1673 2603 jactantiam
1696 2572 1803 2601 parum

1098 2608 1232 2646 prudens
1269 2608 1409 2643 habetur,
1446 2617 1553 2646 parum
1600 2605 1804 2636 considerate.

1100 2651 1238 2680 Pertinet
1265 2650 1323 2680 hoc
1361 2650 1452 2680 etiam
1490 2650 1528 2678 ad
1565 2648 1803 2679 consolationem

1099 2693 1343 2728 Atheniensium,
1370 2697 1401 2722 et
1425 2702 1528 2721 eorum
1553 2691 1699 2730 potentiae
1724 2692 1805 2722 cele·

1099 2737 1278 2766 brationem.
1291 2736 1334 2765 sic
1348 2734 1524 2775 ὀφλισκάνειν
1536 2733 1665 2772 γέλωτα,
1675 2732 1807 2773 μέμψιν,

1099 2789 1155 2809 esse
1190 2779 1395 2814 deridendum,
1432 2786 1488 2808 esse
1523 2776 1805 2816 reprehendendum,

1099 2821 1278 2862 ὀφλισκάνειν
1300 2820 1383 2857 δίκην,
1399 2821 1421 2851 οἳ
1438 2818 1570 2859 ὅφλὸντὲς
1586 2824 1617 2849 el-
1633 2819 1806 2859 omnnem,

1099 2865 1173 2904 quid
1205 2866 1245 2895 sit
1270 2865 1302 2895 in
1332 2863 1522 2894 Forensibus
1544 2863 1735 2893 commodius
1757 2863 1806 2894 ci-

1098 2913 1195 2938 cetur.

1141 2968 1184 2975 —
1199 2952 1231 2980 4.
1247 2946 1411 2990 δυνηθεις]’
1401 2949 1447 2978 εαν
1462 2945 1567 2978 romei.

1139 3012 1182 3018 --
1195 2992 1271 3023 ibid.
1291 2993 1373 3022 ἀλλὰ
1393 2992 1451 3031 μὴν
1465 2980 1564 3031 ἡλίκα]
1588 2989 1657 3021 Jam
1684 2991 1804 3022 tandem

1095 3037 1234 3076 explieat
1256 3035 1432 3070 discrimen
1450 3034 1545 3074 idque
1567 3034 1647 3064 κατὰ
1669 3034 1808 3075 παρέλει-
