1931 3323
291 193 376 234 366

291 300 388 335 λεύειν,
405 299 439 330 δι’
454 296 490 330 οἷν
510 299 556 329 καὶ
574 302 615 331 τὰ
637 298 763 339 ποιςόντα
784 299 868 330 ἔσται
891 299 1010 336 Βελτίω,

291 344 339 373 καὶ
363 345 404 373 τὸ.
427 343 575 384 προειμένα
599 342 778 383 σωθήσεται)
800 343 897 378 Βάσις,
921 344 1010 383 quasi

291 398 348 426 pes
365 387 498 423 exordii,
520 391 572 417 aut
596 387 709 425 gradus
730 391 820 425 atque
843 387 945 416 aditus
971 387 1007 416 ad

291 430 441 469 reliquam
466 431 647 460 orationem.
683 429 786 469 Πολλᾷῖ
809 431 1010 471 χαλεπώτερον

291 474 375 512 ὑμεῖς
385 473 455 503 αὐτὸ
466 473 657 508 πεποιήκατε,
666 471 817 515 παρ’ῥησία,
830 484 917 512 quam
928 475 1009 503 Her-

292 527 440 556 mogenes
456 517 534 558 [περὶ
549 517 585 547 ἶδ.
601 528 633 556 p.
650 517 718 556 802]
736 516 920 557 τραχύτητα,
934 517 1009 546 Cor-

292 560 412 590 nificius
424 560 478 600 [ad
490 561 693 595 Herennium,
706 560 761 590 IV.
773 560 841 600 36.]
861 560 1009 590 licentium

294 604 440 643 appellat.
486 603 659 634 “Licentia
681 608 726 634 est
745 603 891 644 (inquit),
916 614 1008 643 quum

294 648 377 686 apud
403 657 469 683 eos,
494 658 571 686 quos
592 651 645 677 aut
666 646 775 681 vereri,
800 650 852 675 aut
873 650 1009 675 metuere

294 691 456 727 debemus,
479 693 579 720 tamen
599 690 713 728 aliquid
732 699 791 728 pro
812 690 883 727 jure
904 694 1010 718 nostro

294 734 438 769 dicimus,
463 734 545 772 quod
570 743 623 763 eos
644 733 762 762 minime
786 732 931 767 offendat,
960 737 1012 761 aut

294 788 373 817 quos
390 777 413 806 ii
428 777 573 815 diligunt,
586 786 653 806 cum
667 776 698 804 in
710 774 811 813 aliquo
824 778 924 804 errato
938 785 1011 805 vere

293 820 480 860 reprehendi
505 830 598 859 posse
627 818 795 848 videantur.
798 816 815 829 ”
861 818 903 847 Ut
932 827 1011 847 nunc

291 865 378 902 justa
394 868 425 893 et
436 863 536 892 libera
547 866 595 891 est
609 862 673 891 haec
686 861 882 900 reprehensio
896 861 1013 891 Demo-

297 906 426 940 stheniS,
444 907 499 935 sed
517 915 575 934 non
595 905 684 934 nimis
699 905 819 934 acerba.
864 905 906 935 At
921 905 1012 943 hujus

295 948 518 990 propositionis
534 948 719 978 confirmatio
735 948 806 987 plus
820 947 913 977 habet
927 958 1012 978 acer-

295 993 412 1022 bitatis.
437 992 460 1022 οῖ
481 991 536 1031 μὲν
551 993 606 1031 γέιξ
626 991 706 1021 ἄλλοι
727 991 840 1025 ’πάντες
861 989 1013 1031 ἄνθξωποι)

296 1036 359 1066 Sed
378 1046 415 1065 ea
430 1045 552 1075 quoque
569 1034 793 1065 modificatione
810 1035 941 1074 quadam
957 1034 1013 1064 mi-

295 1080 393 1119 tigata
407 1084 464 1108 est.
510 1080 591 1108 Nam
608 1078 635 1108 si
650 1079 692 1108 ita
706 1078 855 1108 dixisset:
880 1079 945 1108 Vos
961 1078 1014 1108 de-

294 1122 447 1152 liberandi
472 1122 622 1152 rationem
645 1126 749 1152 vestra
768 1122 922 1161 pravitate
939 1122 1014 1151 feei-

295 1165 352 1196 stis
377 1165 614 1205 impeditiorem,
640 1171 711 1195 aut:
743 1165 854 1195 Caeteri
871 1164 1014 1195 mortales

296 1215 459 1248 antequam
477 1214 582 1249 agunt,
602 1209 785 1244 deliberant,
804 1219 861 1238 vos
879 1212 950 1248 post
973 1208 1016 1238 fa-

296 1258 393 1289 cturn,
410 1257 470 1282 tam
487 1252 563 1282 estis
582 1252 775 1292 praeposteri,
794 1251 884 1281 nimis
904 1251 1017 1281 fuisset

297 1306 406 1335 aspere
423 1295 552 1331 dictum,
565 1306 603 1325 ne
617 1295 716 1325 dicam
730 1295 920 1334 ὑβςιστικῶςτ
937 1305 1016 1324 nunc

298 1343 330 1368 et
356 1339 487 1370 modicae
517 1343 587 1368 sunt
612 1339 678 1377 ejus
702 1338 958 1377 ‘reprehensiones
986 1342 1016 1368 et

296 1383 418 1412 breves.
454 1383 526 1412 Non
542 1382 614 1410 utin
632 1391 685 1411 sua
700 1381 739 1410 de
754 1391 833 1420 pace
849 1382 1015 1418 Isocrates,

298 1425 362 1455 λίαν
375 1427 572 1465 καταφορικῶς
591 1435 646 1464 per
662 1428 759 1453 totum
775 1425 838 1454 sere
853 1425 1017 1454 exordium

297 1479 426 1508 pravam
455 1468 709 1498 consuetudinem
742 1466 788 1507 [p.
810 1470 862 1498 ⁶25.
888 1469 936 1498 ed.
958 1468 1016 1508 D.]

298 1511 532 1542 Atheniensium
543 1515 634 1550 atque
645 1510 837 1550 iniquitatem
848 1511 876 1541 in
889 1511 1018 1542 audieu-

299 1555 350 1585 dis
367 1554 636 1585 concionatoribus
658 1554 839 1590 insectatur,
862 1555 914 1594 qui
936 1565 1017 1585 com-

300 1598 421 1638 positos
442 1598 610 1628 adulationi
633 1597 765 1627 libenter
786 1597 941 1634 audirent,
965 1609 1018 1629 eos

301 1646 403 1671 autem
422 1645 649 1677 aversarentur,
669 1642 722 1680 qui
738 1641 939 1672 saluberrima
954 1653 1017 1672 mo-

298 1686 423 1715 nebant;
467 1685 510 1715 At
530 1684 770 1721 Demosthenes,
793 1695 945 1724 nunquam
965 1685 1018 1714 ille

300 1729 424 1767 quidem
440 1727 633 1767 perniciosus
644 1732 816 1758 assentator
828 1729 935 1767 populi
949 1729 1018 1763 fuit,

301 1782 393 1811 quem
409 1770 576 1810 δημαγωγὸν
590 1776 622 1800 et
637 1770 793 1809 δημοκόπον
801 1776 929 1801 vocant:
946 1782 1019 1801 con-

300 1820 409 1854 traque
419 1815 499 1844 acris
510 1816 687 1854 objurgator
697 1824 907 1854 saepeuumero
917 1826 923 1844 :
935 1816 1018 1854 quod

302 1858 464 1897 gravitatis
480 1863 539 1893 est,
561 1867 730 1897 magnaque
748 1868 815 1887 eum
838 1859 1018 1888 auctoritate

302 1902 384 1941 apud
401 1912 474 1931 suos
489 1901 585 1931 fuisse
601 1901 749 1930 declarat.
793 1901 864 1930 Non
878 1905 924 1931 est
939 1902 1019 1931 enim

300 1955 443 1984 personae
462 1944 543 1974 levis
558 1944 707 1983 populum
724 1944 901 1974 universum
918 1945 1021 1983 objur-

303 1998 386 2028 gare.
419 1988 534 2018 Mirum
548 1988 679 2018 fortasse
694 1987 847 2023 videatur,
862 1988 919 2017 boc
934 1988 1019 2018 illum

301 2032 415 2061 fecisse
428 2031 459 2061 in
474 2031 614 2067 exordio,
628 2031 710 2070 quod
725 2031 899 2061 alliciendis
912 2031 1021 2061 voluu-

301 2075 419 2104 tatibus
435 2075 620 2104 destinatum
635 2079 693 2104 est.
739 2075 800 2104 Sed
813 2085 934 2104 sensum
950 2086 1022 2104 suo-

302 2129 370 2148 rum
389 2118 502 2147 civium
527 2119 635 2157 pulcre
659 2117 775 2147 calluit.
822 2117 931 2154 Novit,
947 2119 1022 2158 quid

302 2162 365 2191 illis
382 2161 532 2200 placeret,
549 2162 597 2191 vel
616 2161 797 2196 offenderet,
813 2166 843 2191 et
861 2166 1023 2200 quatenus.

303 2206 400 2234 Porro
421 2204 455 2234 τὸ
471 2204 603 2246 τραχέως
617 2216 647 2234 τι
667 2203 769 2241 λέγειν,
784 2205 1022 2243 chrysostomus

303 2249 343 2278 ad
357 2247 500 2278 Paulinas
514 2246 697 2286 epistolas,'
687 2250 873 2287 εντρεπτικῶς
888 2248 975 2284 dicit,
988 2253 1023 2278 ut

303 2302 397 2332 quum
414 2292 582 2332 Apostolus
600 2291 643 2321 ait
661 2290 728 2331 πρὸς
742 2289 877 2331 ἔντροωην
892 2292 958 2331 ὗμιν
975 2290 1023 2320 λὲ-

302 2346 355 2373 γω.
400 2334 508 2365 Omnis
524 2335 603 2365 euim
624 2334 728 2374 gravis
749 2334 949 2374 reprehensio
968 2345 1021 2374 pu-

304 2378 411 2408 dorem
427 2379 546 2409 incutit.

347 2423 383 2451 P.
397 2425 470 2452 136.
487 2424 517 2453 Ξ.
533 2421 695 2463 δυσκολίαν]
713 2422 879 2452 Athenaeus
897 2421 966 2462 [lib.
980 2423 1022 2452 vi.

303 2475 336 2504 p.
355 2467 429 2495 262.
444 2468 478 2495 A.
495 2466 546 2495 ed.
559 2466 708 2506 casaub]
731 2464 941 2499 Φιλιππίδηςέν
954 2466 1022 2499 ’ἅνα-

302 2507 407 2543 verbra,
437 2508 683 2548 ψωμοκολακεύων
709 2508 758 2538 καὶ
785 2510 953 2549 wagan-‘522⁹'
969 2508 1023 2540 ἀεί.

305 2550 400 2590 κυςίως
414 2550 442 2580 δὲ
458 2552 470 2580 ὁ
485 2551 599 2590 κόλαξ
591 2552 638 2581 επὶ
652 2551 753 2581 τούτου
760 2562 867 2581 κειται.
885 2551 961 2582 κόλον
969 2555 1023 2593 γὰρ

305 2607 319 2624 n
336 2594 433 2633 τξοφῆ
459 2592 547 2623 ὅθεν(
536 2607 548 2623 ο
564 2594 706 2629 Βουκόλος,
720 2596 932 2631 armentarius,
947 2595 994 2625 καὶ
1010 2596 1022 2625 ὅ

304 2636 475 2673 δύσκολος,“
460 2649 486 2670 ος
497 2636 562 2666 ἔστι
572 2638 743 2677 δυσάξεστος
753 2650 801 2667 και
813 2638 925 2680 σικχός.
952 2639 1022 2677 Quo

304 2681 426 2710 nomine
437 2690 550 2719 aegrum
565 2691 620 2709 nos
633 2681 777 2718 dicimus,
789 2692 825 2712 eo
835 2683 917 2721 quod
930 2683 1022 2721 aegris

304 2723 429 2753 difficile
452 2727 501 2754 est
523 2723 658 2763 placere,
681 2725 855 2763 praesertim
878 2726 908 2755 in
934 2725 1023 2755 cibis,

302 2765 419 2806 ψωμός,
435 2767 549 2809 buccea.
571 2766 692 2802 εὔκολος,
703 2766 822 2808 facilis.
856 2769 1023 2799 Suetonius

301 2808 401 2848 [Caes.
420 2820 448 2840 c.
470 2809 541 2850 53.]
568 2809 779 2839 “indifferens
807 2810 889 2840 circa
916 2811 1023 2842 cibos”

301 2851 527 2892 ἐτυμολογικῶς.
562 2850 685 2888 εὐκολία,
712 2851 864 2893 facilitas,
894 2856 1023 2895 (equani-

302 2897 400 2926 mitas.
435 2895 582 2931 δυσκολία,
608 2897 769 2926 morositas.
813 2898 1022 2927 Tertullianus

300 2938 357 2978 [de
374 2939 660 2979 praescriptionibus
680 2939 831 2969 adversus
848 2941 1022 2976 haereticos,

300 2993 327 3011 c.
343 2983 413 3023 40.]
432 2986 453 2999 ‘¹
468 2983 575 3013 Nonne
591 2982 752 3012 manifeste
765 2983 906 3012 diabolus
921 2995 1022 3014 moro-

302 3025 421 3056 sitatem
439 3026 578 3057 Judaicae
596 3027 674 3066 legis
692 3025 828 3058 imitatus
845 3026 922 3057 est.”
971 3028 1020 3057 Sic

653 190 909 234 DOUNAEI
942 191 1420 237 PRAELECTIONES

1045 306 1136 331 vocat
1157 306 1330 332 accuratam
1351 301 1436 332 illam
1458 299 1696 340 descriptionem
1716 300 1763 330 iu-

1045 345 1207 374 strumenti
1228 345 1345 375 veteris
1370 350 1462 383 atque
1483 344 1590 374 anxias
1616 345 1761 374 observa-

1043 388 1143 418 tiones
1158 388 1263 428 Legis.
1288 389 1357 418 Lex
1374 388 1455 418 enim
1467 387 1569 427 posita
1584 391 1632 417 est
1646 387 1762 427 populo

1044 431 1128 460 durae
1149 431 1296 468 cervicis,
1318 432 1418 472 iuquit
1432 431 1642 471 Augustinus:
1668 435 1699 460 et
1710 431 1762 468 ju-

1044 484 1115 513 gum
1134 475 1203 511 suit,
1227 479 1308 504 teste
1332 476 1435 511 Petro,
1456 474 1539 514 quod
1562 484 1660 512 neque
1686 473 1763 512 ipsi,

1045 517 1092 558 [p.
1111 519 1163 547 26.
1177 519 1229 548 ed.
1245 518 1304 558 D.]
1328 529 1426 557 neque
1440 522 1543 557 patres
1558 527 1662 546 eorum
1678 516 1760 546 ferre

1044 566 1211 599 potueruut
1228 561 1314 601 [Act.
1330 562 1395 591 xiv.
1408 561 1490 602 10.].
1535 561 1638 598 Atque
1651 559 1683 589 in
1700 558 1761 595 bis,

1044 614 1112 642 quae
1129 615 1208 634 nunc
1220 605 1394 640 scribimus,
1408 604 1535 634 forsitan
1551 603 1645 632 multa
1660 612 1762 632 moro-

1045 647 1119 676 sitas
1137 646 1226 677 inest.
1258 649 1337 678 Sane
1354 646 1478 687 quidem
1494 647 1533 676 ad
1549 645 1763 685 grammaticas

1044 689 1188 719 minutias
1212 690 1257 720 sic
1280 690 1480 725 descendere,
1504 691 1576 719 dum
1602 689 1763 718 studemus

1045 733 1194 771 prodesse
1217 733 1375 770 studiosis,
1396 734 1503 764 πολλὴν
1520 731 1583 774 ἔχει
1606 729 1763 762 δυσκολίαν.

1047 777 1091 805 Μ.
1101 775 1221 806 Tullius
1231 776 1285 816 [de
1299 781 1470 812 senectute,
1483 787 1510 806 c.
1520 776 1589 817 14.]
1606 779 1628 793 “
1641 776 1765 805 Atsunt

1045 820 1172 854 morosi,
1194 824 1226 849 et
1240 820 1335 857 anxii,
1351 825 1382 850 et
1399 819 1548 854 iracundi,
1570 818 1762 848 et'difficiles

1047 872 1146 897 senes,
1163 862 1189 892 si
1205 863 1383 902 quaerimus,
1394 863 1487 892 etiam
1502 861 1597 892 avari.
1621 862 1684 891 Sed
1695 862 1763 891 haec

1046 916 1164 935 morum
1181 906 1353 945 vitiasunt,
1367 916 1426 935 non
1443 903 1641 935 senectutis.''
1675 905 1765 934 ldem

1048 948 1103 988 [de
1116 949 1206 979 Offic.
1222 949 1244 979 i.
1261 961 1289 980 c.
1306 949 1375 990 95]
1400 953 1422 966 “
1439 950 1477 979 In
1492 948 1601 978 liberis
1617 957 1691 978 vero
1707 957 1765 986 po-

1047 992 1142 1032 pulis,
1164 997 1196 1022 et
1215 992 1247 1022 in
1267 993 1346 1032 juris
1368 992 1574 1032 aequabilitate
1591 991 1766 1021 exercenda

1047 1041 1095 1066 est
1109 1035 1256 1071 facilitas,
1266 1041 1296 1066 et
1309 1035 1440 1066 altitudo
1452 1035 1545 1065 animi
1557 1045 1625 1074 quae
1637 1033 1765 1069 dicitur,

1048 1089 1097 1114 ne,
1110 1079 1136 1108 si
1148 1080 1316 1109 irascamur
1326 1085 1379 1109 aut
1388 1079 1604 1118 intempestive
1617 1077 1766 1107 acceden-

1048 1121 1145 1156 tibus,
1166 1127 1220 1152 aut
1239 1123 1434 1162 impudenter
1450 1121 1639 1161 rogantibus,
1655 1121 1686 1150 in
1701 1131 1766 1150 mo-

1048 1164 1206 1194 rositatem
1218 1165 1356 1196 inutilem
1371 1170 1402 1195 et
1414 1165 1550 1195 odiosam
1561 1162 1767 1194 incidamus.''

1051 1208 1216 1243 Morositas‚
1230 1209 1375 1244 δυσκολία,
1381 1207 1531 1249 facilitas,
1546 1206 1668 1237 εὐκολία.
1704 1209 1767 1237 Te-

1050 1252 1166 1281 rentius
1194 1250 1373 1291 [Adelphis,
1388 1253 1449 1281 111.
1466 1254 1497 1282 3.
1513 1252 1583 1293 36]
1617 1255 1638 1268 “
1653 1252 1765 1289 Inepta

1050 1295 1159 1324 lenitas
1176 1295 1284 1334 patris,
1301 1299 1332 1324 et
1347 1295 1479 1325 facilitas
1496 1294 1622 1334 prava.”
1654 1294 1765 1324 Livius

1053 1337 1121 1377 [lib.
1132 1338 1224 1368 VlII.
1235 1349 1262 1368 c.
1273 1338 1342 1378 34]
1361 1342 1380 1356 “
1393 1339 1484 1368 Nunc
1494 1345 1596 1377 patres
1611 1348 1724 1372 comes,
1736 1342 1767 1367 et

1050 1392 1139 1411 senes
1151 1381 1256 1412 faciles
1268 1382 1307 1411 de
1320 1381 1419 1411 alieno
1429 1380 1558 1420 imperio
1571 1386 1689 1419 spreto,
1701 1385 1766 1410 tan-

1051 1436 1140 1464 quam
1155 1425 1199 1455 rei
1213 1425 1510 1465 parvae,disciplinae
1523 1424 1665 1454 militaris
1676 1434 1766 1454 ever-

1051 1469 1254 1508 saejuventuti
1264 1469 1392 1508 gratiam
1401 1467 1532 1499 facere.’'
1543 1467 1766 1506 Aristophanes

1051 1512 1090 1542 de
1108 1512 1261 1551 Sophocle
1282 1513 1326 1553 [in
1348 1512 1454 1546 Ranis,
1469 1523 1498 1542 v.
1514 1510 1582 1550 82]
1606 1510 1617 1539 ὅ
1643 1510 1667 1541 δ’
1689 1510 1765 1540 εὔκο-

1051 1561 1099 1590 λος
1113 1555 1168 1595 μὲν
1182 1554 1289 1592 ἐνθάδ’,
1305 1556 1414 1589 εὔκολος
1428 1554 1452 1585 δ’
1467 1554 1533 1585 ἐκεῖ.
1568 1553 1601 1584 H
1603 1555 1628 1584 ic
1643 1560 1670 1584 et
1684 1554 1766 1593 apud

1051 1598 1171 1640 inferos.
1198 1599 1265 1629 Cic.
1286 1598 1399 1639 [Acad.
1418 1599 1476 1628 IV.
1492 1610 1520 1629 c.
1540 1597 1610 1638 31]
1638 1601 1660 1615 ‘¹
1677 1597 1767 1627 Faci-

1051 1642 1170 1683 liorque
1187 1642 1256 1678 erit,
1272 1647 1306 1672 ut
1322 1643 1420 1672 albam
1439 1653 1508 1672 esse
1528 1641 1630 1672 nivem
1646 1641 1769 1681 probet,

1052 1696 1143 1725 quam
1162 1691 1229 1716 erat
1247 1687 1457 1725 AnaxagoraS‚
1475 1685 1527 1725 qui
1547 1685 1579 1714 id
1600 1695 1660 1714 non
1676 1685 1769 1715 modo

1051 1729 1094 1759 ita
1104 1740 1171 1759 esse
1180 1730 1324 1767 negabat,
1332 1730 1386 1759 sed
1397 1729 1468 1764 sibi,
1476 1727 1547 1767 qnia
1557 1727 1652 1757 sciret
1660 1738 1769 1767 aquam

1053 1772 1169 1812 nigram
1185 1783 1266 1808 esse,
1282 1772 1364 1802 unde
1378 1772 1432 1801 illa
1451 1770 1594 1801 concreta
1613 1776 1709 1807 esset,
1724 1772 1769 1801 al-

1052 1816 1121 1845 bam
1138 1817 1236 1855 ipsam
1255 1826 1322 1846 esse
1346 1826 1383 1844 ue
1399 1815 1499 1845 videri
1519 1813 1672 1854 quidem.''
1695 1814 1771 1845 εὖκοᾱ

1053 1860 1170 1899 λώτεξος
1185 1859 1282 1889 ἔσται.
1299 1859 1381 1898 apud
1394 1859 1522 1888 Petrum
1540 1857 1575 1897 [1
1591 1858 1677 1888 Petr.
1693 1857 1725 1886 ii.
1740 1869 1770 1888 v.

1055 1901 1123 1942 18.]
1139 1908 1227 1932 vetus
1239 1902 1366 1942 interpr.
1381 1905 1401 1920 “
1414 1900 1656 1932 Famulisubditi
1670 1905 1771 1931 estote

1053 1945 1085 1975 in
1102 1946 1183 1975 omni
1200 1946 1308 1975 timore
1324 1945 1468 1981 dominis,
1484 1955 1543 1974 non
1560 1944 1660 1975 solum
1680 1944 1771 1974 bonis

1055 1993 1085 2017 et
1101 1989 1259 2025 modestis,
1278 1989 1334 2018 sed
1350 1988 1443 2018 etiam
1463 1986 1634 2029 dyscolis.''
1678 1988 1771 2018 Nunc

1055 2032 1202 2062 habemus
1218 2032 1248 2062 in
1265 2033 1386 2067 Graeco,
1402 2032 1482 2062 ἀλλὰ
1499 2030 1548 2061 καῖ
1563 2031 1623 2065 τοῖς
1638 2031 1772 2072 σκολιοῖς.

1055 2075 1186 2106 Videtur
1201 2075 1315 2115 leg-isse
1326 2074 1484 2110 δυσκόλοις.
1530 2075 1610 2105 Nam
1626 2079 1658 2105 et
1676 2084 1773 2114 parva

1055 2119 1184 2149 mutatio
1200 2123 1266 2149 est:
1291 2122 1322 2148 et
1340 2117 1504 2149 morositas
1521 2117 1629 2148 vitium
1650 2122 1697 2147 est
1716 2117 1773 2147 do-

1055 2162 1206 2193 minorum
1227 2173 1287 2192 non
1310 2161 1411 2192 minus
1434 2172 1524 2201 quam
1541 2171 1667 2191 senum:
1692 2170 1773 2199 prae-

1055 2210 1138 2236 terea
1157 2208 1268 2236 Graeca
1283 2207 1379 2236 verba
1402 2209 1454 2235 aut
1473 2202 1607 2234 Hebraea
1628 2204 1774 2239 retinere,

1056 2260 1149 2289 quum
1160 2249 1236 2279 satis
1248 2248 1407 2279 commode
1418 2258 1476 2277 non
1488 2252 1616 2287 possunt
1628 2247 1774 2287 exprimi,

1056 2293 1193 2323 solemne
1210 2297 1257 2322 est
1276 2292 1507 2331 interpretibus.
1552 2290 1613 2320 Sed
1630 2291 1774 2320 Graecum

1056 2347 1112 2376 pro
1137 2337 1246 2366 Graeco
1267 2335 1450 2370 redderem
1433 2334 1554 2373 opinor,
1577 2344 1702 2364 novum.
1725 2335 1773 2375 [p.

1057 2382 1109 2410 027.
1125 2380 1174 2408 ed.
1192 2379 1234 2408 D.
1237 2380 1250 2421 ]
1277 2380 1367 2409 Dein.
1391 2379 1427 2411 ὡς
1450 2376 1505 2416 ἐγὼ
1526 2376 1581 2417 μὲν
1602 2376 1670 2418 ὕδωρ
1693 2376 1775 2407 πίνων

1056 2422 1170 2456 εἰκότως
1179 2422 1311 2456 δύσκολος
1323 2434 1368 2452 και
1360 2419 1532 2462 &harpam-69
1542 2419 1603 2460 εἶμί
1614 2432 1660 2454 τις
1674 2419 1775 2461 ἂνθρω-

1056 2478 1108 2500 πος
1121 2465 1273 2506 [Philipp.
1284 2467 1328 2496 11.
1342 2478 1372 2506 p.
1381 2467 1435 2496 73.
1446 2466 1487 2495 R.
1490 2465 1504 2505 ]
1518 2464 1582 2494 Hic
1593 2464 1630 2493 ad
1644 2465 1774 2494 verbum

1056 2520 1182 2540 morosus
1203 2514 1261 2539 est.
1296 2509 1388 2539 Plato
1412 2508 1467 2549 [de
1488 2509 1554 2538 Le<r
1535 2507 1615 2559 g-g]⁴
1630 2505 1776 2547 ἄνὲςωπος

1056 2552 1086 2583 δύ
1083 2559 1186 2583 ·σκολον
1200 2551 1330 2594 Θρὲμμα,
1346 2550 1395 2581 καὶ
1414 2550 1543 2593 χαλεπὸν
1558 2551 1671 2589 κτῆμα.
1709 2550 1776 2580 Cic.

1058 2596 1111 2636 [de
1121 2597 1252 2626 Oratore
1264 2597 1307 2626 11.
1325 2607 1353 2626 c.
1367 2594 1416 2634 4.]
1439 2599 1458 2612 “
1472 2593 1575 2634 Magis
1590 2593 1668 2623 adeo
1683 2591 1714 2621 id
1731 2593 1776 2622 sa-

1058 2639 1188 2675 cilitate,
1199 2650 1288 2680 quam
1300 2638 1528 2679 aliaullaculpa
1536 2647 1603 2667 mea
1614 2635 1774 2675 contigit.'

1057 2682 1179 2723 ευκολίᾳ

1100 2745 1142 2749 -
1158 2727 1236 2756 ibid.
1257 2726 1286 2757 οὖ
1313 2725 1392 2777 μόνον
1418 2724 1461 2764 ‘rifi
1485 2726 1584 2755 πολλὰ
1612 2720 1774 2774 προεῖσθαι]

1057 2770 1186 2810 πςοΐημι,
1202 2769 1274 2803 ἥσω,
1292 2771 1426 2810 »tn-poema,
1441 2778 1523 2807 pass.
1539 2766 1693 2808 ’ω-ροεῖμοιι.
1709 2765 1777 2795 infi-

1057 2814 1111 2843 nit.
1139 2812 1291 2852 πςοεισῦαι
1320 2809 1533 2852 παρακείμενος.
1567 2807 1703 2850 προέσθαι
1726 2808 1777 2838 καῖ

1057 2856 1208 2896 προΐεσθαι
1239 2855 1396 2885 declarant
1427 2854 1477 2884 vel
1506 2853 1692 2894 *negligentia
1725 2852 1776 2882 vel

1054 2900 1222 2937 proditione
1236 2900 1378 2929 amittere.
1404 2898 1508 2928 Caesar
1524 2898 1596 2938 [lib.
1610 2895 1667 2926 VI.
1681 2906 1708 2925 o.
1727 2898 1756 2926 8
1760 2895 1775 2935 ]

1057 2947 1077 2959 “
1093 2942 1253 2973 cohortati
1268 2942 1348 2971 inter
1361 2951 1406 2976 se,
1418 2950 1455 2970 ne
1472 2945 1625 2980 speratam
1640 2948 1703 2978 prae
1706 2939 1776 2967 dam

1056 2997 1072 3015 c
1091 2986 1231 3015 manibus
1248 2983 1471 3014 diinitte1·.'’ent
1498 2981 1776 3033 παρακελευσάμενοι

1058 3029 1193 3062 ἀλληλοις
1212 3029 1259 3059 τῆι
1274 3026 1425 3068 ἔλπιζομέ.
1426 3039 1459 3058 νν
1475 3025 1610 3067 ὠφέλειαν
1623 3027 1664 3066 μὴ
1686 3022 1776 3064 πςοΐί-
