1931 3323
304 212 389 254 244
679 211 715 256 Ι.
740 213 774 256 1.
796 209 1025 256 REISKE

352 334 395 342 --
414 321 464 349 18.
492 318 541 348 καὶ
567 317 592 348 ἐν
620 317 680 352 τοῖς
709 317 734 348 ἐν
754 319 836 372 ἇξχη
860 317 1022 360 εἰρημένοις]

311 362 413 391 malim
430 362 478 391 καὶ
493 360 526 391 ἔκ.
538 364 594 392 ’τῶν
609 360 635 391 ἒν
650 362 727 403 ἀρχῇ
741 362 894 403 εἷρημενων.

355 422 398 428 ——
414 407 467 434 21.
491 405 580 446 ὄντες]
605 405 642 434 ad
664 404 737 439 ὄντες
758 405 912 435 subaudiri
933 404 1026 433 debet

313 447 395 487 ἡμεῖς
411 458 448 476 ex
467 448 599 488 ἀξιουμεν
610 459 638 477 v.
650 448 699 478 25.
712 448 813 478 malim
827 453 926 477 tamen
943 447 1024 476 addi.

357 507 401 512 -—
418 495 469 522 2⁴2.
486 492 662 543 ποιήσεως]
656 497 706 520 aut
728 496 800 530 post
815 501 959 525 ποιησεως,
976 495 1027 519 aut

315 533 422 570 potius
439 539 508 572 post
523 545 550 563 ην
568 531 662 574 [vel
649 546 689 568 ης,
706 539 738 563 ut
755 536 834 572 Aug.
851 533 939 573 dat]'
931 543 1028 566 εκεινος

315 573 489 612 ἐποιήσατο,
519 578 628 606 deesse
659 577 781 606 videtur
811 575 1029 616 ἀφανισθείσης,

316 623 368 647 aut
384 617 588 655 ἐκλελοιπυίας,
605 624 656 649 aut
672 620 732 648 tale
750 619 919 658 quippiam.

358 675 401 682 —
417 664 468 692 23.
484 661 594 701 ἐκεινοις]
612 662 779 692 Archiades
797 667 878 700 puta.

359 721 402 726 -—
416 706 467 734 25.
492 705 598 735 τούτων
612 703 634 733 δ’
650 704 737 737 οὕτως
752 703 886 744 ἐχόντων]
907 704 982 733 illud
1000 704 1027 733 δὲ

318 747 348 775 h.
363 746 385 775 l.
402 757 460 776 non
478 753 526 776 est
538 748 778 781 adversativum,
802 748 857 775 sed
879 747 1029 786 aequipol-

316 789 361 820 let
384 790 426 826 τῷ
449 792 554 830 igitur,
579 792 686 828 itaque.
711 789 795 818 'rebus
818 790 917 828 itaque
940 790 980 818 sic
1002 798 1030 817 se

318 832 490 862 habentibus
513 833 702 871 postulamus.
726 831 828 860 malim
853 836 952 860 tamen
978 835 1031 860 aut

318 876 408 914 plane
424 876 544 910 abesse,
562 880 613 903 aut
628 885 696 903 cum
714 873 742 904 δὴ
758 873 879 903 mutari.

361 934 403 940 -
418 928 485 956 pen.
501 915 656 957 ἡμετέροις]
670 921 740 955 post
751 915 891 956 ἣμετέξοις
908 916 1032 946 videtur

319 958 527 998 ἐξεληλύθασιν,
544 966 596 989 aut
611 960 683 989 οὐδὲν
697 958 883 1000 μετέχουσιν,
905 964 956 988 aut
972 958 1032 988 tale

321 1003 393 1041 quid
411 1003 531 1032 deesse.
552 1014 585 1032 ex
599 1002 773 1032 haereditate
789 1007 899 1038 autem,
914 1013 975 1042 quae
997 1002 1032 1031 ab

320 1044 467 1075 Archiade
490 1047 606 1080 relicta,
629 1056 711 1074 nunc
737 1055 789 1084 per
816 1045 891 1085 leges
920 1046 958 1074 ad
986 1054 1033 1074 nos

319 1089 450 1124 transiit,
476 1092 664 1124 acesserunt,
687 1093 740 1116 aut
762 1088 807 1117 m'l
829 1089 890 1126 <jus
906 1088 1032 1126 partici-

314 1135 402 1169 pant,
414 1135 465 1160 aut
476 1131 695 1172 ἢλλωτρίωντοιι,
706 1131 741 1160 ab
751 1139 784 1160 ea
794 1136 863 1160 sunt
873 1131 1034 1160 abalienati

321 1179 348 1202 et
364 1174 481 1203 exclusi.

365 1219 459 1248 1099.
476 1220 506 1248 5.
523 1215 603 1246 τοῦτ’
619 1215 755 1258 ἐπιλίπῃ]
780 1217 845 1247 scil.
858 1215 891 1246 τὸ
905 1214 1033 1255 ἐγκατοι-

321 1257 426 1290 λείπειν
451 1260 520 1293 υἶους
545 1259 731 1301 γιγνομένους.
756 1259 790 1289 τὸ
817 1261 979 1299 relinquere
1003 1260 1033 1288 in

319 1303 420 1342 aliqua
437 1303 604 1333 haereditate
616 1304 699 1343 filws
720 1313 753 1333 ex
764 1313 791 1333 se
807 1310 899 1339 natos,
916 1302 966 1332 ubi
983 1302 1032 1331 de·

320 1346 411 1375 aierit.

363 1405 404 1410 -—-
418 1390 448 1419 ⁷.
466 1389 558 1430 ὑμῶν]
583 1389 721 1418 Lambini
737 1389 813 1428 ἡμῶν
825 1389 906 1418 haud
923 1388 1034 1427 placet.

319 1431 417 1460 multo
438 1434 534 1470 major
558 1433 637 1462 inest
654 1433 699 1461 vis
722 1438 913 1470 argumento,
938 1432 962 1460 si
985 1433 1033 1470 ju-

322 1474 407 1503 dices
438 1475 498 1513 ipsi
534 1475 745 1513 magnitudine
781 1475 909 1514 periculi
944 1475 1035 1504 etiam

319 1516 399 1556 ipsis
416 1517 602 1546 imminentis
623 1522 786 1553 terrentur,
804 1524 834 1548 et
850 1521 950 1548 metus
967 1528 1034 1546 cum

321 1559 399 1598 ipsis
423 1571 547 1599 quoqne
571 1561 821 1590 communicatur.
872 1561 1036 1599 Vulgatam

321 1603 478 1632 confirmat
494 1614 614 1642 quoque
631 1603 794 1642 insequens
811 1605 891 1643 ὁρῖιτε
907 1604 971 1643 γάρ.

365 1662 409 1668 —-
426 1649 476 1676 14.
493 1644 668 1686 δοθήσονται]
686 1646 787 1675 malim
806 1644 1036 1675 ἀποδοθήσονται.

364 1690 468 1718 -15.
484 1687 594 1718 ποιητὸν
606 1688 659 1718 υῖόν
672 1689 715 1728 μὴ
729 1688 902 1729 ποιεῖσθαι]
921 1687 1036 1723 nescio,

1062 210 1393 254 ANNOTATA

1059 329 1095 347 an
1113 318 1243 357 primum
1254 318 1436 348 vocabulum
1446 316 1486 347 sit
1500 315 1697 358 ejiciendum.
1711 325 1779 346 nour.

1063 361 1141 391 enim
1160 366 1243 391 vetut
1257 361 1321 398 lex,
1339 366 1372 390 ut
1388 371 1424 390 ne
1440 360 1522 400 quis,
1539 360 1591 399 qui
1607 360 1674 398 ipse
1689 363 1773 389 esset

1060 405 1236 442 adoptatus,
1259 404 1362 439 alium,
1388 404 1459 433 it-em
1485 403 1676 442 adoptatum,
1700 403 1775 431 ado-

1061 452 1137 485 ptet,
1163 448 1217 476 sed
1251 454 1281 476 ut
1310 448 1473 485 adoptatus
1502 446 1591 485 plane
1623 444 1774 474 neminem

1061 491 1197 529 adoptet,
1216 491 1270 521 sod
1287 490 1365 518 filios
1384 489 1505 527 quidem
1521 499 1559 518 ex
1583 498 1616 518 se
1641 492 1726 517 natos
1743 487 1774 517 in

1062 533 1242 562 haereditate
1256 532 1418 571 relinquat,
1437 532 1497 560 illis
1512 536 1614 561 autem
1630 531 1775 560 deficien-

1063 575 1145 605 tibus
1164 575 1371 605 haereditatem
1389 574 1571 604 necessariis
1588 574 1708 603 reddat.
1731 588 1734 589 ⁷

1107 622 1201 648 1100.
1226 621 1256 648 5.
1283 620 1337 647 τῶν
1365 620 1406 657 μὴ
1437 615 1644 658 πεποιημένων]
1674 615 1776 645 malim

1063 660 1107 699 τῷ
1127 663 1169 699 μὴ
1190 659 1379 700 πεποιημένῳ.
1397 666 1427 690 et
1443 660 1488 689 sic
1509 660 1582 690 dedi
1600 660 1638 689 de
1653 669 1731 688 meo.
1757 669 1776 687 a

1063 704 1142 733 nobis
1155 705 1347 742 repetendum
1360 713 1425 738 esse,
1441 713 1499 732 non
1514 703 1549 731 ab
1564 702 1616 737 his,
1629 702 1735 741 filium
1750 701 1778 730 εὶ

1063 746 1292 785 subrogandum,
1309 746 1359 785 qui
1374 746 1489 775 decessit
1503 745 1599 784 prius,
1614 754 1701 784 quam
1717 744 1778 783 ipse

1063 789 1226 827 sibifitinm
1242 789 1406 826 adoptaret.

1108 846 1150 852 --
1164 833 1195 859 7.
1214 830 1356 871 ἀτυχίας]
1374 833 1450 860 bene
1470 831 1572 865 habet,
1588 834 1618 859 et
1633 830 1778 864 cohaeret,

1065 883 1124 902 non
1139 883 1208 902 curn
1235 872 1387 908 ποιεῖσθαι,
1412 874 1466 903 sed
1483 883 1550 902 cum
1576 871 1779 912 «προσέταττε,

1067 921 1168 954 potest
1186 921 1281 945 tamen
1299 916 1388 945 etiam
1406 915 1498 945 lectio
1520 916 1677 953 marginis,
1694 926 1780 954 κομι-

1067 958 1129 993 δὰς,
1156 958 1182 987 si
1210 963 1332 988 auctore
1360 959 1472 987 nitatur
1496 958 1618 993 idoneo,
1645 958 1780 997 probari.

1065 1002 1187 1041 κομιδὰς
1202 1004 1257 1031 τῶν
1272 999 1372 1031 οἰκείων
1388 1000 1550 1036 ποιεῖσθαι,
1561 1005 1620 1035 est,
1636 1011 1780 1030 necessa-

1066 1045 1129 1074 rios
1145 1044 1318 1074 calamitate
1333 1045 1463 1083 quadam
1481 1054 1645 1084 oppressos
1662 1053 1780 1079 curare,

1068 1097 1186 1123 ornare,
1218 1088 1371 1123 relevare,
1406 1088 1642 1118 necessitatibus
1676 1097 1781 1116 eorum

1068 1132 1247 1169 prospicere
1263 1136 1315 1160 aut
1329 1140 1521 1160 succurrere.

1111 1191 1153 1196 ——-
1164 1177 1215 1204 1‘2.
1232 1172 1314 1213 ὅταν]
1329 1174 1429 1203 malim
1445 1172 1500 1212 δ’τῳ
1515 1172 1557 1203 ἄν.
1572 1174 1605 1202 in
1620 1182 1781 1212 quamcun-

1068 1226 1121 1256 que
1131 1218 1248 1246 domuin
1260 1218 1424 1255 adoptatus,
1440 1217 1487 1246 vet
1501 1215 1782 1257 adrogatusfuerit.

1113 1277 1154 1281 —
1172 1262 1222 1290 18.
1247 1258 1316 1301 ἐξὸν]
1343 1260 1444 1289 malim
1470 1270 1486 1289 e
1511 1259 1648 1296 margine
1674 1258 1783 1298 ἐξεῖναι.

1071 1307 1280 1342 potesttamen
1292 1303 1414 1341 vulgata
1430 1303 1513 1338 ferri,
1530 1302 1555 1331 si
1570 1303 1615 1331 sic
1632 1302 1783 1340 interpre-

1070 1346 1165 1376 teris:
1181 1346 1192 1375 ὃ
1210 1344 1299 1375 Σόλων
1314 1345 1348 1375 οὔ
1362 1345 1445 1383 φησὶν
1461 1343 1528 1375 εἶναί
1543 1356 1572 1373 τι
1588 1344 1645 1384 ἐξὸν
1661 1344 1708 1384 [ἰά
1724 1348 1783 1379 est,

1070 1387 1208 1427 ἀνειμένον
1229 1389 1278 1417 καὶ
1299 1387 1466 1429 ἐλεύθερον]
1488 1393 1589 1418 contra
1609 1397 1673 1417 vero
1697 1390 1784 1427 negat

1071 1432 1156 1461 Solon
1169 1432 1314 1469 adoptatis
1329 1441 1385 1461 esse
1404 1441 1465 1461 rem
1482 1430 1593 1460 licitam
1609 1435 1636 1460 et
1653 1430 1784 1465 liberam,

1071 1480 1106 1504 ut
1120 1485 1173 1513 pro
1184 1474 1280 1504 lubitu
1290 1484 1342 1504 suo
1353 1474 1388 1503 de
1398 1473 1577 1508 haereditate,
1589 1482 1641 1512 per
1655 1472 1786 1512 adoptio-

1072 1528 1136 1547 nem
1149 1519 1304 1557 acquisita,
1322 1522 1489 1547 testamento
1504 1517 1670 1555 disponant.

1113 1577 1156 1582 -—
1173 1571 1243 1599 pen.
1259 1560 1500 1600 τελευτήσαντος]
1529 1559 1595 1588 scil.
1614 1560 1664 1588 τοῦ
1687 1558 1786 1587 εἶσπε·

1072 1602 1223 1642 ποιημὲνου
1244 1602 1258 1633 ἢ
1281 1601 1568 1640 ἐγκαταλειφθέντος.
1587 1606 1659 1641 post
1681 1611 1789 1631 exces-

1073 1656 1140 1675 sum
1166 1646 1220 1674 filii
1247 1646 1387 1684 adoptati
1417 1650 1470 1674 aut
1499 1644 1645 1684 arrogati,
1672 1649 1725 1674 aut
1753 1643 1786 1673 iu

1072 1688 1171 1718 aliena
1188 1688 1366 1718 haereditate
1383 1687 1537 1717 derelicti.

520 1816 604 1860 AD
636 1817 1007 1860 ORATIONEM
1048 1818 1303 1861 PRIMAM
1338 1818 1584 1860 CONTRA

853 1884 1250 1928 STEPHANUM.

365 1981 496 2021 Scriptae
510 1986 582 2012 sunt
596 1983 693 2012 ambae
707 1982 827 2012 nomine
844 1983 1039 2022 Apollodori,

324 2025 380 2054 filii
409 2025 564 2061 Pasionis,
592 2027 679 2064 cujus
707 2026 891 2065 Apollodori
921 2027 1040 2056 nomine

325 2068 485 2106 permnltae
513 2068 581 2098 atiae
613 2069 837 2108 insequentium
869 2070 1039 2099 orationum

324 2111 450 2150 scriptae
467 2116 549 2140 sunt.
598 2113 633 2141 ln
649 2112 697 2141 his
714 2112 833 2142 duabus
850 2112 1041 2142 orationibus

324 2153 537 2192 Augustanus,
562 2155 643 2192 quod
660 2165 741 2193 :egre
764 2156 839 2190 sero,
865 2165 918 2184 nos
944 2155 1039 2185 desti-

326 2195 395 2232 tuit,
414 2196 535 2234 sapiens
552 2197 733 2237 plerumque
748 2199 907 2227 consultor
923 2203 952 2228 et
971 2208 1040 2228 sua-

325 2248 388 2269 sor.
434 2239 606 2269 Natandum
623 2240 724 2279 itaque
750 2241 839 2270 nobis
856 2241 914 2270 erit
936 2246 1040 2271 nostro

325 2282 454 2312 cortice.
469 2293 536 2312 narn
552 2283 582 2312 in
601 2284 674 2312 Bav.
694 2294 800 2322 parum
815 2283 964 2321 praesidii.

371 2328 466 2355 1102).
484 2328 535 2355 10.
560 2325 785 2367 ἀποδημοῦντος]
804 2327 847 2355 sic
863 2327 1020 2366 distinguo
1035 2338 1041 2355 :

325 2367 538 2407 ἐποδημοῧντος
552 2367 622 2408 ἐμοῦ
639 2368 773 2409 δημοσίᾳ,
791 2380 856 2399 cum
871 2370 996 2408 publice,
1011 2370 1042 2399 in

326 2420 420 2440 causa
450 2411 585 2450 publica,
614 2412 733 2442 abessem
763 2422 895 2452 peregre,
919 2424 1042 2454 τριηραρ-

327 2454 444 2493 χοῦντος
458 2471 502 2476 --
513 2456 619 2495 qnippe
634 2457 684 2495 qui
694 2456 785 2494 jussu
801 2461 895 2486 vestro
902 2462 929 2486 et
943 2466 997 2494 pro
1011 2466 1043 2485 re

326 2503 421 2525 vestra
438 2497 632 2527 tr1erarchum
648 2508 774 2539 agerem.

371 2555 414 2560 —-
432 2542 483 2570 11.
506 2538 530 2569 ὃν
547 2539 574 2570 δὲ
591 2540 705 2581 τρόπον]
732 2541 1043 2580 εοί1.γημοιντος.11ἰο

328 2580 452 2611 simulat
482 2583 694 2622 Apollodorus
725 2585 954 2619 humanitatem,
980 2595 1042 2613 ma-

328 2624 445 2662 trisque
460 2627 662 2656 reverentiam
672 2632 703 2657 et
716 2627 873 2666 pietatem.
886 2627 955 2656 aliis
970 2637 1043 2657 vero

328 2665 362 2695 in
385 2666 462 2696 locis
487 2667 602 2699 indicat
628 2670 702 2699 satis
721 2670 820 2708 planis
844 2669 954 2705 verbis,
979 2680 1042 2700 ma-

329 2712 418 2745 trem,
427 2711 588 2748 superstite
599 2713 697 2742 adhuc
711 2717 809 2752 patre,
825 2723 842 2742 a
857 2713 1042 2743 Phormione

328 2751 425 2782 fuisse
442 2758 628 2803 coupptam,
646 2760 677 2784 et
692 2766 731 2784 ex
749 2765 784 2784 eo
801 2757 959 2795 peperisse
986 2758 1043 2786 Pa-

330 2793 449 2830 siclem,
465 2796 516 2835 qui
534 2797 654 2827 habitus
666 2798 789 2836 quidem
806 2799 917 2829 fuisset
934 2799 1043 2829 Pasto-

328 2837 376 2867 nis
393 2838 485 2874 fitius,
503 2849 608 2870 revera
623 2845 724 2870 autem
738 2851 754 2869 a
771 2841 955 2871 Phormione
972 2853 1042 2881 pro-

329 2885 462 2911 creatus.

374 2941 417 2946 ---
434 2925 484 2954 15.
509 2925 538 2954 οὖ
562 2927 614 2965 γὰρ
639 2936 708 2956 ησαν
730 2925 789 2966 —-]
821 2937 934 2965 engone
962 2927 1044 2957 bello

331 2965 461 2997 durante
475 2969 636 2998 cessabant
651 2979 750 2998 causae
766 2969 914 3008 privutae.
904 2970 915 2989 Ἰ
962 2970 1045 3000 Satis

332 3009 456 3046 quidem
473 3011 549 3040 bene
565 3011 669 3048 video,
693 3012 806 3042 bellum
830 3012 1043 3043 exercitationi

1069 1983 1148 2023 juris
1171 1985 1250 2014 omni
1279 1984 1401 2024 frigoris
1423 1983 1561 2013 nonnihil
1583 1980 1787 2023 adspergere;

1074 2027 1129 2056 sed
1142 2035 1173 2057 et
1189 2028 1323 2067 publicis
1339 2028 1425 2063 item,
1440 2032 1473 2057 ut
1488 2027 1629 2066 privatis.
1645 2036 1699 2056 cur
1714 2035 1790 2065 ergo

1075 2070 1148 2100 solu:
1173 2070 1300 2109 privatae
1325 2075 1388 2100 tum
1412 2071 1535 2100 fuerunt
1560 2070 1715 2108 sepositae‚
1732 2079 1790 2109 pu·

1074 2113 1164 2143 blicae
1181 2118 1284 2143 contra
1301 2113 1447 2153 agitatae'.
1463 2117 1494 2143 et
1509 2113 1660 2152 quoduam
1676 2119 1740 2142 erat
1754 2112 1788 2142 id

1075 2156 1210 2186 bellum?
1241 2158 1425 2192 Euboeense‚
1443 2156 1472 2185 ni
1489 2156 1587 2186 fallor.
1634 2156 1694 2185 Sed
1711 2154 1790 2184 illud

1074 2199 1168 2228 breve
1185 2200 1251 2229 fuit.
1280 2199 1345 2228 Hic
1360 2204 1460 2228 autern
1477 2199 1516 2229 de
1529 2198 1612 2228 bello
1629 2198 1705 2228 satis
1722 2198 1790 2228 diu-

1076 2247 1164 2271 turno
1182 2246 1448 2271 commemoratur.

1118 2287 1229 2314 -27.
1242 2284 1325 2324 τότε]
1342 2295 1410 2314 cum
1427 2283 1504 2314 mihi
1519 2267 1722 2324 supplicaret.

1119 2329 1215 2358 1103.
1235 2330 1265 2358 2.
1290 2328 1351 2367 περὶ
1381 2328 1475 2367 ὑμᾶς]
1505 2327 1627 2357 correxi
1655 2327 1694 2356 de
1722 2337 1792 2357 meo
1839 2342 1844 2344 -

1076 2380 1166 2400 sensu
1183 2380 1246 2409 περι
1261 2371 1348 2410 ημᾶς.
1366 2371 1502 2409 ingratus
1515 2380 1588 2409 erga
1604 2375 1731 2409 patrem,
1746 2373 1791 2405 ut,

1076 2414 1126 2452 qui
1145 2413 1217 2442 vivo
1234 2423 1362 2443 uxorem
1378 2411 1583 2452 corrupisset,
1596 2417 1716 2442 mortuo
1736 2413 1794 2442 du-

1077 2457 1174 2485 xisset
1188 2456 1217 2485 in
1226 2457 1293 2494 ejus
1306 2455 1625 2491 dedecus,me,filium
1634 2455 1681 2485 sui
1695 2465 1791 2494 quon—

1076 2499 1145 2529 dam
1163 2499 1277 2528 domini
1294 2504 1325 2529 et
1338 2498 1556 2534 benefactoris,
1574 2498 1661 2528 bonis
1675 2509 1714 2528 ex
1729 2498 1792 2528 11ae-

1076 2541 1205 2572 reditate
1232 2542 1305 2572 mihi
1336 2542 1452 2572 debitis
1479 2542 1647 2577 fraudaret,
1677 2541 1792 2571 liberos

1076 2596 1160 2615 meos
1180 2585 1217 2614 ad
1239 2584 1350 2614 incitas
1370 2585 1533 2623 redigeret.
1556 2594 1625 2615 nam
1640 2583 1672 2613 hi
1687 2593 1793 2614 omnes

1078 2639 1145 2658 voc.
1160 2629 1236 2667 ἡμᾶς
1252 2628 1561 2666 comprehenduntur.
1582 2653 1584 2655 ,

1118 2689 1162 2694 -
1174 2675 1225 2701 11.
1241 2669 1402 2711 εὐθυδικίᾳ]
1419 2668 1565 2700 attentanda
1581 2673 1640 2704 ost,
1655 2678 1725 2699 cum
1741 2679 1794 2700 ac-

1076 2718 1201 2744 cusator
1216 2714 1302 2753 prior
1317 2714 1466 2752 loquitur,
1478 2722 1550 2743 reus
1566 2712 1743 2751 respondet.

1119 2774 1163 2781 -ψ
1180 2759 1231 2787 12.
1247 2757 1299 2809 ὡς]
1315 2757 1418 2786 malim
1433 2754 1475 2785 δὀ·’
1488 2755 1536 2796 [id
1554 2759 1612 2790 est,
1628 2753 1712 2795 δὀ-ιι].

1118 2816 1162 2822 -
1179 2801 1230 2830 ⁶25.
1249 2799 1314 2839 πρὸς
1326 2797 1452 2838 εκείνους]
1468 2797 1536 2828 scil.
1551 2798 1615 2831 τοὶς
1627 2798 1725 2828 ταῦτα.
1737 2807 1794 2836 με-

1077 2842 1298 2883 μαρτυςηκότας
1311 2841 1380 2871 κατ’
1395 2840 1477 2880 ἐμου.

1120 2904 1162 2908 -
1179 2888 1231 2916 28.
1255 2883 1437 2924 messmam]
1463 2883 1497 2913 id
1518 2887 1604 2922 puta,-
1621 2883 1704 2923 quod
1722 2884 1794 2913 volo

1077 2929 1298 2963 demonstrare,
1330 2927 1517 2966 Stephanum
1545 2936 1654 2966 nempe
1682 2926 1793 2956 falsum

1077 2971 1117 3028 in?
1132 2981 1180 3001 me
1203 2970 1411 3002 testimonium
1433 2969 1566 3001 dixisse.
1590 2969 1671 3000 conf.
1693 2970 1795 3000 1108.

1078 3016 1130 3045 2.).
