1931 3323
343 189 429 231 470
462 184 981 229 AMERSFOORDTII
1015 185 1090 227 ET
1123 183 1466 228 SCHAEFERI
1499 185 1763 229 ANNOTT.

342 295 576 329 συνεισβαλοῦσιν
603 292 725 333 ἑτοίμως
752 293 839 334 [cnm
861 293 1037 333 Philippo·
1030 305 1060 324 in

342 338 504 379 Atticam].
522 344 551 368 et
567 339 606 368 de
622 338 658 368 F.
677 338 712 368 L.
730 348 761 376 p.
784 338 859 368 375.
874 339 904 367 6.
921 336 1059 377 [Philip-

341 381 417 422 pus]
429 381 480 421 ἔφη
497 383 547 413 τὴν
561 378 690 413 Θηβαίων
706 379 776 422 ῧὲῗριν
791 381 859 419 ὑμῖν
873 380 1059 411 καταλύσειν.

341 425 487 461 Accedit,
512 425 594 464 quod
612 425 669 453 hoc
685 424 754 464 ipso
769 428 907 463 tempore
920 425 983 463 jam
1006 425 1059 454 fla-

343 469 450 508 grabat
481 468 596 498 bellum
625 467 723 503 istud,
740 478 871 502 sacrum,
908 469 995 506 cujus
1025 472 1059 497 ut

340 511 492 551 praecipui
509 516 650 541 auctores
666 511 708 540 ita
724 516 755 541 et
766 510 905 540 acerrimi
920 510 1058 540 vindices

341 554 482 584 Thebani
498 555 630 584 fuerunt.
649 554 698 584 Cf.
710 565 804 593 supra
819 555 902 584 dicta
914 554 944 583 in
956 555 1058 584 Intro-

342 598 427 628 duct.
444 609 474 637 p.
487 600 562 628 719.
579 599 850 628 Amansroonnr.

385 642 423 671 P.
445 642 520 672 295.
547 644 578 672 3.
610 643 666 675 τοὶς
696 637 1056 681 προτέρας-ἁμαρτίας]

341 683 407 714 Hic
431 685 554 723 quidem
577 684 639 714 loci
667 684 792 713 dubium
819 693 877 712 non
902 687 961 718 est,
985 683 1058 722 quin

341 727 517 767 respexerit
531 729 643 757 Orator
659 728 696 756 ad
713 727 918 766 proditionem
934 726 1058 756 Theba-

339 781 449 801 norum
464 771 494 801 in
515 771 598 801 bello
622 775 710 809 gesto
728 780 797 799 cum
815 769 938 799 Xerxe.
981 769 1058 807 Ejus

341 814 435 844 etiam
461 814 599 844 meminit
624 813 708 842 Phil.
730 813 777 842 II.
804 823 836 852 p.
862 813 915 843 68.
931 813 984 843 21.
1007 812 1057 842 ed.

340 857 454 888 Reisk.
469 858 534 890 τοὺς
549 856 576 886 δὲ
598 854 727 888 Θηβαίων
746 855 795 884 καὶ
816 852 945 895 Ἀςγείων
961 855 1059 895 πςογὸ-

339 911 409 941 νους,
423 901 488 935 τοὺς
497 899 552 939 μὲν
567 898 847 938 συστρατεύσαντας
860 897 905 938 τῷ
916 895 1058 939 ςαρβάςῳ,

340 945 406 977 τοὺς
421 943 446 973 δ’
461 943 509 973 οὐκ
526 942 752 978 ἐναντιωθέντας.
798 942 868 972 Hos
883 941 976 971 etiam
990 942 1058 972 Iso-

340 991 442 1017 crates
458 990 615 1025 nuncupat
629 986 711 1016 Plat.
724 996 756 1025 p.
770 985 845 1016 530.
857 985 922 1019 τοὺς
931 984 988 1024 μὲν
999 985 1059 1015 δου-

338 1029 426 1060 λεύειν
445 1029 506 1063 τοῖς
519 1028 669 1070 Βαρβάροις
689 1029 881 1068 ἀξιώσαντας,
907 1033 938 1059 et
952 1029 1058 1068 paullo

340 1078 414 1112 post
427 1073 492 1107 τοὺς
508 1073 563 1103 τῶν
577 1071 714 1103 Ἐλλήνων
736 1071 882 1113 προδότας.
926 1072 1008 1102 Ibid.
1023 1083 1057 1112 p.

340 1117 416 1148 519.
442 1117 464 1146 f.
486 1116 633 1146 dicuntur
656 1116 690 1146 τὸ
718 1115 842 1146 παλαιὸν
863 1115 982 1150 ἁπάσης
1005 1117 1058 1151 τῆς

337 1159 477 1194 Ἑλλάδος
491 1158 623 1200 προδόται
638 1160 854 1194 καταστάντες.
891 1159 994 1189 Fusus
1010 1165 1058 1190 est

339 1203 522 1233 Herodotus
545 1202 617 1232 libr.
649 1203 726 1232 VII.
753 1203 851 1232 VIII.
883 1202 999 1241 passim
1024 1203 1057 1233 in

340 1247 510 1277 enarranda
541 1246 599 1275 hac
629 1245 843 1276 Thebanorum
869 1245 1056 1283 proditione,

340 1300 410 1329 quae
424 1289 588 1330 prolixitas
607 1299 666 1319 non
684 1289 810 1319 minima
824 1287 950 1318 videtur
960 1289 1057 1319 exsti-

340 1333 417 1364 tisse
444 1343 548 1369 causa,
575 1343 630 1363 cur
657 1332 687 1362 ei
711 1338 773 1362 tam
796 1332 934 1361 infensus
962 1331 1058 1362 fuerit

340 1376 538 1407 Plutarchus.
559 1376 632 1406 Vid.
658 1377 724 1414 ejus
743 1374 868 1405 libellus
891 1376 931 1405 de
955 1375 1057 1405 Hero—

340 1420 408 1450 doti
421 1420 545 1459 malign.
590 1419 681 1459 Apud
696 1418 854 1450 Justinum
867 1428 942 1448 vero
955 1418 976 1448 l.
994 1418 1057 1449 XI.

341 1474 358 1493 c
388 1465 419 1494 3.
446 1463 473 1503 ἑ.
496 1465 528 1495 9.
550 1463 732 1493 Alexandro
756 1462 802 1492 M.
828 1461 858 1491 in
883 1461 966 1491 bello
986 1472 1057 1492 cum

339 1507 494 1537 Thebanis
507 1506 595 1536 urbis
615 1506 773 1535 excidium
793 1505 840 1534 sui
857 1505 935 1535 socii
950 1505 1058 1536 eadem

340 1550 381 1580 de
408 1560 502 1580 causa
529 1554 703 1585 suaserunt,
726 1553 746 1567 “
766 1549 867 1578 studia
887 1548 918 1578 in
944 1548 1058 1579 Persas

339 1604 401 1624 non
416 1593 582 1633 praesentia
595 1597 724 1628 tantum,
733 1597 839 1622 verum
850 1596 882 1622 et
891 1596 996 1622 vetera
1006 1592 1058 1622 ad-

341 1647 451 1667 versus
479 1636 610 1667 Graeciae
631 1637 804 1666 libertatem
831 1634 1058 1674 increpantesss'

341 1679 464 1717 Quodsi
488 1680 526 1709 ad
556 1679 683 1719 injurias
709 1679 860 1710 universae
886 1679 1016 1709 Graeciae
1040 1689 1058 1709 a

339 1723 495 1753 Thebanis
509 1723 612 1752 illatas
630 1723 811 1752 Plataearum
828 1721 983 1752 excidium
1000 1722 1057 1752 mi-

337 1777 398 1797 nus
435 1767 640 1796 accensebant
664 1766 878 1801 Athenienses,
905 1769 989 1795 certe
1017 1765 1057 1795 ad

339 1820 411 1840 snas
438 1810 576 1849 privatas
603 1810 788 1844 referebant,
825 1808 864 1838 de
901 1819 962 1848 quo
991 1807 1056 1838 vid.

338 1853 484 1895 Thucyd.
508 1853 572 1883 111.
592 1853 750 1884 52—68.
775 1853 905 1882 Isocrat.
927 1851 1056 1882 Panath.

339 1906 372 1935 p.
388 1898 463 1928 244.
486 1897 650 1926 Demostb.
665 1906 693 1925 c.
711 1897 814 1926 Neaer.
830 1906 860 1935 p.
875 1896 971 1926 1371.
989 1905 1056 1935 sqq.

339 1940 414 1970 Huc
440 1938 635 1979 pertinebant
659 1938 752 1969 etiam
783 1948 859 1977 opes
888 1937 1058 1977 antiquitus

338 1983 410 2014 latae
421 1982 600 2020 Pisistrato,
606 1987 640 2013 ut
649 1982 840 2021 tyrannidem
849 1986 1057 2021 recuperaret,

339 2037 431 2066 quem
460 2026 593 2066 pecunia
626 2026 836 2059 sublevarunt.
866 2030 1057 2064 caeterosque

340 2072 470 2101 Graecos
486 2068 693 2111 ὑπερεβάλοντο
713 2080 750 2101 τη
773 2068 847 2098 δόσει
869 2080 926 2099 των
940 2067 1057 2110 χρημά-

339 2124 406 2144 των.
419 2114 573 2144 Herodot.
586 2114 614 2143 Ι.
629 2115 682 2144 61.
698 2103 935 2142 Tliebanorum'
927 2123 958 2142 in
973 2112 1057 2142 Grae-

340 2168 396 2187 cos
417 2161 547 2196 peccata
572 2160 792 2187 recensuerunt
805 2160 959 2191 auctores,
981 2165 1057 2194 quos

336 2201 462 2240 junctos
477 2200 574 2230 edidit
591 2199 765 2230 Reiskius
756 2211 787 2229 111
807 2201 907 2229 Oratt.
923 2198 981 2229 Gr.
995 2199 1057 2229 vol.

339 2245 433 2274 VIII.
451 2244 615 2273 Lesbonax
637 2244 724 2273 Orat.
745 2243 784 2273 de
799 2242 882 2272 bello
898 2242 1055 2279 Thebano,

341 2288 380 2318 ad
405 2297 496 2327 quam
511 2297 543 2317 v.
559 2286 671 2316 Reisk.
690 2286 771 2316 idem
794 2287 882 2317 Orat.
905 2286 1008 2316 Protr.
1026 2298 1057 2327 p.

342 2334 396 2363 24.
412 2331 561 2361 Herodes
575 2341 609 2360 π.
625 2328 775 2364 Πολιτείας
790 2341 820 2368 p.
836 2331 890 2360 43.
905 2330 1013 2359 IDEM.

384 2377 472 2405 -4.
494 2372 708 2414 ἀναλύσωνται]
740 2373 949 2403 Indicativum
974 2372 1057 2402 Bek-

341 2417 438 2447 kerns
459 2422 544 2448 recte
564 2417 711 2447 restitnit.
736 2416 914 2455 Xenophon
929 2415 1055 2446 Hellen.

339 2461 416 2491 Vll.
433 2462 465 2491 5.
474 2462 526 2491 18.
539 2458 725 2501 λογιζομένῳ,
738 2459 833 2490 ὅτι-
845 2460 944 2489 πάντα
957 2460 1057 2489 ταῦτα

341 2503 522 2534 ἀναλύσοιτο.
551 2504 589 2533 ad
619 2516 648 2543 q.
677 2504 700 2534 l.
723 2504 834 2534 Morus
862 2503 892 2533 iu
913 2503 1057 2532 Addend.

340 2552 363 2566 “
380 2546 433 2577 Sic
450 2546 670 2577 Demosthenis
678 2546 744 2587 ‘fregi
759 2558 891 2587 συμμορ.
910 2545 991 2576 dixit
1003 2548 1058 2580 τὰς

341 2589 480 2631 πςοτέξας
509 2589 687 2620 ἀναλύεσθαι
723 2590 882 2630 ἁμαρτίας,
911 2590 1058 2629 corrigere

339 2634 461 2674 culpam
485 2633 554 2663 olim
578 2638 776 2664 contractam:
801 2633 853 2663 ubi
879 2633 972 2664 variae
992 2633 1057 2663 lec-

340 2678 453 2714 tiones,
482 2675 666 2707 ἀπολύεσὲῐαι
696 2683 728 2706 et
761 2675 945 2713 διαλύεσθαι,
981 2681 1056 2707 ortae

343 2726 415 2752 sunt
429 2720 478 2751 vel
494 2731 534 2751 ex
549 2719 774 2756 emendatione,
788 2722 836 2750 vel
851 2731 890 2749 ex
905 2720 1057 2760 interpre-

341 2765 479 2802 tatione3
494 2764 549 2794 sed
565 2763 781 2802 Xenophontis
795 2764 882 2793 locus
893 2763 1057 2794 lectionem

341 2807 521 2839 ἀναλύεσθαι
555 2805 684 2838 firmat.”
728 2806 944 2842 ἀπολύσωνται,
975 2808 1057 2846 quod

341 2852 422 2892 fugit
442 2852 577 2886 Morum,
598 2854 646 2880 est
660 2849 766 2880 Wolfii
788 2851 975 2888 conjectura,
999 2861 1057 2881 non

341 2895 497 2935 scriptura
530 2893 668 2925 Codicis.
705 2893 851 2923 Wolfium
881 2898 993 2930 autem,
1024 2899 1058 2924 ut

341 2939 448 2968 mallet
459 2937 506 2968 sic
521 2937 626 2974 scribi,
641 2936 763 2967 videtur
775 2936 910 2967 movisse
923 2936 1012 2966 locus
1024 2948 1057 2976 p.

344 2984 399 3014 99.
415 2984 447 3013 2.
460 2983 658 3013 Semnan.

385 3027 475 3057 -8.
501 3025 625 3065 ἡγοῦμαι
658 3021 874 3063 τοίνυν-πρὸς
901 3021 1054 3065 ἅπαντας]

344 3067 512 3101 Distinctio
523 3068 633 3105 minor,
645 3078 734 3109 quam
746 3066 896 3099 Rciskius
907 3068 1055 3098 vocabulo

1093 290 1175 325 ὄντας
1189 291 1372 332 proeposuit,
1382 291 1413 321 in
1426 302 1513 322 sunm
1529 292 1686 329 looum‚h.
1701 303 1732 326 e.
1741 299 1815 334 post

1092 346 1187 372 οντας,
1222 335 1415 366 restituatur.
1471 336 1557 366 Ordo
1588 340 1654 367 est·
1687 337 1814 378 ἡγοῦμαι

1093 377 1180 408 τοίνυν
1208 377 1264 416 ἐγὼ
1303 378 1411 409 ταύτην
1441 379 1492 409 τὴν
1518 378 1602 418 τάξιν
1627 391 1678 411 του
1708 379 1813 412 δικαίου

1094 420 1348 461 [Atheniensium
1356 431 1455 461 remp.
1464 427 1495 452 et
1506 422 1560 461 qui
1574 433 1644 453 cum
1656 433 1693 454 ea
1704 429 1814 476 poptra

1093 465 1206 495 Persas
1217 465 1392 495 dimicaturi
1400 466 1492 518 sunt]
1507 476 1556 495 και
1566 477 1632 500 τους
1639 465 1711 507 μετ’
1725 466 1815 502 aflei-m,-

1091 506 1174 543 ὄντας
1196 507 1322 539 ἔσεσθαι
1350 507 1492 549 κρείττους
1516 511 1573 539 τῶν
1599 520 1638 550 ‘ng
1640 510 1737 540 οδστων
1763 510 1812 541 και

1091 562 1167 592 ἰο-ξος
1183 553 1318 587 απαντας
1333 553 1382 582 τοῦ
1400 550 1540 592 βαςέίιρου
1565 551 1672 592 [pares
1687 554 1811 584 futuros

1092 596 1234 625 omnibus
1265 596 1343 632 illis,
1373 595 1427 635 qui
1449 606 1519 626 cum
1544 596 1673 626 barbaro
1699 596 1813 627 facturi

1092 638 1181 680 sint].
1212 640 1260 669 De
1276 640 1334 669 hoc
1349 649 1407 669 usu
1422 638 1651 679 praepositionis
1663 638 1730 679 πρὸς
1745 640 1810 671 vid.

1093 682 1214 712 Reiskii
1227 683 1328 713 Index
1342 693 1376 722 p.
1389 684 1466 714 437.
1482 681 1565 722 τάξις
1577 682 1705 723 proprie
1716 682 1812 723 signi-

1093 724 1163 754 ficat
1182 726 1334 761 ordinem,
1361 736 1422 765 quo
1449 726 1539 756 miles
1563 728 1602 756 ab
1625 726 1810 765 imperatore

1093 768 1273 805 collocatur,
1290 772 1323 798 nt
1343 770 1500 809 eleganter
1512 779 1568 799 nos
1583 769 1676 799 docet
1694 770 1813 799 Demo-

1092 811 1215 842 sthenes
1231 812 1271 842 de
1289 812 1395 843 Rhod.
1416 811 1521 843 libert.
1544 822 1578 852 p.
1596 814 1741 844 200.14.
1758 812 1811 844 ed.

1093 855 1203 886 Reisk.
1217 853 1298 896 ἒχξῆν
1314 856 1481 896 yae—‘rsty
1498 855 1586 887 αὐτὴν
1605 854 1683 896 ἔχειν
1696 855 1812 886 διανοιαν

1092 898 1170 937 ὑμᾶς
1185 899 1247 939 περὶ
1267 910 1320 933 της
1340 897 1366 928 ἓν
1382 898 1423 941 τῇ
1439 897 1573 929 πολιτεία
1587 897 1710 937 τάξεως,
1729 898 1811 939 ἥνπερ

1091 941 1153 987 περι
1169 953 1221 976 της
1240 941 1266 972 ἐν
1284 941 1323 993 τῇ
1336 931 1478 983 στρατεία
1495 930 1666 993 [τάξεως]”
1653 952 1752 983 εχετε.
1765 941 1811 976 τίς

1092 987 1134 1014 οὐν
1157 983 1236 1015 ἐστὶν
1258 982 1354 1023 αὕτη
1376 985 1458 1026 ὑμεις
1475 984 1524 1014 τὸν
1542 982 1679 1015 λείποντα
1695 996 1745 1016 την
1758 984 1812 1016 im&

1091 1039 1142 1057 του
1158 1029 1321 1069 στρατηγοῦ
1333 1028 1416 1068 τάξιν
1426 1026 1619 1069 ταχθεισαν”
1602 1038 1708 1068 ατιμον
1721 1027 1812 1059 οιεσθε

1091 1082 1238 1112 πςοσηκειν
1258 1071 1340 1104 εἰναι.
1365 1077 1397 1102 et
1419 1072 1458 1103 ab
1477 1071 1599 1102 AEliano
1617 1072 1658 1103 V.
1676 1071 1722 1103 H.
1745 1072 1810 1103 ΠΙ.

1092 1117 1148 1146 14.
1164 1121 1329 1155 usurpatur
1347 1125 1406 1155 pro
1418 1114 1526 1146 militis
1545 1114 1676 1146 statione
1691 1114 1723 1145 in
1735 1125 1812 1146 rnoe-

1091 1158 1181 1189 nibus
1197 1158 1283 1189 urbis
1298 1160 1444 1190 obsessae.
1476 1159 1539 1189 Sed
1549 1168 1634 1198 saepe
1648 1158 1679 1188 in
1695 1158 1811 1199 impro-

1091 1201 1160 1241 pria
1181 1202 1305 1232 notione
1329 1202 1478 1239 occurrit,
1495 1201 1676 1241 metaphora
1695 1201 1811 1232 Atticis

1092 1245 1294 1284 scriptoribus
1305 1244 1456 1284 imprimis
1466 1244 1620 1284 frequenti
1629 1249 1662 1276 et
1670 1249 1812 1285 accepta,

1091 1298 1149 1326 pro
1164 1289 1320 1327 proposito,
1328 1289 1404 1328 quod
1420 1289 1484 1328 quis
1496 1289 1641 1328 sequitur,
1661 1287 1735 1318 item
1751 1299 1809 1328 pro

1090 1331 1256 1361 conditione
1264 1337 1294 1361 et
1297 1330 1444 1371 fortuna,
1460 1332 1494 1360 in
1507 1341 1568 1371 qua
1580 1331 1741 1361 collocatus
1755 1338 1808 1363 est.

1091 1373 1166 1403 Huc
1186 1373 1295 1404 referri
1318 1377 1424 1412 potest
1447 1375 1544 1412 major
1566 1383 1639 1412 pars
1658 1375 1810 1411 locorum,

1091 1426 1170 1454 quos
1185 1416 1298 1447 Reisk.
1312 1416 1344 1445 in
1357 1416 1428 1447 Ind.
1438 1416 1556 1452 attulit,
1565 1417 1678 1456 quibus
1693 1418 1811 1448 addan-

1091 1463 1142 1489 tur
1165 1459 1304 1499 Aristog.
1327 1459 1356 1489 1.
1380 1469 1414 1498 p.
1437 1460 1516 1490 771.
1539 1462 1572 1491 8.
1595 1458 1664 1493 &eff
1686 1459 1810 1492 ἕκαστον

1091 1503 1172 1542 ὑμῶν
1186 1501 1342 1543 κατηγόρου
1353 1500 1459 1542 ‘'tago’'
1446 1513 1533 1544 εχειν.
1548 1510 1578 1534 c.
1593 1503 1760 1544 Phaenipp.
1777 1516 1808 1545 p.

1092 1546 1189 1578 1045.
1206 1544 1364 1587 μετάλαβε
1381 1548 1433 1580 τῆς
1450 1557 1501 1576 του
1520 1547 1740 1588 λειτουργουντος
1754 1560 1810 1577 τα-

1091 1588 1173 1628 ξεως.
1216 1590 1321 1629 Epist.
1335 1590 1364 1621 Ι.
1380 1599 1412 1629 p.
1428 1591 1527 1621 1466.
1542 1591 1576 1622 4.
1590 1591 1811 1631 χαλεπωτάτην

1089 1631 1205 1672 ταξιν”
1193 1644 1269 1675 εχει,
1293 1631 1327 1663 τδ
1342 1631 1556 1673 συμζουλεύειν.
1580 1634 1734 1664 Isocrates
1749 1634 1810 1664 Ar-

1091 1676 1174 1708 chid.
1190 1687 1224 1717 p.
1239 1679 1314 1708 232.
1329 1678 1379 1707 τῆν
1394 1676 1464 1707 ἰδίαν
1475 1675 1558 1715 ταξιν
1571 1687 1622 1706 του
1638 1674 1695 1706 clau
1710 1676 1811 1717 διαφυ-

1090 1719 1218 1751 λάττων.
1234 1725 1266 1749 et
1280 1730 1313 1759 p.
1336 1721 1413 1750 232.
1428 1719 1679 1750 Lacedaemonios
1694 1720 1809 1751 adhor-

1090 1766 1173 1792 tatur
1188 1764 1232 1803 μῆ
1247 1763 1383 1803 «περιϊδεῖν
1396 1762 1482 1793 αυτὴν
1505 1763 1570 1803 [την
1589 1762 1808 1816 Λακεδαίμονα]

1090 1803 1276 1836 ἐκλείπουσαν
1287 1807 1335 1837 τὴν
1346 1805 1438 1845 τάξιν,
1453 1805 1492 1840 εἰς
1505 1817 1534 1837 ην
1545 1818 1568 1836 οι
1580 1805 1711 1847 πατέρες
1721 1806 1812 1837 κατέ-

1091 1860 1203 1879 στησαν
1217 1849 1589 1880 αὖτην.Ρ31111111.311ῑε·111
1603 1860 1636 1889 p.
1651 1851 1729 1880 414.
1744 1861 1810 1881 me-

1090 1898 1190 1923 morat
1204 1891 1371 1923 homines’
1361 1903 1540 1932 εμμενοντας
1554 1892 1594 1924 'rii'
1607 1892 1689 1932 τάξει
1704 1895 1760 1923 τῶν
1779 1892 1810 1924 εὑ

1091 1935 1261 1990 φρονούντων.
1305 1935 1471 1966 AEschines
1485 1947 1515 1966 c.
1529 1926 1683 1967 Timarob.
1699 1947 1732 1976 p.
1753 1938 1810 1968 73.

1091 1978 1136 2009 ἵνα
1152 1977 1488 2019 ὑμεις-κατανείμητε
1503 1979 1542 2014 εἷς
1555 1981 1606 2010 τῆν
1617 1979 1811 2021 προσηκουσαν

1091 2022 1174 2062 τάξιν
1188 2022 1355 2065 Τίμαρχον.
1379 2033 1448 2061 quae
1471 2023 1511 2053 ad
1532 2024 1661 2053 verbum
1678 2023 1744 2053 sere
1760 2034 1809 2053 re-

1091 2071 1238 2105 petuntur
1253 2077 1286 2107 p.
1300 2069 1357 2097 75.
1378 2066 1536 2096 Translata
1549 2066 1641 2096 etiam
1656 2065 1809 2106 significa-

1092 2110 1175 2140 tione
1201 2115 1370 2141 occurrunt
1397 2110 1492 2139 verba
1513 2114 1644 2149 cognata
1666 2113 1698 2139 et
1725 2110 1809 2140 deri·

1091 2158 1182 2184 vata:
1206 2154 1251 2184 uti
1276 2153 1379 2193 ipsum
1403 2153 1525 2183 τάττειν
1555 2152 1719 2183 Βεωοεῐίι.
1751 2154 1808 2185 Or.

1090 2196 1228 2228 Funebr.
1249 2207 1283 2236 p.
1299 2198 1396 2229 1392.
1413 2199 1466 2228 11.
1488 2196 1559 2226 loco
1585 2206 1604 2226 a
1624 2195 1753 2226 Reiskio
1775 2196 1807 2226 in

1090 2240 1162 2272 Ind.
1178 2241 1287 2276 relato,
1303 2250 1371 2270 cum
1388 2241 1446 2270 hoc
1461 2244 1566 2269 nostro
1586 2240 1720 2269 maxime
1735 2250 1808 2269 con-

1091 2284 1246 2320 veniente,
1259 2288 1291 2313 et
1302 2294 1331 2314 c.
1346 2283 1508 2313 Theocrin.
1524 2293 1557 2321 p.
1570 2284 1668 2313 1326.
1684 2284 1738 2313 28.
1753 2290 1809 2323 φη-

1090 2327 1135 2357 σὶν
1149 2325 1198 2357 ἐπὶ
1213 2327 1256 2367 τῷ
1273 2326 1390 2357 κωλύειν
1411 2324 1561 2367 τετάχθαι
1575 2327 1642 2361 τοὺς
1656 2327 1697 2356 τὰ
1713 2326 1809 2366 παρά.-

1091 2381 1165 2409 νομοι
1179 2370 1352 2411 γράφοντας.
1396 2369 1537 2400 AEschin.
1549 2369 1589 2399 de
1605 2371 1641 2399 F.
1656 2370 1694 2400 L.
1708 2381 1740 2409 p.
1753 2371 1807 2401 91.

1090 2413 1112 2444 f.
1126 2413 1152 2444 ἐν
1167 2412 1265 2444 ἅπασι
1289 2413 1318 2444 δὲ
1333 2412 1444 2448 τούτοις
1458 2411 1514 2452 ἐγὼ
1526 2411 1684 2452 τέταγμαι
1708 2412 1756 2454 [in
1771 2412 1811 2443 iis

1090 2467 1213 2496 nempe,
1229 2457 1280 2497 qui
1294 2457 1478 2497 legationem
1490 2456 1529 2486 ad
1544 2455 1723 2495 Philippum
1736 2466 1808 2495 per-

1091 2500 1151 2530 fide
1162 2502 1314 2537 obierant,
1325 2510 1454 2540 quorum
1466 2499 1587 2530 nomina
1599 2498 1810 2540 praeceduntJ.

1091 2544 1356 2583 Isocrat.Areop.
1379 2546 1476 2575 c.18.
1495 2544 1627 2583 juvenes
1641 2541 1809 2573 Athenien-

1092 2598 1143 2617 ses
1158 2586 1185 2617 ἐν
1198 2588 1260 2621 τοῖς
1275 2586 1498 2626 ἒπιτηδευμασιν
1518 2585 1622 2626 ἔμενον,
1642 2583 1668 2615 ἐν
1686 2583 1724 2619 οις
1739 2583 1809 2615 ἐτά-

1090 2631 1221 2673 χθησαν.
1229 2631 1388 2683 “Thucyffl
1407 2631 1456 2661 11.
1472 2631 1526 2660 63.
1549 2628 1806 2669 ἄπραγμον-μῆ

1091 2676 1173 2713 μετα
1194 2686 1244 2704 του
1266 2673 1430 2714 δραστηρίου
1450 2671 1638 2711 τεταγμένον.
1661 2671 1726 2702 111.
1752 2673 1806 2702 86.

1091 2717 1167 2760 εἴπερ
1177 2729 1223 2748 και
1235 2716 1303 2758 πςός
1315 2719 1363 2748 τὴν
1375 2719 1430 2747 τῶν
1442 2713 1665 2754 Λακεδαιμονίων
1674 2731 1718 2737 —
1727 2713 1805 2753 ξυμ-

1092 2761 1210 2813 μαχίαν
1226 2759 1406 2802 ἔταχθησαν.
1422 2759 1539 2790 AElian.
1554 2759 1595 2790 V.
1611 2759 1656 2788 H.
1669 2758 1735 2788 III.
1753 2760 1806 2789 18.

1092 2803 1189 2845 νόμους
1211 2804 1309 2839 αὐτοις
1327 2802 1495 2845 τετάχθαι.
1537 2802 1589 2832 Ita
1618 2804 1650 2831 et
1679 2801 1807 2830 συντάσ-

1092 2859 1160 2879 σειν.
1183 2849 1312 2879 Isocrat.
1327 2848 1444 2886 Areop.
1458 2857 1486 2876 c.
1503 2846 1533 2875 2.
1546 2842 1807 2874 συντέτακταικαι

1092 2891 1298 2923 συνακολουθεῖ
1316 2891 1376 2925 τοῖς
1397 2889 1452 2929 μὲν
1473 2886 1755 2922 πλούτοις-ἄνοια,
1776 2897 1806 2918 κ.

1093 2946 1123 2965 τ.
1139 2941 1283 2974 λ.1]11ε111
1307 2935 1566 2972 1.Bergmannus
1589 2941 1622 2970 p.
1637 2933 1692 2962 72.
1713 2929 1806 2960 aliter

1092 2978 1248 3015 distinxit,
1258 2978 1308 3008 cui
1319 2981 1420 3007 tamen
1432 2975 1486 3007 vix
1495 2974 1659 3006 assentior.
1667 2972 1808 3004 AEschin.

1093 3022 1131 3051 de
1146 3022 1185 3052 F.
1200 3022 1235 3052 L.
1251 3032 1285 3061 p.
1299 3023 1373 3052 113.
1385 3019 1569 3060 ανισταμενοι
1584 3016 1615 3049 δὲ
1629 3030 1652 3048 οι
1665 3026 1806 3047 συντετα-

1091 3064 1188 3105 γμένοι
1203 3064 1318 3106 ῥήτορες.
1338 3069 1368 3095 ct
1384 3063 1461 3095 ibid.
1481 3073 1513 3103 p.
1531 3062 1583 3095 96.
1605 3059 1807 3101 συνετάξαμεν
