1931 3322
343 215 406 257 IN
440 217 616 259 ORAT.
651 216 732 258 DE
765 211 1067 257 RHODIOR.
1102 206 1452 252 LIBERTATE.

176 321 288 351 habere
303 321 384 352 inter
404 333 437 352 se
458 323 620 353 discrimen
643 323 673 352 in
698 321 880 361 significatu,

178 365 239 394 viz.
254 363 461 402 ἔλαττοῖσθαι,
481 366 641 400 ἡττᾶσθαι,
667 372 697 395 et
713 364 882 404 μειοῖσθαι,

174 408 256 446 apud
267 408 333 437 An.
342 410 449 447 script.
462 408 672 440 Ἐλαττουσθαι
683 409 771 448 estsr
772 408 884 436 cuidare

177 450 320 488 suojure,
335 461 380 481 res
393 461 460 481 suas
582 452 705 488 hubere5
730 450 882 481 ἡττᾶσθαι

175 492 356 532 plerumque
381 500 430 524 est
448 494 617 536 inferiorem
639 504 693 524 esse
718 495 749 524 in
763 494 881 531 praelim

175 535 332 573 μειοῦσθαι
355 543 402 567 est
430 539 585 568 eatenuari
618 537 663 566 vel
693 536 823 566 diminui
850 535 882 564 in

177 580 364 617 quantitate:
390 584 422 610 et
443 581 488 610 sic
509 581 601 610 etiam
623 579 744 609 nomina
759 579 880 616 conjug.

179 619 347 660 ἐλάττωμα
363 628 409 652 est
425 624 645 662 detrimentum,
658 621 882 656 incommodum,

178 664 272 703 vulgo
283 671 569 698 DISADVANTAGE;
583 663 660 695 ἧττα
681 664 804 704 proprie
823 663 882 692 cla-

178 707 229 736 des
241 707 362 744 bellica,-
379 706 498 746 μείωσις
513 708 680 743 diminutio,
692 708 790 745 figura
801 706 882 736 Rhe-

178 750 276 779 torica
288 750 338 778 cui
356 754 464 779 contra
479 749 606 788 αὔξησις.
636 751 814 789 Quanquam
832 750 882 779 ἧτ-

178 791 288 822 wacena
305 792 403 828 ἡδονῆς,
418 792 525 831 θυμοῦ,
542 797 600 823 etc.
617 804 674 832 pro
697 792 790 824 ἥττων
809 791 884 828 εῖναι,

179 839 227 864 est
251 836 434 866 succumbere
455 837 612 875 voluptati,
635 837 696 872 irre,
712 842 773 866 eto.
789 841 819 865 at
834 835 884 866 ἥτ-

179 889 264 917 τημα
286 888 342 917 pro
366 879 452 917 culpa
476 889 529 908 seu
554 879 727 910 detrimento
751 890 809 908 non
838 883 885 908 est

179 923 329 955 Atticum,
355 923 408 951 sed
431 933 467 951 ex
487 922 567 960 st)lo
596 924 635 952 N.
651 923 682 952 F.
710 922 759 953 ἤδη
774 920 829 962 μὲν
844 919 886 952 οὑν

179 963 250 998 ἵλαος
273 964 393 1002 ἥττημα
411 962 436 994 ἐν
450 965 518 1004 ὑμῖν
532 963 620 995 ἐστίν
638 965 672 1005 [1
689 967 761 995 Cor.
779 966 820 994 vi.
836 967 867 994 7.
872 964 885 1004 ]

179 1004 362 1045 Ελάττωμα
378 1007 466 1037 estid
482 1019 570 1038 omne
584 1019 644 1048 quo
660 1009 791 1047 alicujus
813 1018 885 1037 con-

180 1049 259 1080 ditio
272 1050 408 1080 deterior
416 1050 562 1080 exsistit:
586 1056 618 1081 ut
633 1062 649 1081 e
663 1056 768 1082 eontra
783 1057 838 1081 πλ.
854 1051 884 1080 id

178 1103 242 1131 quo
264 1092 384 1129 melior,
400 1098 432 1123 ut
449 1094 479 1123 iu
503 1094 609 1132 praelio
737 1099 768 1123 et
784 1094 840 1123 sol.
856 1099 886 1123 et

178 1135 241 1165 loci
256 1147 327 1176 opp.
339 1141 407 1166 suut
418 1142 471 1166 πλ.
485 1137 554 1167 adv.
567 1138 632 1167 Ait.
646 1137 887 1175 πλεονεκτήματα

180 1185 250 1208 sunt
264 1189 297 1208 ea
311 1179 458 1219 inquibus
469 1181 532 1220 quis
541 1181 672 1218 superior
685 1186 742 1215 est,
756 1178 886 1210 ἐλαττώ-

178 1233 269 1261 ματα
283 1232 316 1251 ea
327 1223 358 1252 in
373 1223 475 1262 quibus
485 1224 550 1262 quis
564 1222 688 1264 inferior
699 1229 752 1258 est,
769 1223 818 1252 alii
833 1224 886 1253 Gr.

180 1265 387 1305 πςοτεςήματα
402 1270 433 1294 et
447 1266 647 1305 ὑστερήματα.

223 1325 266 1330 -
282 1311 333 1339 13.
350 1307 418 1348 ὑπὲρ
435 1308 491 1347 μὲν
506 1307 544 1338 οἷν
555 1308 759 1348 ἐλαττοῦνται]
775 1318 830 1347 pro
846 1308 888 1338 his

180 1361 243 1390 quae
262 1351 298 1381 de
316 1361 368 1381 suo
388 1351 573 1392 auferuntur
594 1354 710 1391 Interp.
734 1353 886 1391 Frequen-

180 1394 301 1424 tissima
327 1394 507 1424 Hellenism.
534 1396 615 1434 apud
645 1397 699 1425 Gr.
730 1405 785 1434 pro
812 1394 888 1435 ὑπὲρ

181 1434 283 1466 ἐκείνων
299 1449 334 1467 ων
348 1437 394 1468 vel
411 1435 450 1472 οἱς
465 1437 540 1468 vel'
529 1449 555 1467 εν
567 1450 603 1472 οις
618 1437 723 1468 ἐλαττ.
739 1448 791 1477 pro
806 1438 841 1467 iis
855 1439 886 1468 in

180 1480 285 1520 quibus
298 1480 650 1522 detrimentumfaciunt,
671 1485 806 1520 pugnant
824 1486 887 1510 tan-

179 1533 267 1561 quam
285 1534 341 1563 pro
356 1523 417 1553 aris
431 1529 463 1554 et
475 1525 567 1554 focis:
591 1535 650 1554 non
666 1525 772 1554 eodem
795 1524 887 1554 animi

180 1565 298 1605 impetu
320 1577 376 1596 nec
395 1567 515 1597 fervore
535 1568 673 1597 feruntur
694 1567 829 1597 homines
850 1568 886 1597 ad

179 1608 370 1640 invadendas
392 1620 441 1640 res
463 1610 589 1646 alienas,
610 1621 697 1649 quam
722 1611 760 1640 ad
783 1610 889 1640 defen-

181 1652 297 1682 dendas
310 1663 392 1683 suas.
429 1652 647 1684 Ἐλαττοῢο-θαι
665 1659 712 1684 est
723 1655 821 1683 minus
837 1653 888 1683 Iza-

181 1695 245 1725 bere
264 1707 350 1735 quam
367 1706 424 1735 par
442 1702 494 1736 est,
510 1697 606 1727 minus
624 1707 710 1737 quam
726 1697 765 1726 ad
777 1706 806 1726 se
823 1706 888 1734 per-

183 1739 268 1773 tinet,
284 1749 316 1768 re
336 1744 389 1768 aut
410 1745 496 1778 parte
518 1749 571 1768 sua
582 1738 755 1779 fraudari,-
779 1745 889 1768 πλεονε-

181 1780 332 1818 κτεῖσθαι,
348 1783 491 1821 injuriam
509 1784 572 1820 pati
584 1784 616 1812 in
632 1793 663 1812 re
679 1782 825 1820 suu,jure
838 1793 890 1812 suo

181 1826 304 1864 privari.
317 1823 520 1860 Ἐλαττοῦται,
529 1826 580 1863 qui
589 1826 729 1855 damnum
742 1825 830 1862 sacit;
842 1824 889 1865 ζη-

182 1869 314 1908 μιοῦται,
332 1868 382 1897 cui
400 1868 499 1898 accisa
514 1879 562 1898 res
582 1873 640 1904 est,
656 1869 705 1898 cui
721 1868 890 1897 detrahitur

181 1911 299 1950 aliquid
308 1911 346 1941 de
362 1921 417 1941 suo
429 1912 601 1946 commodo,
611 1911 704 1950 idque
716 1910 812 1940 invito
825 1911 890 1950 ple-

183 1964 312 1993 rumque
328 1959 480 1993 etpraeter
493 1955 689 1984 voluntatem.
713 1954 803 1983 Dem.
816 1954 890 1983 alibi

185 1996 540 2038 [c.Dionysod.a8‘.]01'm
550 1997 682 2050 ἀξιουμεν
697 1995 889 2027 ἐλαττωθηναι

191 2041 200 2050 Ξ
233 2039 242 2049 ἱ
282 2042 296 2050 *1
329 2041 337 2050 ξ

182 2093 219 2112 ne
238 2084 380 2113 damnum
401 2084 451 2113 vel
466 2085 671 2114 detrimentum
684 2062 835 2122 patiamur
852 2083 889 2112 ab

183 2127 229 2162 iis,
249 2128 299 2166 qui
317 2132 344 2156 et
364 2137 411 2156 vos
423 2128 536 2165 pariter
551 2131 579 2155 et
599 2137 648 2156 uos
663 2127 775 2165 injuria
792 2126 890 2167 affecti

183 2175 264 2199 sunt.
281 2174 371 2208 atque
387 2169 478 2199 etiam
495 2170 552 2199 hoc
567 2169 597 2198 iu
612 2170 691 2199 loco.
716 2169 889 2209 Aliquando

183 2216 284 2242 antem
301 2211 497 2242 ἐλαττοῦσθαι
513 2212 628 2242 dicitur
643 2213 694 2252 qui
710 2223 766 2242 sua
781 2217 889 2252 sponte

186 2255 404 2286 detrimentum
427 2256 513 2292 facit,
541 2256 592 2294 qui
619 2266 675 2286 suo
695 2257 764 2295 jure
788 2256 890 2294 cedit3

186 2303 278 2338 atque
297 2299 339 2328 ita
354 2309 441 2328 sumo
461 2299 541 2338 apud
564 2299 704 2338 Thucyd.
727 2299 747 2328 l.
762 2298 784 2329 i.
803 2298 888 2340 [77.]

184 2341 217 2372 in
249 2341 361 2381 insigni
393 2342 445 2372 illa
479 2342 626 2378 oratione,
657 2353 710 2372 seu
748 2342 891 2382 apologia

185 2384 298 2415 Athen.
323 2395 378 2423 pro
399 2385 524 2424 seipsis:
549 2385 596 2414 καὶ
615 2384 817 2425 ἐλασσούμενοι
839 2386 891 2425 γὰρ

187 2426 215 2457 ἓν
229 2428 297 2463 ταῖς
307 2427 498 2466 ξυμβολαίαις
507 2426 572 2467 πξός
583 2429 649 2462 τοὺς
663 2428 841 2470 ξυμμάχους
852 2427 891 2458 δι’·

186 2482 263 2507 καις,
284 2471 433 2511 φιλοδικεῖν
452 2470 592 2510 δοκοῦμεν.
614 2472 668 2501 ubi
687 2472 801 2511 optime
824 2473 891 2502 Lat.

187 2513 250 2544 Int.
264 2516 394 2554 quumvis
411 2514 489 2544 enim
504 2515 536 2543 in
549 2515 679 2553 judiciis
695 2515 731 2545 de
751 2517 843 2553 pactis
864 2521 891 2545 et

185 2558 330 2588 conventis
345 2557 462 2596 dejure
476 2562 571 2588 nostro
592 2558 779 2594 dec-edamur,
796 2563 891 2588 tumen

188 2600 310 2640 litigiosi
331 2609 385 2630 esse
401 2600 546 2630 videmur.
590 2601 692 2630 Scliol.
709 2600 890 2640 ἀδικούμενοι,

188 2641 394 2695 ζημιούμενοι’
383 2653 411 2672 εν
426 2644 493 2678 ταῖς
507 2646 803 2682 συναλλαγματικαις
815 2643 891 2685 χρεί-

186 2697 244 2721 αις,
264 2684 354 2716 καίτοι
380 2686 523 2727 δυνάμενοι
547 2687 582 2720 ὡς
604 2686 736 2726 αρχοντες
762 2686 837 2729 ἔχειν
858 2687 891 2717 τὸ

188 2728 283 2760 πλέον.
305 2733 401 2766 recte,
419 2734 450 2759 et
470 2729 585 2759 rectius
608 2729 785 2770 ζημιούμενοι
804 2741 893 2769 quam

188 2771 369 2812 ἀδικούμενοι.
407 2771 469 2808 Qui
483 2772 562 2802 enim
579 2778 688 2811 sponte
703 2774 822 2812 dejure
837 2784 892 2803 suo

189 2815 281 2851 cedit,
306 2826 364 2846 non
387 2815 544 2845 ἀδικεῖταιι
568 2815 658 2850 οὐδεὶς
677 2818 730 2855 γὰρ
756 2815 893 2846 ἀδικεῖται

188 2856 256 2888 ἑκών
278 2858 393 2898 (inquit
408 2858 541 2898 Philos.)
558 2859 662 2888 volenti
680 2870 737 2888 non
749 2859 791 2898 sit
814 2860 893 2897 iniu-

189 2901 248 2931 ria.
271 2900 323 2940 qui
345 2900 419 2932 ἄκων
440 2900 627 2937 ἐλαττοῦται,
642 2901 668 2931 is
687 2901 811 2941 quidem
834 2902 894 2931 οἱδι-

190 2943 285 2973 κεῗται
311 2947 343 2973 et
366 2944 505 2984 injuriam
530 2945 665 2984 patitur;
698 2951 729 2974 at
755 2945 806 2984 qui
830 2945 896 2975 ἑκὼν

190 2985 368 3016 ἐλαττοῦται
390 2993 423 3017 et
444 2987 483 3017 de
505 2998 560 3018 suo
578 2988 648 3026 jure
663 2987 757 3023 cedit,
772 2988 798 3018 is
819 2986 895 3020 Βλά-

191 3039 312 3067 πτιται,
323 3029 375 3060 sed
389 3041 447 3062 non
466 3029 617 3069 ἀδικεῖται,
627 3031 766 3062 damnum
779 3031 895 3071 patitur

1539 205 1618 247 531

917 319 971 349 sed
987 328 1043 347 non
1059 317 1210 357 injuriam.
1248 316 1377 347 Aristot.
1398 315 1470 344 Eth.
1483 314 1505 343 1.
1523 317 1600 343 ν.10

917 362 951 391 τὸ
973 360 1093 395 ἐπιεικνς
1112 360 1243 401 (inquit)
1261 364 1308 390 est
1327 356 1513 397 ἐπανόρθωμα
1528 356 1622 395 νόμου.

918 409 948 433 et
964 404 1054 443 paulo
1074 410 1145 441 post
1165 403 1311 433 describit
1327 402 1373 432 τὶν
1390 400 1508 436 ἐπιεικῆ,
1524 401 1569 429 vir
1573 410 1623 429 um

917 457 1029 486 oeqnum
1045 451 1072 475 et
1088 447 1204 475 bonum:
1231 446 1242 475 ὁ
1257 447 1299 485 μὴ
1313 441 1536 484 ακξιβοδίκαιος
1527 442 1574 473 ern
1591 441 1624 471 τό

916 500 981 531 χειξ
969 501 1017 528 ξ,ον
1040 487 1110 517 ἀλλ’
1133 487 1326 520 ἐλαττωτικός
1316 510 1338 522 ,
1360 486 1459 525 καίπερ
1481 486 1555 528 ἔχων
1576 497 1624 515 ’τον

916 533 996 571 νόμον
1020 530 1157 567 Εοηθόν,’
1147 531 1277 564 ἐπιεικής
1297 530 1372 560 ἔστι.
1390 530 1440 570 qui
1457 540 1513 559 non
1535 529 1624 558 nimis

917 575 1075 615 urgetjus
1091 584 1178 603 suum
1198 575 1230 603 in
1252 574 1420 603 deteriorem
1435 578 1558 611 partem,
1575 571 1624 602 sed

915 619 1011 657 potius
1025 618 1140 656 dejure
1155 626 1206 646 suo
1220 617 1307 651 cedit,
1323 616 1436 645 etiamsi
1452 615 1522 655 legis
1536 615 1623 645 auxi-

919 662 957 690 lio
969 661 1026 690 niti
1039 662 1134 700 possit,
1151 661 1174 689 is
1188 665 1228 689 est
1243 668 1341 698 :equus
1355 662 1382 687 et
1398 658 1497 687 bonus.
1522 658 1623 697 Igitur

917 704 929 733 ὅ
945 703 1078 739 ἐπιεικὴς,
1091 703 1143 742 qui
1160 703 1252 733 facile
1269 702 1308 731 de
1326 702 1396 739 jure
1416 711 1469 730 suo
1485 701 1625 735 remittit,

919 752 966 776 est
987 744 1182 779 ἐλαττωτικός
1197 751 1227 775 et
1245 742 1443 785 μειονεκτικός,
1459 744 1510 773 cui
1527 754 1623 782 oppo-

918 790 999 819 nitur
1014 790 1026 819 ὅ
1047 788 1257 829 ἀκςιβοδίκαιος,
1273 794 1303 817 et
1325 787 1422 826 magis
1437 786 1449 814 ὁ
1466 792 1625 816 πλεονεκτι-

918 833 973 868 κὸς,
988 831 1040 872 sini
1056 833 1084 862 in
1101 842 1230 862 excessu
1243 840 1364 871 semper
1379 833 1499 869 peccat,
1509 834 1540 858 et
1555 829 1625 867 plus

919 877 976 905 sibi
1002 876 1108 905 tribuit
1127 880 1157 904 et
1180 873 1308 904 assumit
1329 883 1418 912 qnam
1442 882 1496 912 par
1518 877 1566 902 est
1588 882 1625 901 ao

915 921 1049 958 justum:
1072 916 1264 951 πλεονεκτικός
1286 920 1317 945 et
1339 913 1535 948 ἐλαττωτικός
1557 919 1628 944 sunt

921 963 1016 992 veluti
1034 962 1093 991 duo
1109 966 1257 996 extrema,
1271 970 1360 988 unuin
1378 959 1406 988 in
1424 968 1568 993 excessu,
1583 958 1628 987 al·

921 1010 1017 1034 terum
1031 1005 1060 1034 in
1073 1005 1215 1041 defectu3
1230 1002 1361 1050 medium
1374 1002 1452 1031 inter
1465 1006 1627 1051 utrumqne

921 1052 968 1077 est
982 1045 1190 1088 ἀκριβοὸίκαιος,
1207 1047 1258 1086 qui
1279 1045 1403 1075 nimium
1424 1050 1472 1074 est
1488 1044 1534 1074 sui
1547 1045 1626 1083 juris

921 1096 977 1120 tem
980 1102 1009 1120 ix
1027 1095 1058 1120 et
1074 1091 1103 1119 in
1121 1101 1157 1119 en
1174 1089 1388 1131 prosequendo
1402 1088 1473 1117 nihil
1489 1087 1628 1118 remittit.

922 1135 955 1170 Eg
950 1134 1054 1172 -rregie
1071 1132 1224 1173 Porphyr.
1249 1133 1288 1161 de
1303 1129 1392 1161 Ab'st.
1418 1131 1436 1160 Ι.
1459 1131 1503 1159 iii.
1526 1128 1627 1169 προπί-

920 1187 988 1207 πτει
1011 1178 1023 1206 ὁ
1045 1176 1154 1211 δίκαιος,
1169 1187 1218 1207 οιον
1236 1173 1432 1207 ελαττωτικός
1452 1173 1552 1203 ἑαυτοῦ
1575 1175 1629 1202 τῶν

920 1221 998 1249 κατὰ
1021 1223 1120 1258 σῶμα.
1145 1220 1191 1249 τὶν
1202 1221 1308 1258 justus
1327 1218 1454 1256 procidit
1476 1216 1558 1257 infra
1572 1218 1630 1256 jus

919 1273 1017 1298 snum,
1033 1263 1167 1298 subsidit,
1177 1268 1204 1292 et
1215 1264 1311 1292 mimis
1323 1260 1377 1291 sibi
1392 1260 1495 1290 tribuit
1507 1261 1539 1290 in
1551 1270 1626 1289 cura

920 1317 1020 1346 corpor
1023 1308 1045 1336 is
1058 1307 1126 1336 vel
1117 1317 1149 1335 m
1164 1306 1249 1336 rebus
1259 1305 1298 1334 ad
1313 1314 1361 1334 coi
1362 1314 1415 1342 pus
1426 1304 1628 1342 spectantibus,

921 1361 1008 1390 quum
1014 1351 1088 1388 jure
1103 1349 1156 1378 sibi
1170 1358 1281 1378 sumere
1292 1347 1401 1386 potuit.
1422 1347 1490 1376 Lat.
1509 1347 1628 1386 lutei-p.

922 1394 1082 1423 admodum
1112 1393 1213 1441 inepte
1244 1397 1274 1421 et
1300 1390 1453 1428 imperite,
1478 1393 1511 1419 ut
1537 1389 1627 1426 solet,

922 1447 980 1466 non
996 1448 1012 1466 ι
1015 1437 1115 1476 igidus
1129 1437 1208 1465 circa
1222 1445 1308 1464 suum
1322 1442 1435 1472 corpus.

964 1498 1007 1502 -—
1025 1482 1073 1508 14.
1096 1479 1185 1518 μεχρι
1208 1479 1256 1507 τοῦ
1278 1476 1411 1516 δυνατοῦ]
1434 1477 1496 1506 Int.
1516 1485 1629 1505 summa

922 1523 961 1559 vi,
975 1533 1027 1562 pro
1039 1523 1132 1557 virili,
1149 1527 1294 1560 quantum
1306 1525 1438 1559 possunt,
1449 1520 1487 1548 ad
1503 1520 1627 1548 verbum

922 1576 1012 1605 usque
1027 1566 1065 1594 ud
1077 1565 1216 1604 possibile,
1227 1574 1283 1603 pro
1296 1564 1416 1598 viribus,
1424 1572 1511 1602 usque
1526 1562 1566 1591 ad
1581 1572 1628 1591 ex-

923 1615 1047 1638 tremum
1057 1618 1115 1637 suae
1130 1609 1272 1646 potentiae.
1297 1607 1384 1636 More
1401 1616 1456 1635 suo
1474 1605 1631 1635 luxuriant

923 1652 976 1681 Gr.
992 1652 1021 1681 in
1041 1651 1097 1680 hac
1115 1651 1230 1689 phrasi,
1247 1655 1277 1679 et
1296 1649 1390 1679 variis
1409 1649 1506 1678 modis
1525 1648 1630 1687 expri-

923 1699 1017 1724 munt.
1065 1694 1177 1723 Dicunt
1191 1694 1269 1723 enim
1283 1698 1313 1722 et
1326 1693 1383 1722 hoc
1396 1702 1487 1721 sensu
1502 1694 1580 1721 κατὰ
1597 1691 1630 1720 τὸ

923 1737 1045 1774 δυνατὸν,
1062 1742 1090 1766 et
1108 1736 1145 1770 εἷς
1163 1735 1197 1766 τὸ
1220 1735 1345 1770 δυνατέν,
1359 1739 1388 1764 et
1408 1736 1443 1768 ὡς
1463 1734 1588 1769 δυνατὸν,
1601 1740 1632 1764 et

923 1791 1002 1809 κατα
1019 1780 1142 1819 δύναμιν,
1158 1785 1189 1809 et
1205 1779 1254 1809 ὅση
1273 1779 1398 1816 δύναμις,
1414 1784 1444 1807 et
1457 1777 1513 1807 ἴσον
1528 1776 1632 1812 σθένος,

925 1829 955 1852 et
971 1835 1059 1853 παντι
1070 1822 1170 1857 σθένει,
1185 1828 1214 1851 et
1227 1821 1287 1851 ἴσον
1302 1820 1459 1871 ἐνδέχεται,
1473 1826 1503 1849 et
1513 1819 1558 1859 ἐφ’
1573 1820 1632 1850 ὅσον

924 1865 1039 1895 δυναταί
1060 1877 1116 1900 τις,
1133 1871 1163 1894 et
1181 1864 1225 1904 ἐφ’
1248 1865 1308 1895 ὅσον
1330 1864 1378 1894 οιόν
1398 1862 1475 1899 ἔστι,
1497 1868 1528 1893 et
1550 1875 1629 1894 κατα

924 1908 957 1938 τὸ
973 1908 1157 1949 ἐνδεχόμενον.

966 1970 1010 1975 -—
1026 1955 1078 1983 19.
1102 1948 1292 1991 Ἀξτεμισ-ία]
1318 1951 1392 1980 Dux
1416 1949 1538 1980 soemina
1557 1950 1630 1979 facti

924 2005 1062 2034 magnam
1082 2001 1199 2034 paitem
1217 1994 1281 2033 agit
1295 1993 1324 2023 in
1342 1994 1399 2023 lioc
1422 1994 1551 2023 theatro.
1589 1994 1631 2024 Ut

924 2038 1017 2077 igitur
1030 2039 1174 2068 Chronol.
1186 2042 1215 2067 et
1227 2037 1347 2067 Histor.
1362 2041 1391 2066 et
1405 2036 1486 2066 filum
1498 2041 1528 2066 et
1540 2046 1631 2076 argu-

922 2086 1055 2111 mentum
1072 2082 1161 2119 hujus
1172 2080 1317 2110 orationis
1329 2079 1440 2109 clarius
1450 2080 1631 2120 innotescat,

924 2124 1022 2153 visum
1037 2129 1084 2154 est
1099 2125 1137 2155 de
1152 2124 1209 2153 hac
1225 2123 1391 2153 Artemisia
1405 2133 1502 2162 pauca
1516 2123 1631 2153 dicere.

924 2167 1131 2197 Celeberrima
1163 2167 1413 2205 nobilissimaque
1437 2166 1536 2196 Cariae
1568 2171 1634 2196 erat

924 2211 977 2241 illa
996 2211 1111 2250 regina,
1135 2210 1270 2240 Mausoli
1292 2220 1382 2244 uxor,
1405 2219 1473 2249 quae
1496 2210 1633 2248 magnifi-

924 2254 1131 2284 centissimum
1148 2254 1222 2283 illud
1245 2258 1471 2282 monumentum
1488 2253 1588 2282 erexit
1603 2253 1633 2282 in

924 2297 1069 2328 honorem
1087 2302 1117 2327 et
1132 2296 1308 2327 memoriam
1325 2296 1465 2334 conjugis
1480 2296 1525 2325 sui
1542 2297 1633 2325 Mau-

926 2340 996 2376 soli,
1022 2340 1100 2371 unde
1125 2345 1236 2379 postea
1263 2339 1425 2379 splendida
1451 2349 1578 2378 quaeque
1602 2344 1634 2369 et

925 2389 1106 2423 sumptuosa
1120 2387 1318 2413 monumenta
1336 2387 1366 2411 et
1388 2382 1529 2422 sepulcra
1545 2382 1634 2412 Mau-

927 2427 1011 2457 solea
1025 2427 1089 2456 dici
1109 2430 1297 2456 meruerunt.
1329 2426 1413 2455 Inter
1542 2425 1632 2455 mira-

926 2470 1028 2500 racula
1046 2480 1152 2499 nomen
1167 2474 1197 2499 et
1209 2469 1308 2499 locum
1328 2468 1460 2498 obtinuit
1472 2469 1528 2498 lioc
1544 2469 1634 2498 Man-

927 2513 983 2543 soli
997 2517 1235 2549 monumentum,
1245 2517 1265 2530 “
1278 2513 1358 2542 Aere
1369 2512 1440 2542 dum
1451 2522 1549 2542 vacuo
1561 2522 1635 2551 pen-

926 2557 1010 2586 denti
1038 2555 1235 2590 Mausoleo,'’
1259 2560 1318 2585 etc.
1345 2555 1463 2594 reliqua
1487 2565 1555 2591 sex,
1580 2555 1635 2585 AE-

926 2600 1042 2639 gyptiae
1074 2599 1265 2639 Pyramides,
1292 2598 1406 2629 Pharos
1436 2598 1508 2627 item
1535 2598 1633 2637 AEgy-

926 2643 1003 2682 ptia,
1019 2643 1135 2672 Moeuia
1157 2641 1334 2681 Babylonis,
1348 2641 1509 2680 Templum
1527 2642 1634 2670 Diauae

928 2687 1085 2725 Ephesiae,
1096 2686 1244 2716 Colossus
1256 2684 1411 2719 Rhodius,
1425 2684 1555 2722 denique
1567 2684 1635 2714 Sta-

927 2734 979 2759 tua
1004 2730 1092 2760 Jovis
1230 2728 1330 2767 thue
1357 2728 1415 2757 boc
1440 2727 1635 2757 Mausoleum

927 2783 1019 2802 unum
1036 2778 1083 2802 est
1099 2782 1138 2801 ex
1158 2776 1275 2811 septem
1291 2770 1394 2801 mundi
1416 2769 1569 2799 miraculis
1586 2770 1636 2800 ha-

929 2815 1036 2852 bitum,
1053 2815 1095 2845 ita
1110 2815 1178 2854 ipsa
1192 2813 1371 2848 Artemisia,
1387 2812 1529 2851 stupendi
1551 2812 1635 2843 illius

929 2859 1031 2898 operis
1044 2863 1150 2888 auctor
1159 2864 1250 2897 atque
1260 2855 1424 2891 fundatrix,
1437 2855 1515 2885 iuter
1526 2865 1634 2885 novem

929 2902 1088 2932 muliebris
1099 2911 1194 2931 sexus
1208 2899 1351 2929 miracula
1363 2902 1539 2928 recensetur
1553 2909 1570 2928 a
1580 2908 1636 2928 nu-

930 2955 1005 2986 pero
1027 2945 1157 2984 quodam
1175 2943 1322 2981 scriptore
1340 2941 1515 2971 vernaculo.
1561 2941 1636 2971 Edi-

930 2989 976 3019 dit
990 2987 1070 3018 enim
1084 2987 1110 3017 is
1123 2991 1229 3016 auctor
1240 2985 1351 3015 nonita
1363 2984 1481 3024 pridem
1496 2983 1634 3014 libellum

930 3032 970 3062 de
987 3031 1166 3071 quibusdam
1189 3027 1401 3069 inclytissimis
1418 3027 1521 3059 mundi
1538 3027 1634 3059 soemi-
