1997 3323
399 193 478 235 112
780 194 814 237 I;
838 194 874 237 I.
896 195 1122 239 REISKE
1151 196 1477 240 ANNOTATA

392 309 483 329 versu
498 299 741 330 23.demum·1n
758 301 890 342 vestigia
904 312 960 332 sua
975 312 1009 332 se
1025 302 1103 332 reci-

391 343 455 382 piat
467 342 535 373 istis
550 343 682 373 verbis
669 354 702 374 αν
715 344 745 375 δὴ
759 345 857 374 ταῦτα.
871 343 950 387 λέγη.
981 345 1103 376 AEschi-

389 396 444 415 nes
455 385 522 415 haec
540 385 567 416 si
590 387 740 417 blaterans
755 387 884 418 misceat
898 406 940 410 -—
956 393 1020 418 tum
1031 393 1104 438 post

390 428 480 467 plura
508 428 669 469 interjecta
697 434 884 461 restauratur
913 431 1011 461 oratio
1042 432 1103 462 isto

389 472 537 502 exordio:
561 473 624 502 haec
637 473 732 512 igitur
747 473 774 502 si
789 474 872 503 dicat
887 474 1060 504 AEschines.

432 531 475 538 —
491 517 542 546 16.
564 515 664 558 αὐτὸς]
689 516 834 563 iteratum
854 516 940 551 αὐτὸς
961 518 1043 548 redit
1065 518 1102 548 ad

391 559 639 589 Demosthenem.

431 619 474 624 —-
484 601 561 632 ibid.
578 602 670 643 ἡμᾶς]
684 612 740 632 nos
755 603 889 639 sodales,
904 613 965 640 me,
979 603 1102 633 AEscbi-

387 655 469 681 nem,
491 650 523 675 et
538 646 756 681 Philocratem,
778 650 975 686 caeterosque.
991 646 1102 676 vitium

388 688 656 728 typographicam,
677 689 788 728 quibus
810 689 894 719 vitiis
913 700 986 729 pars
1008 691 1102 720 Lute-

385 731 475 760 tianae
499 731 643 762 editionis
660 742 677 761 a
694 731 840 761 Lambino
864 738 970 762 curata
991 738 1100 769 scatet,

385 772 530 815 {muso-av,
546 775 575 804 in
594 775 716 814 plurali,
740 774 862 805 correxi
885 786 940 814 per
963 774 1100 818 imino-w,

384 816 416 847 in
433 815 591 855 sinfgulari.
636 818 858 848 Demosthenes
873 823 957 869 puta.

427 878 469 883 —
480 864 530 892 17.
543 861 658 903 αὐτους]
675 861 795 890 correxi
809 860 905 894 aua-64.
920 871 991 891 num
1007 861 1099 892 etiam

384 914 515 934 ειο-τιοισε
529 905 588 944 leg
605 909 639 933 ut
655 915 722 934 cum
747 902 875 944 ἐπῄνεσεν
899 905 977 943 ημᾶς
998 905 1100 934 conci-

382 946 453 976 nat?
463 957 499 977 an
510 947 569 977 ista
582 947 778 978 conformitas
787 947 959 977 necessaria
969 957 1028 977 non
1039 948 1102 977 est'!

426 992 500 1020 415.
517 993 549 1021 2.
569 989 790 1031 ὑποκξινόμενον]
821 990 925 1020 malim
955 990 1099 1029 equidem

382 1032 615 1072 ὑποκρινομένους,
645 1034 712 1063 scil.
741 1034 829 1072 ὑμεῖς.
860 1043 929 1063 nam
958 1044 1018 1063 non
1043 1032 1100 1074 ἐμὲ

383 1076 578 1113 subauditur,
598 1077 652 1106 sed
670 1087 737 1112 vos,
755 1076 887 1115 judices.
914 1087 972 1107 vos
995 1076 1097 1113 decet,

381 1119 487 1157 procul
496 1119 862 1155 habitadissimulatione,
873 1130 941 1149 cum
950 1120 1098 1151 AEschine

380 1163 508 1201 ejusque
531 1163 714 1193 necessariis
736 1163 833 1193 libere
856 1173 947 1203 agere
962 1163 1001 1193 ad
1019 1164 1097 1194 hune

380 1205 501 1235 modum
516 1216 523 1234 :
554 1206 708 1236 Novimus
723 1217 776 1236 vos
791 1207 912 1242 fratres,
936 1210 968 1236 et
983 1210 1013 1236 te
1029 1207 1096 1246 qui-

380 1248 462 1284 dem,
482 1266 525 1272 —-
546 1249 602 1279 sed
617 1249 690 1280 vide
711 1249 838 1280 meliora
853 1250 883 1280 in
900 1250 1096 1280 annotatione

379 1291 530 1330 proxima.

422 1337 504 1365 —4.
520 1335 621 1377 ἴσμεν]
638 1335 747 1387 procul
771 1336 852 1367 omni
868 1336 962 1366 dubio
983 1337 1095 1367 tollen-

377 1376 450 1406 dum
465 1382 523 1408 est.
536 1389 602 1408 nam
615 1378 650 1408 σὲ
671 1379 726 1417 μὲν
744 1390 811 1409 curn
827 1380 955 1420 reliquis
971 1389 1096 1410 accusa-

376 1419 453 1449 tivis
469 1426 625 1461 reguntur,
639 1432 698 1452 non
719 1423 757 1452 ab
780 1422 875 1462 ἴσμεν,
890 1423 945 1453 sed
961 1423 999 1453 ab
1014 1423 1095 1463 „gub-

378 1474 485 1502 σαμεν,
499 1475 590 1494 versu
606 1469 637 1497 8.

419 1507 551 1538 ——ibid.
565 1506 599 1538 σὲ
614 1507 687 1561 μεν]
704 1508 785 1538 redit
809 1508 845 1539 σὲ
867 1509 906 1539 ad
930 1509 1095 1551 Φιλοχάρην.

376 1549 505 1580 alterum
529 1562 614 1585 vero,
638 1551 755 1586 τούτους
766 1550 806 1588 δὲ,
823 1562 851 1583 v.
869 1553 899 1583 5.
916 1553 955 1582 ad
971 1553 1096 1584 AEschi-

376 1603 443 1622 nem
456 1598 488 1623 et
504 1595 710 1633 Aphobetum.

418 1653 461 1659 ·-·-
477 1639 507 1667 6.
534 1637 666 1677 οὗδεμιᾶς
688 1636 788 1672 κακίας
809 1637 924 1678 ταῦτα]
952 1638 1010 1669 hoc
1034 1643 1093 1674 est,

375 1689 436 1708 non
449 1679 520 1710 ideo
543 1686 676 1711 meretur
690 1681 896 1719 improbitatis
915 1687 987 1711 nota
1001 1683 1093 1713 inuri.

376 1722 452 1751 tanti
467 1733 525 1752 non
536 1729 594 1760 est,
607 1729 639 1754 ut
650 1724 720 1755 ideo
734 1724 802 1763 quis
815 1724 899 1759 κακὸς
908 1726 1092 1765 appelletur,

375 1770 427 1795 aut
442 1766 599 1797 habeatur.

417 1826 459 1831 —-
477 1812 527 1839 16.
543 1810 725 1851 συγγνώμην]
743 1810 863 1850 praetuli
879 1812 1046 1851 συγγνώμη,
1060 1813 1092 1842 in

374 1852 575 1889 nominativo,
593 1853 658 1884 scil.
676 1853 892 1893 ὃφείλεται,νεί
905 1854 1021 1886 δίδοται.
1039 1866 1092 1886 ve-

373 1895 455 1924 niam
476 1897 606 1927 debetur
627 1897 724 1933 fratri,
749 1898 836 1927 alteri
859 1898 944 1927 fratri
967 1909 1093 1929 succur-

374 1938 464 1968 renti.
482 1944 531 1969 est
544 1939 640 1969 dictio
664 1941 713 1970 vel
739 1945 951 1977 argumentum
972 1942 1002 1971 in
1025 1942 1092 1972 foro

374 1981 417 2010 ita
429 1982 544 2018 tritum,
561 1988 593 2012 ut
608 1983 639 2012 in
653 1985 849 2023 proverbium
867 1985 1048 2015 excesserit.

415 2042 459 2047 —
473 2027 524 2056 20.
540 2026 637 2067 αὐτοὶ]
655 2037 726 2057 num
746 2027 839 2062 αὐτοῖ,
856 2027 902 2058 hic
919 2027 983 2058 loci.
1003 2033 1036 2058 ut
1052 2029 1093 2059 sit

373 2068 551 2099 adverbium
568 2069 642 2101 loci.

417 2128 460 2133 —-
481 2115 535 2141 21.
556 2113 648 2154 τινῶν]
680 2114 812 2143 subaudi
839 2113 956 2144 ordinis
982 2115 1091 2152 vestri,

371 2165 421 2183 του
436 2154 572 2195 ὖμετέςου
586 2155 695 2190 τέλους.

416 2215 459 2219 —-—
475 2200 526 2227 22.
547 2197 671 2249 πότερα]
696 2199 828 2229 subaudi
852 2198 992 2230 δεδέηνται
1014 2201 1092 2241 ὑμῶν

372 2239 468 2280 σώζειν
483 2240 575 2271 αὐτόν.

415 2301 458 2306 -
474 2286 526 2314 23
555 2283 605 2325 κᾷν
623 2284 736 2325 ἀδικῶν]
767 2285 907 2324 placebat
929 2286 1091 2325 aliquando

372 2337 425 2366 κᾳν
439 2327 526 2357 ὁτιοῦν
540 2328 650 2364 ἀδικῶν,
671 2329 739 2358 scil.
755 2327 898 2367 φαίνηται.
916 2340 1021 2360 verum
1039 2341 1091 2360 ne-

373 2371 538 2400 cessarium
554 2376 637 2401 certe
653 2371 737 2401 nullo
753 2377 844 2411 paeto
861 2377 917 2402 est.

415 2431 459 2435 —-
474 2414 549 2444 ibid.
564 2415 587 2444 εἰ
602 2414 657 2454 μὲν
678 2417 732 2455 γὰρ
755 2417 798 2454 μὴ
826 2415 941 2455 ἀδικῶν]
958 2416 1090 2452 correxi,

373 2456 483 2494 partim
500 2458 539 2486 de
555 2468 635 2493 meo,
651 2459 673 2487 εἰ
689 2457 744 2497 μὲν
759 2461 813 2498 γὰς
827 2458 974 2498 [subaudi
991 2458 1091 2490 δεδέην-

372 2510 422 2529 ται
435 2500 514 2539 ὑμῶν
529 2500 627 2539 σώζειν
637 2501 762 2552 αυτὸν]
750 2512 782 2531 αν
789 2501 879 2541 μηδὲν
893 2502 990 2531 ἀδικῶν
1002 2503 1091 2544 [sub-

373 2542 443 2572 audi
457 2541 604 2585 φαίνητοιι]
621 2542 701 2583 κςίγὼ
721 2545 796 2584 <mai
813 2545 866 2575 δεῖν
888 2545 972 2586 [scil.
994 2545 1091 2585 σώζειν

371 2584 484 2626 αυτόν]

413 2630 521 2659 —25.
538 2628 667 2671 κρύβδην]
690 2630 773 2661 Citat
796 2631 826 2661 h.
851 2632 872 2663 l.
895 2632 1029 2663 Thomas
1045 2632 1090 2662 M.

374 2683 403 2702 v.
419 2671 522 2711 κρύφα.

415 2733 459 2737 ——
475 2718 527 2746 26.
548 2717 628 2745 ἀλλὰ
649 2715 698 2745 καὶ
719 2718 805 2748 τοῦτο
827 2717 875 2747 καὶ
898 2718 1018 2748 πάντων
1033 2719 1092 2758 ἄξι-

371 2759 452 2800 στα]
469 2759 600 2797 primum
614 2759 662 2789 καὶ
679 2760 801 2790 sustuli.
846 2762 906 2791 Sed
924 2762 980 2792 lzoc
995 2763 1092 2792 homi—

373 2812 445 2832 num
462 2803 596 2832 omnium
618 2803 667 2832 vel
693 2803 810 2842 optime
825 2804 912 2834 novit
925 2804 964 2841 is,
981 2806 1032 2844 qui
1049 2806 1091 2834 le-

374 2856 441 2885 gem
458 2845 645 2875 tabellarium
669 2847 749 2877 tulit.
793 2847 855 2876 Sed
871 2848 981 2886 ecquid
998 2849 1024 2878 is
1040 2859 1092 2878 no·

374 2888 440 2918 vit?
468 2890 524 2918 hoc
548 2899 669 2928 nempe,
690 2890 815 2928 judices
837 2890 866 2919 in
891 2892 1015 2921 ferenda
1038 2902 1092 2931 per

374 2932 502 2962 tabellas
526 2932 677 2962 sententia
695 2933 775 2963 mala
801 2933 908 2964 frande
929 2935 1091 2964 abutentes

373 2975 410 3003 ad
442 2976 662 3006 absolvendum
690 2981 794 3006 sontes
822 2977 1032 3016 deprehensos
1061 2982 1091 3008 et

372 3018 545 3055 confessos,
556 3019 636 3050 haud
651 3019 759 3050 fallere
775 3020 862 3051 deos.

1179 320 1221 325 —-
1235 312 1305 343 pen.
1321 302 1366 334 διὰ
1381 303 1428 344 τι]
1450 302 1518 334 dele
1532 302 1591 333 ista
1605 301 1720 341 inepta,
1738 300 1849 331 oratio-

1136 355 1204 375 nem
1228 347 1449 382 conturbatio,
1471 352 1502 377 et
1529 345 1736 385 suspicionem
1763 343 1849 374 dese-

1136 392 1217 424 ctus,
1233 389 1286 419 sed
1303 389 1409 419 illam'
1401 400 1532 425 manem,
1545 388 1710 420 moventia.
1724 386 1849 418 videtur

1136 431 1204 461 aliis
1229 432 1259 462 in
1285 432 1372 462 libris
1395 432 1490 463 fuisse
1505 443 1548 456 ·—-
1562 430 1758 472 ψηφίζεσθαι·
1778 428 1850 459 διότι

1136 475 1240 505 τούτων
1263 474 1320 514 μὲν
1341 492 1385 498 --
1407 475 1436 505 in
1459 475 1528 505 aliis
1552 474 1626 516 ψηφ.
1647 474 1691 505 ὃτι
1713 472 1850 514 (syllaba

1135 518 1262 567 minus).
1260 518 1366 550 τούτων
1375 517 1430 559 μὲν
1440 536 1477 542 —-
1488 518 1599 558 quibus
1609 519 1728 548 duabus
1737 515 1849 546 lectio-

1136 562 1225 591 nibus
1254 560 1287 591 in
1319 572 1406 592 unam
1429 561 1580 597 conflatis,
1605 561 1739 599 vulgatae
1763 568 1848 589 mon-

1135 608 1230 634 strum
1254 605 1384 636 exstitit.
1429 606 1615 635 Alterutrum
1637 614 1725 643 ergo,
1750 607 1848 632 utram

1135 647 1194 683 vis,
1209 647 1328 678 illarum
1342 648 1501 678 meliorum
1518 647 1682 678 lectionum
1693 645 1833 676 restitue.

1176 691 1310 721 —ibid.
1325 691 1446 731 τούτων]
1471 701 1561 731 quos,
1582 689 1706 720 tametsi
1731 691 1849 723 sontes,

1134 738 1246 772 praeter
1278 736 1329 774 jus
1358 739 1389 765 et
1417 735 1476 770 sas,
1514 734 1618 764 saucia
1647 730 1850 765 conscientia,

1134 776 1269 807 scientes
1291 778 1496 809 absolveritis.
1517 778 1556 808 ad
1583 777 1639 807 hos
1656 775 1780 807 eosdem
1796 783 1851 804 ne-

1134 820 1236 858 quiter
1250 821 1408 852 absolutos
1424 821 1515 852 etiam
1537 819 1647 855 τούτοις
1660 829 1755 850 versu
1767 819 1799 848 4.
1815 827 1850 856 p.

1134 865 1208 894 416.
1221 864 1312 894 redit.

1175 909 1251 937 416.
1264 909 1294 937 ¹2.
1309 906 1441 949 ἑκάστῳ]
1463 906 1592 937 subaudi
1607 906 1698 946 ὑμῶν,
1718 908 1772 935 aut
1795 904 1849 932 τῶν

1133 947 1285 980 δικαστῶν.

1175 1009 1220 1014 —
1235 995 1287 1023 13.
1302 991 1401 1032 τουτο]
1418 992 1574 1023 accusatio
1587 989 1756 1022 Timarchi-

1176 1052 1220 1057 —
1233 1035 1285 1065 15.
1301 1038 1356 1065 τῶν
1371 1033 1635 1076 orsorgschufaeivoev]
1658 1034 1782 1065 videtur
1794 1042 1849 1062 κα.-

1132 1088 1187 1112 κως
1200 1079 1249 1108 vel
1265 1079 1394 1121 αἰσχρῶς
1404 1089 1448 1108 σοι
1463 1077 1730 1119 interponendum.

1174 1137 1222 1144 —·
1242 1124 1295 1152 16.
1318 1124 1485 1162 κατηγορῶν,
1514 1120 1626 1156 ἐκείνους
1646 1131 1710 1155 τους
1733 1116 1848 1158 λόγους]

1131 1165 1257 1194 correxi
1271 1166 1311 1195 de
1326 1176 1405 1200 meo,
1419 1168 1577 1206 κατηγορῶν
1592 1163 1739 1200 ἐκείνου,ἰη
1755 1172 1846 1192 accu-

1131 1207 1248 1238 satione
1268 1210 1348 1248 ejus,
1361 1209 1515 1239 Timarchi
1531 1213 1615 1259 puta,
1628 1206 1792 1237 sententias
1808 1205 1848 1234 il·

1130 1251 1175 1281 las
1191 1252 1331 1289 projecit,
1347 1262 1415 1291 quae
1431 1261 1511 1282 nuno
1537 1252 1567 1281 in
1589 1260 1657 1281 eum
1674 1250 1846 1288 insurgent,

1130 1298 1161 1323 et
1173 1300 1314 1334 tanquam
1327 1305 1408 1326 arma
1418 1294 1543 1327 inversa
1553 1298 1605 1325 aut
1614 1297 1730 1324 retorta
1744 1292 1846 1332 ipsum

1127 1337 1250 1368 ferient.

1170 1398 1215 1404 —
1227 1384 1278 1412 18.
1295 1379 1403 1421 δίκαιοι]
1420 1380 1487 1411 scil.
1500 1383 1580 1412 κατὰ.
1594 1380 1759 1420 Τιμάρχου.

1170 1441 1212 1447 -
1230 1427 1282 1455 24.
1298 1428 1371 1461 πῶς,
1386 1425 1427 1458 τί,
1442 1436 1506 1458 τους
1521 1423 1677 1463 δικαστὰς]
1698 1424 1849 1452 commata

1129 1465 1225 1507 signis
1237 1467 1446 1508 interrogandi
1460 1467 1586 1498 mutavi.
1599 1469 1676 1500 πῶς·
1669 1490 1678 1505 ,
1693 1464 1846 1505 quomodo

1129 1510 1335 1541 existimatis?
1355 1513 1425 1545 πῶς
1440 1509 1544 1549 οἷέσΘε;
1567 1508 1609 1545 τί,
1625 1509 1692 1539 scil.
1709 1507 1768 1538 ἐποι
1761 1506 1846 1545 ζησ-οι;

1129 1553 1203 1592 quid
1219 1554 1295 1584 feci‘!
1314 1555 1372 1584 hoc
1387 1559 1446 1590 est,
1461 1534 1609 1590 nostisue,
1624 1552 1697 1592 quid
1710 1551 1844 1591 egerim?

1128 1601 1181 1626 aut
1198 1597 1262 1627 sic:
1287 1595 1328 1634 τί,
1342 1598 1408 1628 scil.
1424 1598 1545 1638 νεώτερον
1559 1596 1669 1635 γέγονες
1685 1595 1760 1634 quid
1772 1594 1846 1624 novi

1128 1640 1251 1670 evenit?
1267 1641 1418 1671 tenetisne
1432 1641 1510 1671 hoc
1504 1642 1514 1661 ³
1530 1641 1631 1670 dicam
1647 1638 1747 1669 vobis.
1760 1637 1847 1678 judi-

1129 1693 1181 1713 ces
1195 1684 1393 1714 circumveni.

1170 1744 1213 1749 --
1230 1729 1282 1759 25.
1297 1726 1480 1769 ὑφελόμενος]
1504 1726 1535 1756 in
1550 1724 1717 1766 ὑφελόμενος
1733 1724 1847 1755 desiuit:

1127 1770 1304 1801 assimulata
1316 1771 1412 1801 oratio
1427 1769 1645 1801 Demosthenis
1659 1769 1698 1798 ad
1709 1778 1782 1798 suos
1795 1778 1846 1798 so-

1127 1812 1224 1843 dales.
1248 1815 1313 1853 jam
1340 1825 1446 1844 rursus
1476 1813 1594 1843 orditur·
1617 1811 1774 1842 AEschinis
1805 1811 1845 1840 ad

1127 1858 1217 1887 Dem.
1233 1857 1341 1894 oratio,
1354 1868 1392 1888 ex
1410 1858 1476 1897 ejus
1489 1856 1639 1891 oratione,
1651 1855 1758 1885 nescio
1773 1864 1844 1894 qua,

1126 1899 1187 1929 huc
1203 1900 1358 1931 translata.

1168 1961 1211 1967 —
1228 1946 1280 1974 26-
1295 1946 1338 1983 μὴ
1360 1943 1447 1984 σύγε]
1472 1943 1541 1974 scil.
1562 1942 1663 1982 ὑφελοῧ
1689 1941 1745 1970 τῶν
1766 1939 1846 1969 Brua-

1126 1988 1204 2016 στῶν
1218 1987 1251 2017 τὸ
1268 1989 1397 2027 πςᾶγμα
1416 1987 1501 2026 eripe
1518 1991 1549 2016 et
1564 1989 1716 2024 extorque
1728 1983 1844 2023 judici-

1126 2031 1185 2060 bus
1202 2031 1367 2061 occoecatis
1384 2041 1500 2060 verum.

1169 2091 1212 2096 ——
1230 2076 1282 2104 27.
1293 2073 1360 2103 τότε
1373 2073 1395 2103 δ’
1399 2097 1407 2110 ,
1419 2071 1494 2104 ἡνίκα
1507 2071 1566 2112 -—]
1583 2081 1641 2101 non
1659 2070 1761 2105 video,
1775 2080 1844 2109 quae

1126 2117 1296 2147 tolerabilis
1312 2117 1461 2146 sententia
1475 2117 1608 2155 vulgatae
1624 2114 1717 2143 tribui
1732 2114 1845 2152 possit,

1126 2165 1159 2190 ut
1186 2160 1386 2200 percipiendo
1408 2159 1459 2189 sit.
1502 2157 1777 2188 Comminiscamur
1799 2156 1845 2186 in—

1126 2202 1216 2232 terim
1243 2208 1395 2232 oratorem
1425 2202 1472 2232 sic
1497 2200 1680 2241 reliquisse:
1709 2199 1776 2229 τότε
1804 2199 1845 2235 δὲ,

1127 2245 1203 2276 ἡνίκα.
1217 2244 1272 2286 ἐμὲ
1289 2247 1394 2287 κρινεῖς,
1412 2244 1530 2285 ἐξέσται
1551 2255 1596 2274 σοι
1619 2253 1782 2283 κατηγορειν
1796 2243 1846 2272 καὶ

1125 2288 1217 2326 λέγειν
1244 2288 1288 2319 ὅτι
1314 2287 1406 2331 emp.
1433 2294 1496 2319 tum
1520 2287 1666 2326 temporis
1682 2296 1766 2320 velo,
1791 2286 1843 2315 ubi

1125 2342 1173 2361 me
1191 2333 1220 2361 in
1239 2322 1401 2373 judiciuin
1417 2332 1555 2366 vocabis,
1582 2335 1645 2360 tum
1663 2329 1771 2359 licebit
1787 2329 1844 2359 tibi

1125 2385 1320 2415 quascunque
1357 2375 1445 2406 voles
1479 2374 1704 2405 criminationes
1732 2373 1763 2402 in
1794 2382 1844 2403 me

1125 2419 1275 2449 conferre.

1167 2478 1211 2484 ·-
1226 2463 1279 2492 ult.
1293 2461 1381 2503 ἔχων]
1399 2462 1532 2492 cohaeret
1547 2470 1615 2490 cum
1632 2458 1846 2501 παρασχέσθαι

1125 2515 1215 2535 versu
1234 2509 1263 2535 1.
1281 2516 1312 2544 p.
1326 2509 1401 2536 417.
1418 2505 1500 2535 idem
1517 2511 1565 2534 est
1579 2508 1687 2556 atque
1696 2503 1723 2533 si
1745 2503 1844 2533 dixis-

1127 2553 1195 2577 set:
1213 2548 1269 2578 οὐδε
1273 2560 1303 2578 να
1316 2549 1450 2589 μάρτυροι
1466 2548 1585 2583 τούτων,
1599 2545 1645 2586 ἐφ
1659 2557 1695 2580 οις
1705 2545 1785 2586 ἐ’κςινε
1797 2545 1845 2576 τόν

1126 2590 1290 2631 ἄνθρωπον,
1303 2591 1449 2631 δυνάμενος
1463 2589 1689 2631 παρασχέσθαι.

1169 2636 1243 2664 417.
1259 2637 1289 2664 8.
1304 2633 1473 2675 Θεώξησον,
1459 2646 1495 2668 ως
1509 2633 1571 2674 ’ἔχει
1584 2632 1617 2662 rra
1629 2632 1779 2673 πρᾶγμα]
1795 2643 1845 2662 sa-

1126 2677 1189 2706 tius
1206 2678 1311 2717 utique
1327 2678 1438 2708 suisset
1451 2682 1605 2707 oratorem
1621 2675 1666 2704 sio
1682 2676 1773 2714 plene
1798 2675 1844 2704 lo-

1127 2726 1229 2750 cutum
1254 2732 1343 2751 esse:
1367 2721 1516 2762 &migne-ov,
1535 2720 1571 2753 ὡς
1593 2717 1721 2758 τοσούτῳ
1745 2730 1790 2748 σοι
1811 2730 1846 2748 το

1126 2762 1173 2792 σὸν
1188 2766 1314 2804 πρᾶγμα
1335 2764 1400 2805 (vel
1413 2762 1567 2804 ἔγκλημα.)
1589 2762 1683 2791 κάκιον
1707 2761 1755 2791 καὶ
1779 2761 1844 2792 ἔπι-

1126 2806 1320 2847 σφαλεστερον
1334 2806 1406 2849 ἔχει.

1168 2868 1212 2873 ——
1234 2854 1286 2881 12.
1316 2852 1362 2886 ὡς,
1389 2849 1480 2891 εἶπες]
1507 2847 1629 2879 correxi
1653 2846 1725 2877 ὥστ’
1750 2848 1845 2888 εἴα-ες.

1126 2899 1314 2933 quapropter
1337 2894 1362 2923 si
1387 2893 1461 2922 alias
1486 2902 1607 2931 semper
1631 2901 1704 2921 vera
1733 2896 1782 2921 est
1800 2892 1844 2921 fa-

1127 2947 1184 2973 ma,
1202 2946 1354 2977 nunquam
1377 2936 1466 2971 saliit,
1486 2935 1579 2965 etiam
1598 2935 1628 2965 in
1654 2934 1744 2964 vobis
1773 2945 1845 2965 vera

1126 2985 1184 3011 est.

1169 3041 1210 3048 --
1227 3025 1275 3054 14.
1293 3022 1351 3064 δει]
1373 3027 1444 3063 post
1463 3021 1506 3052 δεῖ
1522 3022 1646 3053 videtur
1668 3019 1846 3062 ὑπολαμβά-
