1931 3322
449 186 533 227 AD
567 185 745 227 ORAT.
778 183 861 225 DE
894 182 1276 226 SYMMORHS.·

120 291 255 334 μηγορίαν
281 292 378 324 fnisse
402 293 562 324 affirmanti
590 292 706 332 opponi
732 291 835 332 possit

121 347 162 366 ex
175 336 245 367 loco
258 337 418 367 Plutarchi
428 337 559 376 petitum
574 336 605 366 in
616 337 655 367 V.
671 335 831 366 Demosth.

83 416 85 418 q
118 389 151 418 p.
169 381 243 410 848.
266 381 305 410 E.
328 390 418 419 quem
433 381 535 410 locum
553 380 627 420 quia
641 379 689 409 vir
703 379 831 409 doctiss

118 422 268 460 Taylorns
284 422 316 452 in
338 424 469 454 Schedis
489 429 561 463 post
584 424 651 462 ejus
676 423 795 452 obitum
814 432 834 451 a

118 465 249 496 Reiskio
275 466 368 497 editis
393 467 599 506 adscripserat
624 466 653 496 ei
676 465 724 495 sni
749 475 833 494 com-

118 509 258 539 mentarii
272 509 365 548 parti,
378 521 446 549 quae
459 511 498 540 de
513 510 659 540 Oratione
671 508 742 548 περὶ
751 514 832 546 Συμ-

116 553 219 591 μοριῶν
238 555 350 592 agebat
373 554 432 595 (cf.
457 555 558 584 Oratt.
582 554 635 582 Gr.
658 552 719 581 vol.
737 551 831 580 VIlI.

117 603 150 632 P·
166 597 241 626 ¹753.
263 595 363 637 sqq.)‚
384 597 566 636 quibusdam
592 595 671 625 forte
688 594 833 623 videatur

116 638 258 668 consulto
273 639 432 675 citavisse,
449 644 482 669 ut
497 640 569 668 inde
585 637 726 677 Dionysii
741 637 832 668 fidem

117 679 308 719 aliquatenus
344 683 553 712 labefactaret.
617 681 719 710 Verba
756 680 832 710 Plu-

117 723 216 752 tarchi
241 724 307 754 haec
338 729 427 756 sunt:
458 725 493 754 τὸ
522 725 629 764 πρῶτον
657 722 833 765 ἐντυγχάνων

117 765 162 803 τῷ
183 765 265 805 δήμῳ
285 765 411 807 θορύξοις
429 767 620 808 περιέπιπτε,
640 767 689 797 καὶ
710 778 832 806 κατεγε-

116 810 193 838 λῐίτο
207 808 242 839 δι’
251 809 367 840 ἀήθειαν
381 811 431 840 τοῦ
443 811 539 850 λόγου,
553 809 753 851 συγκεχύσθαι
766 813 834 845 ταῖς

117 851 248 892 περιόδοις
271 852 319 883 καὶ
334 851 539 886 &emanarent
554 856 614 888 τοῖς
636 852 834 893 ἐνθυμήμασιν

117 897 230 934 πικρῶς
251 895 324 933 ἄγαν
342 896 389 926 καὶ
407 897 571 937 κατακόρως
590 898 738 931 δοκοῦντος·
761 895 790 927 ’ἦν
804 897 832 928 δέ

117 948 162 971 τις
177 936 232 979 (ὡς
250 938 336 981 ἔοικε)
351 940 400 969 καὶ
412 942 501 979 φωνῆς
514 939 654 976 ἀσθένειαι,
669 940 717 970 καὶ
736 941 833 978 γλώτ-

116 991 168 1014 της
182 982 322 1022 ἀσάφεια,
337 982 385 1012 καὶ
401 985 565 1023 πνεύματος
581 983 745 1018 κολοβότης,
762 982 831 1013 {wt-

116 1025 307 1064 ταράττουσα
329 1025 377 1056 ’τὸν
395 1027 450 1056 νοῦν
469 1029 526 1056 τῶν
543 1026 699 1064 λεγομένων
713 1027 756 1065 τῷ
771 1027 830 1057 δια-

117 1067 261 1097 coi-&53:2⁶
275 1068 332 1102 τὰς
346 1068 494 1108 περιόδους,
508 1068 621 1107 quibus
638 1069 699 1098 alia
713 1070 832 1100 addun-

117 1114 167 1140 tur
197 1111 236 1141 ed
267 1111 395 1142 eandem
423 1121 488 1141 rem
516 1111 713 1150 pertinentia.
763 1113 832 1141 Jam

119 1154 213 1188 dicas,
229 1153 255 1184 si
271 1164 344 1184 vera
363 1153 426 1184 sint
445 1164 494 1190 ea,
516 1164 585 1192 quae
606 1154 745 1191 prodidit
760 1155 834 1184 Plu-

117 1197 253 1232 tarchus,
281 1207 352 1226 eum
384 1196 426 1226 τὸ
455 1198 595 1236 πρῶτον
624 1193 836 1236 ἐντυγχάνοντα

117 1238 161 1279 τῷ
184 1239 265 1279 δήμῳ
285 1250 346 1269 non
372 1244 489 1270 tantum
512 1248 659 1269 successu
682 1238 832 1274 caruisse,

118 1293 226 1313 verum
240 1282 331 1312 etiam
346 1293 474 1322 prorsus
493 1283 652 1312 confusum
673 1285 764 1320 atque
779 1281 833 1311 de-

112 1326 231 1364 jectum
253 1337 346 1356 causa
369 1336 424 1356 sua
450 1325 616 1361 cecidisse,
640 1324 709 1364 ipse
733 1329 833 1354 autem

119 1369 345 1400 Demosthenes
367 1369 398 1400 in
414 1371 500 1399 Orat.
518 1369 558 1399 de
575 1369 679 1399 Rhod.
693 1367 748 1397 lib.
766 1369 793 1398 Ι.
807 1369 835 1398 Ι.

118 1411 175 1442 hac
188 1422 206 1442 a
222 1423 255 1442 se
271 1413 372 1445 habita
383 1412 542 1447 Oratione,
554 1417 696 1450 tanquam
712 1421 746 1440 re
758 1412 833 1441 bene

119 1459 220 1494 gesta,
241 1455 400 1494 glorietur,
427 1455 476 1485 καὶ
502 1455 549 1486 οὐκ
574 1454 629 1492 ἐγὼ
655 1454 710 1494 μὲν
735 1455 833 1484 ταῦτα

118 1497 207 1533 εἶπον,
222 1499 290 1538 ὑμῖν
306 1498 331 1530 δ’
345 1499 393 1530 οὐκ
413 1498 518 1529 ἐδόκουν
536 1497 617 1538 ὅρθῶς
636 1496 738 1536 λέγειν,
753 1499 834 1528 ἀλλὰ

118 1541 166 1570 καὶ
183 1542 252 1580 ὑμῖν
266 1542 363 1582 ἤρεσκε
377 1543 488 1578 ταῦτα,
505 1552 635 1581 cumque
653 1552 691 1572 eo
707 1551 835 1571 consen-

119 1584 179 1614 tiat
199 1586 366 1626 Philippus
397 1586 428 1615 in
456 1586 556 1626 Epist.
575 1585 598 1614 l.
619 1595 648 1614 c.
672 1584 834 1615 manifesto

119 1627 229 1658 falsam
263 1640 332 1660 esse
360 1629 506 1669 Dionysii
534 1628 743 1664 traditionem,
775 1639 835 1667 qua

118 1671 186 1701 haec
195 1671 295 1711 prima
305 1673 441 1703 omnium
452 1671 670 1702 Demosthenis
681 1669 835 1712 δημηγορία

118 1715 216 1746 fuisse
240 1721 402 1747 statuatur.
445 1716 508 1746 Sed
529 1716 629 1755 primo
649 1716 834 1744 monendum

120 1762 180 1794 est,
206 1768 265 1788 non
285 1759 384 1799 magis
405 1759 547 1790 laborare
563 1759 643 1788 hanc
659 1758 835 1788 Orationem

117 1801 312 1840 longioribus
344 1802 483 1842 periodis
515 1801 835 1842 frequentioribusque

120 1845 410 1884 enthymematibus,
440 1855 531 1885 quam
555 1845 692 1885 reliquas
719 1846 834 1874 Demo-

121 1888 289 1924 sthenicas,
320 1889 443 1919 tametsi
473 1892 603 1928 utroque
633 1889 692 1918 hoc
723 1898 835 1927 genere

119 1930 180 1961 rite
198 1931 336 1962 adhibito
354 1943 477 1972 semper
491 1942 678 1972 magnopere
699 1931 835 1962 delecta-

119 1978 170 2005 tus
195 1975 288 2006 suerit
314 1977 436 2006 Orator.
459 1976 531 2006 Vid.
555 1976 771 2013 Hermogenes
796 1975 836 2004 de

121 2018 244 2049 Invent.
261 2019 281 2048 1.
299 2019 357 2049 lv,
371 2019 468 2059 princ.
499 2020 599 2049 Immo
613 2018 731 2049 veroin
747 2029 836 2058 argu-

121 2067 225 2092 mento
244 2062 405 2092 rbetoricae
428 2062 503 2092 artis
519 2062 574 2092 vix
591 2061 712 2102 capaci,
732 2062 762 2091 in
780 2072 836 2091 ex-

121 2105 267 2145 ponenda
285 2106 402 2136 ratione
418 2105 616 2136 instituendae
637 2105 683 2135 rei
704 2105 835 2142 navalis,

121 2148 166 2178 ita
181 2153 324 2181 versatus
340 2154 398 2185 est,
416 2154 450 2179 ut
465 2159 592 2189 prorsus
608 2149 836 2179 assentiendum

121 2192 267 2222 videatur
290 2193 470 2229 H.Wolfio‚
491 2192 543 2232 qui
564 2192 596 2222 in
612 2192 836 2222 Commentario

124 2235 163 2265 ad
174 2235 250 2265 hanc
263 2236 454 2273 Orationem,
466 2240 486 2254 “
499 2237 587 2276 Opus
601 2246 684 2272 esse,
695 2236 748 2272 ait,
764 2246 838 2274 qua-

124 2278 195 2309 dam
210 2279 302 2310 animi
319 2280 499 2315 attentione,
520 2289 623 2319 quam,
646 2290 715 2309 cum
731 2289 837 2309 omnes

123 2322 344 2354 Demosthenis
379 2324 532 2354 orationes
569 2323 736 2363 postulent,
771 2323 836 2352 haec

121 2365 215 2395 etiam
241 2365 391 2405 flagitet.”
433 2367 472 2397 In
498 2366 617 2406 reliqua
643 2371 744 2396 autem
774 2377 837 2396 ser-

123 2408 224 2439 monis
251 2414 349 2448 parte,
387 2420 454 2450 quae
484 2409 515 2439 in
546 2409 683 2440 uberiori
711 2410 838 2439 materia

123 2457 216 2491 atque
246 2452 324 2482 adeo
354 2452 387 2483 in
425 2453 647 2482 deliberatione
686 2453 725 2482 de
756 2453 837 2483 bello

124 2495 253 2526 Persico
276 2497 403 2535 ejusque
424 2496 575 2526 subsidiis
602 2503 754 2531 versatur,
780 2507 838 2525 non

125 2539 274 2569 minorem
303 2549 337 2568 se
372 2540 501 2578 praebet,
536 2549 626 2578 quam
653 2540 684 2569 in
716 2539 838 2569 caeteris

125 2592 194 2622 quae
227 2582 360 2612 maxime
388 2583 584 2612 celebrantur
619 2582 835 2612 Orationibus:

125 2635 183 2656 nec
206 2624 298 2656 facile
325 2636 383 2664 ego
411 2626 488 2655 hanc
509 2625 590 2656 inter
619 2636 672 2656 eas
696 2626 839 2662 referam,

125 2668 166 2699 de
190 2668 304 2708 quibus
327 2669 437 2699 Cicero
459 2669 552 2704 dixit,
579 2668 747 2705 Plutarcho
771 2680 836 2698 nar-

124 2717 212 2743 rante
243 2712 274 2741 ia
298 2712 338 2742 V.
367 2712 470 2743 Cicer.
501 2723 532 2751 p.
561 2714 634 2743 872.
661 2713 696 2742 F.
727 2711 838 2753 ἐνιαχοῦ

125 2757 183 2786 τοῖν
210 2755 300 2793 λόγων
331 2754 537 2795 &vrowa-‘niffen
570 2754 617 2784 τὲν
643 2755 838 2794 Δημοσθένην.

124 2798 221 2828 Illum
242 2803 342 2829 autem
357 2799 545 2838 superiorem
562 2799 664 2828 locum
682 2798 841 2828 Plutarchi

125 2841 166 2872 de
193 2842 401 2872 Demosthene
426 2852 445 2872 a
467 2841 585 2882 populo
607 2841 686 2872 male
711 2846 839 2880 accepto

1497 184 1580 225 443

867 300 928 320 non
951 289 1144 319 referendum
1170 300 1238 320 esse
1263 290 1300 320 ad
1322 289 1498 319 Orationem
1516 288 1580 328 περὶ

866 334 1034 373 Συμμοριῶν
1055 333 1191 363 indicant
1215 333 1288 368 illae,
1308 343 1383 372 quas
1403 335 1467 372 jam
1490 336 1581 362 antea

866 377 1015 406 habuerat
1035 380 1141 405 contra
1166 380 1295 412 tutores,
1317 376 1451 415 itemque
1471 380 1580 405 contra

866 419 1085 451 Androtionem
1112 423 1142 447 et
1169 420 1340 458 Leptinem,
1364 430 1431 458 quae
1453 418 1578 457 quidem

866 463 999 493 omnium
1022 471 1173 491 consensu
1191 462 1272 491 inter
1294 473 1346 492 eas
1367 466 1567 492 recensentur

866 517 934 545 quae
955 505 1069 544 optime
1091 508 1162 534 sunt
1185 505 1367 534 elaboratae:
1392 505 1502 544 quibus
1523 504 1578 533 ad-

865 550 941 579 dunt
965 548 1019 578 alii
1041 547 1282 577 Timocrateam:
1304 558 1432 586 quarum
1454 547 1579 587 quidem

865 592 1017 622 nonnullae
1040 591 1074 621 in
1094 590 1252 629 frequenti
1268 590 1387 629 judicio
1407 590 1579 620 Athenien-

866 636 957 671 sium,
983 637 1071 674 cujus
1097 636 1194 673 major
1218 643 1289 672 pars
1313 633 1485 672 composita
1512 643 1580 663 esse

866 679 986 709 solebat
1004 689 1044 709 ex
1060 678 1212 708 inferioris
1227 676 1290 706 loci
1306 676 1490 712 hominibus,
1500 676 1579 706 reci-

866 727 937 752 tatae
964 723 1099 758 fuerunt,
1131 720 1342 751 Demosthene
1368 729 1492 749 causam
1512 718 1580 748 vin-

866 771 965 796 cente.
988 766 1089 805 igitur
1100 775 1156 804 par
1171 768 1218 794 est
1231 768 1265 793 ut
1277 763 1450 796 credamne,
1466 762 1581 790 Demo-

866 810 1005 839 sthenem
1022 813 1141 849 postea,
1167 817 1257 847 quum
1278 807 1317 836 ad
1333 806 1480 846 populum
1495 804 1581 843 loqui

866 853 1025 892 coepisset,
1041 853 1129 891 cujus
1142 860 1280 890 magnam
1296 854 1413 889 partem
1431 858 1498 877 eum
1515 848 1581 886 jam

867 897 1026 926 audivisse
1051 895 1197 925 credibile
1224 899 1282 929 est,
1307 902 1417 923 causas
1439 890 1582 930 publicas

866 944 1006 978 agentem
1023 950 1057 970 se
1073 949 1132 968 non
1145 937 1316 968 inferiorem
1333 935 1515 975 praebuisse.
1542 934 1584 964 Et

867 993 940 1013 sane
965 983 1020 1013 vix
1045 983 1172 1012 videtur
1192 981 1286 1010 otium
1304 978 1508 1009 Demostheni
1531 987 1581 1006 su-

867 1026 1032 1064 perfuisse,
1050 1026 1076 1055 si
1090 1027 1166 1056 hanc
1180 1023 1356 1054 Orationem
1373 1023 1502 1061 primam
1515 1021 1582 1059 ejus

866 1069 1035 1109 δημηγορίαν
1060 1069 1156 1098 fuisse
1184 1066 1338 1102 statueris,
1367 1066 1406 1095 ad
1440 1063 1583 1094 difficiles

866 1112 935 1141 illas
954 1113 1187 1150 *diuturnasque
1217 1110 1467 1143 exercitationes,
1506 1117 1582 1145 quas

867 1155 1044 1185 adhibuisse
1067 1155 1192 1189 dicitur,
1222 1158 1255 1183 nt
1279 1152 1420 1191 corporis
1445 1150 1582 1180 habitum

867 1205 1036 1234 vocemque
1052 1198 1234 1236 corrigeret,
1247 1197 1400 1236 siquidem
1413 1195 1491 1224 hanc
1507 1194 1584 1223 Ora-

867 1238 981 1267 tionem
996 1239 1135 1277 sequitnr
1153 1240 1238 1269 nullo
1259 1240 1323 1269 fere
1343 1238 1491 1277 temporis
1514 1246 1584 1275 spa-

867 1281 910 1310 tio
927 1281 1099 1320 interrupta
1112 1283 1210 1311 series
1224 1282 1406 1320 reliquarum
1423 1281 1462 1309 ab
1479 1290 1516 1310 eo
1532 1280 1585 1308 ha-

868 1324 1014 1354 bitarum:
1052 1324 1257 1356 Timocratea,
1291 1335 1348 1363 pro
1380 1322 1587 1362 Megalopoli-

867 1367 960 1403 tanis,
973 1367 1034 1408 περὶ
1049 1366 1221 1404 Συντάξεως,
1235 1366 1266 1394 in
1278 1366 1514 1401 Aristocratem,
1529 1376 1585 1405 pro

869 1411 1011 1447 Rhodiis,
1027 1416 1096 1440 caet.
1141 1410 1203 1439 Sed
1225 1408 1251 1438 si
1272 1410 1311 1439 ad
1327 1415 1466 1447 tempora
1481 1409 1587 1448 priora

868 1454 1053 1493 respexeris,
1075 1454 1197 1483 abunde
1219 1453 1320 1482 locum
1351 1452 1463 1482 habere
1493 1457 1586 1491 potu·

868 1502 956 1527 erunt
981 1497 1034 1527 illa
1058 1496 1145 1526 cellae
1178 1497 1384 1526 subterraneae
1409 1495 1584 1531 aedificatio,

868 1541 960 1580 inque
976 1551 1012 1570 ea
1033 1540 1149 1579 saepius
1167 1539 1298 1579 repetita
1316 1538 1513 1568 commoratio
1528 1549 1586 1578 per

869 1585 948 1614 duos
970 1590 1074 1614 tresve
1095 1593 1216 1613 menses
1239 1582 1413 1617 continuos,
1430 1582 1587 1620 barbaque

868 1628 966 1658 altera
984 1632 1071 1667 parte
1087 1627 1207 1663 abrasa,
1226 1625 1379 1665 siquidem
1393 1625 1465 1655 inde
1486 1635 1503 1654 a
1518 1635 1588 1655 sus-

868 1676 959 1711 cepta
982 1671 1036 1701 lite
1060 1670 1210 1700 adversus
1231 1674 1349 1699 tutores
1374 1668 1413 1698 ad
1436 1678 1502 1698 eam
1519 1677 1587 1707 quae

869 1714 1010 1754 proxime
1048 1713 1188 1752 sequitur
1221 1717 1330 1742 contra
1362 1711 1585 1741 Androtionem

869 1767 979 1788 novem
1004 1758 1072 1787 anni
1098 1756 1197 1786 fuisse
1223 1756 1379 1786 videntur.
1424 1755 1472 1785 Cf.
1493 1764 1587 1793 supra

869 1801 954 1831 dicta
968 1801 1034 1831 init.
1083 1800 1314 1831 Existimandus
1329 1799 1426 1838 igitur
1451 1802 1500 1828 est
1514 1798 1590 1827 Plu-

871 1845 993 1874 tarchus
1018 1845 1140 1873 locutus
1162 1854 1230 1873 esse
1253 1843 1293 1872 de
1313 1842 1443 1881 quadam
1472 1841 1589 1870 Demo·

870 1888 987 1917 sthenis
1002 1887 1161 1922 Oratione,
1185 1897 1275 1925 quam
1298 1885 1390 1914 etiam
1409 1889 1479 1914 ante
1499 1884 1586 1914 illam

871 1936 977 1961 contra
987 1930 1209 1961 Androtionem
1220 1929 1250 1958 in
1267 1928 1414 1958 concione
1433 1927 1587 1962 habuerit,

872 1976 959 2014 cujus
977 1974 1136 2013 exemplar
1160 1983 1259 2012 neque
1277 1982 1356 2001 nnnc
1376 1971 1530 2001 invenitur
1554 1970 1586 2000 iu

872 2017 1010 2057 reliquiis
1034 2015 1294 2051 Demosthenicis,
1326 2025 1423 2054 neque
1453 2024 1584 2054 unquam

870 2062 950 2091 sorte
973 2061 1002 2091 in
1028 2061 1185 2100 publicum
1204 2059 1299 2088 fuerit
1320 2058 1436 2088 editum
1458 2062 1588 2097 propter

871 2105 926 2135 illa
942 2105 1009 2145 ipsa
1025 2104 1101 2135 vitia
1117 2114 1133 2133 a
1146 2103 1313 2133 Plutarcho
1325 2101 1488 2131 recensita.
1509 2101 1587 2130 Dio-

871 2148 952 2188 nysii
969 2148 1065 2187 igitur
1080 2145 1299 2180 testimonium,
1314 2145 1397 2184 quod
1413 2144 1497 2174 docti
1515 2143 1587 2179 viri,

871 2192 1008 2221 historiae
1029 2191 1173 2221 literariae
1190 2189 1383 2229 peritissimi,
1402 2189 1465 2217 fere
1483 2197 1586 2217 omnes

872 2235 970 2265 secuti
992 2243 1073 2270 sunt,
1095 2235 1150 2264 hac
1167 2233 1284 2263 ratione
1296 2233 1418 2262 omnino
1433 2236 1514 2261 stare
1531 2241 1587 2269 po-

871 2279 958 2314 terit,
979 2279 1006 2308 si
1031 2277 1204 2312 admiseris,
1227 2277 1304 2306 hanc
1321 2275 1499 2304 Orationem
1524 2274 1587 2314 περὶ

871 2325 1039 2362 Συμμοριῶν
1054 2321 1183 2361 primam
1203 2319 1312 2355 fuisse,
1333 2319 1360 2347 si
1377 2317 1524 2356 temporis
1539 2328 1587 2346 ra-

871 2366 986 2395 tionem
1011 2370 1146 2405 spectes,
1163 2363 1294 2392 omnium
1318 2361 1498 2400 δημηγοριῶν,
1519 2369 1586 2399 quae

871 2419 889 2438 a
914 2409 1123 2438 Demosthene
1149 2407 1240 2436 editae
1263 2406 1398 2440 fuerunt,
1428 2404 1475 2434 vel
1501 2409 1586 2434 certe

874 2452 1020 2491 Dionysii
1036 2456 1125 2481 aetate
1143 2455 1334 2489 supererant.
1373 2451 1418 2478 Ac
1433 2458 1469 2477 ne
1481 2458 1587 2486 quem-

872 2506 961 2535 quam
974 2495 1110 2525 offendat
1126 2495 1302 2532 conjectura
1317 2493 1356 2521 de
1372 2491 1519 2521 Oratione
1532 2491 1586 2520 de—

871 2539 1007 2578 perdita,
1028 2538 1146 2568 abunde
1162 2536 1310 2575 impediet
1329 2535 1438 2564 notitia
1459 2534 1584 2564 aliarum

873 2581 1094 2612 Demosthenis
1117 2579 1297 2610 Orationum
1327 2579 1416 2608 hodie
1443 2577 1588 2617 deperdi-

873 2633 982 2661 tarum,
1022 2634 1157 2664 quasque
1190 2623 1261 2662 ipsa
1302 2622 1393 2652 etiam
1425 2619 1589 2659 antiquitas

867 2670 931 2707 jam
943 2668 1139 2698 desiderasse
1156 2666 1289 2701 videtur,
1306 2665 1413 2704 quales
1430 2669 1499 2693 sunt
1511 2664 1587 2691 Ora—

874 2713 917 2742 tio
947 2716 1054 2741 contra
1091 2710 1264 2750 Pythonem
1288 2708 1393 2738 habita
1423 2706 1461 2735 de
1488 2706 1586 2735 laudi-

873 2755 932 2784 bus
948 2754 1191 2788 Atheniensium,
1221 2752 1281 2783 alia
1311 2752 1459 2781 adversus
1481 2749 1587 2778 Lama·

874 2798 962 2828 cltum
974 2798 1159 2838 Myrinaenm
1176 2797 1206 2827 iu
1219 2799 1371 2825 conventu
1389 2791 1588 2832 Oljmpiaco,

874 2841 956 2872 caet.¹

171 2927 179 2950 ¹
205 2927 373 2960 Olivierius
387 2929 420 2959 in
428 2928 513 2959 Hist.
524 2927 668 2969 Philippi
683 2927 865 2958 Macedonis
878 2927 997 2958 Gallice
1012 2928 1127 2967 scripta
1141 2925 1203 2956 vol.
1219 2925 1245 2954 1.
1260 2935 1291 2964 p.
1308 2925 1380 2953 174.
1394 2933 1460 2961 sqq.
1472 2920 1523 2950 ubi
1538 2930 1589 2950 va-

125 2971 188 3002 rias
203 2971 288 3010 leges
301 2973 341 3003 de
350 2973 441 3003 rebus
454 2972 614 3003 navalibus
630 2971 764 3002 diversis
775 2971 964 3011 temporibus
974 2972 1049 3001 latas
1059 2968 1265 3003 commiscuit,
1277 2966 1404 2997 videtur
1419 2964 1587 2995 orationem

127 3014 189 3056 περὶ
205 3021 309 3056 Συμμ.
325 3016 439 3047 ret'erre
454 3015 492 3047 ad
507 3015 630 3057 olymp.
648 3015 733 3046 CVI.
749 3025 776 3046 a.
791 3017 821 3046 2.
839 3016 905 3046 Nos
922 3016 1043 3056 quidem
1057 3015 1087 3045 in
1103 3014 1169 3054 ejus
1186 3010 1379 3047 refutatione,
1402 3007 1516 3049 quippe
1537 3006 1588 3046 qui
