<?xml version="1.0" encoding="UTF-8"?>
<!DOCTYPE html PUBLIC "-//W3C//DTD XHTML 1.0 Transitional//EN"
    "http://www.w3.org/TR/xhtml1/DTD/xhtml1-transitional.dtd">
<html xmlns="http://www.w3.org/1999/xhtml" xml:lang="en" lang="en">
 <head>
  <title>
</title>
<meta http-equiv="Content-Type" content="text/html;charset=utf-8" />
  <meta name='ocr-system' content='tesseract 3.04.00' />
  <meta name='ocr-capabilities' content='ocr_page ocr_carea ocr_par ocr_line ocrx_word'/>
</head>
<body>
  <div class='ocr_page' id='page_1' title='image "./oratoresatticie09dobs/oratoresatticie09dobs_0141.png"; bbox 0 0 1948 3322; ppageno 0'>
   <div class='ocr_carea' id='block_1_1' title="bbox 513 0 626 71">
    <p class='ocr_par' dir='ltr' id='par_1_1' title="bbox 513 0 626 71">
     <span class='ocr_line' id='line_1_1' title="bbox 513 0 626 71; baseline 0 -20"><span class='ocrx_word' id='word_1_1' title='bbox 513 0 626 71; x_wconf 52' lang='lat' dir='ltr'>ere</span> 
     </span>
    </p>
   </div>
   <div class='ocr_carea' id='block_1_2' title="bbox 566 24 602 80">
    <p class='ocr_par' dir='ltr' id='par_1_2' title="bbox 566 24 602 80">
     <span class='ocr_line' id='line_1_2' title="bbox 566 24 602 80; baseline 0 -4"><span class='ocrx_word' id='word_1_2' title='bbox 566 24 602 80; x_wconf 63' lang='grc' dir='ltr'>Ξ</span> 
     </span>
    </p>
   </div>
   <div class='ocr_carea' id='block_1_3' title="bbox 257 190 1456 255">
    <p class='ocr_par' dir='ltr' id='par_1_3' title="bbox 257 190 1456 255">
     <span class='ocr_line' id='line_1_3' title="bbox 257 190 1456 255; baseline -0.005 0"><span class='ocrx_word' id='word_1_3' title='bbox 257 212 342 255; x_wconf 89' lang='lat' dir='ltr'>AD</span> <span class='ocrx_word' id='word_1_4' title='bbox 375 194 743 253; x_wconf 76' lang='lat' dir='ltr'><strong>ORATI‘ONEM</strong></span> <span class='ocrx_word' id='word_1_5' title='bbox 775 190 1097 250; x_wconf 73' lang='lat' dir='ltr'>ADVERSUS</span> <span class='ocrx_word' id='word_1_6' title='bbox 1130 206 1456 252; x_wconf 84' lang='lat' dir='ltr'>LEPTINEM.</span> 
     </span>
    </p>
   </div>
   <div class='ocr_carea' id='block_1_4' title="bbox 104 312 851 3105">
    <p class='ocr_par' dir='ltr' id='par_1_4' title="bbox 135 312 851 442">
     <span class='ocr_line' id='line_1_4' title="bbox 178 312 851 355; baseline -0.012 -6"><span class='ocrx_word' id='word_1_7' title='bbox 178 319 284 348; x_wconf 52' lang='lat'>—534</span> <span class='ocrx_word' id='word_1_8' title='bbox 301 313 406 347; x_wconf 62' lang='grc' dir='ltr'>θέντων</span> <span class='ocrx_word' id='word_1_9' title='bbox 426 314 533 355; x_wconf 68' lang='grc' dir='ltr'>ᾰῦτῶν]</span> <span class='ocrx_word' id='word_1_10' title='bbox 556 312 607 343; x_wconf 83' lang='lat' dir='ltr'>atii</span> <span class='ocrx_word' id='word_1_11' title='bbox 633 312 757 342; x_wconf 83' lang='lat' dir='ltr'>codices</span> <span class='ocrx_word' id='word_1_12' title='bbox 778 312 851 343; x_wconf 85' lang='lat' dir='ltr'>dant</span> 
     </span>
     <span class='ocr_line' id='line_1_5' title="bbox 135 355 851 397; baseline -0.007 -7"><span class='ocrx_word' id='word_1_13' title='bbox 135 358 242 394; x_wconf 71' lang='grc' dir='ltr'>θέντας</span> <span class='ocrx_word' id='word_1_14' title='bbox 264 357 375 393; x_wconf 67' lang='grc' dir='ltr'>αὐτούς.</span> <span class='ocrx_word' id='word_1_15' title='bbox 401 357 529 397; x_wconf 82' lang='lat' dir='ltr'>perinde</span> <span class='ocrx_word' id='word_1_16' title='bbox 545 361 602 386; x_wconf 90' lang='lat' dir='ltr'>est.</span> <span class='ocrx_word' id='word_1_17' title='bbox 618 355 787 386; x_wconf 86' lang='lat' dir='ltr'>accusativi</span> <span class='ocrx_word' id='word_1_18' title='bbox 803 364 851 386; x_wconf 89' lang='lat' dir='ltr'>re-</span> 
     </span>
     <span class='ocr_line' id='line_1_6' title="bbox 137 398 849 442; baseline -0.007 -8"><span class='ocrx_word' id='word_1_19' title='bbox 137 403 247 434; x_wconf 84' lang='lat' dir='ltr'>dibunt</span> <span class='ocrx_word' id='word_1_20' title='bbox 260 402 296 432; x_wconf 86' lang='lat' dir='ltr'>ad</span> <span class='ocrx_word' id='word_1_21' title='bbox 312 400 438 432; x_wconf 77' lang='grc' dir='ltr'><strong>κελεύετε</strong></span> <span class='ocrx_word' id='word_1_22' title='bbox 452 398 611 442; x_wconf 66' lang='grc' dir='ltr'><strong>γράφεσθαι</strong></span> <span class='ocrx_word' id='word_1_23' title='bbox 626 399 739 436; x_wconf 73' lang='grc' dir='ltr'>αὐτοὺς,</span> <span class='ocrx_word' id='word_1_24' title='bbox 756 410 784 429; x_wconf 82' lang='lat' dir='ltr'>v.</span> <span class='ocrx_word' id='word_1_25' title='bbox 797 401 849 430; x_wconf 70' lang='grc'>22.</span> 
     </span>
    </p>

    <p class='ocr_par' dir='ltr' id='par_1_5' title="bbox 131 442 851 1001">
     <span class='ocr_line' id='line_1_7' title="bbox 177 442 850 485; baseline -0.003 -10"><span class='ocrx_word' id='word_1_26' title='bbox 177 462 221 469; x_wconf 94' lang='grc'>-</span> <span class='ocrx_word' id='word_1_27' title='bbox 244 445 295 476; x_wconf 75' lang='lat'>25.</span> <span class='ocrx_word' id='word_1_28' title='bbox 324 443 472 485; x_wconf 65' lang='grc' dir='ltr'><strong>γένωνται]</strong></span> <span class='ocrx_word' id='word_1_29' title='bbox 499 443 642 483; x_wconf 82' lang='lat' dir='ltr'><strong>quinam?</strong></span> <span class='ocrx_word' id='word_1_30' title='bbox 664 442 850 482; x_wconf 87' lang='lat' dir='ltr'>Leptinesne</span> 
     </span>
     <span class='ocr_line' id='line_1_8' title="bbox 136 485 851 527; baseline -0.006 -9"><span class='ocrx_word' id='word_1_31' title='bbox 136 493 168 519; x_wconf 87' lang='lat' dir='ltr'>et</span> <span class='ocrx_word' id='word_1_32' title='bbox 183 487 259 518; x_wconf 83' lang='lat' dir='ltr'>socii</span> <span class='ocrx_word' id='word_1_33' title='bbox 273 487 363 526; x_wconf 86' lang='lat' dir='ltr'>ejus?</span> <span class='ocrx_word' id='word_1_34' title='bbox 378 498 415 517; x_wconf 92' lang='lat' dir='ltr'>an</span> <span class='ocrx_word' id='word_1_35' title='bbox 432 487 483 517; x_wconf 90' lang='lat' dir='ltr'>alii</span> <span class='ocrx_word' id='word_1_36' title='bbox 498 486 641 527; x_wconf 84' lang='lat' dir='ltr'>quidam?</span> <span class='ocrx_word' id='word_1_37' title='bbox 686 485 851 515; x_wconf 82' lang='lat' dir='ltr'>Dubitavit</span> 
     </span>
     <span class='ocr_line' id='line_1_9' title="bbox 136 529 850 570; baseline -0.004 -9"><span class='ocrx_word' id='word_1_38' title='bbox 136 532 195 562; x_wconf 84' lang='lat' dir='ltr'>b&#39;oc</span> <span class='ocrx_word' id='word_1_39' title='bbox 209 530 310 570; x_wconf 84' lang='lat' dir='ltr'>ipsum</span> <span class='ocrx_word' id='word_1_40' title='bbox 329 531 391 568; x_wconf 89' lang='lat' dir='ltr'>jam</span> <span class='ocrx_word' id='word_1_41' title='bbox 407 530 521 561; x_wconf 88' lang='lat' dir='ltr'>dudum</span> <span class='ocrx_word' id='word_1_42' title='bbox 540 529 684 560; x_wconf 78' lang='lat' dir='ltr'>Wolfius.</span> <span class='ocrx_word' id='word_1_43' title='bbox 700 533 782 559; x_wconf 85' lang='lat' dir='ltr'>totus</span> <span class='ocrx_word' id='word_1_44' title='bbox 800 529 850 559; x_wconf 82' lang='lat' dir='ltr'>hio</span> 
     </span>
     <span class='ocr_line' id='line_1_10' title="bbox 134 572 849 612; baseline -0.004 -8"><span class='ocrx_word' id='word_1_45' title='bbox 134 573 208 604; x_wconf 83' lang='lat' dir='ltr'>mibi</span> <span class='ocrx_word' id='word_1_46' title='bbox 222 574 308 603; x_wconf 87' lang='lat' dir='ltr'>locus</span> <span class='ocrx_word' id='word_1_47' title='bbox 324 574 471 604; x_wconf 88' lang='lat' dir='ltr'>obscurus</span> <span class='ocrx_word' id='word_1_48' title='bbox 494 578 542 603; x_wconf 88' lang='lat' dir='ltr'>est</span> <span class='ocrx_word' id='word_1_49' title='bbox 561 572 645 608; x_wconf 83' lang='lat' dir='ltr'>ideo,</span> <span class='ocrx_word' id='word_1_50' title='bbox 661 573 741 612; x_wconf 79' lang='lat' dir='ltr'>quod</span> <span class='ocrx_word' id='word_1_51' title='bbox 757 573 849 602; x_wconf 86' lang='lat' dir='ltr'>ratio-</span> 
     </span>
     <span class='ocr_line' id='line_1_11' title="bbox 134 616 848 657; baseline -0.001 -11"><span class='ocrx_word' id='word_1_52' title='bbox 134 616 417 647; x_wconf 78' lang='lat' dir='ltr'>nemcreandorum</span> <span class='ocrx_word' id='word_1_53' title='bbox 427 616 639 657; x_wconf 80' lang='lat' dir='ltr'>legislatorum</span> <span class='ocrx_word' id='word_1_54' title='bbox 651 616 732 647; x_wconf 88' lang='lat' dir='ltr'>haud</span> <span class='ocrx_word' id='word_1_55' title='bbox 747 620 848 646; x_wconf 79' lang='lat' dir='ltr'>teneo.</span> 
     </span>
     <span class='ocr_line' id='line_1_12' title="bbox 134 659 849 700; baseline -0.001 -11"><span class='ocrx_word' id='word_1_56' title='bbox 134 663 194 689; x_wconf 76' lang='lat' dir='ltr'>n&#39;on</span> <span class='ocrx_word' id='word_1_57' title='bbox 215 663 346 699; x_wconf 82' lang='lat' dir='ltr'>poterat,</span> <span class='ocrx_word' id='word_1_58' title='bbox 361 670 422 700; x_wconf 86' lang='lat' dir='ltr'>quo</span> <span class='ocrx_word' id='word_1_59' title='bbox 436 659 565 700; x_wconf 86' lang='lat' dir='ltr'>quisque</span> <span class='ocrx_word' id='word_1_60' title='bbox 585 663 721 699; x_wconf 84' lang='lat' dir='ltr'>tempore</span> <span class='ocrx_word' id='word_1_61' title='bbox 743 659 849 694; x_wconf 85' lang='lat' dir='ltr'>vellet,</span> 
     </span>
     <span class='ocr_line' id='line_1_13' title="bbox 135 702 850 743; baseline 0.001 -12"><span class='ocrx_word' id='word_1_62' title='bbox 135 712 172 731; x_wconf 88' lang='lat' dir='ltr'>eo</span> <span class='ocrx_word' id='word_1_63' title='bbox 187 703 285 742; x_wconf 83' lang='lat' dir='ltr'>legem</span> <span class='ocrx_word' id='word_1_64' title='bbox 301 703 400 733; x_wconf 80' lang='lat' dir='ltr'>serre?</span> <span class='ocrx_word' id='word_1_65' title='bbox 418 703 647 743; x_wconf 82' lang='lat' dir='ltr'>exspectandus</span> <span class='ocrx_word' id='word_1_66' title='bbox 660 706 725 732; x_wconf 87' lang='lat' dir='ltr'>erat</span> <span class='ocrx_word' id='word_1_67' title='bbox 740 702 850 742; x_wconf 91' lang='lat' dir='ltr'>aliquis</span> 
     </span>
     <span class='ocr_line' id='line_1_14' title="bbox 133 744 850 786; baseline 0.001 -12"><span class='ocrx_word' id='word_1_68' title='bbox 133 745 209 775; x_wconf 70' lang='lat' dir='ltr'>o‘rdo</span> <span class='ocrx_word' id='word_1_69' title='bbox 226 745 386 786; x_wconf 85' lang='lat' dir='ltr'>temporis,</span> <span class='ocrx_word' id='word_1_70' title='bbox 401 746 439 776; x_wconf 89' lang='lat' dir='ltr'>ad</span> <span class='ocrx_word' id='word_1_71' title='bbox 456 747 563 776; x_wconf 61' lang='lat' dir='ltr'>locum*</span> <span class='ocrx_word' id='word_1_72' title='bbox 573 746 604 776; x_wconf 92' lang='lat' dir='ltr'>in</span> <span class='ocrx_word' id='word_1_73' title='bbox 619 744 850 785; x_wconf 66' lang='lat' dir='ltr'>legislatoribus</span> 
     </span>
     <span class='ocr_line' id='line_1_15' title="bbox 133 788 851 830; baseline 0.001 -12"><span class='ocrx_word' id='word_1_74' title='bbox 133 788 355 830; x_wconf 84' lang='lat' dir='ltr'>obtinendum?</span> <span class='ocrx_word' id='word_1_75' title='bbox 378 793 483 821; x_wconf 82' lang='lat' dir='ltr'><strong>eratne</strong></span> <span class='ocrx_word' id='word_1_76' title='bbox 497 794 666 830; x_wconf 83' lang='lat' dir='ltr'>perpetuus</span> <span class='ocrx_word' id='word_1_77' title='bbox 688 789 851 829; x_wconf 88' lang='lat' dir='ltr'>magistra-</span> 
     </span>
     <span class='ocr_line' id='line_1_16' title="bbox 131 831 850 873; baseline 0.001 -12"><span class='ocrx_word' id='word_1_78' title='bbox 131 833 250 862; x_wconf 50' lang='lat' dir='ltr'>nasuta-u</span> <span class='ocrx_word' id='word_1_79' title='bbox 262 832 433 873; x_wconf 66' lang='grc' dir='ltr'>νομοθετῶν,</span> <span class='ocrx_word' id='word_1_80' title='bbox 449 843 542 872; x_wconf 87' lang='lat' dir='ltr'>penes</span> <span class='ocrx_word' id='word_1_81' title='bbox 564 836 655 872; x_wconf 87' lang='lat' dir='ltr'>quem</span> <span class='ocrx_word' id='word_1_82' title='bbox 675 831 850 872; x_wconf 84' lang='lat' dir='ltr'>promulga—</span> 
     </span>
     <span class='ocr_line' id='line_1_17' title="bbox 131 874 850 916; baseline 0.004 -13"><span class='ocrx_word' id='word_1_83' title='bbox 131 874 175 904; x_wconf 81' lang='lat' dir='ltr'>tio</span> <span class='ocrx_word' id='word_1_84' title='bbox 198 877 289 914; x_wconf 66' lang='lat' dir='ltr'>a&#39;tque</span> <span class='ocrx_word' id='word_1_85' title='bbox 315 875 494 916; x_wconf 78' lang='lat' dir='ltr'><strong>explicatio,</strong></span> <span class='ocrx_word' id='word_1_86' title='bbox 519 876 594 906; x_wconf 88' lang='lat' dir='ltr'>item</span> <span class='ocrx_word' id='word_1_87' title='bbox 617 876 790 907; x_wconf 81' lang='lat' dir='ltr'><strong>emendatio</strong></span> <span class='ocrx_word' id='word_1_88' title='bbox 806 876 850 906; x_wconf 89' lang='lat' dir='ltr'>le-</span> 
     </span>
     <span class='ocr_line' id='line_1_18' title="bbox 132 916 850 958; baseline 0.004 -11"><span class='ocrx_word' id='word_1_89' title='bbox 132 916 205 955; x_wconf 70' lang='lat' dir='ltr'>gum</span> <span class='ocrx_word' id='word_1_90' title='bbox 228 919 327 949; x_wconf 85' lang='lat' dir='ltr'>esset?</span> <span class='ocrx_word' id='word_1_91' title='bbox 356 930 417 958; x_wconf 87' lang='lat' dir='ltr'>quo</span> <span class='ocrx_word' id='word_1_92' title='bbox 439 930 457 949; x_wconf 89' lang='lat' dir='ltr'>a</span> <span class='ocrx_word' id='word_1_93' title='bbox 479 919 611 958; x_wconf 85' lang='lat' dir='ltr'>collegio</span> <span class='ocrx_word' id='word_1_94' title='bbox 636 918 688 958; x_wconf 90' lang='lat' dir='ltr'>qui</span> <span class='ocrx_word' id='word_1_95' title='bbox 715 919 850 956; x_wconf 71' lang='lat' dir='ltr'>abesset,</span> 
     </span>
     <span class='ocr_line' id='line_1_19' title="bbox 132 960 643 1005; baseline 0.004 -14"><span class='ocrx_word' id='word_1_96' title='bbox 132 960 201 991; x_wconf 81' lang='lat' dir='ltr'>ein&#39;e</span> <span class='ocrx_word' id='word_1_97' title='bbox 216 961 316 1005; x_wconf 85' lang='lat' dir='ltr'>legem</span> <span class='ocrx_word' id='word_1_98' title='bbox 331 963 412 993; x_wconf 75' lang='lat' dir='ltr'>ferre</span> <span class='ocrx_word' id='word_1_99' title='bbox 426 973 487 993; x_wconf 89' lang='lat' dir='ltr'>nou</span> <span class='ocrx_word' id='word_1_100' title='bbox 506 962 643 993; x_wconf 84' lang='lat' dir='ltr'>licebat?</span> 
     </span>
    </p>

    <p class='ocr_par' dir='ltr' id='par_1_6' title="bbox 134 1002 851 1089">
     <span class='ocr_line' id='line_1_20' title="bbox 176 1002 851 1048; baseline 0 -12"><span class='ocrx_word' id='word_1_101' title='bbox 176 1022 220 1028; x_wconf 90' lang='lat'>—</span> <span class='ocrx_word' id='word_1_102' title='bbox 235 1007 286 1036; x_wconf 69' lang='grc'>26.</span> <span class='ocrx_word' id='word_1_103' title='bbox 306 1005 357 1037; x_wconf 79' lang='grc' dir='ltr'>Διό</span> <span class='ocrx_word' id='word_1_104' title='bbox 358 1006 476 1048; x_wconf 70' lang='grc' dir='ltr'>φ,αντο]</span> <span class='ocrx_word' id='word_1_105' title='bbox 500 1002 584 1046; x_wconf 86' lang='lat' dir='ltr'>Ergo</span> <span class='ocrx_word' id='word_1_106' title='bbox 602 1005 797 1046; x_wconf 83' lang='lat' dir='ltr'>Diophantus</span> <span class='ocrx_word' id='word_1_107' title='bbox 819 1009 851 1036; x_wconf 85' lang='lat' dir='ltr'>et</span> 
     </span>
     <span class='ocr_line' id='line_1_21' title="bbox 134 1047 729 1089; baseline 0.002 -11"><span class='ocrx_word' id='word_1_108' title='bbox 134 1047 275 1079; x_wconf 84' lang='lat' dir='ltr'><strong>Eubulus</strong></span> <span class='ocrx_word' id='word_1_109' title='bbox 287 1055 467 1089; x_wconf 82' lang='lat' dir='ltr'>repererant</span> <span class='ocrx_word' id='word_1_110' title='bbox 482 1047 729 1080; x_wconf 85' lang='lat' dir='ltr'>immunitatem?</span> 
     </span>
    </p>

    <p class='ocr_par' dir='ltr' id='par_1_7' title="bbox 131 1091 849 1174">
     <span class='ocr_line' id='line_1_22' title="bbox 175 1091 849 1134; baseline -0.003 -12"><span class='ocrx_word' id='word_1_111' title='bbox 175 1092 250 1122; x_wconf 85' lang='lat'>499.</span> <span class='ocrx_word' id='word_1_112' title='bbox 268 1093 298 1122; x_wconf 87' lang='grc'>6.</span> <span class='ocrx_word' id='word_1_113' title='bbox 314 1092 360 1122; x_wconf 71' lang='grc' dir='ltr'>διὰ</span> <span class='ocrx_word' id='word_1_114' title='bbox 381 1092 503 1134; x_wconf 75' lang='grc' dir='ltr'>τούτων]</span> <span class='ocrx_word' id='word_1_115' title='bbox 527 1103 582 1133; x_wconf 83' lang='lat' dir='ltr'>per</span> <span class='ocrx_word' id='word_1_116' title='bbox 602 1093 672 1129; x_wconf 87' lang='lat' dir='ltr'>bos,</span> <span class='ocrx_word' id='word_1_117' title='bbox 701 1091 849 1131; x_wconf 83' lang='lat' dir='ltr'>Leptinen</span> 
     </span>
     <span class='ocr_line' id='line_1_23' title="bbox 131 1135 421 1174; baseline 0.01 -11"><span class='ocrx_word' id='word_1_118' title='bbox 131 1135 259 1174; x_wconf 80' lang='lat' dir='ltr'>ejusque</span> <span class='ocrx_word' id='word_1_119' title='bbox 273 1136 385 1166; x_wconf 81' lang='lat' dir='ltr'>socios.</span> <span class='ocrx_word' id='word_1_120' title='bbox 418 1171 421 1174; x_wconf 61' lang='lat'><em>,</em></span> 
     </span>
    </p>

    <p class='ocr_par' dir='ltr' id='par_1_8' title="bbox 131 1175 850 1294">
     <span class='ocr_line' id='line_1_24' title="bbox 173 1175 849 1220; baseline -0.003 -12"><span class='ocrx_word' id='word_1_121' title='bbox 173 1195 217 1200; x_wconf 91' lang='lat'><strong>—</strong></span> <span class='ocrx_word' id='word_1_122' title='bbox 230 1180 261 1208; x_wconf 81' lang='lat'>8.</span> <span class='ocrx_word' id='word_1_123' title='bbox 279 1179 394 1220; x_wconf 55' lang='lat' dir='ltr'>wavra]</span> <span class='ocrx_word' id='word_1_124' title='bbox 409 1179 465 1208; x_wconf 77' lang='lat' dir='ltr'>lios</span> <span class='ocrx_word' id='word_1_125' title='bbox 488 1175 565 1218; x_wconf 85' lang='lat' dir='ltr'>puta</span> <span class='ocrx_word' id='word_1_126' title='bbox 591 1178 705 1214; x_wconf 75' lang='lat' dir='ltr'>moi-es,</span> <span class='ocrx_word' id='word_1_127' title='bbox 721 1187 849 1217; x_wconf 88' lang='lat' dir='ltr'>quorum</span> 
     </span>
     <span class='ocr_line' id='line_1_25' title="bbox 131 1220 850 1261; baseline 0.001 -12"><span class='ocrx_word' id='word_1_128' title='bbox 131 1225 238 1250; x_wconf 79' lang='lat' dir='ltr'><strong>auctor</strong></span> <span class='ocrx_word' id='word_1_129' title='bbox 260 1224 306 1251; x_wconf 87' lang='lat' dir='ltr'>est</span> <span class='ocrx_word' id='word_1_130' title='bbox 334 1221 492 1261; x_wconf 80' lang='lat' dir='ltr'>Leptines,</span> <span class='ocrx_word' id='word_1_131' title='bbox 513 1221 700 1252; x_wconf 75' lang='lat' dir='ltr'>auffefeutes</span> <span class='ocrx_word' id='word_1_132' title='bbox 719 1220 850 1250; x_wconf 87' lang='lat' dir='ltr'>bonores</span> 
     </span>
     <span class='ocr_line' id='line_1_26' title="bbox 131 1263 340 1294; baseline 0.005 -1"><span class='ocrx_word' id='word_1_133' title='bbox 131 1263 226 1293; x_wconf 82' lang='lat' dir='ltr'>semel</span> <span class='ocrx_word' id='word_1_134' title='bbox 241 1264 340 1294; x_wconf 83' lang='lat' dir='ltr'>datos.</span> 
     </span>
    </p>

    <p class='ocr_par' dir='ltr' id='par_1_9' title="bbox 127 1305 850 1603">
     <span class='ocr_line' id='line_1_27' title="bbox 173 1305 850 1348; baseline -0.003 -10"><span class='ocrx_word' id='word_1_135' title='bbox 173 1309 260 1338; x_wconf 90' lang='lat'>-—-9.</span> <span class='ocrx_word' id='word_1_136' title='bbox 286 1309 386 1338; x_wconf 76' lang='grc' dir='ltr'>σκοπῶ</span> <span class='ocrx_word' id='word_1_137' title='bbox 412 1305 441 1337; x_wconf 74' lang='grc' dir='ltr'>δὲ</span> <span class='ocrx_word' id='word_1_138' title='bbox 469 1306 518 1338; x_wconf 70' lang='grc' dir='ltr'>καὶ</span> <span class='ocrx_word' id='word_1_139' title='bbox 540 1307 641 1348; x_wconf 78' lang='grc' dir='ltr'>τοῦτο]</span> <span class='ocrx_word' id='word_1_140' title='bbox 673 1306 850 1348; x_wconf 83' lang='lat' dir='ltr'>quoduam?</span> 
     </span>
     <span class='ocr_line' id='line_1_28' title="bbox 129 1349 847 1391; baseline 0.001 -12"><span class='ocrx_word' id='word_1_141' title='bbox 129 1349 188 1380; x_wconf 78' lang='lat' dir='ltr'>hoo</span> <span class='ocrx_word' id='word_1_142' title='bbox 205 1350 361 1381; x_wconf 84' lang='lat' dir='ltr'>enimvero</span> <span class='ocrx_word' id='word_1_143' title='bbox 387 1350 545 1381; x_wconf 75' lang='lat' dir='ltr'>reticetur.</span> <span class='ocrx_word' id='word_1_144' title='bbox 566 1354 693 1391; x_wconf 83' lang='lat' dir='ltr'>apparet</span> <span class='ocrx_word' id='word_1_145' title='bbox 715 1351 764 1380; x_wconf 87' lang='lat' dir='ltr'>hic</span> <span class='ocrx_word' id='word_1_146' title='bbox 786 1350 847 1380; x_wconf 88' lang='lat' dir='ltr'>loci</span> 
     </span>
     <span class='ocr_line' id='line_1_29' title="bbox 127 1393 848 1433; baseline 0.001 -11"><span class='ocrx_word' id='word_1_147' title='bbox 127 1393 267 1433; x_wconf 84' lang='lat' dir='ltr'>lacunam</span> <span class='ocrx_word' id='word_1_148' title='bbox 304 1395 441 1424; x_wconf 81' lang='lat' dir='ltr'>subesse.</span> <span class='ocrx_word' id='word_1_149' title='bbox 469 1395 559 1425; x_wconf 87' lang='lat' dir='ltr'>deest</span> <span class='ocrx_word' id='word_1_150' title='bbox 589 1398 775 1424; x_wconf 78' lang='lat' dir='ltr'>momentum</span> <span class='ocrx_word' id='word_1_151' title='bbox 804 1394 848 1429; x_wconf 89' lang='lat' dir='ltr'>id,</span> 
     </span>
     <span class='ocr_line' id='line_1_30' title="bbox 129 1435 849 1476; baseline 0.001 -11"><span class='ocrx_word' id='word_1_152' title='bbox 129 1435 214 1476; x_wconf 76' lang='lat' dir='ltr'>quod</span> <span class='ocrx_word' id='word_1_153' title='bbox 229 1436 289 1466; x_wconf 88' lang='lat' dir='ltr'>sibi</span> <span class='ocrx_word' id='word_1_154' title='bbox 304 1440 407 1467; x_wconf 88' lang='lat' dir='ltr'>orator</span> <span class='ocrx_word' id='word_1_155' title='bbox 422 1437 464 1467; x_wconf 87' lang='lat' dir='ltr'>ait</span> <span class='ocrx_word' id='word_1_156' title='bbox 479 1438 508 1467; x_wconf 92' lang='lat' dir='ltr'>in</span> <span class='ocrx_word' id='word_1_157' title='bbox 523 1442 655 1468; x_wconf 89' lang='lat' dir='ltr'>mentem</span> <span class='ocrx_word' id='word_1_158' title='bbox 673 1437 806 1472; x_wconf 84' lang='lat' dir='ltr'>venisse,</span> <span class='ocrx_word' id='word_1_159' title='bbox 817 1443 849 1467; x_wconf 86' lang='lat' dir='ltr'>et</span> 
     </span>
     <span class='ocr_line' id='line_1_31' title="bbox 128 1479 849 1520; baseline 0.001 -11"><span class='ocrx_word' id='word_1_160' title='bbox 128 1489 185 1519; x_wconf 87' lang='lat' dir='ltr'>par</span> <span class='ocrx_word' id='word_1_161' title='bbox 193 1480 273 1515; x_wconf 78' lang='lat' dir='ltr'>esse,</span> <span class='ocrx_word' id='word_1_162' title='bbox 289 1480 378 1520; x_wconf 90' lang='lat' dir='ltr'>cujus</span> <span class='ocrx_word' id='word_1_163' title='bbox 391 1480 470 1510; x_wconf 78' lang='lat' dir='ltr'>ratio</span> <span class='ocrx_word' id='word_1_164' title='bbox 486 1481 644 1510; x_wconf 89' lang='lat' dir='ltr'>habeatur.</span> <span class='ocrx_word' id='word_1_165' title='bbox 657 1483 744 1520; x_wconf 86' lang='lat' dir='ltr'>cujus</span> <span class='ocrx_word' id='word_1_166' title='bbox 758 1479 849 1519; x_wconf 85' lang='lat' dir='ltr'>culpa</span> 
     </span>
     <span class='ocr_line' id='line_1_32' title="bbox 128 1522 848 1563; baseline 0.003 -11"><span class='ocrx_word' id='word_1_167' title='bbox 128 1522 271 1562; x_wconf 86' lang='lat' dir='ltr'>perierit,</span> <span class='ocrx_word' id='word_1_168' title='bbox 287 1523 314 1553; x_wconf 88' lang='lat' dir='ltr'>si</span> <span class='ocrx_word' id='word_1_169' title='bbox 327 1523 433 1563; x_wconf 87' lang='lat' dir='ltr'>periit,</span> <span class='ocrx_word' id='word_1_170' title='bbox 456 1523 537 1554; x_wconf 87' lang='lat' dir='ltr'>haud</span> <span class='ocrx_word' id='word_1_171' title='bbox 560 1529 689 1554; x_wconf 85' lang='lat' dir='ltr'>constat.</span> <span class='ocrx_word' id='word_1_172' title='bbox 717 1534 754 1553; x_wconf 87' lang='lat' dir='ltr'>an</span> <span class='ocrx_word' id='word_1_173' title='bbox 778 1523 848 1562; x_wconf 85' lang='lat' dir='ltr'>ipse</span> 
     </span>
     <span class='ocr_line' id='line_1_33' title="bbox 129 1565 848 1603; baseline 0.001 -7"><span class='ocrx_word' id='word_1_174' title='bbox 129 1565 233 1596; x_wconf 63' lang='lat' dir='ltr'>offisor</span> <span class='ocrx_word' id='word_1_175' title='bbox 255 1567 370 1597; x_wconf 82' lang='lat' dir='ltr'>oblitus</span> <span class='ocrx_word' id='word_1_176' title='bbox 393 1570 440 1597; x_wconf 89' lang='lat' dir='ltr'>est</span> <span class='ocrx_word' id='word_1_177' title='bbox 467 1567 594 1603; x_wconf 85' lang='lat' dir='ltr'>addere,</span> <span class='ocrx_word' id='word_1_178' title='bbox 617 1568 687 1597; x_wconf 83' lang='lat' dir='ltr'>loco</span> <span class='ocrx_word' id='word_1_179' title='bbox 710 1567 740 1596; x_wconf 90' lang='lat' dir='ltr'>in</span> <span class='ocrx_word' id='word_1_180' title='bbox 765 1577 848 1596; x_wconf 85' lang='lat' dir='ltr'>com-</span> 
     </span>
    </p>

    <p class='ocr_par' dir='ltr' id='par_1_10' title="bbox 115 1608 850 2113">
     <span class='ocr_line' id='line_1_34' title="bbox 115 1608 848 1651; baseline 0 -12"><span class='ocrx_word' id='word_1_181' title='bbox 115 1612 127 1622; x_wconf 73' lang='grc'>·’</span> <span class='ocrx_word' id='word_1_182' title='bbox 180 1608 286 1640; x_wconf 82' lang='lat' dir='ltr'>‘tariis</span> <span class='ocrx_word' id='word_1_183' title='bbox 300 1611 400 1640; x_wconf 50' lang='lat' dir='ltr'>uacuo</span> <span class='ocrx_word' id='word_1_184' title='bbox 415 1609 536 1646; x_wconf 90' lang='lat' dir='ltr'>relicto,</span> <span class='ocrx_word' id='word_1_185' title='bbox 551 1621 640 1649; x_wconf 85' lang='lat' dir='ltr'>quem</span> <span class='ocrx_word' id='word_1_186' title='bbox 662 1621 718 1651; x_wconf 89' lang='lat' dir='ltr'>per</span> <span class='ocrx_word' id='word_1_187' title='bbox 740 1610 848 1647; x_wconf 86' lang='lat' dir='ltr'>otium,</span> 
     </span>
     <span class='ocr_line' id='line_1_35' title="bbox 129 1649 847 1694; baseline 0.003 -13"><span class='ocrx_word' id='word_1_188' title='bbox 129 1649 246 1682; x_wconf 81' lang='lat' dir='ltr'>va&#39;cuus</span> <span class='ocrx_word' id='word_1_189' title='bbox 263 1652 333 1684; x_wconf 83' lang='lat' dir='ltr'>aliis</span> <span class='ocrx_word' id='word_1_190' title='bbox 357 1654 451 1691; x_wconf 88' lang='lat' dir='ltr'>curis,</span> <span class='ocrx_word' id='word_1_191' title='bbox 474 1654 646 1694; x_wconf 83' lang='lat' dir='ltr'>suppleret.</span> <span class='ocrx_word' id='word_1_192' title='bbox 690 1654 742 1684; x_wconf 91' lang='lat' dir='ltr'>Sic</span> <span class='ocrx_word' id='word_1_193' title='bbox 768 1651 847 1683; x_wconf 87' lang='lat' dir='ltr'>sole-</span> 
     </span>
     <span class='ocr_line' id='line_1_36' title="bbox 127 1696 848 1727; baseline 0 -2"><span class='ocrx_word' id='word_1_194' title='bbox 127 1702 195 1725; x_wconf 88' lang='lat' dir='ltr'>mus</span> <span class='ocrx_word' id='word_1_195' title='bbox 199 1700 447 1727; x_wconf 85' lang='lat' dir='ltr'>commentantes</span> <span class='ocrx_word' id='word_1_196' title='bbox 460 1707 529 1727; x_wconf 89' lang='lat' dir='ltr'>cum</span> <span class='ocrx_word' id='word_1_197' title='bbox 542 1696 748 1727; x_wconf 86' lang='lat' dir='ltr'>festinatione.</span> <span class='ocrx_word' id='word_1_198' title='bbox 786 1698 848 1727; x_wconf 84' lang='lat' dir='ltr'>Aut</span> 
     </span>
     <span class='ocr_line' id='line_1_37' title="bbox 129 1739 848 1778; baseline 0.003 -10"><span class='ocrx_word' id='word_1_199' title='bbox 129 1739 264 1778; x_wconf 82' lang='lat' dir='ltr'>d&#39;enique</span> <span class='ocrx_word' id='word_1_200' title='bbox 279 1739 412 1770; x_wconf 85' lang='lat' dir='ltr'>delenda</span> <span class='ocrx_word' id='word_1_201' title='bbox 432 1745 480 1770; x_wconf 89' lang='lat' dir='ltr'>est</span> <span class='ocrx_word' id='word_1_202' title='bbox 499 1740 616 1771; x_wconf 87' lang='lat' dir='ltr'>utravis</span> <span class='ocrx_word' id='word_1_203' title='bbox 632 1742 773 1776; x_wconf 79' lang='lat' dir='ltr'>formula,</span> <span class='ocrx_word' id='word_1_204' title='bbox 795 1747 848 1770; x_wconf 91' lang='lat' dir='ltr'>aut</span> 
     </span>
     <span class='ocr_line' id='line_1_38' title="bbox 127 1782 848 1822; baseline 0.003 -11"><span class='ocrx_word' id='word_1_205' title='bbox 127 1782 187 1812; x_wconf 86' lang='lat' dir='ltr'>ista</span> <span class='ocrx_word' id='word_1_206' title='bbox 201 1785 301 1812; x_wconf 77' lang='grc' dir='ltr'>σ’κοπῶ</span> <span class='ocrx_word' id='word_1_207' title='bbox 323 1782 352 1814; x_wconf 73' lang='grc' dir='ltr'>δὲ</span> <span class='ocrx_word' id='word_1_208' title='bbox 374 1785 422 1814; x_wconf 73' lang='grc' dir='ltr'>καὶ</span> <span class='ocrx_word' id='word_1_209' title='bbox 444 1784 540 1819; x_wconf 74' lang='grc' dir='ltr'>τοῦτο,</span> <span class='ocrx_word' id='word_1_210' title='bbox 561 1788 615 1814; x_wconf 86' lang='lat' dir='ltr'>aut</span> <span class='ocrx_word' id='word_1_211' title='bbox 636 1784 700 1814; x_wconf 77' lang='lat' dir='ltr'>liaec</span> <span class='ocrx_word' id='word_1_212' title='bbox 720 1782 771 1814; x_wconf 81' lang='grc' dir='ltr'>κοιῖ</span> <span class='ocrx_word' id='word_1_213' title='bbox 791 1785 848 1822; x_wconf 77' lang='grc' dir='ltr'>μὴν</span> 
     </span>
     <span class='ocr_line' id='line_1_39' title="bbox 127 1823 846 1866; baseline 0.003 -12"><span class='ocrx_word' id='word_1_214' title='bbox 127 1823 183 1855; x_wconf 75' lang='grc' dir='ltr'>οὔδ’</span> <span class='ocrx_word' id='word_1_215' title='bbox 199 1823 298 1856; x_wconf 78' lang='grc' dir='ltr'><strong>ἔιιεῖνου</strong></span> <span class='ocrx_word' id='word_1_216' title='bbox 320 1836 353 1865; x_wconf 78' lang='grc' dir='ltr'><strong>γε</strong></span> <span class='ocrx_word' id='word_1_217' title='bbox 376 1825 567 1857; x_wconf 67' lang='grc' dir='ltr'>ἀποστατέον</span> <span class='ocrx_word' id='word_1_218' title='bbox 585 1828 634 1856; x_wconf 74' lang='grc' dir='ltr'>τοῦ</span> <span class='ocrx_word' id='word_1_219' title='bbox 660 1827 752 1866; x_wconf 78' lang='grc' dir='ltr'>λόγου.</span> <span class='ocrx_word' id='word_1_220' title='bbox 779 1837 846 1856; x_wconf 87' lang='lat' dir='ltr'>nam</span> 
     </span>
     <span class='ocr_line' id='line_1_40' title="bbox 130 1869 846 1908; baseline 0.001 -10"><span class='ocrx_word' id='word_1_221' title='bbox 130 1871 259 1908; x_wconf 82' lang='lat' dir='ltr'>utraque</span> <span class='ocrx_word' id='word_1_222' title='bbox 281 1869 363 1899; x_wconf 85' lang='lat' dir='ltr'>idem</span> <span class='ocrx_word' id='word_1_223' title='bbox 388 1870 476 1900; x_wconf 85' lang='lat' dir='ltr'>dicit.</span> <span class='ocrx_word' id='word_1_224' title='bbox 521 1871 684 1900; x_wconf 86' lang='lat' dir='ltr'>Postremo</span> <span class='ocrx_word' id='word_1_225' title='bbox 709 1870 792 1900; x_wconf 87' lang='lat' dir='ltr'>venit</span> <span class='ocrx_word' id='word_1_226' title='bbox 815 1870 846 1899; x_wconf 89' lang='lat' dir='ltr'>in</span> 
     </span>
     <span class='ocr_line' id='line_1_41' title="bbox 129 1910 847 1953; baseline 0.003 -13"><span class='ocrx_word' id='word_1_227' title='bbox 129 1910 278 1947; x_wconf 82' lang='lat' dir='ltr'>mentem,</span> <span class='ocrx_word' id='word_1_228' title='bbox 299 1912 376 1943; x_wconf 85' lang='lat' dir='ltr'>sitne</span> <span class='ocrx_word' id='word_1_229' title='bbox 393 1912 437 1942; x_wconf 89' lang='lat' dir='ltr'>sic</span> <span class='ocrx_word' id='word_1_230' title='bbox 453 1913 634 1953; x_wconf 85' lang='lat' dir='ltr'>legendum:</span> <span class='ocrx_word' id='word_1_231' title='bbox 657 1915 765 1943; x_wconf 63' lang='grc' dir='ltr'>σκοπῶ</span> <span class='ocrx_word' id='word_1_232' title='bbox 788 1911 811 1942; x_wconf 69' lang='grc' dir='ltr'>δ’</span> <span class='ocrx_word' id='word_1_233' title='bbox 825 1913 847 1943; x_wconf 80' lang='grc' dir='ltr'><strong>εἰ</strong></span> 
     </span>
     <span class='ocr_line' id='line_1_42' title="bbox 129 1952 850 1998; baseline 0.006 -16"><span class='ocrx_word' id='word_1_234' title='bbox 129 1952 179 1982; x_wconf 63' lang='grc' dir='ltr'>καὶ</span> <span class='ocrx_word' id='word_1_235' title='bbox 201 1953 313 1991; x_wconf 82' lang='grc' dir='ltr'>τούτου,</span> <span class='ocrx_word' id='word_1_236' title='bbox 339 1955 406 1985; x_wconf 86' lang='lat' dir='ltr'>scil.</span> <span class='ocrx_word' id='word_1_237' title='bbox 428 1956 479 1985; x_wconf 78' lang='grc' dir='ltr'>τοῦ</span> <span class='ocrx_word' id='word_1_238' title='bbox 499 1955 645 1986; x_wconf 64' lang='grc' dir='ltr'>Λεπτίνου</span> <span class='ocrx_word' id='word_1_239' title='bbox 672 1955 789 1995; x_wconf 77' lang='grc' dir='ltr'>ἀξίως”</span> <span class='ocrx_word' id='word_1_240' title='bbox 776 1966 850 1998; x_wconf 82' lang='grc' dir='ltr'><strong>εχει.</strong></span> 
     </span>
     <span class='ocr_line' id='line_1_43' title="bbox 130 1990 850 2038; baseline 0.006 -13"><span class='ocrx_word' id='word_1_241' title='bbox 130 1990 237 2027; x_wconf 65' lang='lat' dir='ltr'>dubito</span> <span class='ocrx_word' id='word_1_242' title='bbox 247 2008 357 2038; x_wconf 80' lang='lat' dir='ltr'>quoque</span> <span class='ocrx_word' id='word_1_243' title='bbox 373 1999 467 2028; x_wconf 79' lang='lat' dir='ltr'>sintne</span> <span class='ocrx_word' id='word_1_244' title='bbox 488 1998 518 2028; x_wconf 78' lang='lat' dir='ltr'>hi</span> <span class='ocrx_word' id='word_1_245' title='bbox 536 2009 598 2028; x_wconf 75' lang='lat' dir='ltr'>moi</span> <span class='ocrx_word' id='word_1_246' title='bbox 599 2009 627 2029; x_wconf 84' lang='lat' dir='ltr'>es</span> <span class='ocrx_word' id='word_1_247' title='bbox 648 2000 706 2038; x_wconf 81' lang='lat' dir='ltr'>ipso</span> <span class='ocrx_word' id='word_1_248' title='bbox 726 1999 850 2038; x_wconf 67' lang='grc' dir='ltr'>Ιῖφῐῐηε</span> 
     </span>
     <span class='ocr_line' id='line_1_44' title="bbox 130 2039 850 2086; baseline 0.006 -17"><span class='ocrx_word' id='word_1_249' title='bbox 130 2039 233 2080; x_wconf 74' lang='lat' dir='ltr'>digni?</span> <span class='ocrx_word' id='word_1_250' title='bbox 248 2051 316 2081; x_wconf 86' lang='lat' dir='ltr'>quae</span> <span class='ocrx_word' id='word_1_251' title='bbox 329 2040 409 2071; x_wconf 73' lang='lat' dir='ltr'>forte</span> <span class='ocrx_word' id='word_1_252' title='bbox 425 2040 469 2072; x_wconf 86' lang='lat' dir='ltr'>sit</span> <span class='ocrx_word' id='word_1_253' title='bbox 476 2042 660 2086; x_wconf 82' lang='lat' dir='ltr'>emendandi</span> <span class='ocrx_word' id='word_1_254' title='bbox 670 2042 850 2073; x_wconf 84' lang='lat' dir='ltr'>mollissima</span> 
     </span>
     <span class='ocr_line' id='line_1_45' title="bbox 129 2083 220 2113; baseline -0.013 0"><span class='ocrx_word' id='word_1_255' title='bbox 129 2083 220 2113; x_wconf 84' lang='lat' dir='ltr'>ratio.</span> 
     </span>
    </p>

    <p class='ocr_par' dir='ltr' id='par_1_11' title="bbox 128 2127 849 2287">
     <span class='ocr_line' id='line_1_46' title="bbox 172 2127 849 2169; baseline 0.006 -14"><span class='ocrx_word' id='word_1_256' title='bbox 172 2143 216 2149; x_wconf 81' lang='lat'><strong>—</strong></span> <span class='ocrx_word' id='word_1_257' title='bbox 232 2128 280 2156; x_wconf 87' lang='lat'>14.</span> <span class='ocrx_word' id='word_1_258' title='bbox 296 2127 396 2169; x_wconf 79' lang='grc' dir='ltr'>τοῦτο]</span> <span class='ocrx_word' id='word_1_259' title='bbox 418 2138 473 2157; x_wconf 77' lang='lat' dir='ltr'>vos</span> <span class='ocrx_word' id='word_1_260' title='bbox 499 2131 575 2167; x_wconf 85' lang='lat' dir='ltr'>puta</span> <span class='ocrx_word' id='word_1_261' title='bbox 597 2128 709 2158; x_wconf 90' lang='lat' dir='ltr'>malum</span> <span class='ocrx_word' id='word_1_262' title='bbox 732 2129 770 2159; x_wconf 84' lang='lat' dir='ltr'>ab</span> <span class='ocrx_word' id='word_1_263' title='bbox 787 2128 849 2166; x_wconf 88' lang='lat' dir='ltr'>his,</span> 
     </span>
     <span class='ocr_line' id='line_1_47' title="bbox 129 2168 849 2212; baseline 0.004 -13"><span class='ocrx_word' id='word_1_264' title='bbox 129 2178 206 2208; x_wconf 88' lang='lat' dir='ltr'>quos</span> <span class='ocrx_word' id='word_1_265' title='bbox 228 2169 364 2200; x_wconf 79' lang='lat' dir='ltr'>decretis</span> <span class='ocrx_word' id='word_1_266' title='bbox 391 2170 558 2201; x_wconf 82' lang='lat' dir='ltr'>bonoribus</span> <span class='ocrx_word' id='word_1_267' title='bbox 582 2168 739 2212; x_wconf 83' lang='lat' dir='ltr'>privatum</span> <span class='ocrx_word' id='word_1_268' title='bbox 763 2178 849 2209; x_wconf 88' lang='lat' dir='ltr'>eunt,</span> 
     </span>
     <span class='ocr_line' id='line_1_48' title="bbox 128 2211 848 2255; baseline 0.006 -13"><span class='ocrx_word' id='word_1_269' title='bbox 128 2211 300 2252; x_wconf 81' lang='lat' dir='ltr'>accepisse,</span> <span class='ocrx_word' id='word_1_270' title='bbox 325 2219 523 2255; x_wconf 85' lang='lat' dir='ltr'>posteaquam</span> <span class='ocrx_word' id='word_1_271' title='bbox 549 2215 687 2255; x_wconf 88' lang='lat' dir='ltr'>praemiis</span> <span class='ocrx_word' id='word_1_272' title='bbox 717 2225 736 2245; x_wconf 83' lang='lat' dir='ltr'>a</span> <span class='ocrx_word' id='word_1_273' title='bbox 758 2215 848 2247; x_wconf 84' lang='lat' dir='ltr'>vobis</span> 
     </span>
     <span class='ocr_line' id='line_1_49' title="bbox 129 2255 381 2288; baseline 0.008 -3"><span class='ocrx_word' id='word_1_274' title='bbox 129 2255 227 2286; x_wconf 82' lang='lat' dir='ltr'>ornati</span> <span class='ocrx_word' id='word_1_275' title='bbox 239 2256 381 2288; x_wconf 78' lang='lat' dir='ltr'>fuissent.</span> 
     </span>
    </p>

    <p class='ocr_par' dir='ltr' id='par_1_12' title="bbox 128 2299 849 2600">
     <span class='ocr_line' id='line_1_50' title="bbox 172 2299 849 2342; baseline 0.003 -13"><span class='ocrx_word' id='word_1_276' title='bbox 172 2317 215 2322; x_wconf 89' lang='lat'>-—</span> <span class='ocrx_word' id='word_1_277' title='bbox 230 2301 282 2330; x_wconf 87' lang='lat'>15.</span> <span class='ocrx_word' id='word_1_278' title='bbox 303 2299 362 2341; x_wconf 75' lang='grc' dir='ltr'><strong>δεῖ]</strong></span> <span class='ocrx_word' id='word_1_279' title='bbox 387 2300 545 2342; x_wconf 72' lang='lat' dir='ltr'>praeferam</span> <span class='ocrx_word' id='word_1_280' title='bbox 560 2311 577 2332; x_wconf 90' lang='lat' dir='ltr'>e</span> <span class='ocrx_word' id='word_1_281' title='bbox 592 2301 729 2341; x_wconf 82' lang='lat' dir='ltr'>margine</span> <span class='ocrx_word' id='word_1_282' title='bbox 745 2301 849 2332; x_wconf 85' lang='lat' dir='ltr'>Lutet.</span> 
     </span>
     <span class='ocr_line' id='line_1_51' title="bbox 129 2339 848 2394; baseline 0.004 -23"><span class='ocrx_word' id='word_1_283' title='bbox 129 2339 194 2372; x_wconf 72' lang='grc' dir='ltr'><strong>ἔδει.</strong></span> <span class='ocrx_word' id='word_1_284' title='bbox 236 2343 396 2374; x_wconf 81' lang='lat' dir='ltr'>Sententia</span> <span class='ocrx_word' id='word_1_285' title='bbox 417 2349 482 2375; x_wconf 84' lang='lat' dir='ltr'>est:</span> <span class='ocrx_word' id='word_1_286' title='bbox 510 2344 593 2394; x_wconf 75' lang='lat' dir='ltr'>quod</span> <span class='ocrx_word' id='word_1_287' title='bbox 615 2344 642 2374; x_wconf 84' lang='lat' dir='ltr'>si</span> <span class='ocrx_word' id='word_1_288' title='bbox 665 2349 765 2376; x_wconf 88' lang='lat' dir='ltr'>autem</span> <span class='ocrx_word' id='word_1_289' title='bbox 789 2345 848 2375; x_wconf 91' lang='lat' dir='ltr'>hoc</span> 
     </span>
     <span class='ocr_line' id='line_1_52' title="bbox 129 2385 846 2427; baseline 0.007 -13"><span class='ocrx_word' id='word_1_290' title='bbox 129 2387 347 2416; x_wconf 85' lang='lat' dir='ltr'>asseverabunt</span> <span class='ocrx_word' id='word_1_291' title='bbox 369 2385 528 2427; x_wconf 84' lang='lat' dir='ltr'>[consulto</span> <span class='ocrx_word' id='word_1_292' title='bbox 551 2388 596 2418; x_wconf 86' lang='lat' dir='ltr'>sic</span> <span class='ocrx_word' id='word_1_293' title='bbox 619 2387 702 2423; x_wconf 84' lang='lat' dir='ltr'>dico,</span> <span class='ocrx_word' id='word_1_294' title='bbox 723 2398 846 2419; x_wconf 86' lang='lat' dir='ltr'>asseve-</span> 
     </span>
     <span class='ocr_line' id='line_1_53' title="bbox 128 2428 846 2470; baseline 0.006 -13"><span class='ocrx_word' id='word_1_295' title='bbox 128 2428 250 2464; x_wconf 83' lang='lat' dir='ltr'>rabunt,</span> <span class='ocrx_word' id='word_1_296' title='bbox 265 2439 325 2459; x_wconf 87' lang='lat' dir='ltr'>non</span> <span class='ocrx_word' id='word_1_297' title='bbox 340 2435 452 2466; x_wconf 85' lang='lat' dir='ltr'>autem,</span> <span class='ocrx_word' id='word_1_298' title='bbox 476 2431 600 2470; x_wconf 85' lang='lat' dir='ltr'>planum</span> <span class='ocrx_word' id='word_1_299' title='bbox 622 2430 753 2469; x_wconf 83' lang='lat' dir='ltr'>facient3</span> <span class='ocrx_word' id='word_1_300' title='bbox 778 2436 846 2462; x_wconf 82' lang='lat' dir='ltr'>&#39;nam</span> 
     </span>
     <span class='ocr_line' id='line_1_54' title="bbox 129 2471 848 2515; baseline 0.007 -15"><span class='ocrx_word' id='word_1_301' title='bbox 129 2471 187 2501; x_wconf 88' lang='lat' dir='ltr'>hoc</span> <span class='ocrx_word' id='word_1_302' title='bbox 215 2472 339 2511; x_wconf 87' lang='lat' dir='ltr'>quidem</span> <span class='ocrx_word' id='word_1_303' title='bbox 367 2484 425 2504; x_wconf 91' lang='lat' dir='ltr'>non</span> <span class='ocrx_word' id='word_1_304' title='bbox 447 2473 623 2515; x_wconf 87' lang='lat' dir='ltr'>poterunt],</span> <span class='ocrx_word' id='word_1_305' title='bbox 652 2475 848 2514; x_wconf 85' lang='lat' dir='ltr'>respondebo</span> 
     </span>
     <span class='ocr_line' id='line_1_55' title="bbox 131 2514 848 2555; baseline 0.006 -11"><span class='ocrx_word' id='word_1_306' title='bbox 131 2514 196 2544; x_wconf 90' lang='lat' dir='ltr'>sic.</span> <span class='ocrx_word' id='word_1_307' title='bbox 228 2516 402 2555; x_wconf 86' lang='lat' dir='ltr'>Oportebat</span> <span class='ocrx_word' id='word_1_308' title='bbox 431 2516 489 2547; x_wconf 88' lang='lat' dir='ltr'>hos</span> <span class='ocrx_word' id='word_1_309' title='bbox 519 2518 702 2548; x_wconf 85' lang='lat' dir='ltr'>criminosos</span> <span class='ocrx_word' id='word_1_310' title='bbox 732 2518 848 2554; x_wconf 86' lang='lat' dir='ltr'>statim,</span> 
     </span>
     <span class='ocr_line' id='line_1_56' title="bbox 129 2559 696 2600; baseline 0.009 -14"><span class='ocrx_word' id='word_1_311' title='bbox 129 2561 252 2588; x_wconf 86' lang='lat' dir='ltr'>recente</span> <span class='ocrx_word' id='word_1_312' title='bbox 271 2559 371 2589; x_wconf 84' lang='lat' dir='ltr'>adhuc</span> <span class='ocrx_word' id='word_1_313' title='bbox 386 2559 524 2597; x_wconf 87' lang='lat' dir='ltr'>crimine,</span> <span class='ocrx_word' id='word_1_314' title='bbox 539 2560 696 2600; x_wconf 85' lang='lat' dir='ltr'>castigari.</span> 
     </span>
    </p>

    <p class='ocr_par' dir='ltr' id='par_1_13' title="bbox 127 2602 850 2992">
     <span class='ocr_line' id='line_1_57' title="bbox 172 2602 850 2646; baseline 0.001 -13"><span class='ocrx_word' id='word_1_315' title='bbox 172 2618 215 2624; x_wconf 93' lang='lat'><em>-</em></span> <span class='ocrx_word' id='word_1_316' title='bbox 230 2603 282 2633; x_wconf 77' lang='lat'>21.</span> <span class='ocrx_word' id='word_1_317' title='bbox 300 2602 600 2646; x_wconf 67' lang='grc' dir='ltr'><strong>παντάπισιπονηρᾶς</strong></span> <span class='ocrx_word' id='word_1_318' title='bbox 610 2604 736 2646; x_wconf 78' lang='grc' dir='ltr'><strong>φύσεως]</strong></span> <span class='ocrx_word' id='word_1_319' title='bbox 753 2614 770 2634; x_wconf 88' lang='grc' dir='ltr'><strong>ε</strong></span> <span class='ocrx_word' id='word_1_320' title='bbox 785 2605 850 2634; x_wconf 87' lang='lat' dir='ltr'>dis·</span> 
     </span>
     <span class='ocr_line' id='line_1_58' title="bbox 129 2644 848 2687; baseline 0.007 -14"><span class='ocrx_word' id='word_1_321' title='bbox 129 2644 287 2683; x_wconf 78' lang='lat' dir='ltr'>crepantia</span> <span class='ocrx_word' id='word_1_322' title='bbox 307 2645 486 2682; x_wconf 86' lang='lat' dir='ltr'>lectionum,</span> <span class='ocrx_word' id='word_1_323' title='bbox 512 2658 581 2686; x_wconf 84' lang='lat' dir='ltr'>quae</span> <span class='ocrx_word' id='word_1_324' title='bbox 596 2648 646 2677; x_wconf 90' lang='lat' dir='ltr'>hic</span> <span class='ocrx_word' id='word_1_325' title='bbox 663 2647 723 2678; x_wconf 90' lang='lat' dir='ltr'>loci</span> <span class='ocrx_word' id='word_1_326' title='bbox 739 2658 848 2687; x_wconf 88' lang='lat' dir='ltr'>magua</span> 
     </span>
     <span class='ocr_line' id='line_1_59' title="bbox 130 2687 847 2728; baseline 0.007 -12"><span class='ocrx_word' id='word_1_327' title='bbox 130 2690 191 2723; x_wconf 86' lang='lat' dir='ltr'>est,</span> <span class='ocrx_word' id='word_1_328' title='bbox 205 2687 318 2728; x_wconf 85' lang='lat' dir='ltr'>colligo</span> <span class='ocrx_word' id='word_1_329' title='bbox 333 2689 431 2720; x_wconf 83' lang='lat' dir='ltr'>fuisse</span> <span class='ocrx_word' id='word_1_330' title='bbox 445 2689 547 2720; x_wconf 86' lang='lat' dir='ltr'>olim·</span> <span class='ocrx_word' id='word_1_331' title='bbox 538 2701 569 2720; x_wconf 91' lang='grc' dir='ltr'>ιιι</span> <span class='ocrx_word' id='word_1_332' title='bbox 593 2690 683 2721; x_wconf 87' lang='lat' dir='ltr'>libris</span> <span class='ocrx_word' id='word_1_333' title='bbox 707 2691 761 2721; x_wconf 83' lang='lat' dir='ltr'>has</span> <span class='ocrx_word' id='word_1_334' title='bbox 783 2696 847 2722; x_wconf 88' lang='lat' dir='ltr'>tres</span> 
     </span>
     <span class='ocr_line' id='line_1_60' title="bbox 128 2729 846 2775; baseline 0.007 -16"><span class='ocrx_word' id='word_1_335' title='bbox 128 2729 288 2768; x_wconf 78' lang='lat' dir='ltr'>huJuslom</span> <span class='ocrx_word' id='word_1_336' title='bbox 298 2731 448 2763; x_wconf 81' lang='lat' dir='ltr'>lectiones</span> <span class='ocrx_word' id='word_1_337' title='bbox 465 2738 613 2764; x_wconf 83' lang='lat' dir='ltr'>versatas.</span> <span class='ocrx_word' id='word_1_338' title='bbox 625 2734 764 2775; x_wconf 80' lang='lat' dir='ltr'>primam,</span> <span class='ocrx_word' id='word_1_339' title='bbox 775 2745 846 2764; x_wconf 75' lang='grc' dir='ltr'><strong>παν-</strong></span> 
     </span>
     <span class='ocr_line' id='line_1_61' title="bbox 128 2773 847 2816; baseline 0.007 -14"><span class='ocrx_word' id='word_1_340' title='bbox 128 2773 245 2804; x_wconf 65' lang='grc' dir='ltr'><strong>τάπασι</strong></span> <span class='ocrx_word' id='word_1_341' title='bbox 267 2773 351 2815; x_wconf 75' lang='grc' dir='ltr'><strong>φύσει</strong></span> <span class='ocrx_word' id='word_1_342' title='bbox 377 2775 479 2810; x_wconf 77' lang='grc' dir='ltr'><strong><em>κακίας</em></strong></span> <span class='ocrx_word' id='word_1_343' title='bbox 503 2777 630 2816; x_wconf 74' lang='grc' dir='ltr'>σημεῖον.</span> <span class='ocrx_word' id='word_1_344' title='bbox 655 2777 768 2807; x_wconf 81' lang='lat' dir='ltr'>dicitur</span> <span class='ocrx_word' id='word_1_345' title='bbox 794 2777 847 2807; x_wconf 89' lang='lat' dir='ltr'>illa</span> 
     </span>
     <span class='ocr_line' id='line_1_62' title="bbox 127 2817 847 2859; baseline 0.007 -14"><span class='ocrx_word' id='word_1_346' title='bbox 127 2817 239 2846; x_wconf 82' lang='lat' dir='ltr'>mentis</span> <span class='ocrx_word' id='word_1_347' title='bbox 253 2818 402 2857; x_wconf 73' lang='lat' dir='ltr'>pramaS,</span> <span class='ocrx_word' id='word_1_348' title='bbox 411 2830 478 2859; x_wconf 87' lang='lat' dir='ltr'>quae</span> <span class='ocrx_word' id='word_1_349' title='bbox 488 2819 603 2850; x_wconf 78' lang='lat' dir='ltr'>homini</span> <span class='ocrx_word' id='word_1_350' title='bbox 614 2821 766 2851; x_wconf 74' lang='lat' dir='ltr'>scelerato</span> <span class='ocrx_word' id='word_1_351' title='bbox 783 2821 847 2850; x_wconf 86' lang='lat' dir='ltr'>vel·</span> 
     </span>
     <span class='ocr_line' id='line_1_63' title="bbox 128 2858 846 2902; baseline 0.01 -14"><span class='ocrx_word' id='word_1_352' title='bbox 128 2858 172 2888; x_wconf 87' lang='lat' dir='ltr'>uti</span> <span class='ocrx_word' id='word_1_353' title='bbox 197 2861 328 2900; x_wconf 80' lang='lat' dir='ltr'>cognata</span> <span class='ocrx_word' id='word_1_354' title='bbox 355 2861 480 2898; x_wconf 74' lang='lat' dir='ltr'>insidet,</span> <span class='ocrx_word' id='word_1_355' title='bbox 501 2863 586 2902; x_wconf 77' lang='grc' dir='ltr'><strong>φύσει</strong></span> <span class='ocrx_word' id='word_1_356' title='bbox 609 2864 708 2894; x_wconf 77' lang='grc' dir='ltr'><strong><em>κακία.</em></strong></span> <span class='ocrx_word' id='word_1_357' title='bbox 739 2875 846 2895; x_wconf 79' lang='lat' dir='ltr'>secun-</span> 
     </span>
     <span class='ocr_line' id='line_1_64' title="bbox 128 2901 846 2948; baseline 0.008 -18"><span class='ocrx_word' id='word_1_358' title='bbox 128 2901 208 2937; x_wconf 68' lang='lat' dir='ltr'>dam,</span> <span class='ocrx_word' id='word_1_359' title='bbox 245 2904 436 2936; x_wconf 57' lang='grc' dir='ltr'>Παντάπασι</span> <span class='ocrx_word' id='word_1_360' title='bbox 465 2904 577 2946; x_wconf 60' lang='grc' dir='ltr'><strong>φυσέωζ</strong></span> <span class='ocrx_word' id='word_1_361' title='bbox 604 2919 692 2941; x_wconf 67' lang='grc' dir='ltr'>κακῆς</span> <span class='ocrx_word' id='word_1_362' title='bbox 717 2918 846 2948; x_wconf 53' lang='lat' dir='ltr'>euphemii.</span> 
     </span>
     <span class='ocr_line' id='line_1_65' title="bbox 127 2944 848 2992; baseline 0.01 -19"><span class='ocrx_word' id='word_1_363' title='bbox 127 2944 248 2975; x_wconf 81' lang='lat' dir='ltr'>tertiam</span> <span class='ocrx_word' id='word_1_364' title='bbox 268 2947 400 2987; x_wconf 84' lang='lat' dir='ltr'>denique</span> <span class='ocrx_word' id='word_1_365' title='bbox 422 2949 510 2985; x_wconf 82' lang='lat' dir='ltr'>hanc,</span> <span class='ocrx_word' id='word_1_366' title='bbox 532 2951 708 2981; x_wconf 73' lang='grc' dir='ltr'><strong>παντάπασι</strong></span> <span class='ocrx_word' id='word_1_367' title='bbox 731 2953 848 2992; x_wconf 58' lang='grc' dir='ltr'>πονηρᾶς</span> 
     </span>
    </p>

    <p class='ocr_par' dir='ltr' id='par_1_14' title="bbox 104 2986 847 3074">
     <span class='ocr_line' id='line_1_66' title="bbox 104 2986 847 3036; baseline 0.013 -21"><span class='ocrx_word' id='word_1_368' title='bbox 104 2986 238 3025; x_wconf 48' lang='grc' dir='ltr'><strong>κφύσεως</strong></span> <span class='ocrx_word' id='word_1_369' title='bbox 259 2989 307 3019; x_wconf 74' lang='grc' dir='ltr'>καὶ</span> <span class='ocrx_word' id='word_1_370' title='bbox 330 3001 432 3026; x_wconf 70' lang='grc' dir='ltr'><strong>κακυις</strong></span> <span class='ocrx_word' id='word_1_371' title='bbox 453 3003 631 3031; x_wconf 74' lang='grc' dir='ltr'>συγγενους</span> <span class='ocrx_word' id='word_1_372' title='bbox 617 2996 712 3035; x_wconf 70' lang='grc' dir='ltr'><strong>σημεῖ’</strong></span> <span class='ocrx_word' id='word_1_373' title='bbox 709 3005 744 3025; x_wconf 89' lang='grc' dir='ltr'>ον.</span> <span class='ocrx_word' id='word_1_374' title='bbox 761 2999 847 3036; x_wconf 77' lang='lat' dir='ltr'>optet</span> 
     </span>
     <span class='ocr_line' id='line_1_67' title="bbox 131 3029 563 3074; baseline 0.021 -16"><span class='ocrx_word' id='word_1_375' title='bbox 131 3029 273 3069; x_wconf 82' lang='lat' dir='ltr'>quisque,</span> <span class='ocrx_word' id='word_1_376' title='bbox 287 3043 374 3072; x_wconf 83' lang='lat' dir='ltr'>quam</span> <span class='ocrx_word' id='word_1_377' title='bbox 391 3034 460 3074; x_wconf 87' lang='lat' dir='ltr'>ipse</span> <span class='ocrx_word' id='word_1_378' title='bbox 477 3036 563 3068; x_wconf 83' lang='lat' dir='ltr'>velit.</span> 
     </span>
    </p>

    <p class='ocr_par' dir='ltr' id='par_1_15' title="bbox 177 3082 301 3105">
     <span class='ocr_line' id='line_1_68' title="bbox 177 3082 301 3105; baseline 0.028 -3"><span class='ocrx_word' id='word_1_379' title='bbox 177 3082 252 3103; x_wconf 85' lang='grc' dir='ltr'><strong>νοι.</strong></span> <span class='ocrx_word' id='word_1_380' title='bbox 271 3085 301 3105; x_wconf 75' lang='grc' dir='ltr'>ι.</span> 
     </span>
    </p>
   </div>
   <div class='ocr_carea' id='block_1_5' title="bbox 1519 207 1600 250">
    <p class='ocr_par' dir='ltr' id='par_1_16' title="bbox 1519 207 1600 250">
     <span class='ocr_line' id='line_1_69' title="bbox 1519 207 1600 250; baseline 0.012 -1"><span class='ocrx_word' id='word_1_381' title='bbox 1519 207 1600 250; x_wconf 85' lang='lat'>129</span> 
     </span>
    </p>
   </div>
   <div class='ocr_carea' id='block_1_6' title="bbox 882 312 1606 740">
    <p class='ocr_par' dir='ltr' id='par_1_17' title="bbox 882 312 1606 740">
     <span class='ocr_line' id='line_1_70' title="bbox 919 312 1603 354; baseline 0.003 -14"><span class='ocrx_word' id='word_1_382' title='bbox 919 322 1037 351; x_wconf 87' lang='lat' dir='ltr'>——pen.</span> <span class='ocrx_word' id='word_1_383' title='bbox 1048 321 1156 351; x_wconf 79' lang='lat' dir='ltr'>magna</span> <span class='ocrx_word' id='word_1_384' title='bbox 1166 313 1287 351; x_wconf 86' lang='lat' dir='ltr'>quidem</span> <span class='ocrx_word' id='word_1_385' title='bbox 1295 312 1603 354; x_wconf 18' lang='lat' dir='ltr'>probabilitatisvspe·</span> 
     </span>
     <span class='ocr_line' id='line_1_71' title="bbox 884 354 1602 394; baseline 0.003 -10"><span class='ocrx_word' id='word_1_386' title='bbox 884 354 949 384; x_wconf 88' lang='lat' dir='ltr'>cies</span> <span class='ocrx_word' id='word_1_387' title='bbox 965 355 1105 385; x_wconf 84' lang='lat' dir='ltr'>Lambini</span> <span class='ocrx_word' id='word_1_388' title='bbox 1127 354 1345 394; x_wconf 83' lang='lat' dir='ltr'>conjecturam,</span> <span class='ocrx_word' id='word_1_389' title='bbox 1362 356 1530 387; x_wconf 85' lang='lat' dir='ltr'>desiderari</span> <span class='ocrx_word' id='word_1_390' title='bbox 1549 355 1602 386; x_wconf 89' lang='lat' dir='ltr'>hic</span> 
     </span>
     <span class='ocr_line' id='line_1_72' title="bbox 884 396 1604 437; baseline 0.003 -10"><span class='ocrx_word' id='word_1_391' title='bbox 884 396 911 428; x_wconf 81' lang='grc' dir='ltr'>ἐν</span> <span class='ocrx_word' id='word_1_392' title='bbox 922 397 965 437; x_wconf 64' lang='grc' dir='ltr'>τῷ</span> <span class='ocrx_word' id='word_1_393' title='bbox 979 397 1112 437; x_wconf 72' lang='grc' dir='ltr'>πολέμῳ,</span> <span class='ocrx_word' id='word_1_394' title='bbox 1127 399 1330 428; x_wconf 84' lang='lat' dir='ltr'>commendat.</span> <span class='ocrx_word' id='word_1_395' title='bbox 1370 400 1482 429; x_wconf 82' lang='lat' dir='ltr'>Verum</span> <span class='ocrx_word' id='word_1_396' title='bbox 1501 403 1604 429; x_wconf 85' lang='lat' dir='ltr'>tamen</span> 
     </span>
     <span class='ocr_line' id='line_1_73' title="bbox 884 440 1603 481; baseline 0.003 -11"><span class='ocrx_word' id='word_1_397' title='bbox 884 440 1057 471; x_wconf 84' lang='lat' dir='ltr'>existimem</span> <span class='ocrx_word' id='word_1_398' title='bbox 1082 440 1171 471; x_wconf 85' lang='lat' dir='ltr'>facile</span> <span class='ocrx_word' id='word_1_399' title='bbox 1189 441 1341 479; x_wconf 77' lang='lat' dir='ltr'>vulgatam</span> <span class='ocrx_word' id='word_1_400' title='bbox 1360 442 1483 472; x_wconf 82' lang='lat' dir='ltr'>defendi</span> <span class='ocrx_word' id='word_1_401' title='bbox 1499 452 1603 481; x_wconf 88' lang='lat' dir='ltr'>posse.</span> 
     </span>
     <span class='ocr_line' id='line_1_74' title="bbox 884 481 1604 522; baseline 0.004 -10"><span class='ocrx_word' id='word_1_402' title='bbox 884 483 926 514; x_wconf 89' lang='lat' dir='ltr'>ita</span> <span class='ocrx_word' id='word_1_403' title='bbox 941 483 1094 520; x_wconf 84' lang='lat' dir='ltr'>nimirum,</span> <span class='ocrx_word' id='word_1_404' title='bbox 1119 488 1152 513; x_wconf 89' lang='lat' dir='ltr'>ut</span> <span class='ocrx_word' id='word_1_405' title='bbox 1175 481 1311 522; x_wconf 56' lang='grc' dir='ltr'>δημοσίᾳ,</span> <span class='ocrx_word' id='word_1_406' title='bbox 1336 494 1393 513; x_wconf 87' lang='lat' dir='ltr'>ceu</span> <span class='ocrx_word' id='word_1_407' title='bbox 1417 485 1552 522; x_wconf 86' lang='lat' dir='ltr'>positum</span> <span class='ocrx_word' id='word_1_408' title='bbox 1573 485 1604 515; x_wconf 85' lang='lat' dir='ltr'>in</span> 
     </span>
     <span class='ocr_line' id='line_1_75' title="bbox 884 527 1604 567; baseline 0.003 -11"><span class='ocrx_word' id='word_1_409' title='bbox 884 527 981 563; x_wconf 82' lang='lat' dir='ltr'>bivio,</span> <span class='ocrx_word' id='word_1_410' title='bbox 999 532 1058 557; x_wconf 83' lang='lat' dir='ltr'>tam</span> <span class='ocrx_word' id='word_1_411' title='bbox 1076 527 1114 556; x_wconf 88' lang='lat' dir='ltr'>ad</span> <span class='ocrx_word' id='word_1_412' title='bbox 1129 527 1325 557; x_wconf 72' lang='grc' dir='ltr'><strong>τελευτήσασι</strong></span> <span class='ocrx_word' id='word_1_413' title='bbox 1340 527 1500 563; x_wconf 80' lang='lat' dir='ltr'>referatur,</span> <span class='ocrx_word' id='word_1_414' title='bbox 1514 539 1604 567; x_wconf 84' lang='lat' dir='ltr'>quam</span> 
     </span>
     <span class='ocr_line' id='line_1_76' title="bbox 884 570 1604 610; baseline 0.001 -10"><span class='ocrx_word' id='word_1_415' title='bbox 884 571 921 600; x_wconf 83' lang='lat' dir='ltr'>ad</span> <span class='ocrx_word' id='word_1_416' title='bbox 931 572 1030 610; x_wconf 66' lang='grc' dir='ltr'>ταφὰς</span> <span class='ocrx_word' id='word_1_417' title='bbox 1041 570 1190 601; x_wconf 59' lang='grc' dir='ltr'><strong>ποιεῖσθε.</strong></span> <span class='ocrx_word' id='word_1_418' title='bbox 1232 570 1370 600; x_wconf 84' lang='lat' dir='ltr'>Tametsi</span> <span class='ocrx_word' id='word_1_419' title='bbox 1386 580 1442 599; x_wconf 89' lang='lat' dir='ltr'>non</span> <span class='ocrx_word' id='word_1_420' title='bbox 1458 573 1604 601; x_wconf 88' lang='lat' dir='ltr'>memine-</span> 
     </span>
     <span class='ocr_line' id='line_1_77' title="bbox 882 612 1605 653; baseline 0.001 -10"><span class='ocrx_word' id='word_1_421' title='bbox 882 613 939 643; x_wconf 89' lang='lat' dir='ltr'>rim</span> <span class='ocrx_word' id='word_1_422' title='bbox 956 615 1075 653; x_wconf 87' lang='lat' dir='ltr'>uspiam</span> <span class='ocrx_word' id='word_1_423' title='bbox 1091 614 1206 653; x_wconf 81' lang='lat' dir='ltr'>legisse</span> <span class='ocrx_word' id='word_1_424' title='bbox 1218 612 1385 643; x_wconf 85' lang='lat' dir='ltr'>dictionem</span> <span class='ocrx_word' id='word_1_425' title='bbox 1399 613 1538 653; x_wconf 68' lang='grc' dir='ltr'>τελευτᾷν</span> <span class='ocrx_word' id='word_1_426' title='bbox 1558 615 1605 644; x_wconf 78' lang='grc' dir='ltr'>δη-</span> 
     </span>
     <span class='ocr_line' id='line_1_78' title="bbox 883 654 1606 696; baseline 0 -10"><span class='ocrx_word' id='word_1_427' title='bbox 883 654 987 696; x_wconf 73' lang='grc' dir='ltr'>μοσίᾳ,</span> <span class='ocrx_word' id='word_1_428' title='bbox 1004 667 1059 696; x_wconf 87' lang='lat' dir='ltr'>pro</span> <span class='ocrx_word' id='word_1_429' title='bbox 1076 658 1148 687; x_wconf 75' lang='lat' dir='ltr'>mori</span> <span class='ocrx_word' id='word_1_430' title='bbox 1168 666 1220 696; x_wconf 85' lang='lat' dir='ltr'>pro</span> <span class='ocrx_word' id='word_1_431' title='bbox 1240 657 1351 695; x_wconf 80' lang='lat' dir='ltr'>putria,</span> <span class='ocrx_word' id='word_1_432' title='bbox 1375 655 1416 686; x_wconf 83' lang='lat' dir='ltr'>nit</span> <span class='ocrx_word' id='word_1_433' title='bbox 1441 659 1542 685; x_wconf 87' lang='lat' dir='ltr'>tamen</span> <span class='ocrx_word' id='word_1_434' title='bbox 1560 657 1606 686; x_wconf 84' lang='lat' dir='ltr'>vi-</span> 
     </span>
     <span class='ocr_line' id='line_1_79' title="bbox 883 697 1606 740; baseline -0.003 -9"><span class='ocrx_word' id='word_1_435' title='bbox 883 701 955 737; x_wconf 89' lang='lat' dir='ltr'>deo,</span> <span class='ocrx_word' id='word_1_436' title='bbox 972 710 1026 730; x_wconf 89' lang='lat' dir='ltr'>cur</span> <span class='ocrx_word' id='word_1_437' title='bbox 1046 711 1082 730; x_wconf 90' lang='lat' dir='ltr'>ea</span> <span class='ocrx_word' id='word_1_438' title='bbox 1097 704 1229 740; x_wconf 85' lang='lat' dir='ltr'>nequeat</span> <span class='ocrx_word' id='word_1_439' title='bbox 1250 699 1284 729; x_wconf 85' lang='lat' dir='ltr'>id</span> <span class='ocrx_word' id='word_1_440' title='bbox 1307 699 1490 739; x_wconf 84' lang='lat' dir='ltr'>significare.</span> <span class='ocrx_word' id='word_1_441' title='bbox 1516 697 1606 739; x_wconf 77' lang='grc' dir='ltr'>δημο-</span> 
     </span>
    </p>
   </div>
   <div class='ocr_carea' id='block_1_7' title="bbox 884 742 1653 783">
    <p class='ocr_par' dir='ltr' id='par_1_18' title="bbox 884 742 1653 783">
     <span class='ocr_line' id='line_1_80' title="bbox 884 742 1653 783; baseline -0.001 -10"><span class='ocrx_word' id='word_1_442' title='bbox 884 742 933 783; x_wconf 72' lang='grc' dir='ltr'>σίᾳ.</span> <span class='ocrx_word' id='word_1_443' title='bbox 948 748 996 773; x_wconf 83' lang='lat' dir='ltr'>est</span> <span class='ocrx_word' id='word_1_444' title='bbox 1007 743 1134 782; x_wconf 79' lang='lat' dir='ltr'>publice,</span> <span class='ocrx_word' id='word_1_445' title='bbox 1157 743 1187 772; x_wconf 87' lang='lat' dir='ltr'>h.</span> <span class='ocrx_word' id='word_1_446' title='bbox 1202 753 1229 772; x_wconf 89' lang='lat' dir='ltr'>e.</span> <span class='ocrx_word' id='word_1_447' title='bbox 1248 744 1341 782; x_wconf 89' lang='lat' dir='ltr'>jussu</span> <span class='ocrx_word' id='word_1_448' title='bbox 1361 747 1392 772; x_wconf 87' lang='lat' dir='ltr'>et</span> <span class='ocrx_word' id='word_1_449' title='bbox 1411 742 1605 778; x_wconf 83' lang='lat' dir='ltr'>auctoritate,</span> <span class='ocrx_word' id='word_1_450' title='bbox 1648 746 1653 751; x_wconf 85' lang='lat'>&#39;</span> 
     </span>
    </p>
   </div>
   <div class='ocr_carea' id='block_1_8' title="bbox 883 785 1608 1086">
    <p class='ocr_par' dir='ltr' id='par_1_19' title="bbox 883 785 1608 1086">
     <span class='ocr_line' id='line_1_81' title="bbox 883 785 1608 827; baseline -0.003 -10"><span class='ocrx_word' id='word_1_451' title='bbox 883 786 1090 827; x_wconf 84' lang='lat' dir='ltr'>auspiciisque</span> <span class='ocrx_word' id='word_1_452' title='bbox 1113 785 1266 826; x_wconf 88' lang='lat' dir='ltr'>reipubl.:</span> <span class='ocrx_word' id='word_1_453' title='bbox 1290 788 1364 816; x_wconf 79' lang='lat' dir='ltr'>mori</span> <span class='ocrx_word' id='word_1_454' title='bbox 1385 796 1459 825; x_wconf 85' lang='lat' dir='ltr'>ergo</span> <span class='ocrx_word' id='word_1_455' title='bbox 1480 785 1608 825; x_wconf 75' lang='lat' dir='ltr'>publice,</span> 
     </span>
     <span class='ocr_line' id='line_1_82' title="bbox 884 829 1607 861; baseline -0.003 -1"><span class='ocrx_word' id='word_1_456' title='bbox 884 835 932 861; x_wconf 88' lang='lat' dir='ltr'>est</span> <span class='ocrx_word' id='word_1_457' title='bbox 947 834 1074 860; x_wconf 78' lang='lat' dir='ltr'>mortem</span> <span class='ocrx_word' id='word_1_458' title='bbox 1091 830 1176 860; x_wconf 88' lang='lat' dir='ltr'>obire</span> <span class='ocrx_word' id='word_1_459' title='bbox 1190 829 1222 860; x_wconf 88' lang='lat' dir='ltr'>in</span> <span class='ocrx_word' id='word_1_460' title='bbox 1236 840 1328 859; x_wconf 82' lang='lat' dir='ltr'>causa</span> <span class='ocrx_word' id='word_1_461' title='bbox 1341 829 1473 859; x_wconf 76' lang='lat' dir='ltr'>honesta</span> <span class='ocrx_word' id='word_1_462' title='bbox 1485 829 1607 859; x_wconf 74' lang='lat' dir='ltr'>hortatu</span> 
     </span>
     <span class='ocr_line' id='line_1_83' title="bbox 885 872 1606 913; baseline -0.001 -10"><span class='ocrx_word' id='word_1_463' title='bbox 885 878 916 904; x_wconf 88' lang='lat' dir='ltr'>et</span> <span class='ocrx_word' id='word_1_464' title='bbox 927 873 1024 904; x_wconf 85' lang='lat' dir='ltr'>missu</span> <span class='ocrx_word' id='word_1_465' title='bbox 1040 873 1158 913; x_wconf 59' lang='lat' dir='ltr'>patriae.</span> <span class='ocrx_word' id='word_1_466' title='bbox 1170 883 1238 902; x_wconf 90' lang='lat' dir='ltr'>nam</span> <span class='ocrx_word' id='word_1_467' title='bbox 1253 874 1293 903; x_wconf 84' lang='lat' dir='ltr'>de</span> <span class='ocrx_word' id='word_1_468' title='bbox 1310 883 1394 903; x_wconf 88' lang='lat' dir='ltr'>more</span> <span class='ocrx_word' id='word_1_469' title='bbox 1413 872 1606 902; x_wconf 82' lang='lat' dir='ltr'>solummodo</span> 
     </span>
     <span class='ocr_line' id='line_1_84' title="bbox 884 914 1607 957; baseline -0.003 -10"><span class='ocrx_word' id='word_1_470' title='bbox 884 916 1015 947; x_wconf 81' lang='lat' dir='ltr'>honesta</span> <span class='ocrx_word' id='word_1_471' title='bbox 1027 916 1077 947; x_wconf 83' lang='lat' dir='ltr'>bic</span> <span class='ocrx_word' id='word_1_472' title='bbox 1092 916 1153 957; x_wconf 86' lang='lat' dir='ltr'>agi,</span> <span class='ocrx_word' id='word_1_473' title='bbox 1171 921 1234 946; x_wconf 81' lang='lat' dir='ltr'>tota</span> <span class='ocrx_word' id='word_1_474' title='bbox 1248 914 1309 945; x_wconf 88' lang='lat' dir='ltr'>loci</span> <span class='ocrx_word' id='word_1_475' title='bbox 1331 915 1430 946; x_wconf 88' lang='lat' dir='ltr'>series</span> <span class='ocrx_word' id='word_1_476' title='bbox 1447 920 1607 950; x_wconf 86' lang='lat' dir='ltr'>monstrat.</span> 
     </span>
     <span class='ocr_line' id='line_1_85' title="bbox 885 959 1606 1001; baseline -0.003 -11"><span class='ocrx_word' id='word_1_477' title='bbox 885 966 917 990; x_wconf 88' lang='lat' dir='ltr'>et</span> <span class='ocrx_word' id='word_1_478' title='bbox 928 961 1093 1000; x_wconf 85' lang='lat' dir='ltr'>insequens</span> <span class='ocrx_word' id='word_1_479' title='bbox 1106 959 1224 999; x_wconf 68' lang='grc' dir='ltr'>ἀγαθῶν</span> <span class='ocrx_word' id='word_1_480' title='bbox 1235 959 1342 1001; x_wconf 67' lang='grc' dir='ltr'>ἀνδςῶν.</span> <span class='ocrx_word' id='word_1_481' title='bbox 1387 960 1606 999; x_wconf 76' lang='lat' dir='ltr'>Saepenumero</span> 
     </span>
     <span class='ocr_line' id='line_1_86' title="bbox 885 1002 1606 1043; baseline -0.001 -10"><span class='ocrx_word' id='word_1_482' title='bbox 885 1003 1039 1042; x_wconf 87' lang='lat' dir='ltr'>ejusmodi</span> <span class='ocrx_word' id='word_1_483' title='bbox 1062 1004 1213 1034; x_wconf 87' lang='lat' dir='ltr'>vocabula</span> <span class='ocrx_word' id='word_1_484' title='bbox 1240 1002 1335 1033; x_wconf 86' lang='lat' dir='ltr'>semel</span> <span class='ocrx_word' id='word_1_485' title='bbox 1366 1003 1480 1043; x_wconf 85' lang='lat' dir='ltr'>posita,</span> <span class='ocrx_word' id='word_1_486' title='bbox 1507 1003 1562 1032; x_wconf 85' lang='lat' dir='ltr'>sed</span> <span class='ocrx_word' id='word_1_487' title='bbox 1589 1014 1606 1032; x_wconf 86' lang='lat' dir='ltr'>a</span> 
     </span>
     <span class='ocr_line' id='line_1_87' title="bbox 884 1045 1607 1086; baseline -0.001 -10"><span class='ocrx_word' id='word_1_488' title='bbox 884 1045 1000 1077; x_wconf 78' lang='lat' dir='ltr'>lectore</span> <span class='ocrx_word' id='word_1_489' title='bbox 1016 1047 1109 1077; x_wconf 87' lang='lat' dir='ltr'>tacite</span> <span class='ocrx_word' id='word_1_490' title='bbox 1124 1047 1273 1083; x_wconf 84' lang='lat' dir='ltr'>iteranda,</span> <span class='ocrx_word' id='word_1_491' title='bbox 1290 1050 1321 1076; x_wconf 90' lang='lat' dir='ltr'>et</span> <span class='ocrx_word' id='word_1_492' title='bbox 1336 1051 1397 1077; x_wconf 80' lang='lat' dir='ltr'>tam</span> <span class='ocrx_word' id='word_1_493' title='bbox 1411 1046 1449 1076; x_wconf 87' lang='lat' dir='ltr'>ad</span> <span class='ocrx_word' id='word_1_494' title='bbox 1464 1047 1607 1086; x_wconf 69' lang='lat' dir='ltr'>proxima</span> 
     </span>
    </p>
   </div>
   <div class='ocr_carea' id='block_1_9' title="bbox 885 1089 1659 1132">
    <p class='ocr_par' dir='ltr' id='par_1_20' title="bbox 885 1089 1659 1132">
     <span class='ocr_line' id='line_1_88' title="bbox 885 1089 1659 1132; baseline -0.003 -12"><span class='ocrx_word' id='word_1_495' title='bbox 885 1090 1056 1130; x_wconf 78' lang='lat' dir='ltr'>superiora,</span> <span class='ocrx_word' id='word_1_496' title='bbox 1081 1100 1173 1132; x_wconf 89' lang='lat' dir='ltr'>quam</span> <span class='ocrx_word' id='word_1_497' title='bbox 1204 1090 1242 1120; x_wconf 91' lang='lat' dir='ltr'>ad</span> <span class='ocrx_word' id='word_1_498' title='bbox 1270 1090 1416 1120; x_wconf 86' lang='lat' dir='ltr'>inferiora</span> <span class='ocrx_word' id='word_1_499' title='bbox 1445 1089 1607 1120; x_wconf 77' lang='lat' dir='ltr'>referenda</span> <span class='ocrx_word' id='word_1_500' title='bbox 1656 1096 1659 1098; x_wconf 71' lang='grc'><strong><em>’</em></strong></span> 
     </span>
    </p>
   </div>
   <div class='ocr_carea' id='block_1_10' title="bbox 872 1139 1614 3110">
    <p class='ocr_par' dir='ltr' id='par_1_21' title="bbox 885 1139 1059 1163">
     <span class='ocr_line' id='line_1_89' title="bbox 885 1139 1059 1163; baseline -0.006 0"><span class='ocrx_word' id='word_1_501' title='bbox 885 1139 1059 1163; x_wconf 82' lang='lat' dir='ltr'>occurrunt.</span> 
     </span>
    </p>

    <p class='ocr_par' dir='ltr' id='par_1_22' title="bbox 882 1175 1608 1689">
     <span class='ocr_line' id='line_1_90' title="bbox 927 1175 1605 1218; baseline -0.003 -12"><span class='ocrx_word' id='word_1_502' title='bbox 927 1194 969 1198; x_wconf 90' lang='lat'>—</span> <span class='ocrx_word' id='word_1_503' title='bbox 985 1177 1040 1206; x_wconf 83' lang='lat' dir='ltr'>ult.</span> <span class='ocrx_word' id='word_1_504' title='bbox 1056 1175 1203 1218; x_wconf 61' lang='grc' dir='ltr'><strong>ποιεῖς-ἓξ]</strong></span> <span class='ocrx_word' id='word_1_505' title='bbox 1220 1176 1270 1205; x_wconf 85' lang='lat' dir='ltr'>alii</span> <span class='ocrx_word' id='word_1_506' title='bbox 1290 1177 1407 1207; x_wconf 74' lang='grc' dir='ltr'><strong>ποιεῖτε.</strong></span> <span class='ocrx_word' id='word_1_507' title='bbox 1429 1176 1519 1204; x_wconf 79' lang='lat' dir='ltr'>mate.</span> <span class='ocrx_word' id='word_1_508' title='bbox 1538 1186 1605 1205; x_wconf 72' lang='lat' dir='ltr'>nam</span> 
     </span>
     <span class='ocr_line' id='line_1_91' title="bbox 885 1218 1606 1260; baseline 0 -11"><span class='ocrx_word' id='word_1_509' title='bbox 885 1221 1006 1250; x_wconf 82' lang='lat' dir='ltr'>tametsi</span> <span class='ocrx_word' id='word_1_510' title='bbox 1019 1221 1088 1250; x_wconf 82' lang='lat' dir='ltr'>ferri</span> <span class='ocrx_word' id='word_1_511' title='bbox 1102 1220 1201 1260; x_wconf 78' lang='lat' dir='ltr'>possit</span> <span class='ocrx_word' id='word_1_512' title='bbox 1210 1222 1309 1258; x_wconf 69' lang='grc' dir='ltr'>ταφὰς</span> <span class='ocrx_word' id='word_1_513' title='bbox 1321 1220 1428 1250; x_wconf 76' lang='grc' dir='ltr'>ποιεῖτε</span> <span class='ocrx_word' id='word_1_514' title='bbox 1445 1220 1473 1248; x_wconf 81' lang='lat' dir='ltr'>in</span> <span class='ocrx_word' id='word_1_515' title='bbox 1491 1218 1606 1254; x_wconf 83' lang='lat' dir='ltr'>activo,</span> 
     </span>
     <span class='ocr_line' id='line_1_92' title="bbox 885 1262 1606 1301; baseline -0.003 -8"><span class='ocrx_word' id='word_1_516' title='bbox 885 1262 984 1293; x_wconf 78' lang='lat' dir='ltr'>tamen</span> <span class='ocrx_word' id='word_1_517' title='bbox 1002 1274 1059 1293; x_wconf 86' lang='lat' dir='ltr'>non</span> <span class='ocrx_word' id='word_1_518' title='bbox 1083 1264 1155 1293; x_wconf 90' lang='lat' dir='ltr'>item</span> <span class='ocrx_word' id='word_1_519' title='bbox 1178 1262 1275 1301; x_wconf 75' lang='grc' dir='ltr'>λόγους</span> <span class='ocrx_word' id='word_1_520' title='bbox 1291 1263 1376 1292; x_wconf 69' lang='grc' dir='ltr'><strong>ποιεῖν</strong></span> <span class='ocrx_word' id='word_1_521' title='bbox 1390 1266 1493 1301; x_wconf 79' lang='lat' dir='ltr'>potest</span> <span class='ocrx_word' id='word_1_522' title='bbox 1508 1273 1606 1301; x_wconf 83' lang='lat' dir='ltr'>popu-</span> 
     </span>
     <span class='ocr_line' id='line_1_93' title="bbox 883 1305 1607 1356; baseline -0.001 -20"><span class='ocrx_word' id='word_1_523' title='bbox 883 1306 932 1337; x_wconf 89' lang='lat' dir='ltr'>lus</span> <span class='ocrx_word' id='word_1_524' title='bbox 955 1307 1028 1356; x_wconf 53' lang='lat' dir='ltr'>dici,</span> <span class='ocrx_word' id='word_1_525' title='bbox 1043 1308 1097 1336; x_wconf 86' lang='lat' dir='ltr'>sed</span> <span class='ocrx_word' id='word_1_526' title='bbox 1114 1305 1268 1342; x_wconf 66' lang='grc' dir='ltr'><strong>ποιεῖσθαι,</strong></span> <span class='ocrx_word' id='word_1_527' title='bbox 1283 1306 1340 1335; x_wconf 82' lang='lat' dir='ltr'>boc</span> <span class='ocrx_word' id='word_1_528' title='bbox 1363 1310 1410 1335; x_wconf 82' lang='lat' dir='ltr'>est</span> <span class='ocrx_word' id='word_1_529' title='bbox 1428 1315 1534 1335; x_wconf 79' lang='lat' dir='ltr'>curare</span> <span class='ocrx_word' id='word_1_530' title='bbox 1554 1306 1607 1335; x_wconf 76' lang='grc' dir='ltr'><strong>Ῐιιι-</strong></span> 
     </span>
     <span class='ocr_line' id='line_1_94' title="bbox 883 1348 1605 1389; baseline -0.004 -9"><span class='ocrx_word' id='word_1_531' title='bbox 883 1350 1000 1380; x_wconf 74' lang='lat' dir='ltr'>bevzdas.</span> <span class='ocrx_word' id='word_1_532' title='bbox 1018 1351 1086 1389; x_wconf 83' lang='lat' dir='ltr'>ipse</span> <span class='ocrx_word' id='word_1_533' title='bbox 1101 1355 1214 1384; x_wconf 85' lang='lat' dir='ltr'>orator,</span> <span class='ocrx_word' id='word_1_534' title='bbox 1227 1349 1373 1379; x_wconf 74' lang='lat' dir='ltr'>orationis</span> <span class='ocrx_word' id='word_1_535' title='bbox 1392 1353 1508 1383; x_wconf 84' lang='lat' dir='ltr'>auctor,</span> <span class='ocrx_word' id='word_1_536' title='bbox 1527 1348 1605 1387; x_wconf 66' lang='grc' dir='ltr'>λόγον</span> 
     </span>
     <span class='ocr_line' id='line_1_95' title="bbox 884 1391 1604 1430; baseline -0.001 -7"><span class='ocrx_word' id='word_1_537' title='bbox 884 1393 969 1423; x_wconf 75' lang='grc' dir='ltr'><strong>ποιεῖν</strong></span> <span class='ocrx_word' id='word_1_538' title='bbox 1001 1393 1168 1423; x_wconf 75' lang='lat' dir='ltr'>fortassean</span> <span class='ocrx_word' id='word_1_539' title='bbox 1195 1393 1260 1422; x_wconf 69' lang='lat' dir='ltr'>dic·-</span> <span class='ocrx_word' id='word_1_540' title='bbox 1248 1397 1334 1422; x_wconf 74' lang='lat' dir='ltr'>‹2·tur</span> <span class='ocrx_word' id='word_1_541' title='bbox 1326 1416 1334 1430; x_wconf 95' lang='lat'>‚</span> <span class='ocrx_word' id='word_1_542' title='bbox 1373 1391 1495 1422; x_wconf 85' lang='lat' dir='ltr'>tametsi</span> <span class='ocrx_word' id='word_1_543' title='bbox 1524 1391 1604 1422; x_wconf 83' lang='lat' dir='ltr'>hand</span> 
     </span>
     <span class='ocr_line' id='line_1_96' title="bbox 883 1435 1605 1475; baseline 0 -9"><span class='ocrx_word' id='word_1_544' title='bbox 883 1437 960 1472; x_wconf 83' lang='lat' dir='ltr'>scio,</span> <span class='ocrx_word' id='word_1_545' title='bbox 978 1447 1012 1466; x_wconf 83' lang='grc' dir='ltr'>ιιι</span> <span class='ocrx_word' id='word_1_546' title='bbox 1031 1448 1066 1466; x_wconf 86' lang='lat' dir='ltr'>ne</span> <span class='ocrx_word' id='word_1_547' title='bbox 1083 1437 1139 1466; x_wconf 89' lang='lat' dir='ltr'>hoc</span> <span class='ocrx_word' id='word_1_548' title='bbox 1156 1435 1280 1475; x_wconf 83' lang='lat' dir='ltr'>quidem</span> <span class='ocrx_word' id='word_1_549' title='bbox 1303 1435 1379 1465; x_wconf 82' lang='lat' dir='ltr'>satis</span> <span class='ocrx_word' id='word_1_550' title='bbox 1394 1436 1537 1465; x_wconf 83' lang='lat' dir='ltr'>Graecum</span> <span class='ocrx_word' id='word_1_551' title='bbox 1554 1436 1605 1466; x_wconf 86' lang='lat' dir='ltr'>sit.</span> 
     </span>
     <span class='ocr_line' id='line_1_97' title="bbox 883 1479 1606 1519; baseline -0.001 -10"><span class='ocrx_word' id='word_1_552' title='bbox 883 1480 995 1516; x_wconf 76' lang='lat' dir='ltr'>Graeci,</span> <span class='ocrx_word' id='word_1_553' title='bbox 1010 1480 1091 1519; x_wconf 91' lang='lat' dir='ltr'>quod</span> <span class='ocrx_word' id='word_1_554' title='bbox 1109 1479 1215 1515; x_wconf 87' lang='lat' dir='ltr'>sciam,</span> <span class='ocrx_word' id='word_1_555' title='bbox 1232 1479 1386 1509; x_wconf 61' lang='grc' dir='ltr'><strong>«ποιεῖσθαι</strong></span> <span class='ocrx_word' id='word_1_556' title='bbox 1403 1479 1480 1518; x_wconf 76' lang='grc' dir='ltr'>λόγον</span> <span class='ocrx_word' id='word_1_557' title='bbox 1492 1479 1606 1509; x_wconf 85' lang='lat' dir='ltr'>solum-</span> 
     </span>
     <span class='ocr_line' id='line_1_98' title="bbox 882 1523 1608 1562; baseline -0.003 -9"><span class='ocrx_word' id='word_1_558' title='bbox 882 1524 974 1554; x_wconf 86' lang='lat' dir='ltr'>modo</span> <span class='ocrx_word' id='word_1_559' title='bbox 989 1523 1020 1553; x_wconf 85' lang='lat' dir='ltr'>in</span> <span class='ocrx_word' id='word_1_560' title='bbox 1038 1523 1138 1553; x_wconf 85' lang='lat' dir='ltr'>medio</span> <span class='ocrx_word' id='word_1_561' title='bbox 1155 1526 1315 1562; x_wconf 86' lang='lat' dir='ltr'>usurpant,</span> <span class='ocrx_word' id='word_1_562' title='bbox 1338 1532 1490 1561; x_wconf 86' lang='lat' dir='ltr'>nunquam</span> <span class='ocrx_word' id='word_1_563' title='bbox 1507 1523 1538 1552; x_wconf 91' lang='lat' dir='ltr'>in</span> <span class='ocrx_word' id='word_1_564' title='bbox 1556 1533 1608 1551; x_wconf 86' lang='lat' dir='ltr'>ac-</span> 
     </span>
     <span class='ocr_line' id='line_1_99' title="bbox 882 1565 1605 1605; baseline -0.003 -9"><span class='ocrx_word' id='word_1_565' title='bbox 882 1566 959 1597; x_wconf 85' lang='lat' dir='ltr'>tivo.</span> <span class='ocrx_word' id='word_1_566' title='bbox 987 1566 1014 1596; x_wconf 89' lang='lat' dir='ltr'>is</span> <span class='ocrx_word' id='word_1_567' title='bbox 1044 1572 1158 1601; x_wconf 80' lang='lat' dir='ltr'>autem,</span> <span class='ocrx_word' id='word_1_568' title='bbox 1188 1565 1242 1605; x_wconf 90' lang='lat' dir='ltr'>qui</span> <span class='ocrx_word' id='word_1_569' title='bbox 1273 1566 1414 1596; x_wconf 85' lang='lat' dir='ltr'>mercede</span> <span class='ocrx_word' id='word_1_570' title='bbox 1452 1570 1605 1595; x_wconf 81' lang='lat' dir='ltr'>oratorem</span> 
     </span>
     <span class='ocr_line' id='line_1_100' title="bbox 882 1608 1607 1648; baseline -0.003 -9"><span class='ocrx_word' id='word_1_571' title='bbox 882 1610 1040 1645; x_wconf 75' lang='lat' dir='ltr'>conducit,</span> <span class='ocrx_word' id='word_1_572' title='bbox 1071 1609 1134 1639; x_wconf 81' lang='lat' dir='ltr'>dici</span> <span class='ocrx_word' id='word_1_573' title='bbox 1162 1609 1247 1639; x_wconf 86' lang='lat' dir='ltr'>nullo</span> <span class='ocrx_word' id='word_1_574' title='bbox 1273 1614 1365 1648; x_wconf 89' lang='lat' dir='ltr'>pacto</span> <span class='ocrx_word' id='word_1_575' title='bbox 1398 1613 1499 1648; x_wconf 86' lang='lat' dir='ltr'>potest</span> <span class='ocrx_word' id='word_1_576' title='bbox 1529 1608 1607 1647; x_wconf 75' lang='grc' dir='ltr'>λόγον</span> 
     </span>
     <span class='ocr_line' id='line_1_101' title="bbox 883 1650 1426 1689; baseline -0.004 -6"><span class='ocrx_word' id='word_1_577' title='bbox 883 1655 980 1689; x_wconf 76' lang='grc' dir='ltr'><strong>ποιεῖν,</strong></span> <span class='ocrx_word' id='word_1_578' title='bbox 996 1654 1050 1682; x_wconf 88' lang='lat' dir='ltr'>sed</span> <span class='ocrx_word' id='word_1_579' title='bbox 1067 1652 1258 1682; x_wconf 85' lang='lat' dir='ltr'>solummodo</span> <span class='ocrx_word' id='word_1_580' title='bbox 1276 1650 1426 1682; x_wconf 74' lang='grc' dir='ltr'><strong>ποιεῖσθαι.</strong></span> 
     </span>
    </p>

    <p class='ocr_par' dir='ltr' id='par_1_23' title="bbox 872 1694 1607 1953">
     <span class='ocr_line' id='line_1_102' title="bbox 926 1694 1605 1736; baseline -0.003 -10"><span class='ocrx_word' id='word_1_581' title='bbox 926 1714 969 1719; x_wconf 85' lang='lat'>——-</span> <span class='ocrx_word' id='word_1_582' title='bbox 986 1696 1063 1727; x_wconf 88' lang='lat' dir='ltr'>ibid.</span> <span class='ocrx_word' id='word_1_583' title='bbox 1078 1695 1235 1736; x_wconf 78' lang='grc' dir='ltr'>κοσμεῖτε]</span> <span class='ocrx_word' id='word_1_584' title='bbox 1258 1695 1329 1734; x_wconf 85' lang='lat' dir='ltr'>quia</span> <span class='ocrx_word' id='word_1_585' title='bbox 1354 1700 1457 1725; x_wconf 83' lang='lat' dir='ltr'>orator</span> <span class='ocrx_word' id='word_1_586' title='bbox 1482 1694 1605 1725; x_wconf 88' lang='lat' dir='ltr'>nomine</span> 
     </span>
     <span class='ocr_line' id='line_1_103' title="bbox 882 1739 1606 1779; baseline -0.003 -10"><span class='ocrx_word' id='word_1_587' title='bbox 882 1744 913 1768; x_wconf 89' lang='lat' dir='ltr'>et</span> <span class='ocrx_word' id='word_1_588' title='bbox 931 1741 1020 1778; x_wconf 85' lang='lat' dir='ltr'>jussu</span> <span class='ocrx_word' id='word_1_589' title='bbox 1037 1739 1146 1779; x_wconf 89' lang='lat' dir='ltr'>populi</span> <span class='ocrx_word' id='word_1_590' title='bbox 1166 1739 1328 1769; x_wconf 81' lang='lat' dir='ltr'>defunctos</span> <span class='ocrx_word' id='word_1_591' title='bbox 1341 1749 1398 1778; x_wconf 90' lang='lat' dir='ltr'>pro</span> <span class='ocrx_word' id='word_1_592' title='bbox 1419 1739 1521 1778; x_wconf 81' lang='lat' dir='ltr'>patria</span> <span class='ocrx_word' id='word_1_593' title='bbox 1538 1748 1606 1768; x_wconf 79' lang='lat' dir='ltr'>ora-</span> 
     </span>
     <span class='ocr_line' id='line_1_104' title="bbox 882 1781 1605 1821; baseline -0.003 -9"><span class='ocrx_word' id='word_1_594' title='bbox 882 1782 966 1812; x_wconf 87' lang='lat' dir='ltr'>tione</span> <span class='ocrx_word' id='word_1_595' title='bbox 987 1783 1127 1818; x_wconf 84' lang='lat' dir='ltr'>ornabat,</span> <span class='ocrx_word' id='word_1_596' title='bbox 1152 1781 1224 1812; x_wconf 88' lang='lat' dir='ltr'>ideo</span> <span class='ocrx_word' id='word_1_597' title='bbox 1247 1781 1360 1812; x_wconf 86' lang='lat' dir='ltr'>dicitur</span> <span class='ocrx_word' id='word_1_598' title='bbox 1382 1781 1413 1812; x_wconf 96' lang='lat' dir='ltr'>h.</span> <span class='ocrx_word' id='word_1_599' title='bbox 1428 1782 1449 1811; x_wconf 88' lang='lat' dir='ltr'>l.</span> <span class='ocrx_word' id='word_1_600' title='bbox 1472 1781 1605 1821; x_wconf 90' lang='lat' dir='ltr'>populus</span> 
     </span>
     <span class='ocr_line' id='line_1_105' title="bbox 881 1824 1605 1865; baseline -0.003 -9"><span class='ocrx_word' id='word_1_601' title='bbox 881 1825 951 1865; x_wconf 84' lang='lat' dir='ltr'>ipse</span> <span class='ocrx_word' id='word_1_602' title='bbox 974 1836 1028 1856; x_wconf 91' lang='lat' dir='ltr'>eos</span> <span class='ocrx_word' id='word_1_603' title='bbox 1052 1835 1170 1856; x_wconf 88' lang='lat' dir='ltr'>ornare.</span> <span class='ocrx_word' id='word_1_604' title='bbox 1192 1825 1296 1865; x_wconf 88' lang='lat' dir='ltr'>possit</span> <span class='ocrx_word' id='word_1_605' title='bbox 1319 1824 1394 1855; x_wconf 88' lang='lat' dir='ltr'>alias</span> <span class='ocrx_word' id='word_1_606' title='bbox 1416 1835 1537 1864; x_wconf 86' lang='lat' dir='ltr'>quoque</span> <span class='ocrx_word' id='word_1_607' title='bbox 1559 1835 1605 1854; x_wconf 83' lang='grc' dir='ltr'>κο-</span> 
     </span>
     <span class='ocr_line' id='line_1_106' title="bbox 882 1868 1607 1910; baseline -0.001 -12"><span class='ocrx_word' id='word_1_608' title='bbox 882 1871 1007 1908; x_wconf 72' lang='grc' dir='ltr'><strong>σμεῖται</strong></span> <span class='ocrx_word' id='word_1_609' title='bbox 1022 1869 1053 1900; x_wconf 90' lang='lat' dir='ltr'>in</span> <span class='ocrx_word' id='word_1_610' title='bbox 1069 1868 1193 1910; x_wconf 85' lang='lat' dir='ltr'>passivo</span> <span class='ocrx_word' id='word_1_611' title='bbox 1209 1869 1442 1909; x_wconf 79' lang='lat' dir='ltr'>legi.ornantur</span> <span class='ocrx_word' id='word_1_612' title='bbox 1459 1869 1607 1908; x_wconf 80' lang='lat' dir='ltr'>praeclura</span> 
     </span>
     <span class='ocr_line' id='line_1_107' title="bbox 872 1912 1032 1953; baseline 0.006 -11"><span class='ocrx_word' id='word_1_613' title='bbox 872 1912 1032 1953; x_wconf 79' lang='lat' dir='ltr'>facinora.</span> 
     </span>
    </p>

    <p class='ocr_par' dir='ltr' id='par_1_24' title="bbox 881 1953 1614 2636">
     <span class='ocr_line' id='line_1_108' title="bbox 926 1953 1606 1995; baseline -0.004 -8"><span class='ocrx_word' id='word_1_614' title='bbox 926 1956 1001 1987; x_wconf 89' lang='lat'>500.</span> <span class='ocrx_word' id='word_1_615' title='bbox 1017 1958 1072 1986; x_wconf 72' lang='lat'>21.</span> <span class='ocrx_word' id='word_1_616' title='bbox 1092 1954 1288 1995; x_wconf 62' lang='grc' dir='ltr'><strong>μεθιστάναι]</strong></span> <span class='ocrx_word' id='word_1_617' title='bbox 1310 1954 1430 1985; x_wconf 78' lang='lat' dir='ltr'>correxi</span> <span class='ocrx_word' id='word_1_618' title='bbox 1450 1953 1606 1994; x_wconf 64' lang='grc' dir='ltr'><strong>μεθεστᾶ-</strong></span> 
     </span>
     <span class='ocr_line' id='line_1_109' title="bbox 882 1997 1614 2037; baseline -0.004 -8"><span class='ocrx_word' id='word_1_619' title='bbox 882 2009 936 2034; x_wconf 74' lang='grc' dir='ltr'><strong>ναι,</strong></span> <span class='ocrx_word' id='word_1_620' title='bbox 973 2009 1013 2029; x_wconf 84' lang='lat' dir='ltr'>ex</span> <span class='ocrx_word' id='word_1_621' title='bbox 1050 1999 1243 2037; x_wconf 76' lang='lat' dir='ltr'>Augustam).</span> <span class='ocrx_word' id='word_1_622' title='bbox 1289 1998 1380 2028; x_wconf 85' lang='lat' dir='ltr'>Subit</span> <span class='ocrx_word' id='word_1_623' title='bbox 1407 1997 1457 2027; x_wconf 89' lang='lat' dir='ltr'>hic</span> <span class='ocrx_word' id='word_1_624' title='bbox 1486 1997 1614 2034; x_wconf 46' lang='lat' dir='ltr'>mirari,</span> 
     </span>
     <span class='ocr_line' id='line_1_110' title="bbox 883 2040 1605 2082; baseline -0.003 -10"><span class='ocrx_word' id='word_1_625' title='bbox 883 2041 966 2081; x_wconf 88' lang='lat' dir='ltr'>quod</span> <span class='ocrx_word' id='word_1_626' title='bbox 985 2041 1067 2072; x_wconf 87' lang='lat' dir='ltr'>idem</span> <span class='ocrx_word' id='word_1_627' title='bbox 1092 2051 1174 2082; x_wconf 85' lang='lat' dir='ltr'>saepe</span> <span class='ocrx_word' id='word_1_628' title='bbox 1204 2041 1242 2071; x_wconf 92' lang='lat' dir='ltr'>ad</span> <span class='ocrx_word' id='word_1_629' title='bbox 1267 2040 1346 2071; x_wconf 87' lang='lat' dir='ltr'>alios</span> <span class='ocrx_word' id='word_1_630' title='bbox 1371 2051 1494 2080; x_wconf 82' lang='lat' dir='ltr'>quoque</span> <span class='ocrx_word' id='word_1_631' title='bbox 1517 2041 1605 2071; x_wconf 85' lang='lat' dir='ltr'>locos</span> 
     </span>
     <span class='ocr_line' id='line_1_111' title="bbox 882 2083 1606 2121; baseline -0.001 -6"><span class='ocrx_word' id='word_1_632' title='bbox 882 2084 986 2115; x_wconf 70' lang='lat' dir='ltr'>mirari</span> <span class='ocrx_word' id='word_1_633' title='bbox 1015 2084 1109 2121; x_wconf 87' lang='lat' dir='ltr'>subit,</span> <span class='ocrx_word' id='word_1_634' title='bbox 1135 2093 1190 2114; x_wconf 88' lang='lat' dir='ltr'>cur</span> <span class='ocrx_word' id='word_1_635' title='bbox 1215 2083 1346 2115; x_wconf 87' lang='lat' dir='ltr'>Hieron.</span> <span class='ocrx_word' id='word_1_636' title='bbox 1375 2084 1522 2120; x_wconf 82' lang='lat' dir='ltr'>Wolfius,</span> <span class='ocrx_word' id='word_1_637' title='bbox 1555 2084 1606 2114; x_wconf 86' lang='lat' dir='ltr'>cui</span> 
     </span>
     <span class='ocr_line' id='line_1_112' title="bbox 882 2127 1606 2168; baseline -0.003 -10"><span class='ocrx_word' id='word_1_638' title='bbox 882 2138 1005 2168; x_wconf 85' lang='lat' dir='ltr'>semper</span> <span class='ocrx_word' id='word_1_639' title='bbox 1019 2132 1141 2168; x_wconf 86' lang='lat' dir='ltr'>pateret</span> <span class='ocrx_word' id='word_1_640' title='bbox 1155 2127 1193 2157; x_wconf 88' lang='lat' dir='ltr'>ad</span> <span class='ocrx_word' id='word_1_641' title='bbox 1205 2129 1396 2158; x_wconf 83' lang='lat' dir='ltr'>membranas</span> <span class='ocrx_word' id='word_1_642' title='bbox 1409 2129 1606 2167; x_wconf 84' lang='lat' dir='ltr'>Augustauas</span> 
     </span>
     <span class='ocr_line' id='line_1_113' title="bbox 882 2170 1607 2213; baseline -0.001 -12"><span class='ocrx_word' id='word_1_643' title='bbox 882 2171 997 2207; x_wconf 85' lang='lat' dir='ltr'>aditus,</span> <span class='ocrx_word' id='word_1_644' title='bbox 1021 2182 1074 2202; x_wconf 91' lang='lat' dir='ltr'>eas</span> <span class='ocrx_word' id='word_1_645' title='bbox 1095 2175 1179 2202; x_wconf 88' lang='lat' dir='ltr'>tanta</span> <span class='ocrx_word' id='word_1_646' title='bbox 1201 2171 1332 2211; x_wconf 85' lang='lat' dir='ltr'>segnitie</span> <span class='ocrx_word' id='word_1_647' title='bbox 1354 2175 1447 2213; x_wconf 82' lang='lat' dir='ltr'>atque</span> <span class='ocrx_word' id='word_1_648' title='bbox 1463 2170 1607 2201; x_wconf 84' lang='lat' dir='ltr'>socordia</span> 
     </span>
     <span class='ocr_line' id='line_1_114' title="bbox 883 2213 1606 2253; baseline -0.003 -9"><span class='ocrx_word' id='word_1_649' title='bbox 883 2219 1083 2253; x_wconf 84' lang='lat' dir='ltr'>tractaret,ut</span> <span class='ocrx_word' id='word_1_650' title='bbox 1098 2214 1141 2245; x_wconf 83' lang='lat' dir='ltr'>nil</span> <span class='ocrx_word' id='word_1_651' title='bbox 1157 2219 1281 2245; x_wconf 86' lang='lat' dir='ltr'>curaret</span> <span class='ocrx_word' id='word_1_652' title='bbox 1295 2223 1348 2245; x_wconf 80' lang='lat' dir='ltr'>eas</span> <span class='ocrx_word' id='word_1_653' title='bbox 1364 2214 1394 2245; x_wconf 92' lang='lat' dir='ltr'>in</span> <span class='ocrx_word' id='word_1_654' title='bbox 1409 2214 1488 2244; x_wconf 89' lang='lat' dir='ltr'>locis</span> <span class='ocrx_word' id='word_1_655' title='bbox 1503 2213 1606 2244; x_wconf 80' lang='lat' dir='ltr'>dubiis</span> 
     </span>
     <span class='ocr_line' id='line_1_115' title="bbox 881 2257 1607 2298; baseline -0.001 -11"><span class='ocrx_word' id='word_1_656' title='bbox 881 2257 1048 2298; x_wconf 88' lang='lat' dir='ltr'>inspicere.</span> <span class='ocrx_word' id='word_1_657' title='bbox 1092 2258 1209 2288; x_wconf 87' lang='lat' dir='ltr'>Incidit</span> <span class='ocrx_word' id='word_1_658' title='bbox 1222 2258 1294 2298; x_wconf 75' lang='lat' dir='ltr'>ips‘e</span> <span class='ocrx_word' id='word_1_659' title='bbox 1316 2268 1437 2298; x_wconf 90' lang='lat' dir='ltr'>quoque</span> <span class='ocrx_word' id='word_1_660' title='bbox 1452 2258 1482 2287; x_wconf 89' lang='lat' dir='ltr'>in</span> <span class='ocrx_word' id='word_1_661' title='bbox 1503 2268 1607 2287; x_wconf 80' lang='lat' dir='ltr'>veram</span> 
     </span>
     <span class='ocr_line' id='line_1_116' title="bbox 883 2301 1607 2338; baseline 0 -7"><span class='ocrx_word' id='word_1_662' title='bbox 883 2301 912 2332; x_wconf 90' lang='lat' dir='ltr'>b.</span> <span class='ocrx_word' id='word_1_663' title='bbox 928 2301 948 2331; x_wconf 88' lang='grc' dir='ltr'>Ι.</span> <span class='ocrx_word' id='word_1_664' title='bbox 965 2301 1147 2332; x_wconf 88' lang='lat' dir='ltr'>emendandi</span> <span class='ocrx_word' id='word_1_665' title='bbox 1170 2301 1330 2338; x_wconf 83' lang='lat' dir='ltr'>rationem,</span> <span class='ocrx_word' id='word_1_666' title='bbox 1346 2301 1403 2331; x_wconf 90' lang='lat' dir='ltr'>sed</span> <span class='ocrx_word' id='word_1_667' title='bbox 1417 2301 1570 2331; x_wconf 89' lang='lat' dir='ltr'>dubitans.</span> <span class='ocrx_word' id='word_1_668' title='bbox 1588 2311 1607 2331; x_wconf 87' lang='lat' dir='ltr'>a</span> 
     </span>
     <span class='ocr_line' id='line_1_117' title="bbox 882 2345 1604 2384; baseline -0.001 -10"><span class='ocrx_word' id='word_1_669' title='bbox 882 2355 943 2384; x_wconf 92' lang='lat' dir='ltr'>quo</span> <span class='ocrx_word' id='word_1_670' title='bbox 958 2346 1053 2376; x_wconf 89' lang='lat' dir='ltr'>dubio</span> <span class='ocrx_word' id='word_1_671' title='bbox 1078 2356 1146 2376; x_wconf 87' lang='lat' dir='ltr'>eum</span> <span class='ocrx_word' id='word_1_672' title='bbox 1172 2345 1304 2375; x_wconf 80' lang='lat' dir='ltr'>tibera&#39;re</span> <span class='ocrx_word' id='word_1_673' title='bbox 1328 2354 1392 2374; x_wconf 84' lang='lat' dir='ltr'>suae</span> <span class='ocrx_word' id='word_1_674' title='bbox 1420 2345 1604 2374; x_wconf 82' lang='lat' dir='ltr'>membranae</span> 
     </span>
     <span class='ocr_line' id='line_1_118' title="bbox 882 2387 1605 2428; baseline -0.001 -10"><span class='ocrx_word' id='word_1_675' title='bbox 882 2392 1034 2428; x_wconf 85' lang='lat' dir='ltr'>poterant,</span> <span class='ocrx_word' id='word_1_676' title='bbox 1046 2387 1071 2419; x_wconf 89' lang='lat' dir='ltr'>si</span> <span class='ocrx_word' id='word_1_677' title='bbox 1086 2387 1268 2428; x_wconf 85' lang='lat' dir='ltr'>diligentius</span> <span class='ocrx_word' id='word_1_678' title='bbox 1284 2388 1343 2418; x_wconf 89' lang='lat' dir='ltr'>hoc</span> <span class='ocrx_word' id='word_1_679' title='bbox 1357 2387 1513 2417; x_wconf 85' lang='lat' dir='ltr'>oraculum</span> <span class='ocrx_word' id='word_1_680' title='bbox 1530 2398 1605 2417; x_wconf 90' lang='lat' dir='ltr'>con-</span> 
     </span>
     <span class='ocr_line' id='line_1_119' title="bbox 882 2430 1606 2471; baseline 0.001 -12.001"><span class='ocrx_word' id='word_1_681' title='bbox 882 2432 1043 2463; x_wconf 85' lang='lat' dir='ltr'>suluisset.</span> <span class='ocrx_word' id='word_1_682' title='bbox 1086 2432 1147 2462; x_wconf 88' lang='lat' dir='ltr'>Sed</span> <span class='ocrx_word' id='word_1_683' title='bbox 1163 2433 1328 2471; x_wconf 87' lang='lat' dir='ltr'>urgebatur</span> <span class='ocrx_word' id='word_1_684' title='bbox 1343 2441 1453 2471; x_wconf 85' lang='lat' dir='ltr'>nempe</span> <span class='ocrx_word' id='word_1_685' title='bbox 1467 2430 1606 2461; x_wconf 86' lang='lat' dir='ltr'>multitu-</span> 
     </span>
     <span class='ocr_line' id='line_1_120' title="bbox 881 2474 1606 2514; baseline -0.001 -10"><span class='ocrx_word' id='word_1_686' title='bbox 881 2475 952 2506; x_wconf 90' lang='lat' dir='ltr'>dine</span> <span class='ocrx_word' id='word_1_687' title='bbox 967 2477 1160 2513; x_wconf 88' lang='lat' dir='ltr'>laborum,et</span> <span class='ocrx_word' id='word_1_688' title='bbox 1171 2475 1261 2514; x_wconf 85' lang='lat' dir='ltr'>hujus</span> <span class='ocrx_word' id='word_1_689' title='bbox 1276 2474 1378 2513; x_wconf 87' lang='lat' dir='ltr'>operis</span> <span class='ocrx_word' id='word_1_690' title='bbox 1391 2474 1606 2513; x_wconf 83' lang='lat' dir='ltr'>spissitudine,</span> 
     </span>
     <span class='ocr_line' id='line_1_121' title="bbox 881 2517 1604 2558; baseline -0.001 -10"><span class='ocrx_word' id='word_1_691' title='bbox 881 2519 964 2558; x_wconf 89' lang='lat' dir='ltr'>quod</span> <span class='ocrx_word' id='word_1_692' title='bbox 995 2519 1057 2549; x_wconf 92' lang='lat' dir='ltr'>cito</span> <span class='ocrx_word' id='word_1_693' title='bbox 1088 2517 1254 2558; x_wconf 84' lang='lat' dir='ltr'>profligare</span> <span class='ocrx_word' id='word_1_694' title='bbox 1290 2518 1458 2548; x_wconf 85' lang='lat' dir='ltr'>festinabat</span> <span class='ocrx_word' id='word_1_695' title='bbox 1474 2529 1481 2554; x_wconf 88' lang='lat'>;</span> <span class='ocrx_word' id='word_1_696' title='bbox 1513 2518 1604 2547; x_wconf 84' lang='lat' dir='ltr'>homo</span> 
     </span>
     <span class='ocr_line' id='line_1_122' title="bbox 881 2560 1606 2601; baseline -0.003 -9"><span class='ocrx_word' id='word_1_697' title='bbox 881 2561 1017 2601; x_wconf 84' lang='lat' dir='ltr'>alioquin</span> <span class='ocrx_word' id='word_1_698' title='bbox 1033 2572 1094 2592; x_wconf 92' lang='lat' dir='ltr'>non</span> <span class='ocrx_word' id='word_1_699' title='bbox 1111 2560 1317 2592; x_wconf 67' lang='lat' dir='ltr'>severissimae</span> <span class='ocrx_word' id='word_1_700' title='bbox 1333 2567 1424 2600; x_wconf 87' lang='lat' dir='ltr'>atque</span> <span class='ocrx_word' id='word_1_701' title='bbox 1437 2561 1606 2600; x_wconf 80' lang='lat' dir='ltr'>religiosis-</span> 
     </span>
     <span class='ocr_line' id='line_1_123' title="bbox 881 2603 1346 2636; baseline -0.002 -1"><span class='ocrx_word' id='word_1_702' title='bbox 881 2605 967 2636; x_wconf 77' lang='lat' dir='ltr'>simae</span> <span class='ocrx_word' id='word_1_703' title='bbox 981 2605 1106 2636; x_wconf 84' lang='lat' dir='ltr'>Criticae</span> <span class='ocrx_word' id='word_1_704' title='bbox 1118 2605 1209 2635; x_wconf 87' lang='lat' dir='ltr'>litare</span> <span class='ocrx_word' id='word_1_705' title='bbox 1224 2603 1346 2634; x_wconf 86' lang='lat' dir='ltr'>solitus.</span> 
     </span>
    </p>

    <p class='ocr_par' dir='ltr' id='par_1_25' title="bbox 880 2646 1604 2730">
     <span class='ocr_line' id='line_1_124' title="bbox 923 2646 1604 2690; baseline -0.003 -12"><span class='ocrx_word' id='word_1_706' title='bbox 923 2650 999 2680; x_wconf 90' lang='grc'><strong>501.</strong></span> <span class='ocrx_word' id='word_1_707' title='bbox 1024 2650 1053 2679; x_wconf 85' lang='grc'>9.</span> <span class='ocrx_word' id='word_1_708' title='bbox 1075 2647 1118 2690; x_wconf 75' lang='grc' dir='ltr'>ὃς]</span> <span class='ocrx_word' id='word_1_709' title='bbox 1145 2648 1228 2678; x_wconf 87' lang='lat' dir='ltr'>redit</span> <span class='ocrx_word' id='word_1_710' title='bbox 1254 2647 1292 2677; x_wconf 87' lang='lat' dir='ltr'>ad</span> <span class='ocrx_word' id='word_1_711' title='bbox 1317 2646 1519 2687; x_wconf 82' lang='lat' dir='ltr'>Bathippum.</span> <span class='ocrx_word' id='word_1_712' title='bbox 1546 2657 1604 2687; x_wconf 79' lang='lat' dir='ltr'>pro</span> 
     </span>
     <span class='ocr_line' id='line_1_125' title="bbox 880 2690 1517 2730; baseline -0.002 -8"><span class='ocrx_word' id='word_1_713' title='bbox 880 2691 964 2722; x_wconf 77' lang='grc' dir='ltr'>αὐτὸν</span> <span class='ocrx_word' id='word_1_714' title='bbox 978 2692 1080 2722; x_wconf 86' lang='lat' dir='ltr'>malim</span> <span class='ocrx_word' id='word_1_715' title='bbox 1097 2690 1212 2726; x_wconf 76' lang='grc' dir='ltr'>σαυτὸν,</span> <span class='ocrx_word' id='word_1_716' title='bbox 1229 2696 1325 2726; x_wconf 81' lang='lat' dir='ltr'>temet,</span> <span class='ocrx_word' id='word_1_717' title='bbox 1341 2701 1359 2720; x_wconf 91' lang='grc' dir='ltr'><strong>ο</strong></span> <span class='ocrx_word' id='word_1_718' title='bbox 1373 2691 1517 2730; x_wconf 83' lang='lat' dir='ltr'>Leptine.</span> 
     </span>
    </p>

    <p class='ocr_par' dir='ltr' id='par_1_26' title="bbox 880 2733 1605 2817">
     <span class='ocr_line' id='line_1_126' title="bbox 924 2733 1605 2776; baseline -0.003 -11"><span class='ocrx_word' id='word_1_719' title='bbox 924 2753 966 2758; x_wconf 90' lang='lat'><strong>—</strong></span> <span class='ocrx_word' id='word_1_720' title='bbox 989 2739 1042 2768; x_wconf 70' lang='lat'>102.</span> <span class='ocrx_word' id='word_1_721' title='bbox 1065 2735 1175 2776; x_wconf 79' lang='grc' dir='ltr'>τούτῳ]</span> <span class='ocrx_word' id='word_1_722' title='bbox 1201 2733 1328 2774; x_wconf 88' lang='lat' dir='ltr'>Leptini</span> <span class='ocrx_word' id='word_1_723' title='bbox 1351 2738 1436 2774; x_wconf 82' lang='lat' dir='ltr'>puta.</span> <span class='ocrx_word' id='word_1_724' title='bbox 1460 2734 1605 2764; x_wconf 84' lang='lat' dir='ltr'>dicuntur</span> 
     </span>
     <span class='ocr_line' id='line_1_127' title="bbox 880 2777 1502 2817; baseline 0 -9"><span class='ocrx_word' id='word_1_725' title='bbox 880 2778 961 2809; x_wconf 89' lang='lat' dir='ltr'>enim</span> <span class='ocrx_word' id='word_1_726' title='bbox 977 2779 1043 2808; x_wconf 83' lang='lat' dir='ltr'>haec</span> <span class='ocrx_word' id='word_1_727' title='bbox 1055 2779 1237 2817; x_wconf 82' lang='lat' dir='ltr'>adjudices,</span> <span class='ocrx_word' id='word_1_728' title='bbox 1253 2777 1387 2808; x_wconf 88' lang='lat' dir='ltr'>docendi</span> <span class='ocrx_word' id='word_1_729' title='bbox 1402 2787 1502 2808; x_wconf 85' lang='lat' dir='ltr'>causa.</span> 
     </span>
    </p>

    <p class='ocr_par' dir='ltr' id='par_1_27' title="bbox 923 2820 1400 2862">
     <span class='ocr_line' id='line_1_128' title="bbox 923 2820 1400 2862; baseline -0.004 -10"><span class='ocrx_word' id='word_1_730' title='bbox 923 2839 965 2845; x_wconf 92' lang='lat'>—-—</span> <span class='ocrx_word' id='word_1_731' title='bbox 982 2824 1033 2852; x_wconf 79' lang='lat'>17.</span> <span class='ocrx_word' id='word_1_732' title='bbox 1050 2820 1196 2862; x_wconf 75' lang='grc' dir='ltr'><strong>εἰρηκέναι]</strong></span> <span class='ocrx_word' id='word_1_733' title='bbox 1212 2820 1342 2851; x_wconf 88' lang='lat' dir='ltr'>subaudi</span> <span class='ocrx_word' id='word_1_734' title='bbox 1356 2831 1400 2851; x_wconf 77' lang='grc' dir='ltr'>σε.</span> 
     </span>
    </p>

    <p class='ocr_par' dir='ltr' id='par_1_28' title="bbox 879 2862 1604 2951">
     <span class='ocr_line' id='line_1_129' title="bbox 922 2862 1604 2906; baseline -0.007 -10"><span class='ocrx_word' id='word_1_735' title='bbox 922 2881 966 2888; x_wconf 83' lang='lat'>-—</span> <span class='ocrx_word' id='word_1_736' title='bbox 981 2867 1032 2896; x_wconf 75' lang='lat'>2⁰2.</span> <span class='ocrx_word' id='word_1_737' title='bbox 1050 2863 1165 2906; x_wconf 66' lang='grc' dir='ltr'><strong>ᾖςηνται</strong></span> <span class='ocrx_word' id='word_1_738' title='bbox 1181 2865 1240 2906; x_wconf 87' lang='lat'>--]</span> <span class='ocrx_word' id='word_1_739' title='bbox 1265 2864 1348 2894; x_wconf 83' lang='lat' dir='ltr'>Citat</span> <span class='ocrx_word' id='word_1_740' title='bbox 1365 2865 1394 2893; x_wconf 84' lang='lat' dir='ltr'>h.</span> <span class='ocrx_word' id='word_1_741' title='bbox 1410 2863 1431 2893; x_wconf 92' lang='lat' dir='ltr'>l.</span> <span class='ocrx_word' id='word_1_742' title='bbox 1448 2862 1604 2893; x_wconf 80' lang='lat' dir='ltr'>Aristides</span> 
     </span>
     <span class='ocr_line' id='line_1_130' title="bbox 879 2906 1106 2951; baseline 0 -13"><span class='ocrx_word' id='word_1_743' title='bbox 879 2906 1002 2951; x_wconf 72' lang='grc' dir='ltr'>τέχνῃρ</span> <span class='ocrx_word' id='word_1_744' title='bbox 1006 2910 1106 2939; x_wconf 70' lang='grc'><strong>..210</strong></span> 
     </span>
    </p>

    <p class='ocr_par' dir='ltr' id='par_1_29' title="bbox 880 2950 1603 3110">
     <span class='ocr_line' id='line_1_131' title="bbox 922 2950 1603 2993; baseline -0.009 -10"><span class='ocrx_word' id='word_1_745' title='bbox 922 2963 1048 2991; x_wconf 72' lang='lat' dir='ltr'>-pem</span> <span class='ocrx_word' id='word_1_746' title='bbox 1061 2951 1098 2981; x_wconf 69' lang='grc' dir='ltr'>δαν</span> <span class='ocrx_word' id='word_1_747' title='bbox 1099 2951 1173 2993; x_wconf 61' lang='lat' dir='ltr'>penit]</span> <span class='ocrx_word' id='word_1_748' title='bbox 1199 2951 1227 2980; x_wconf 84' lang='lat' dir='ltr'>h.</span> <span class='ocrx_word' id='word_1_749' title='bbox 1243 2951 1265 2980; x_wconf 92' lang='grc'>1.</span> <span class='ocrx_word' id='word_1_750' title='bbox 1288 2956 1335 2979; x_wconf 83' lang='lat' dir='ltr'>est</span> <span class='ocrx_word' id='word_1_751' title='bbox 1357 2950 1527 2983; x_wconf 78' lang='lat' dir='ltr'>decretum,</span> <span class='ocrx_word' id='word_1_752' title='bbox 1543 2959 1603 2988; x_wconf 85' lang='lat' dir='ltr'>qno</span> 
     </span>
     <span class='ocr_line' id='line_1_132' title="bbox 880 2992 1603 3026; baseline -0.007 -1"><span class='ocrx_word' id='word_1_753' title='bbox 880 2995 1022 3026; x_wconf 86' lang='lat' dir='ltr'>Chabriae</span> <span class='ocrx_word' id='word_1_754' title='bbox 1044 2995 1140 3025; x_wconf 79' lang='lat' dir='ltr'>delati</span> <span class='ocrx_word' id='word_1_755' title='bbox 1156 2999 1226 3024; x_wconf 83' lang='lat' dir='ltr'>sunt</span> <span class='ocrx_word' id='word_1_756' title='bbox 1242 2994 1381 3022; x_wconf 46' lang='lat' dir='ltr'>honorius</span> <span class='ocrx_word' id='word_1_757' title='bbox 1429 2993 1530 3022; x_wconf 88' lang='lat' dir='ltr'>Locus</span> <span class='ocrx_word' id='word_1_758' title='bbox 1554 2992 1603 3021; x_wconf 74' lang='lat' dir='ltr'>liic</span> 
     </span>
     <span class='ocr_line' id='line_1_133' title="bbox 882 3035 1604 3077; baseline -0.001 -10"><span class='ocrx_word' id='word_1_759' title='bbox 882 3037 958 3068; x_wconf 86' lang='lat' dir='ltr'>vitio</span> <span class='ocrx_word' id='word_1_760' title='bbox 978 3044 1074 3075; x_wconf 76' lang='lat' dir='ltr'>caret,</span> <span class='ocrx_word' id='word_1_761' title='bbox 1093 3042 1235 3077; x_wconf 54' lang='lat' dir='ltr'>recteque</span> <span class='ocrx_word' id='word_1_762' title='bbox 1252 3047 1269 3066; x_wconf 87' lang='lat' dir='ltr'>a</span> <span class='ocrx_word' id='word_1_763' title='bbox 1283 3035 1326 3066; x_wconf 79' lang='lat' dir='ltr'>W</span> <span class='ocrx_word' id='word_1_764' title='bbox 1329 3035 1398 3066; x_wconf 79' lang='lat' dir='ltr'>ollio</span> <span class='ocrx_word' id='word_1_765' title='bbox 1416 3040 1462 3065; x_wconf 84' lang='lat' dir='ltr'>est</span> <span class='ocrx_word' id='word_1_766' title='bbox 1479 3035 1604 3075; x_wconf 79' lang='lat' dir='ltr'>exposi-</span> 
     </span>
     <span class='ocr_line' id='line_1_134' title="bbox 883 3092 897 3110; baseline 0 -1"><span class='ocrx_word' id='word_1_767' title='bbox 883 3092 897 3110; x_wconf 82' lang='lat' dir='ltr'>S</span> 
     </span>
    </p>
   </div>
  </div>
 </body>
</html>
