1931 3323
294 214 379 255 310

291 332 349 356 σις,
357 321 501 359 γελάσιος,
509 322 671 359 γελασῖνος,
679 321 838 359 γελασινός,
846 325 1005 360 γελαστὴς,

293 363 448 401 γελαστός,
464 363 702 401 καταγέλαστος,
718 365 901 402 γελαστικός,
917 371 1005 402 γελα-

293 405 387 442 στέον,
403 406 571 445 γελαστὲος.

337 449 367 482 β.
392 448 493 486 τελέω,
509 450 702 487 τετὲλεσμαι,
728 450 878 490 τέλεα-μα,
899 449 1006 480 ἀποτέ-

292 498 408 530 λεσμα,
432 492 720 533 ἀποτελεσματικός,
740 492 866 530 τὲλεσις,
890 501 1005 523 τελεσι-

291 534 394 575 ουργὸς,
403 534 703 572 τελεστὴς,τελεστός,
712 536 881 573 ἀτέλεστος,
890 538 1006 573 τελετὴ,

292 577 456 615 τελεστὲον,
468 578 628 614 τελεστὲος.

335 633 366 659 γ.
384 621 486 658 ωοιὲω,
497 622 591 658 ωοιός,
603 622 692 658 ποιΐα,
708 621 849 659 ὀψοποιὸς,
862 621 1005 659 ὀψοποιία·

294 663 468 704 πεποίημαι,
483 665 603 704 ποίημα,
616 667 798 705 ποιημάτιον,
812 664 931 699 ποίησις,
945 677 1006 694 ποι-

294 710 374 745 ητὴς,
387 709 530 749 ποιήτρια,
545 708 668 744 ποιητὸς,
686 707 829 744 ἀποίητος,
845 708 1006 745 ποιητικὸς,

294 761 428 782 ποιητεον.

338 793 364 824 ἃ.
386 794 463 833 ὄμόω
488 794 558 834 [pro
582 804 642 833 quo
665 793 758 833 ὀμνύω
779 793 824 822 καὶ
845 792 953 845 ὄμνυμι
975 794 1007 823 in

296 848 354 867 usu
377 838 453 878 est].
479 837 676 876 ὃμώμοσμαι,
702 835 868 875 [όμοσμα,]
894 835 1006 875 ὅμοσις,

296 879 475 919 ἀντωμοσία,
501 878 654 917 διωμοσία,
681 879 858 918 συνωμοσία,
883 880 1007 917 ὠμότης,

296 922 475 975 συνωμότης,
491 922 613 963 ὢμοτός,
629 922 806 961 ἆτσώμοτος,
823 921 1006 963 [ὢμοτικὸς,]

298 965 425 1006 ὄμοτέον.

339 1021 362 1039 ε.
385 1008 512 1050 χρυσείω,
534 1008 738 1049 κεχρύσωμαι,
753 1007 915 1049 χρύσωμα,
937 1008 1008 1049 χρύ-

296 1063 397 1086 σωσις,
415 1052 593 1092 [χρυσωτῆς,
613 1051 774 1092 χρυσωτός,
798 1050 1006 1093 χρυσωτικος,]

295 1093 466 1137 χρυσωτέον,
481 1094 654 1136 χρυσωτὲος.

397 1226 476 1266 ἵημι,
492 1225 612 1266 ἴστημι,
628 1227 734 1267 γνῶμι,
748 1223 901 1264 κορέννυμι.

339 1323 370 1342 α.
391 1310 469 1352 ἵημι,
486 1309 578 1351 εἷμαι,
597 1310 671 1351 ἓμα,
690 1311 788 1351 ἕνεμα,
804 1309 875 1346 ἕσις,
894 1310 1009 1349 ἄφεσις,

295 1355 415 1390 σύνεσις,
428 1353 503 1389 ἕτης,
514 1354 634 1394 ἀφέτης,
645 1354 716 1389 ἐτὸς,
730 1355 847 1394 ἄφετος,
861 1352 1009 1394 οἷφετηρία,

296 1398 400 1433 ἑτικός,
415 1398 562 1437 ἀφετικὸς,
577 1397 661 1433 ἐτέον,
678 1397 806 1437 ἀφετέον,
823 1396 952 1435 ἀφετέος.

339 1441 371 1474 Β.
395 1440 512 1481 ἵστημι.
533 1442 622 1479 hujus
640 1442 781 1471 derivata
802 1451 895 1480 supra
911 1450 1008 1480 expo-

294 1484 355 1515 sita
369 1489 450 1514 sunt.

339 1539 369 1566 γ.
385 1530 478 1566 γνῶμι
493 1526 568 1567 (pro
584 1538 645 1566 quo
661 1528 789 1566 γινώσκω
804 1525 945 1566 dicitur),
960 1525 1011 1564 ἔγ-

295 1581 422 1610 νωσμαι,
437 1571 547 1610 γνώμη,
562 1569 708 1610 γνωμικός,
725 1571 854 1610 γνώμων,
874 1581 1008 1608 γνωμονι-

295 1613 353 1650 κός,
369 1615 519 1654 ἀγνώμων,
538 1615 732 1653 ἀγνωμοσύνη,
749 1611 926 1651 ἀγνωμονὲω,
940 1615 1009 1650 γνῶ-

294 1668 352 1692 σις,
379 1655 507 1697 γνωρίζα,
532 1658 678 1695 γνώριμος,
704 1657 843 1693 γνωστῆς,
872 1655 1008 1693 γνωστὸς,

293 1700 452 1738 ἄγνωστος,
468 1699 635 1736 γνωστικός,
651 1698 800 1736 γνωστέον,
816 1697 965 1735 γνωστὲος.

337 1743 360 1772 3.
373 1740 714 1782 κορὲννυμι,κεκόρεσμαι,
727 1740 882 1782 [κόρεσμα,
892 1740 1009 1781 κόρεσις,

294 1785 454 1826 κορεστῆς,]
471 1784 614 1825 κορεστός,
629 1783 788 1825 ἀκόρεστος,
806 1783 1007 1825 [κορεστικός,]

292 1827 444 1869 κορεΐτέον,
459 1838 611 1869 κθρῑθτέος.

339 1872 402 1901 Sed
418 1871 489 1910 quia
505 1873 656 1911 πλησμονὴ
671 1872 815 1907 ἁπάντων,
831 1871 934 1909 ipsum
950 1871 1007 1900 boc

295 1914 426 1945 satiandi
442 1915 568 1944 verbum
586 1924 641 1943 uos
657 1914 812 1949 admonet,
828 1924 949 1943 manum
968 1915 1007 1943 de

296 1958 418 1987 tabula:
440 1968 478 1987 ne
494 1957 546 1992 iis,
563 1967 690 1996 quorum
702 1957 818 1986 studiis
834 1957 1007 1986 consultum

295 2002 450 2036 volumus,
461 2001 581 2029 molesti
593 2000 700 2030 simus.
728 2000 892 2030 studiosos
906 2006 1007 2030 autem

295 2049 418 2083 rogatos
431 2044 513 2078 volo,
529 2043 561 2073 τὸ
577 2045 626 2073 τοῦ
637 2042 864 2083 Ἀριστοτέλους,
875 2043 938 2072 ἀντὶ
953 2043 1008 2082 μὲν

295 2090 350 2117 τῶν
367 2085 625 2126 ἀναγεγραμμένων
638 2087 730 2128 χάριν·
746 2085 810 2115 ἀντὶ
826 2085 854 2116 δὲ
875 2088 931 2116 τῶν
947 2097 1006 2117 πα-

294 2129 536 2170 ραλελειμμένων,
550 2131 730 2169 συγγνώμην.
760 2129 865 2159 Otium
881 2129 961 2159 enim
976 2135 1007 2160 et

296 2173 479 2212 diligentius
491 2173 670 2212 colligendi,
684 2178 716 2203 et
730 2172 903 2202 accuratius
920 2173 1007 2211 dige-

297 2216 395 2252 rendi,
408 2216 481 2245 mihi
494 2216 603 2246 defuit.
647 2217 939 2255 lutei-pretationem
953 2226 1005 2246 au-

294 2267 357 2290 tem
368 2259 507 2289 Latinam
521 2259 558 2289 de
569 2259 718 2289 industria
732 2258 925 2298 praetermisi,
937 2269 1006 2288 cum

297 2303 430 2333 vitandae
440 2302 627 2342 prolixitatis
643 2312 747 2338 causa,
760 2307 822 2331 tum
837 2312 874 2331 ne
887 2301 1006 2341 ignavis

296 2346 396 2376 omnia
411 2345 441 2375 in
460 2356 494 2375 os
506 2345 726 2385 ingererentur.
753 2345 815 2382 Qui
831 2345 910 2374 enim
923 2356 1008 2385 para-

298 2390 418 2419 tissima
434 2389 550 2418 Lexica
572 2389 732 2418 consulere
750 2389 947 2427 gravabitur:
971 2399 1008 2418 ne

297 2438 400 2463 nostra
415 2432 539 2470 quidem
555 2437 696 2461 annotata
710 2431 917 2472 magnifaciet.
945 2432 1009 2461 Sed

297 2481 397 2506 tamen
421 2481 548 2514 propter
570 2476 725 2505 studiosos
748 2475 896 2504 addamus
919 2475 1008 2504 unius

298 2519 386 2549 verbi
409 2518 599 2557 progeniem,
620 2518 651 2547 iu
670 2518 805 2557 speciem
829 2528 936 2557 parum
953 2518 1009 2547 soe-

298 2562 392 2592 cundi
406 2571 413 2589 ι
441 2565 473 2590 ut
495 2561 629 2597 videant,
646 2565 790 2600 quantam
803 2562 867 2591 baec
879 2561 1008 2591 investi-

299 2605 383 2645 gatio
400 2608 431 2634 et
446 2604 631 2639 observatio,
649 2605 811 2634 verborum
827 2604 947 2643 copiam
964 2604 1009 2642 gi-

297 2654 380 2688 gnat:
396 2653 570 2686 quantoque
582 2647 764 2686 compendio
775 2648 812 2677 ad
823 2649 939 2677 Graecae
951 2647 1008 2676 lin-

298 2702 366 2731 guae
383 2690 588 2729 cognitionem
609 2690 770 2728 perducat.
786 2691 869 2730 μνάω
891 2689 905 2721 ἢ
920 2689 1007 2730 μνέαι,

297 2747 332 2764 το
349 2732 571 2774 ὺπομιμνησκω,
588 2733 620 2761 in
634 2734 799 2763 memoriam
811 2735 922 2773 veclig0‚
933 2743 1009 2763 com·

298 2775 470 2818 monefacio,
495 2781 529 2805 ut
548 2782 582 2804 A.
600 2773 649 2804 Ἰλ.
667 2777 722 2805 τῶν
736 2787 779 2805 νυν
789 2775 842 2815 μὲν
856 2777 1008 2815 μνήσασα,

299 2819 428 2861 παρέζεο,
445 2819 513 2848 his
504 2829 536 2848 ἰη
550 2827 658 2848 memor
660 2818 717 2847 iam
733 2819 759 2847 ei
773 2821 923 2854 remeatis,
939 2821 1009 2849 assi-

298 2865 373 2894 dete.
399 2862 542 2901 μνάομαι,
565 2861 671 2895 ambio,
695 2859 861 2900 μέμνημαι,
879 2863 1008 2898 memmi,

297 2906 410 2946 μνήμη,
417 2906 532 2945 μνῆμα,
542 2903 720 2942 ὑπόμνημα,
727 2905 872 2956 μνημεῖον,
879 2905 1009 2943 μνήμων,

297 2948 473 2990 μνημοσύνη,
495 2946 679 2987 μνημόσυνον,
695 2946 835 2998 μνημόνια
857 2946 1010 2978 Θεοδέκτου

297 3005 338 3023 τα
350 2992 544 3030 συμωοτικέι,
558 2988 737 3030 μνημονικὸς,
752 2990 926 3030 μνημονεύω,
937 3002 1008 3029 μνη-

296 3035 440 3076 μόνευμα,
455 3033 713 3075 ἀπομνημόνευμα,
729 3032 1008 3074 μνημόνευσις,μνη·

537 213 597 254 H.
629 213 853 255 WOLFII
892 214 956 256 IN
990 215 1025 255 Ι.

1058 215 1503 258 OLYNTHIACAM

1041 322 1189 359 μονευτῆς,
1212 321 1415 360 μνημονευτός,
1430 322 1663 363 μνημονευτικός,
1683 333 1757 362 μνη-

1041 363 1198 402 μονευτέον,
1217 364 1432 403 μνημονευτὲος,
1448 365 1489 401 ἑα,
1507 366 1555 402 ἑον,
1571 365 1754 418 ἱερομνήμων,

1042 406 1194 445 ἀμνημιτν.
1224 406 1400 446 ἀμνημονεω,
1431 409 1656 448 υπομιμνήσκω,
1683 419 1754 438 υπο-

1041 448 1227 490 μνηματίζω,
1244 451 1521 490 ὑπομνηματισμός,
1533 451 1755 490 ἀναμιμνήσκω,

1041 494 1155 530 μνῆσις,
1179 494 1347 544 ανάμνησις,
1374 493 1545 532 ὑπόμνησις,
1570 493 1755 534 μνησίκακος,

1040 536 1225 575 μνησικακία,
1239 547 1434 575 μνησίκακξω,
1449 549 1583 577 μνηστῐς,
1595 535 1756 575 ἀμνηστὺὤ,

1040 590 1180 619 μνηστηρ,
1193 581 1332 618 μνηστῆς,
1344 580 1489 618 fufio-ww,
1501 582 1649 621 μνῆστρον,
1660 581 1673 610 ἦ
1683 591 1756 619 μνη·

1041 624 1124 656 στὴς,
1140 623 1334 662 προμνήστρια
1351 622 1364 653 ἢ
1388 623 1588 664 προμνηστρῖς,
1607 624 1753 662 pronuba,

1040 676 1180 703 μνηστος,
1203 665 1383 705 ἀείμνηστος,
1411 666 1573 706 μνηστεύω,
1599 664 1755 705 μνηστεία,

1041 708 1229 746 μνηστξυτῠς,
1255 719 1442 748 μνηστξυμα,
1467 720 1654 749 μνηστευσίς,
1681 720 1755 749 μνη·

1043 751 1135 784 στεόν,
1151 752 1303 789 μνηστέος.

1085 794 1251 823 Veniamus
1268 796 1304 824 ad
1330 795 1454 834 figuras,
1470 795 1501 824 in
1525 796 1638 835 quibus
1655 794 1755 825 consi-

1042 837 1177 870 deratur,
1193 842 1292 866 utrum
1315 839 1493 867 vocabulum
1511 839 1614 878 seipso
1629 842 1755 868 conten-

1043 884 1107 908 tum
1130 879 1169 908 sit
1186 878 1285 915 ἵππος,
1301 880 1379 918 alym:
1403 891 1439 910 an
1463 881 1556 916 aliud,
1572 882 1638 911 sive
1662 891 1754 910 unum

1044 923 1111 951 sive
1125 923 1212 961 plura
1229 924 1393 958 adsciscat,
1408 929 1441 953 ut
1455 922 1606 962 φίλιππος,
1622 925 1755 953 ἀντεισα-

1042 976 1094 1014 γω.
1105 967 1237 996 Crebras
1247 971 1347 996 autem
1360 967 1435 1001 fieri,
1448 973 1480 996 ut
1489 967 1517 996 in
1528 967 1704 1006 speciebus,
1713 967 1757 996 sic

1042 1008 1072 1037 in
1086 1009 1192 1047 figuris
1205 1008 1308 1045 etiam,
1320 1009 1474 1040 literarum
1492 1010 1688 1046 mutationes,
1703 1010 1757 1039 ad-

1043 1051 1188 1087 ditiones,
1210 1052 1438 1082 detractiones:
1469 1052 1542 1082 item
1565 1054 1662 1083 multa
1685 1063 1755 1083 esse

1043 1096 1224 1134 composita,
1239 1106 1367 1135 quorum
1384 1096 1536 1134 simplicia
1552 1107 1609 1126 non
1626 1101 1755 1136 utraque

1044 1138 1150 1168 sintin
1175 1149 1253 1168 usu:
1278 1143 1309 1168 et
1325 1150 1342 1168 a
1363 1139 1558 1178 simplicibus
1580 1139 1756 1178 adjectivis,

1043 1191 1125 1220 saepe
1149 1181 1321 1220 composita
1343 1183 1547 1218 substantiva,
1563 1188 1595 1213 et
1616 1188 1722 1212 contra
1739 1193 1756 1212 e

1043 1225 1244 1255 substantivis
1260 1225 1413 1264 adjectiva
1433 1226 1527 1262 nasci,
1549 1230 1580 1255 et
1598 1236 1666 1265 quae
1683 1230 1757 1255 sunt

1044 1268 1112 1306 ejus
1133 1269 1254 1306 generis
1272 1269 1342 1305 alia,
1356 1268 1446 1298 facile
1463 1268 1591 1298 docebit
1606 1270 1754 1299 observa-

1043 1311 1134 1340 tionis
1157 1311 1328 1350 diligentia.
1372 1313 1440 1342 Nos
1460 1313 1531 1350 quia
1554 1311 1757 1342 Grammatici

1042 1353 1074 1383 in
1088 1365 1122 1384 ea
1140 1365 1172 1383 re
1190 1355 1288 1384 miuus
1304 1354 1489 1391 accurati,et
1506 1355 1594 1394 pueri
1610 1356 1755 1396 [quorum

1042 1397 1092 1427 hic
1116 1397 1263 1427 rationem
1287 1398 1484 1437 potissimum
1510 1397 1671 1438 babemus]
1696 1397 1755 1427 nisi

1043 1441 1262 1470 admoneantur
1275 1446 1305 1470 et
1317 1441 1501 1476 excitentur,
1516 1441 1760 1481 negligentiores,

1043 1484 1224 1522 plerumque
1250 1489 1340 1514 sunt:
1370 1484 1530 1514 videamus
1556 1494 1624 1524 quae
1652 1488 1756 1524 partes

1043 1527 1191 1556 orationis
1207 1527 1287 1557 inter
1302 1528 1436 1566 sejungi
1452 1528 1582 1557 soleant.

1089 1573 1119 1599 1.
1144 1570 1347 1609 Reperiamus
1365 1571 1472 1610 igitur,
1486 1580 1595 1601 nomen
1612 1571 1755 1611 componi

1044 1623 1112 1642 cum
1129 1613 1263 1647 nomine,
1279 1619 1311 1642 ut
1327 1612 1536 1654 ἀκριέοδίκαιον.
1583 1617 1683 1652 Atque
1706 1613 1755 1644 bic

1044 1657 1238 1685 observanda
1261 1663 1331 1686 sunt
1351 1657 1504 1695 adjectiva
1525 1657 1755 1696 compositioni-

1044 1699 1100 1728 bus
1114 1704 1206 1737 apta:
1232 1703 1265 1728 ut
1282 1700 1381 1734 πολυς,
1393 1698 1495 1737 ὅλίγος,
1515 1699 1624 1738 μέγας,
1646 1699 1756 1740 μικρός,

1044 1740 1162 1778 ὑψηλσς,
1184 1741 1327 1777 ταπεινὸς,
1356 1742 1477 1795 μακρὸς,
1494 1741 1616 1783 Βραχυς,
1644 1754 1754 1783 ταχυς,

1043 1782 1152 1823 Εραδυς,
1179 1785 1276 1820 καλὸς,
1303 1785 1402 1821 κακὸς,
1426 1785 1560 1824 φίλος-,α
1542 1785 1628 1824 ἄξιος,
1652 1785 1755 1825 ἕτερος,

1042 1825 1115 1866 ὄξυς,
1125 1828 1349 1869 ἀμβλυς,παχί-
1353 1840 1374 1864 ς,
1385 1827 1510 1863 λεωτός,
1520 1828 1645 1868 ἄριστος,
1658 1828 1756 1869 ῥοίδιος,

1041 1871 1134 1909 μόνος,
1151 1873 1277 1910 «πρῶτος,
1293 1882 1415 1912 υστερος.
1438 1877 1469 1901 et
1485 1872 1698 1901 substantiva:
1723 1877 1757 1903 ut

1042 1912 1122 1948 εἶδος,
1144 1912 1234 1949 κλέος,
1262 1913 1369 1948 πάθος,
1392 1926 1480 1954 μισος
1484 1937 1492 1949 ,
1516 1913 1618 1950 σθενος,
1633 1915 1754 1966 κράτος,

1042 1955 1121 1994 ὕψος,
1133 1957 1250 1993 κάλλος,
1267 1956 1397 1993 σληθος,
1413 1956 1476 1992 δῖος,
1487 1968 1576 1993 νησος,
1593 1956 1668 1992 θεὸς,
1681 1958 1739 1988 &c.

1086 2003 1114 2029 2.
1136 2001 1256 2030 Nomen
1269 2010 1336 2029 cum
1355 2001 1464 2037 verbo,
1479 2006 1530 2030 aut
1547 2001 1667 2030 nomine
1684 2011 1754 2031 ver-

1042 2043 1102 2072 bali
1117 2055 1124 2074 ε
1148 2049 1180 2073 ut
1201 2042 1390 2084 ταχυπειθῆς,
1406 2043 1656 2085 μεγαλοῤῥημονῶ,
1671 2043 1754 2084 μενὲ·

1041 2092 1118 2122 λαος,
1135 2085 1295 2127 ἐτεροθαλῆς
1309 2086 1440 2125 ἀδελφός.

1084 2132 1115 2160 3.
1132 2131 1209 2159 Cum
1224 2129 1406 2159 adveubiis''
1393 2141 1441 2170 ερι,
1456 2129 1548 2165 βου,’
1533 2141 1589 2169 αρι,
1604 2140 1644 2165 νη,
1656 2140 1692 2165 νε,
1706 2130 1753 2171 ῥα,

1041 2172 1091 2212 ζα,
1114 2173 1171 2210 δυς,
1196 2184 1236 2209 ευ,
1259 2173 1289 2208 ἀ,
1311 2173 1344 2201 ἄν
1363 2174 1412 2202 vel
1434 2175 1492 2222 ἅμ,
1516 2183 1573 2212 pro
1596 2171 1669 2208 ἄνευ,
1686 2173 1753 2210 ἄνω,

1039 2216 1141 2246 nai-rw:
1160 2226 1333 2265 quanquam
1350 2215 1415 2245 haec
1431 2216 1488 2244 tria
1503 2221 1657 2254 postrema
1673 2215 1753 2246 inter

1042 2259 1276 2298 praepositiones
1302 2258 1449 2288 numerati
1472 2263 1620 2296 possunt.
1646 2265 1679 2288 ut
1701 2258 1754 2300 ἐρι-

1041 2303 1172 2342 γίιστωρ,
1197 2300 1380 2342 Εοωιεφαλος,
1403 2299 1690 2342 ἇρίζηλος,νήριθμος,
1712 2302 1754 2332 νέ-

1042 2345 1134 2381 ποδες,
1149 2344 1288 2386 ῥάθυμος,
1302 2345 1433 2384 δάφοινος,
1451 2344 1622 2385 ζάπλουτος,
1639 2343 1754 2375 δυσδαι-

1041 2400 1116 2426 μων,
1132 2387 1280 2426 εὐδαίμων,
1303 2388 1427 2429 ἀτυχὲς,
1450 2386 1571 2422 ἀναίτιος
1592 2387 1753 2429 ἀμβροσία,

1041 2430 1227 2472 καταχθόνιος
1241 2431 1394 2469 ἀνάθημα.

1086 2478 1117 2504 4.
1142 2476 1219 2504 Cum
1236 2475 1420 2514 participio:
1446 2478 1479 2504 ut
1494 2473 1634 2513 διομὲδοον.

1085 2519 1116 2547 5.
1144 2520 1219 2547 Cum
1250 2517 1401 2552 anticulis,
1431 2521 1462 2546 et
1493 2516 1678 2556 prominine.
1720 2523 1754 2548 ut

1043 2561 1150 2601 ατερος,
1168 2560 1199 2589 id
1224 2566 1282 2596 est,
1302 2561 1314 2590 ὁ
1338 2559 1439 2601 ἕτερος,
1455 2559 1576 2599 Θάτερον,
1591 2559 1622 2588 id
1646 2566 1703 2595 est,
1720 2560 1754 2590 τὸ

1042 2603 1142 2643 ἕτερον,
1156 2602 1369 2639 αυτοδίδοικτος,
1385 2603 1579 2642 αὐτοκράτωρ,
1592 2600 1740 2641 φίλαυτος.

1086 2650 1116 2676 6.
1141 2647 1216 2676 Cum
1240 2647 1526 2686 conjunctionibus:
1552 2650 1584 2674 ut
1605 2646 1754 2676 καλοσκαῖ-

1042 2689 1146 2728 γαθὸς,
1163 2695 1193 2720 et
1209 2688 1418 2730 καλοκᾴγαθία.

1085 2735 1116 2763 7.
1140 2733 1202 2762 Sed
1230 2733 1412 2762 latissimum
1437 2741 1578 2769 campum
1601 2732 1753 2771 praeposi-

1042 2776 1142 2806 tiones
1153 2775 1302 2812 obtinent,
1317 2775 1418 2805 tamin
1429 2774 1582 2804 nominum
1594 2779 1625 2803 et
1643 2776 1752 2805 verbo-

1042 2829 1119 2854 ium,
1132 2829 1222 2858 quam
1236 2819 1265 2847 in
1279 2818 1463 2857 reliquarum
1475 2816 1616 2856 partium,
1627 2827 1752 2857 compu-

1043 2862 1223 2894 sitionibus:
1241 2866 1272 2890 ut
1283 2860 1375 2897 ἐνδύω,
1387 2858 1535 2900 ἔμψυχος,
1547 2858 1683 2899 ἒμζαίνω,
1694 2860 1753 2891 εἴσ-

1042 2905 1110 2941 οδος,
1138 2903 1320 2944 εῖσερχομαι,
1350 2902 1466 2937 ἐκλιβω,
1490 2900 1636 2942 ἐξαίρω,”
1622 2913 1754 2940 εκτασις,

1041 2947 1141 2988 ἔξοδος,
1179 2945 1328 2987 προβαίνω,
1358 2947 1508 2986 προτροπή,
1541 2945 1754 2986 προσεύχομαι,

1042 2990 1194 3030 πρόσοδος,
1216 2988 1376 3030 συντρέχω,
1393 2988 1565 3029 συγγράφω,
1587 2987 1754 3029 σύμβασις,

1042 3033 1208 3074 ἀναγράφω,
1228 3033 1422 3074 καταγράψαι,
1447 3031 1616 3071 ἔωιγραφω,
1635 3032 1754 3063 ἀντεπι-
