1931 3323
288 181 373 223 220
666 181 702 223 1.
725 181 759 224 I.
780 181 1006 224 REISKE

287 299 366 328 quos
385 298 451 325 vos,
470 288 605 329 judices,
629 291 705 321 bene
728 290 838 326 nostis,
862 290 914 331 qui
939 290 998 320 sibi

285 336 450 362 testentur.
468 333 519 363 vel
533 334 623 363 etiam
635 334 753 364 ratione
768 335 858 374 paulo
872 334 1000 373 compli-

288 376 417 412 catiore,
432 380 466 406 ut
481 376 521 406 sit
535 386 591 415 pro
606 376 634 406 οἳ
646 378 850 413 συνεστήκασι,
864 378 911 406 vel
928 375 1000 407 συνί-

287 429 414 448 στανται
429 418 549 455 τούτοις,
562 421 703 456 testibus,
716 422 769 460 qui
780 421 926 451 assistunt
941 421 1000 456 his,

287 462 466 492 Pantaeneto
479 464 604 502 ejusque
619 464 784 495 similibus.
800 476 904 495 verum
918 464 1001 504 prior

286 505 364 535 ratio
380 505 479 545 magis
492 506 566 536 mihi
581 509 738 546 probatur.

332 551 406 580 981.
423 551 455 580 3.
477 548 490 579 ὅ
505 547 732 592 συμξεβληκῶς]
748 555 796 580 est
808 550 834 581 is
847 551 1001 589 Evergus.

329 610 373 615 —-
402 595 454 623 10.
489 593 624 624 τάλαντα
651 594 705 624 ὑπό
731 605 791 624 του.
829 594 877 623 καὶ
904 595 1002 623 ταῦτα

287 633 340 665 ὐπό
349 635 408 677 ——-]
424 635 656 667 distinctionum
672 638 793 667 correxi
808 645 838 667 et
854 637 900 666 καὶ
917 637 1002 667 dele-

287 679 319 708 vi
336 680 373 709 ad
386 680 465 709 hunc
476 680 611 710 modum.
634 680 778 711 τάλαντα.
802 679 854 711 ὑπὸ
866 682 914 710 τοῦ
930 682 1002 710 ’ταῦ-

286 732 329 751 τα
340 734 349 761 3
373 728 500 762 quatuor
514 725 558 753 ais
577 721 777 763 defraudatus
797 734 855 755 esse
880 725 1001 754 talenta.

285 766 311 795 A
325 775 450 806 quonam
460 766 539 796 isba?

329 825 374 831 ——-
390 812 442 839 12.
457 806 593 849 πολίτης]
610 813 680 848 post
694 807 814 844 πολίτης
830 809 953 839 videtur
968 809 1003 839 ὢν

287 852 406 883 dessse.
430 854 533 892 ecquis,
555 853 606 893 qni
625 853 695 883 civis
718 854 766 888 sit,
790 853 844 881 sibi
865 854 1003 891 patiatur

287 895 363 925 bona
377 905 432 926 sua
446 906 465 925 a
479 905 559 926 servo
574 895 671 925 alieno
689 895 764 934 eripi
786 901 842 925 aut
857 896 1001 926 retineri?

285 943 371 975 tune,
387 939 577 974 Pantaenete,
589 939 643 978 qui
656 939 735 968 civis
747 950 780 969 es
792 938 1002 974 Atheniensis,

283 987 426 1021 paterere
437 983 517 1011 hona
530 986 584 1011 tua
595 982 653 1012 tibi
665 992 683 1012 a
696 992 788 1012 servo
802 992 871 1012 meo
883 982 1002 1021 negari,

286 1031 340 1055 aut
354 1025 387 1055 vi
402 1024 579 1064 extorqueri
591 1025 602 1055 ?

328 1084 373 1091 ——-
385 1070 436 1099 13.
451 1067 550 1108 εἴξηκεν
561 1067 660 1110 αὐτὸς]
673 1069 797 1100 correxi
811 1067 903 1111 ᾕρηκεν
914 1067 1002 1102 οὗτος.

284 1121 408 1151 quorum
424 1110 472 1141 hic
489 1111 718 1154 [Pantaenetus]
735 1112 896 1154 Evergum,
912 1123 1003 1142 causa

284 1154 325 1184 ad
340 1155 460 1194 judices
482 1155 593 1193 delata,
616 1157 831 1192 condemnavit,
848 1160 881 1186 ut
903 1155 1002 1186 Latini

284 1197 404 1234 dic-unt,
429 1198 458 1227 h.
476 1208 503 1228 e.
526 1199 720 1240 impetravit,
743 1205 778 1230 ut
798 1210 816 1230 a
838 1199 1002 1239 jndicibus

284 1241 551 1272 condemnaretur.

329 1301 375 1307 —-
397 1287 450 1315 15.
472 1284 571 1327 αὑτὸν]
593 1285 667 1316 dedi
690 1284 773 1315 αὐτὸν
796 1295 866 1315 cum
893 1285 1003 1325 spiritu

284 1326 357 1357 leni.
381 1327 463 1357 redit
477 1329 571 1365 enim,
587 1334 621 1360 ut
635 1328 720 1362 αὐτὸς
735 1326 813 1362 οὗτος
826 1330 864 1359 ad
880 1330 1002 1359 Pantae-

284 1376 402 1408 netum,
415 1371 461 1401 sic
483 1370 578 1409 αὖα-ὂν,
600 1381 678 1409 eum,
703 1373 742 1402 ad
765 1382 887 1402 servum
905 1373 1003 1402 Nico-

284 1414 362 1445 buli.

327 1475 372 1480 ——
387 1460 440 1488 16.
463 1457 570 1500 λέγειν]
594 1469 662 1499 quae
684 1468 793 1489 servus
816 1468 904 1488 meus
925 1457 1004 1487 deli-

284 1501 397 1540 querit.

326 1561 371 1567 -—
384 1544 438 1575 ult.
452 1544 509 1584 μὲν
518 1543 627 1586 οὐδένα]
641 1547 713 1585 post
724 1543 779 1583 μὲν
790 1544 915 1574 videtur
927 1544 1004 1583 ὑμὲίς

284 1587 406 1618 deesse.
428 1599 487 1618 non
501 1590 643 1619 videmini
661 1587 746 1622 mihi,
759 1588 891 1626 judices,
904 1587 1002 1628 foene-

283 1632 418 1660 rantium
430 1641 605 1672 quemquam
619 1632 720 1662 loedere
729 1642 740 1668 ,·
756 1631 892 1671 quosdam
903 1641 1003 1661 eorum

285 1679 382 1704 tamen
399 1676 500 1705 merito
514 1685 565 1704 sno
580 1675 679 1704 odisse.

330 1719 404 1748 98⁶2.
420 1720 450 1748 3.
473 1716 544 1757 μηδ’
557 1717 648 1748 ἑὶλλου
668 1714 782 1755 μηδενός
804 1715 883 1751 εἰσιν,
903 1715 973 1745 ἀλλ’
987 1716 1002 1747 ἢ

284 1761 334 1789 τοῦ
351 1759 488 1802 πλείονος]
504 1761 534 1790 id
553 1767 611 1796 est,
627 1759 739 1797 μηδενὸς
752 1760 844 1788 ἄλλοι)
855 1758 1002 1790 ἐπιτηδευ-

285 1803 336 1832 ταὶ
352 1803 399 1832 καὶ
416 1803 543 1841 δοῦλοι,ἢ
559 1805 610 1834 τοῦ
626 1804 817 1834 πλεονεκτεῖν.
835 1803 896 1833 noli
912 1804 1001 1832 Lam-

284 1847 387 1876 binum
405 1847 456 1877 hic
469 1847 585 1877 audire.

329 1907 371 1913 -—
388 1892 418 1920 9.
442 1891 490 1920 καὶ
513 1889 771 1932 χαςίο-ασθοιι-]
788 1890 865 1920 duas
890 1890 1004 1929 allegat

284 1943 405 1969 causaS,
422 1944 477 1963 cur
492 1934 665 1963 nummulos
680 1933 758 1962 duro
780 1933 886 1963 labore
908 1933 1003 1963 coile-

284 1981 352 2006 ctos
377 1978 492 2007 foenore
508 1981 683 2011 exerceret,
706 1986 809 2011 unam,
824 1981 857 2006 ut
868 1977 1002 2016 roganti-

287 2021 344 2049 bus
362 2021 597 2060 gratificaretur‚
615 2020 753 2055 alteram,
769 2030 806 2049 ne
828 2019 1002 2059 pecuniola,

285 2073 368 2102 aegre
389 2064 531 2100 collecta,
557 2064 640 2093 nullo
663 2073 732 2093 cum
757 2063 856 2092 fructu
881 2068 913 2093 et
937 2065 1002 2093 sine

286 2117 376 2136 sensu
395 2107 456 2136 sibi
471 2117 529 2146 per
551 2107 684 2136 minutas
706 2116 861 2145 expensas
885 2107 1002 2136 dilabe-

284 2154 381 2186 retur,
398 2154 430 2180 et
447 2149 542 2180 veluti
558 2150 609 2180 nix
629 2150 792 2179 tabescens
807 2150 1001 2189 deliquesce-

283 2197 343 2228 ret,
357 2193 533 2223 nummatim
542 2203 606 2223 eam
617 2193 768 2232 carpenti,
780 2197 811 2222 et
827 2194 858 2222 in
872 2204 934 2223 rem
946 2194 1001 2223 do-

285 2236 456 2273 mesticam,
473 2237 502 2266 in
515 2236 627 2266 frivola
642 2241 673 2266 et
688 2246 785 2275 nugas
799 2235 1001 2275 impendenti.

328 2297 373 2302 —
387 2282 441 2310 22.
463 2278 601 2320 ἐμαυτῷ]
618 2280 768 2309 sententia
783 2280 921 2318 postulat
936 2279 1001 2309 ἐαυ-

284 2324 356 2356 τοῖς.
381 2328 414 2353 et
438 2323 482 2352 sic
501 2323 574 2353 dedi
596 2323 636 2352 de
656 2333 734 2352 meo.
758 2333 815 2351 non
835 2333 902 2352 sum
921 2333 1002 2353 unus

284 2376 396 2402 eorum,
407 2376 531 2406 quorum
541 2376 632 2396 mores
641 2367 709 2405 ipsis
719 2367 872 2404 expediunt
883 2370 910 2395 et
922 2377 1000 2406 φαε-

285 2409 508 2449 stumfacz'unt.
531 2419 592 2449 quo
608 2410 638 2438 in
653 2419 779 2439 numero
795 2414 867 2438 suut
883 2409 999 2445 blandi,

285 2452 422 2491 gratiosi,
437 2453 623 2488 adulatores,
638 2462 762 2482 scurrae.

330 2512 374 2518 --
390 2497 441 2526 ⁴25.
458 2495 493 2525 ἂν
507 2496 550 2536 τῷ
565 2497 626 2526 δεῖνι
643 2495 774 2536 δανείσω]
787 2505 858 2525 νοο.
870 2495 931 2525 δεῖνι
945 2507 998 2525 un-

285 2538 332 2568 cis
347 2538 471 2573 inclusi,
486 2540 666 2569 existimans
681 2550 749 2569 cum
764 2539 917 2577 Ang.leg.
929 2550 999 2569 esse

287 2578 320 2612 ἂν
334 2580 376 2620 ’τῷ
399 2593 429 2610 τι
452 2581 577 2613 δανείσω.
603 2582 654 2611 ubi
677 2594 718 2622 τῳ
742 2582 827 2622 (sine
852 2583 999 2622 accentu)

285 2624 462 2655 encliticam
487 2630 544 2655 est.
590 2626 615 2654 si
642 2627 692 2655 cni
717 2626 789 2665 quid
813 2627 944 2664 pecunia?
967 2627 1000 2655 iu

281 2678 405 2699 usuram
420 2669 495 2697 dem.

329 2729 372 2734 —-
387 2711 464 2740 ibid.
486 2710 666 2751 πξοσόφλειν]
690 2710 821 2740 subaudi
837 2709 918 2742 δίκην.
944 2713 1000 2742 sed

285 2755 399 2784 melius
416 2754 539 2784 videtur
562 2753 763 2793 προσοφείλειν,
779 2754 893 2783 omisso
915 2754 1000 2785 δίκην.

284 2799 384 2828 ideone
398 2808 441 2828 me
454 2797 602 2836 oportebit,
621 2807 676 2826 non
691 2798 781 2826 solum
797 2798 938 2828 creditam
951 2809 1000 2838 pe-

285 2842 405 2871 cuniam
421 2851 479 2870 non
493 2849 678 2879 recuperare,
699 2840 746 2869 sed
759 2841 845 2869 etiam
858 2848 999 2880 prmo-rea

282 2885 405 2914 debitori
419 2885 572 2923 pecuniam
587 2883 696 2912 debere.

328 2945 372 2950 ——
386 2938 454 2966 pen.
470 2925 577 2968 ταῦθ’]
594 2927 624 2956 ὶι]
639 2925 768 2965 reliquis
780 2931 880 2955 autem
897 2927 998 2963 rebus,

285 2971 328 3001 his
346 2977 433 3009 puta,
456 2971 496 3001 de
509 2970 622 3011 quibus
638 2980 718 3000 nunc
737 2968 848 3009 agitur,
864 2969 998 3008 incessu,

284 3024 371 3049 voce,
387 3014 486 3044 vultu.

1044 181 1375 223 ANNOTATA

1079 292 1152 320 983.
1180 292 1212 320 1.
1241 289 1362 332 ἔχοντα]
1389 289 1423 320 id
1450 294 1510 326 est,
1536 289 1667 333 τοιαύτῃ,
1694 289 1751 322 ot'av

1036 332 1119 372 Hora}
1135 331 1207 373 ἔχει.

1078 376 1203 405 -ibid.
1214 374 1337 417 slimecht]
1351 376 1428 406 Post
1437 374 1485 406 οὑκ
1492 375 1601 416 εὸποςόν
1615 374 1694 406 ἐστιν
1703 376 1748 406 vi-

1036 419 1125 449 detur
1134 419 1244 449 deesse
1257 417 1311 448 0133’
1324 419 1392 453 ἴσως
1402 418 1554 460 συμφέρον.
1577 419 1626 450 vel
1641 419 1752 450 similis

1036 463 1194 493 sententia.
1206 473 1274 492 nam
1284 462 1359 492 alias
1373 463 1436 492 hiat
1450 462 1654 493 ratiocinium.
1670 464 1753 502 quod

1036 507 1094 535 hoc
1115 517 1183 536 esse
1202 507 1342 535 videtur:
1367 511 1516 541 naturam,
1533 506 1583 536 vel
1604 506 1750 542 indolem,

1035 559 1096 589 qua
1122 550 1251 588 quisque
1275 549 1424 589 praeditus
1455 550 1506 585 sit,
1534 549 1692 589 expellere
1717 555 1751 580 et

1037 593 1183 632 abjicere,
1209 593 1299 622 facile
1324 603 1383 622 non
1408 596 1467 628 est,
1490 602 1588 631 neque
1611 592 1687 628 scio,
1711 603 1749 623 au

1036 636 1136 666 minus
1153 636 1311 675 expediat.
1335 646 1403 665 nam
1419 635 1494 665 alias
1509 646 1598 665 nemo
1613 640 1750 666 nostrum

1038 689 1115 709 unus
1131 680 1168 709 ab
1185 680 1280 709 altero
1300 679 1450 715 differret,
1467 689 1565 718 neque
1591 683 1752 718 praestaret

1037 722 1135 758 alteri,
1151 723 1205 753 sed
1221 727 1326 753 essent
1349 722 1428 752 inter
1448 733 1481 752 se
1505 723 1620 753 similes
1635 733 1750 753 omnes.

1036 765 1069 795 id
1087 767 1166 804 quod
1184 767 1320 796 obstaret
1336 766 1407 795 vitae
1423 766 1525 796 civilis
1547 766 1629 802 usui,
1643 766 1749 808 (facile

1037 810 1115 838 enim
1133 813 1195 838 tum
1211 819 1270 839 non
1281 810 1360 839 foret
1374 809 1501 839 alterum
1517 811 1555 839 ab
1570 809 1667 839 altero
1683 810 1752 849 dig-

1037 862 1176 888 noscere,
1191 853 1271 882 unde
1295 857 1399 882 essent
1419 852 1544 891 plurimi
1572 863 1692 883 errores
1719 858 1751 883 et

1036 895 1168 933 plurima
1182 895 1277 925 dubia
1290 895 1483 936 profectura)
1499 899 1529 925 et
1551 895 1686 926 officeret
1705 897 1752 926 lu-

1036 938 1170 968 minibus
1185 937 1320 975 virtutis,
1336 948 1405 978 quae
1424 938 1455 968 in
1471 938 1671 969 similitudine
1687 949 1752 969 mo—

1037 992 1115 1018 rum,
1131 981 1325 1021 ingeniorum
1341 986 1373 1012 et
1387 981 1559 1012 studiorum
1574 992 1632 1021 per
1647 992 1751 1012 omnes

1036 1025 1173 1055 homines
1189 1030 1356 1065 pervagata
1368 1025 1506 1064 proferre
1521 1035 1589 1055 sese
1602 1035 1662 1056 non
1677 1035 1750 1065 pos-

1037 1073 1096 1098 set.

1079 1129 1123 1134 —-
1138 1114 1168 1142 2.
1192 1110 1306 1151 γνῶναι]
1324 1111 1397 1140 mihi
1414 1111 1463 1141 vel
1488 1110 1620 1141 maxime
1641 1122 1753 1152 suspe-

1037 1159 1118 1185 ctum
1136 1159 1184 1185 est
1206 1156 1263 1184 hoc
1279 1156 1404 1186 verbum
1420 1155 1500 1191 vitii,
1524 1159 1576 1185 aut
1599 1160 1681 1185 certe
1697 1157 1752 1185 de-

1036 1199 1136 1228 fectus
1161 1198 1302 1238 alicujus.
1323 1197 1386 1228 mei
1402 1198 1527 1237 quidem
1550 1199 1675 1229 codices
1698 1198 1750 1228 hic

1037 1241 1138 1271 silent.

1079 1301 1123 1306 —-
1138 1286 1169 1315 3.
1193 1284 1276 1313 ἀλλὰ
1289 1282 1321 1313 τί
1334 1282 1444 1313 τούτων
1457 1282 1521 1324 ἐμοὶ
1538 1282 1603 1325 πρδς
1617 1283 1664 1321 σὲ,
1680 1291 1754 1314 Ποινή

1036 1326 1163 1368 φαίνετε]
1183 1327 1280 1356 Etiam
1297 1327 1363 1356 haec
1379 1337 1491 1356 vereor
1507 1337 1544 1357 ne
1562 1327 1662 1358 minus
1680 1338 1752 1358 sana

1039 1371 1108 1400 sint.
1133 1380 1190 1409 ego
1206 1369 1348 1408 equidem
1364 1370 1444 1399 haud
1460 1370 1609 1409 intelligo.
1627 1372 1752 1401 videtur

1038 1413 1190 1444 sententia
1203 1413 1267 1442 haec
1281 1412 1345 1442 fere
1358 1413 1532 1451 postulare:
1549 1414 1629 1444 ἀλλὰ
1641 1413 1673 1444 τί
1682 1416 1754 1445 ταῦ-

1037 1468 1078 1486 τα
1088 1455 1154 1496 πρᾶς
1164 1458 1205 1487 τοὶ
1221 1457 1263 1486 νῦν
1275 1453 1339 1496 ἐμοὶ
1352 1454 1436 1495 [scil.
1449 1455 1531 1497 ὄντα]
1544 1455 1609 1497 πςός
1619 1457 1666 1494 σὲ,
1678 1464 1754 1489 Ποιν-

1035 1498 1155 1530 ταίνετε.
1181 1500 1253 1540 quid
1276 1505 1375 1529 autem
1398 1498 1458 1530 haeo
1468 1498 1599 1541 faciunt
1620 1501 1660 1530 ud
1683 1503 1753 1538 ista,

1036 1542 1269 1584 quaemihimmc
1279 1547 1376 1572 tecum
1387 1548 1567 1574 contraversa
1576 1550 1657 1580 sunt,
1669 1544 1752 1575 Pan-

1036 1586 1158 1617 taenete?
1192 1586 1270 1621 haec,
1298 1596 1361 1616 vox
1391 1590 1467 1625 puta
1496 1596 1574 1622 mea,
1600 1587 1751 1625 incessus,

1037 1635 1146 1664 status,
1159 1629 1281 1659 habitus
1297 1639 1393 1659 meus.

1077 1690 1121 1695 -—
1136 1673 1166 1703 5.
1191 1671 1290 1712 δίκην]
1307 1676 1382 1712 post
1396 1670 1469 1702 δίκην
1483 1672 1573 1711 posui
1589 1679 1749 1712 punctum.

1036 1721 1083 1745 est
1099 1716 1176 1745 enim
1191 1717 1256 1745 haec
1267 1715 1427 1746 altercatio
1439 1715 1510 1744 ficta
1523 1716 1668 1747 Nicobuli
1681 1728 1749 1747 cum

1036 1760 1225 1790 Pantaeneto.
1269 1759 1316 1789 Tu
1338 1764 1369 1788 te
1385 1759 1534 1798 quereris.
1561 1760 1752 1797 Pantaenete,

1037 1804 1142 1842 gravia
1155 1808 1186 1832 et
1202 1803 1323 1832 infanda
1339 1812 1472 1842 passum.
1519 1803 1608 1832 Esto.
1653 1804 1752 1834 Satis-

1035 1846 1148 1876 sactum
1164 1845 1220 1875 tibi
1238 1849 1296 1875 est.
1341 1846 1401 1875 Sed
1420 1855 1513 1884 negas
1529 1845 1584 1876 tibi
1601 1857 1619 1876 a
1633 1857 1680 1876 me
1703 1859 1751 1877 sa-

1037 1889 1194 1919 tisfactum
1211 1899 1291 1918 esse.
1339 1890 1434 1918 Recte
1446 1898 1530 1918 vern.
1555 1899 1653 1928 neque
1669 1891 1751 1921 enim

1038 1943 1096 1971 ego
1112 1937 1142 1962 te
1162 1931 1275 1971 injuria
1295 1931 1395 1961 affeci.
1419 1941 1486 1961 nam
1503 1931 1528 1961 si
1545 1937 1574 1961 te
1591 1933 1751 1971 laesissem,

1037 1980 1070 2005 tu
1086 1976 1226 2014 profecto
1240 1985 1298 2004 non
1315 1985 1384 2004 eras
1404 1975 1636 2012 commissurus,
1653 1982 1686 2007 ut
1702 1988 1750 2007 me

1036 2018 1165 2049 inultum
1191 2018 1426 2054 transmitteres,
1453 2028 1624 2058 nomenque
1649 2031 1752 2051 meum

1037 2063 1075 2091 ad
1088 2063 1213 2101 judices
1230 2062 1349 2092 deferre
1366 2061 1406 2091 nil
1421 2071 1553 2097 curares,
1569 2073 1638 2092 cum
1653 2064 1753 2094 Ever-

1036 2115 1108 2145 gum
1124 2115 1296 2136 accusares.

1077 2165 1121 2171 —-
1138 2151 1190 2180 15.
1212 2146 1352 2187 ἀκούσιοι]
1367 2149 1445 2177 bene
1462 2147 1562 2177 habet.
1585 2158 1645 2178 non
1666 2150 1750 2181 enim

1035 2192 1227 2222 solummodo
1252 2202 1284 2231 p.
1310 2192 1382 2222 990.
1405 2200 1477 2229 pen.
1508 2191 1562 2220 ubi
1585 2191 1672 2222 locus
1701 2194 1752 2224 hic

1034 2235 1174 2271 iteratur,
1193 2235 1237 2264 ita
1249 2233 1374 2270 legitur,
1388 2234 1443 2263 sed
1458 2233 1551 2263 etiam
1569 2245 1618 2265 res
1633 2237 1702 2275 ipsa
1717 2237 1750 2267 id

1034 2278 1144 2317 exigit.
1167 2287 1255 2308 nemo
1270 2277 1371 2313 facile,
1383 2276 1444 2306 nisi
1458 2276 1540 2307 levis
1553 2281 1584 2307 et
1598 2279 1751 2318 impurus,

1034 2321 1195 2351 homicidae
1212 2320 1396 2355 voluntario,
1408 2320 1510 2349 victus
1527 2322 1683 2359 precibus,
1699 2328 1752 2354 aut

1032 2364 1157 2400 lucello,
1172 2364 1325 2403 ignoscat.
1349 2363 1427 2393 caedi
1441 2367 1543 2394 autem
1564 2364 1707 2402 fortuitae,
1733 2377 1750 2397 a

1033 2417 1092 2446 qua
1122 2408 1284 2437 consilium
1312 2407 1456 2441 abfuerit,
1480 2412 1592 2446 quanto
1616 2409 1749 2449 quisque

1033 2455 1080 2480 est
1095 2451 1265 2486 humanior,
1280 2455 1366 2481 tanto
1381 2449 1502 2479 facilius
1518 2450 1662 2490 ignoscit,
1679 2464 1749 2483 cum

1032 2493 1101 2523 aliis
1117 2494 1155 2523 de
1171 2494 1287 2531 causis,
1300 2498 1364 2524 tum
1375 2493 1641 2526 commiseratione
1657 2496 1751 2526 sortis

1032 2538 1181 2567 humanae.

1075 2598 1118 2603 —
1141 2583 1194 2611 19.
1217 2577 1359 2621 ἄκουτίου]
1385 2589 1473 2619 paene
1493 2580 1593 2610 malim
1616 2579 1748 2613 ἑκουσίου.

1034 2624 1084 2654 Sic
1099 2624 1177 2653 enim
1196 2623 1304 2653 fortius
1321 2623 1450 2663 stringet
1466 2628 1687 2663 argumentum.
1715 2626 1748 2655 Si

1034 2668 1114 2706 quis,
1130 2667 1182 2706 qui
1199 2667 1291 2697 alium
1307 2667 1415 2702 caedis,
1428 2676 1485 2696 non
1500 2666 1590 2695 modo
1605 2666 1749 2697 involun-

1034 2711 1130 2746 tariae‚
1147 2711 1202 2740 sed
1215 2711 1263 2739 vel
1279 2708 1460 2739 voluntariae
1475 2709 1564 2744 adeo,
1581 2711 1747 2748 peregerit,

1033 2759 1133 2783 tamen
1150 2754 1177 2783 ei
1195 2754 1388 2792 postmodum
1410 2752 1577 2791 ignoverit,
1599 2757 1661 2782 tum
1683 2755 1748 2792 jam

1034 2808 1091 2826 non
1107 2801 1213 2836 potest
1227 2801 1313 2827 actor
1327 2806 1412 2825 reum
1425 2795 1593 2834 expellere.
1629 2796 1668 2826 Et
1679 2807 1751 2836 pro-

1033 2841 1116 2870 fecto
1131 2851 1162 2880 p.
1177 2842 1251 2871 991.
1268 2841 1299 2869 3.
1315 2839 1479 2878 perspicue
1495 2842 1650 2868 exaratum
1676 2840 1747 2879 lego

1032 2884 1063 2913 in
1095 2884 1249 2914 Bavarico
1276 2880 1410 2912 ἑκουσίου.
1450 2880 1503 2911 ubi
1528 2881 1620 2911 etiam
1644 2883 1674 2912 id
1701 2894 1749 2914 re-

1033 2926 1132 2956 stitui.

1076 2987 1119 2992 —-
1136 2971 1187 3000 ⁶23.
1209 2966 1359 2998 ἐκπίπτειν
1374 2966 1423 2996 καὶ
1437 2966 1548 3007 φεύγειν
1561 2967 1593 2997 ἃν
1607 2967 1748 2999 ἁλία-κων-

1034 3024 1095 3050 ται,
1109 3012 1157 3042 καὶ
1172 3010 1314 3053 novam]
1331 3021 1389 3041 non
1404 3011 1447 3041 ita
1460 3011 1607 3042 verbosus
1617 3021 1686 3043 esse
1701 3023 1749 3043 so-
