1931 3322
0 3179 26 3322 Ε
19 3144 21 3149 .

227 403 313 445 AD
347 401 718 445 ORATIONEM
753 399 1000 507 COffiTRss
1033 395 1307 440 BOEOTUM
1343 395 1541 437 SUPER

744 465 828 507 ΝΟ
889 465 954 507 ΙΝ
1001 496 1011 507 .
1258 478 1263 486 ·

821 606 948 615 ---

156 713 159 716 ’
196 711 328 741 Causam
343 709 421 740 hano
443 718 503 739 non
524 707 639 739 vicisse
661 707 867 739 Mantitheum

155 757 301 789 actorem,
319 753 375 783 sed
390 753 548 788 Boeotnm‚
573 756 607 782 ut
623 752 692 782 scil.
707 752 776 792 ipse
792 762 868 792 quo-

155 806 215 836 que
232 795 420 826 Mantitheus
433 795 654 835 appellaretur,
667 801 795 837 apparet
805 806 822 825 e
838 806 870 835 p.

157 841 253 870 1013.
271 839 326 870 ult.
385 839 447 869 Alii
471 840 548 868 hanc
573 839 742 869 orationem
767 839 870 879 Lysiae

155 882 305 913 tribuunt.
321 893 352 912 v.
367 883 520 912 Maussae.
533 882 569 912 ad
586 883 739 921 Harpocr.
753 893 783 922 p.
794 884 848 913 40.

201 927 274 957 995.
291 928 344 956 10.
364 925 452 965 Νῖνον]
470 925 570 955 Ninus
585 920 740 962 sacerdos,
762 926 872 956 Mene-

157 968 216 998 clis
237 979 329 1005 uxor,
349 969 489 999 damnata
510 968 579 998 fuit.
623 969 771 999 Corsinus
788 969 872 999 Fast.

158 1012 224 1042 Att.
239 1013 297 1042 IV.
320 1022 352 1051 p.
369 1014 421 1043 31.
449 1013 670 1051 Expendantur
684 1012 750 1042 haeo
767 1013 871 1042 verba.

160 1055 332 1095 Dionysius
366 1055 505 1085 Halicar.
532 1059 555 1084 t.
580 1056 628 1085 ΙΙ.
657 1065 688 1094 p.
716 1056 789 1085 117.
813 1056 844 1084 7.
861 1054 874 1084 ὁ

158 1097 312 1139 κρινόμενός
337 1095 400 1128 ἔστι
426 1100 564 1132 Μενεκλῆς
586 1098 598 1127 ὅ
621 1099 670 1128 τὴν
692 1097 788 1138 ίέξειαν
800 1097 874 1128 Νίνου

160 1141 239 1182 (sic)
268 1139 341 1182 ἔχων
375 1140 421 1181 [in
452 1140 644 1170 matrimonio
668 1140 793 1176 habens,
814 1151 874 1171 non

159 1184 254 1225 ἑλὼν],
268 1183 280 1213 ὅ
296 1183 324 1214 δὲ
338 1185 507 1224 κατηγορῶν,
521 1183 574 1218 υἱός
589 1185 640 1217 τῆς
652 1181 738 1214 Νίνου.
753 1185 807 1213 sed
823 1183 873 1214 ubi

159 1226 206 1257 ibi
221 1226 293 1256 Νῖνον
301 1226 330 1256 in
341 1227 516 1256 accusativo
526 1231 575 1256 est
588 1226 649 1265 leg.
665 1227 709 1256 ita
720 1237 780 1256 non
791 1225 875 1268 ἔχων,

162 1270 217 1301 sed
230 1269 311 1306 ἑλὼν,
326 1275 361 1298 ut
375 1269 456 1308 apud
475 1269 725 1300 Demosthenem.

203 1315 311 1345 —15.
329 1309 370 1342 οἷα
394 1311 447 1343 ὑπὸ
465 1311 696 1354 πολιτευομένου]
723 1312 797 1343 dedi
828 1311 878 1343 οἷον

161 1355 244 1392 εἷκὲς,
256 1355 310 1386 ὑπὸ
326 1361 401 1385 ωολ.
423 1366 604 1396 quamquam
618 1356 661 1385 nil
677 1356 815 1386 interest.
827 1362 877 1386 ut-

158 1405 233 1440 pote,
258 1398 500 1439 quemadmodum
517 1397 614 1439 j'acz'le
631 1404 673 1429 est
689 1400 848 1439 judicatu,
860 1410 878 1429 a

162 1447 250 1483 patre
271 1452 352 1478 meo,
375 1446 408 1472 ut
429 1441 459 1471 in
485 1452 551 1480 rep.
572 1447 725 1478 versante,
742 1443 878 1472 laesusin

163 1486 232 1516 aliis
254 1485 436 1525 quibusdam
462 1485 574 1521 causis,
597 1484 731 1516 diversis
759 1486 797 1516 ab
822 1486 878 1515 hae

162 1539 266 1559 eausa.
279 1527 382 1558 malim
390 1538 498 1568 nempe
508 1527 554 1558 sic
564 1529 664 1558 locum
672 1529 879 1569 interpretari,

163 1583 252 1612 quam
270 1571 332 1601 sic:
356 1577 390 1601 ut
401 1571 438 1601 ub
450 1581 491 1607 eo,
515 1573 564 1612 qui
584 1573 676 1602 vitam
691 1573 781 1613 egerit
797 1572 879 1602 alibi.

163 1625 344 1655 quamquam
361 1625 377 1644 e
393 1625 424 1653 p.
436 1616 531 1645 1019.
543 1618 596 1645 11.
608 1626 675 1654 sqq.
689 1615 795 1654 colligi
808 1626 881 1655 pos-

163 1659 216 1694 sit,
233 1658 381 1689 Mantiam
402 1657 474 1688 vitae
493 1668 630 1698 magnam
646 1663 767 1698 partem
785 1658 882 1698 Mity-

163 1702 243 1733 lenis
257 1701 430 1741 peregisse.

206 1747 317 1777 -20,
339 1743 426 1784 μηδὲν
454 1741 498 1773 ἔτι
519 1742 647 1774 ἔσεσθαι
671 1744 783 1786 αὗτοῖς]
814 1744 882 1781 sibi,

165 1787 330 1827 Plangoni,
343 1793 434 1827 atque
448 1786 645 1825 Mantiae‚nil
649 1788 719 1826 jam
725 1787 797 1830 fore
807 1798 882 1818 com-

167 1841 255 1862 mune
269 1832 302 1862 in
313 1835 471 1871 poste-rum.
487 1841 554 1860 nam
569 1830 651 1861 κοινὸν
669 1831 861 1861 subauditur.

213 1877 322 1905 —28.
339 1874 403 1908 Τοῖς
428 1872 638 1916 Ἀπατουρίοις]
657 1875 741 1905 citat
763 1875 794 1905 h.
816 1875 837 1904 Ι.
854 1885 884 1905 v.

167 1916 350 1958 Ἀπατούρια
366 1917 523 1956 Harpoor.

214 1962 291 1991 996.
315 1963 346 1991 9.
369 1958 501 2001 ἐμμένειν
529 1960 589 1994 τοῖς
609 1958 735 1997 δικαίοις,
756 1959 804 1990 καὶ
820 1960 886 1990 ἀνα·

169 2002 291 2044 γκαίως]
306 2003 426 2033 correxi
441 2002 575 2043 ἐμμένειν
586 2003 690 2040 τοισδὶ,
703 2003 751 2044 [id
766 2008 815 2033 est
823 2004 887 2034 τού·

173 2058 245 2084 τοις,
270 2046 321 2077 vel
336 2046 447 2087 τοῖο-δε]
466 2045 577 2081 δικαίως
596 2046 644 2076 καὶ
660 2047 764 2086 ἀναγκ.
776 2046 889 2087 partim

171 2100 214 2120 ex
235 2090 431 2129 Augustano‚
455 2090 566 2128 partim
592 2100 608 2119 e
623 2092 798 2130 conjectura
811 2100 889 2120 mea.

173 2143 245 2164 nam
256 2144 273 2164 e
287 2133 348 2168 τοῖς
363 2131 475 2167 δικαίοις
497 2133 558 2163 feci
579 2133 686 2170 τοισδὶ,
701 2132 820 2168 δικαίως.
844 2134 891 2163 vi-

175 2177 305 2206 debatur
315 2176 394 2206 enim
408 2176 525 2216 syllaba
537 2176 561 2206 δι
572 2177 612 2206 ob
628 2187 809 2207 concursum
822 2187 891 2206 cum

177 2221 285 2250 eadem
302 2219 420 2260 syllaba
435 2219 524 2249 initio
539 2220 683 2250 vocabuli
697 2220 834 2260 proximi
846 2220 892 2250 in-

176 2263 351 2294 tercidisse.
386 2272 569 2302 quamquam
599 2263 691 2293 etiam
718 2264 778 2298 τοῖς
803 2263 892 2303 plane

177 2310 301 2346 poterat
321 2307 471 2345 expungi,
486 2306 639 2336 sententia
663 2306 706 2336 nil
723 2307 892 2337 imminuta.

179 2359 248 2379 nam
273 2347 405 2389 ἐμμένειν
426 2349 472 2379 sio
498 2350 578 2380 nude
602 2355 722 2389 poterat
744 2350 820 2386 dici,
836 2360 893 2390 pro

180 2390 437 2433 ἒμμένειντούτοις,
447 2393 567 2423 tametsi
580 2393 639 2423 hoc
651 2393 757 2433 ntique
773 2394 894 2434 planius

181 2439 238 2466 est.
284 2435 407 2465 Poterat
423 2435 512 2466 loeus
535 2436 626 2466 etiam
655 2437 700 2466 sic
730 2437 893 2467 constitui:

181 2475 316 2519 ἐμμένειν
323 2478 385 2511 τοῖς
400 2477 522 2514 δικαίοις,
536 2477 648 2514 δικαίως
662 2479 710 2510 καὶ
726 2480 895 2519 ἀναγκαίως.

224 2538 269 2544 --
284 2523 334 2551 16.
351 2519 558 2562 μεταθέσθαι]
571 2522 638 2552 scil.
651 2525 693 2553 τὲ.
709 2522 847 2563 ὀνόματα.
863 2528 897 2553 ut

183 2575 255 2604 ego,
271 2565 322 2604 qni
339 2574 418 2594 nune
430 2565 522 2595 audio
534 2565 733 2602 Mantitheus,
749 2567 898 2607 imposte-

182 2618 251 2639 rum
274 2608 448 2647 appellarer
478 2609 620 2645 Boeotus,
643 2609 712 2648 ipse
735 2620 819 2645 vero,
846 2609 899 2649 qui

184 2661 266 2682 nune
292 2651 421 2681 Boeotus
442 2651 539 2686 audit,
562 2651 761 2691 imposterum
788 2652 901 2683 Manti-

188 2695 279 2726 theus
294 2694 513 2734 appellaretur.

227 2740 334 2769 -19.
350 2738 391 2767 τὰ
402 2737 492 2778 κοινὰ]
506 2737 634 2777 primum
641 2738 903 2769 recensetincom-

187 2780 322 2812 modain
336 2791 402 2819 rep.
416 2791 456 2810 ex
469 2782 525 2811 hac
541 2781 692 2811 nominum
703 2781 836 2821 paritate
849 2793 904 2812 ex-

187 2823 339 2855 sistentia.
354 2824 466 2854 deinde
482 2835 513 2864 p.
529 2826 603 2855 998.
621 2826 650 2855 9.
665 2825 773 2855 transit
787 2826 825 2855 ad
841 2836 906 2856 mo-

187 2866 296 2897 lestias
311 2867 349 2897 ab
359 2867 466 2897 eadem
482 2868 611 2908 paritate
624 2869 659 2898 ad
678 2879 742 2899 rem
756 2869 907 2909 privatam

181 2914 276 2940 'suam
291 2909 532 2948 proficiscentes.

236 2969 280 2975 —-
294 2955 346 2983 21.
361 2952 504 2995 φυλέται]
523 2959 595 2994 post
607 2953 732 2993 φυλέται
744 2959 796 2985 aut
811 2955 840 2985 in
852 2955 909 2985 bae

193 2995 318 3035 regione
329 2996 439 3027 deesse
455 2997 578 3027 videtur
593 2998 680 3038 ἡμεῖς.

238 3055 282 3061 -
297 3040 348 3069 24.
366 3038 538 3082 ἑστιάτορα]
560 3041 644 3072 citat
667 3042 696 3071 h.
719 3041 739 3072 l.
757 3042 911 3083 Harpocr.

900 718 931 738 v.
947 706 1099 746 ἑστιάτωρ.

947 768 990 774 --
1003 749 1082 779 ibid.
1097 749 1152 780 τῶν
1167 745 1278 787 ἄλλων]
1294 745 1327 775 id
1352 747 1413 779 est,
1428 743 1484 772 τῶν
1496 740 1618 773 πάντων.
1648 743 1651 747 “

903 804 972 824 nam
997 792 1073 822 alias
1098 791 1226 821 mirifica
1240 794 1322 820 esset
1338 792 1369 818 et
1383 787 1547 817 abhorrens
1571 784 1618 813 di-

908 837 971 867 ctio
988 836 1002 867 33
1019 847 1048 865 τι
1065 834 1138 864 ἄλλο
1150 837 1206 864 τῶν
1220 833 1326 863 ἄλλων.
1338 831 1447 861 ferrem
1457 827 1555 867 magis
1567 826 1581 858 ἦ
1591 838 1622 856 τι

906 882 961 910 τῶν
975 879 1082 910 ἄλλων.
1094 882 1126 908 et
1138 877 1254 913 nescio,
1270 887 1306 906 an
1322 875 1388 905 haec
1404 873 1496 903 lectio
1507 870 1620 919 confla-

905 928 937 954 ta
953 923 994 954 sit
1009 934 1025 953 e
1042 923 1161 952 duabus
1177 919 1376 953 variantibus,
1405 926 1475 946 cum
1498 914 1567 945 aliis
1589 923 1621 943 in

904 966 996 998 libris
1020 969 1104 996 esset
1119 964 1133 995 ἦ
1147 977 1178 995 ’τι
1194 964 1267 994 ἄλλο
1285 962 1368 1005 (sine
1388 962 1443 990 τῶν
1458 957 1569 999 ἄλλων)
1590 957 1621 987 in

906 1010 975 1041 aliis
992 1008 1006 1040 ἦ
1020 1020 1051 1039 τι
1065 1005 1228 1038 τῶνᾶλλων
1241 1007 1322 1049 (sine
1334 1002 1433 1044 ἄλλο).
1593 1041 1602 1051 x

950 1070 994 1076 —
1009 1054 1061 1083 25.
1074 1053 1110 1081 σὺ
1124 1050 1180 1091 μὲν
1195 1052 1251 1092 γὰρ
1266 1050 1364 1090 φήσεις
1376 1046 1443 1088 ἐμὲ,
1457 1044 1513 1085 ἐγὼ
1526 1042 1554 1074 δὲ
1568 1042 1619 1084 σε]

908 1101 994 1126 erant
1003 1095 1082 1125 enim
1091 1094 1145 1124 illa
1158 1095 1263 1124 munia
1272 1101 1401 1123 onerosa
1414 1094 1444 1120 et
1454 1095 1622 1119 sumtuosa.

953 1140 1027 1170 997.
1051 1140 1081 1168 4.
1104 1135 1172 1167 τίδὲ
1189 1136 1221 1167 ἂν
1236 1136 1310 1167 ἄλλη
1324 1147 1370 1169 τις
1379 1134 1454 1175 ἇςχῆ
1470 1129 1621 1172 καθιστῇ]

909 1180 1041 1212 subaudi
1065 1182 1152 1221 ἡμᾶς,
1178 1184 1230 1210 aut
1255 1179 1303 1209 ¹er
1325 1177 1413 1218 {regor
1427 1178 1516 1215 ἡμῶν.
1560 1173 1625 1203 Sed

908 1230 973 1255 tota
991 1225 1055 1254 haec
1068 1223 1217 1254 sententia
1234 1228 1328 1262 utque
1344 1222 1381 1252 ad
1409 1220 1521 1259 πότεςον
1540 1215 1624 1247 καθι-

909 1270 1001 1299 στᾶσι
1019 1267 1140 1298 videtur
1157 1266 1337 1297 redundare.
1355 1274 1424 1294 nam
1439 1263 1523 1293 idem
1539 1260 1628 1296 dicit,

910 1316 1001 1351 atque
1017 1321 1047 1350 p.
1070 1312 1143 1341 996.
1160 1311 1212 1340 25.
1230 1318 1411 1349 quamquam
1434 1305 1527 1346 paulo
1549 1305 1627 1333 ube-

910 1354 985 1385 rius.
999 1354 1057 1384 nisi
1073 1354 1224 1383 malumus
1242 1362 1310 1382 voc.
1325 1351 1418 1392 ἄρχων
1435 1357 1624 1387 expungere.

953 1415 997 1420 —-
1010 1398 1042 1428 5.
1066 1398 1087 1427 οἶ
1104 1395 1286 1436 ἀθλοθέται]
1310 1395 1430 1434 quinam
1446 1392 1496 1422 hie
1512 1391 1553 1421 sit
1567 1400 1630 1420 ma·

912 1442 1070 1481 gistratus,
1087 1440 1260 1471 adhucdum
1274 1449 1390 1478 quaero.
1405 1436 1560 1474 mirorque
1577 1443 1631 1482 eos

912 1488 985 1524 post
995 1484 1180 1514 Arehontem
1193 1487 1225 1513 et
1238 1481 1393 1512 Basileum
1406 1477 1564 1509 nominari.
1583 1487 1629 1506 vi-

913 1528 1002 1558 detur
1009 1537 1113 1558 eorum
1124 1526 1231 1562 fuisse,
1239 1525 1270 1555 in
1280 1521 1632 1563 Liberalibusjudicare,

914 1571 1038 1611 quinam
1066 1571 1189 1606 chorus,
1213 1573 1247 1600 ut
1269 1568 1321 1607 qui
1346 1567 1458 1597 artifex
1487 1562 1629 1613 scenicus

916 1614 1054 1650 vicisset,
1084 1613 1316 1652 victoribusque
1355 1609 1485 1651 praemia
1522 1607 1628 1637 distri-

915 1657 1022 1688 buere.

958 1703 1063 1730 -14.
1086 1697 1234 1739 κέκληκεν]
1253 1697 1320 1728 soil.
1337 1696 1349 1726 ὅ
1363 1695 1455 1737 κῆρυξ.

959 1761 1002 1766 -
1019 1745 1070 1774 18.
1085 1741 1230 1784 χαλκείῳ]
1249 1740 1350 1772 malim
1371 1735 1487 1781 χαλκίῳ
1500 1746 1558 1776 per
1573 1734 1636 1765 iota

918 1787 1060 1827 simplex.
1087 1796 1155 1815 nam
1182 1786 1318 1827 χαλκεῖον
1337 1794 1393 1823 per
1408 1781 1634 1821 diphthongum

918 1836 968 1861 est
981 1830 1101 1860 officina
1116 1829 1238 1860 seraria.
1254 1826 1375 1870 χαλκίον
1391 1827 1421 1856 h.
1437 1826 1458 1855 l.
1475 1828 1524 1854 est
1538 1821 1636 1853 tabel-

918 1874 948 1904 la
966 1884 1053 1904 aenea
1067 1883 1137 1903 cum
1152 1872 1303 1911 inscripto
1319 1870 1450 1905 nomine,
1473 1870 1525 1897 aut
1547 1866 1638 1914 signo

918 1917 1093 1952 tribunalis,
1116 1915 1154 1946 ad
1177 1916 1262 1956 quod
1272 1914 1412 1954 judicum
1428 1911 1571 1951 quisque,
1587 1918 1641 1948 qm

920 1960 1063 1990 tabellam
1086 1959 1178 1989 istam
1201 1958 1367 1998 acciperet,
1383 1955 1579 1993 ablegaretur
1597 1951 1637 1981 ad

921 2003 964 2034 ibi
981 2003 1147 2033 sedendum
1164 2008 1255 2042 atque
1265 2000 1478 2043 judicandum.

964 2064 1009 2069 —
1020 2049 1072 2077 27.
1087 2046 1190 2087 κοινὰς]
1205 2044 1328 2075 correxi
1343 2044 1452 2091 καιναςῖ
1463 2049 1559 2074 πουαε,
1569 2047 1639 2091 meo

920 2090 1053 2130 judicio,
1085 2100 1155 2119 eum
1180 2090 1211 2119 in
1244 2090 1322 2119 Bav.
1351 2094 1521 2126 reperirem
1547 2091 1639 2116 κενας.

925 2143 1106 2174 quamquam
1130 2130 1228 2167 καινοὶς
1250 2132 1312 2171 leg.
1336 2140 1406 2161 esse
1427 2127 1543 2158 dudum
1571 2128 1641 2173 ante

926 2177 1075 2213 videram,
1098 2187 1188 2216 quam
1208 2175 1327 2205 codicis
1352 2175 1430 2204 Bav.
1452 2169 1544 2210 copia
1567 2168 1642 2217 ¹¹¹¹.h¹

925 2221 1023 2251 fieret.
1040 2230 1108 2250 nam
1123 2219 1193 2259 ipsa
1208 2230 1258 2249 res
1272 2220 1432 2248 monstrat.
1458 2222 1569 2247 nonne,
1587 2216 1641 2246 ait,

926 2263 1038 2294 melius
1065 2268 1155 2302 atque
1177 2261 1345 2302 sapientius
1365 2268 1504 2300 agamus,
1523 2260 1557 2306 et
1573 2264 1644 2294 pro-

927 2307 1029 2337 him-es
1041 2306 1295 2346 honestioresque
1310 2305 1487 2336 habeamur,
1507 2310 1532 2329 si
1547 2299 1645 2347 depo-

927 2361 1034 2381 namus
1047 2356 1164 2385 veteres,
1187 2360 1261 2390 quas
1278 2358 1359 2379 nunc
1375 2353 1569 2378 exercemuS,
1585 2351 1645 2390 ini-

927 2394 1071 2429 micitias,
1089 2403 1177 2433 quam
1194 2393 1220 2423 si
1235 2401 1332 2428 novuS,
1340 2400 1415 2430 quas
1428 2387 1646 2434 nondum-qm-

929 2438 999 2467 dem
1032 2447 1223 2472 exercemus,
1262 2446 1321 2465 non
1352 2439 1451 2464 tamen
1479 2435 1648 2477 poterimus

930 2481 1057 2516 evitare,
1083 2491 1124 2510 ex
1150 2479 1206 2509 hac
1230 2479 1382 2509 nominum
1404 2475 1534 2516 paritate
1549 2476 1646 2503 exsti·

930 2529 1025 2558 turas,
1042 2522 1257 2562 suscipiamus.

976 2569 1049 2598 998.
1074 2570 1105 2598 4.
1127 2565 1157 2596 τί
1169 2565 1242 2596 ἄλλο
1260 2564 1355 2605 ἐστὶν]
1378 2559 1535 2594 subaudit.
1550 2559 1649 2592 τοῦτο,

933 2610 982 2641 vel
1007 2610 1029 2640 εἰ
1054 2611 1097 2650 μὴ
1119 2610 1212 2639 τοῦτο.
1259 2608 1419 2639 Sententia
1432 2607 1497 2636 haec
1514 2608 1578 2634 est:
1603 2601 1650 2630 sao

933 2665 1005 2684 casu
1023 2653 1154 2692 quodam
1165 2653 1293 2683 fortuito
1309 2651 1446 2686 evenire,
1458 2655 1492 2679 ut
1506 2657 1562 2677 nos
1575 2645 1651 2679 duo,

935 2702 980 2733 tu,
1012 2698 1135 2732 Boeote,
1161 2701 1193 2726 et
1215 2707 1284 2736 ego,
1307 2695 1509 2727 Mantitheus,
1532 2700 1549 2719 a
1565 2692 1648 2737 §9¹10

936 2750 1082 2771 vocemur
1104 2740 1140 2769 ad
1161 2740 1362 2779 judicandum
1386 2738 1416 2768 in
1433 2736 1541 2767 eodem
1556 2732 1653 2778 tribu·

938 2783 1010 2813 nali.
1039 2783 1085 2813 fao
1111 2793 1203 2822 porro
1227 2784 1307 2813 inter
1337 2791 1392 2811 nos
1414 2776 1598 2810 convenisse
1618 2782 1651 2802 in

940 2827 1092 2867 ejusmodi
1109 2831 1232 2862 evento,
1251 2831 1285 2856 ut
1298 2829 1351 2856 aut
1364 2834 1422 2864 ego
1436 2821 1492 2852 tibi
1508 2816 1653 2865 testulam

940 2880 1037 2901 meam
1054 2870 1135 2906 dem,
1152 2875 1203 2900 aut
1217 2875 1249 2900 tu
1266 2869 1340 2900 mihi
1356 2868 1411 2897 des
1427 2871 1519 2895 tuam.
1550 2862 1656 2908 Possit

942 2914 988 2943 sic
1001 2914 1077 2949 fieri,
1092 2919 1126 2944 ut
1142 2924 1219 2943 unus
1235 2913 1376 2950 idemque
1393 2911 1483 2939 homo
1499 2905 1606 2953 eadem
1624 2912 1654 2931 ιη

943 2967 1034 2987 causa
1064 2958 1126 2987 duo
1151 2956 1296 2995 suffragia
1317 2955 1347 2983 in
1369 2953 1477 2983 cadum
1504 2949 1658 2978 immittat.

944 3000 1030 3040 atqui
1047 3000 1172 3040 capitali
1186 3009 1277 3039 poena
1289 2997 1440 3027 sancitum
1457 2995 1514 3023 hoc
1531 2997 1597 3027 est3
1629 2997 1659 3021 et

947 3043 1053 3083 nequit
1069 3044 1140 3079 alio,
1161 3053 1250 3082 quam
1268 3042 1336 3076 hoc,
1353 3049 1442 3079 quem
1465 3036 1544 3072 dixi,
1568 3035 1660 3065 modo
