1997 3323
351 207 406 248 30

351 312 494 353 ἐγχωρεῖν.
517 312 659 344 existimo
680 313 773 344 licere
791 314 890 349 vobis,
912 314 977 343 sive
993 314 1056 352 jam

352 365 431 384 nunc
447 354 548 385 statim
565 357 673 395 punire
689 358 788 387 visum
801 356 902 393 fuerIt,
914 356 979 386 sive
991 367 1056 395 poe-

351 408 418 427 nam
436 399 594 438 paulisper
609 400 817 429 inhibentibus
843 400 888 439 [id
914 403 961 428 est
982 399 1058 428 inhi—

353 441 509 481 bueritis].

394 502 437 506 ——
460 488 511 515 ΞΟ.
536 484 583 514 καὶ
611 484 741 523 δυνάμει]
776 494 833 514 non
862 484 969 522 ignoro
997 484 1057 514 vim

350 537 500 566 usumque
529 528 637 557 dativi.
674 527 794 556 videtur
820 532 918 556 tamen
948 538 1059 557 conve-

350 571 484 600 nientius
500 570 547 599 καῖ
563 571 612 599 σὺν
627 570 755 607 δυνάμει,
768 571 814 599 vel
826 570 873 599 καῖ
889 569 915 599 ἐν
931 570 1057 610 δυνάμει.

395 614 445 643 91.
463 617 491 643 1,
515 614 573 646 τοῖς
595 613 655 653 περὶ
674 616 729 642 τῶν
746 613 855 654 ε’ίλλων]
882 614 981 643 malim
999 615 1059 648 τοῖς

350 658 427 696 παρὰ
452 659 506 685 τῶν
526 655 619 685 ἄλλων
643 656 690 696 [id
712 662 769 692 est,
788 658 842 685 τῶν
859 656 1059 695 ἀντιλεγόντων

348 698 412 739 ἐμοὶ
439 699 605 739 ἀπαντῶσι]
628 698 765 739 θορύβοις,
788 699 961 729 fremitibus
986 700 1059 729 mihi

349 742 578 771 occurrentibus
591 743 628 770 ab
644 743 724 777 aliis,
740 743 805 772 h.e.
819 744 856 772 ab
872 742 1059 772 adversariis

350 786 437 819 meis,
454 785 504 824 qui
522 784 592 814 mihi
611 785 825 824 obloquuntur.

392 846 434 850 —-—
451 830 482 856 7.
505 826 570 857 ἔστι
587 827 630 868 δὲ]
655 834 725 867 post
740 827 803 857 ἐστὶ
819 827 845 857 δὲ
863 828 986 858 videtur
1002 829 1058 858 τά-

350 869 430 904 ληθὲς
447 869 544 906 οὕτως,
564 875 615 899 aut
635 872 695 901 tale
714 871 788 911 quid
811 871 928 901 deesse.
954 882 1057 901 verum

350 925 399 944 res
417 914 462 943 sic
479 924 512 942 se
530 914 632 943 habet.

390 974 434 979 —
451 959 502 986 10.
525 956 629 996 λέγειν]
653 955 749 995 accipi
762 956 856 986 debet
871 966 926 996 pro
941 956 1058 996 ἀμφισ-

349 999 447 1032 βητεῖν
472 1000 519 1028 vel
545 999 697 1038 διστάζειν.
720 1005 772 1028 aut
790 999 863 1029 alias
879 999 924 1028 sic
943 1004 991 1028 est
1015 1000 1059 1028 le-

350 1043 483 1081 gendum
497 1054 503 1072 :
522 1043 592 1072 οὐδὲν
608 1043 650 1072 δεῖ
658 1041 747 1080 λέγειν
755 1041 824 1071 ἄλλ’
836 1042 880 1083 [id
892 1042 1058 1083 εεῐ,ιί’λλο],

350 1086 426 1115 nihil
446 1085 527 1115 aliud
544 1086 705 1115 dicendum
726 1090 785 1120 est,
803 1096 890 1124 quam
912 1086 970 1114 hoc
987 1085 1058 1115 sim-

348 1129 436 1168 plex,
463 1139 569 1167 pacem
595 1139 661 1158 esse
686 1129 843 1166 agendam,
865 1129 1021 1164 tuendam,
1043 1127 1057 1158 ἢ

348 1172 456 1205 ἁπλῶς
480 1172 575 1212 εἰρήνην
594 1170 702 1206 ἀκτέον,
725 1172 854 1201 subaudi
875 1171 952 1201 εῖναι.
997 1172 1058 1200 Sed

350 1218 474 1254 praestat
489 1214 560 1244 nihil
575 1214 625 1243 hic
638 1215 766 1250 moveri,
782 1219 810 1244 et
822 1214 951 1253 priorem
967 1214 1059 1243 inter-

348 1258 490 1297 pretandi
507 1258 654 1287 rationem
673 1258 818 1296 praererri.
864 1257 895 1286 Si
915 1257 956 1287 δεῖ
969 1258 1059 1294 plane

348 1301 452 1336 tollas,
463 1301 658 1331 cohaerebunt
671 1301 728 1330 ista
738 1301 817 1330 inter
829 1311 874 1334 se,
888 1299 951 1329 ἐστὶ
963 1299 991 1329 δὲ
1002 1318 1013 1323 -
1026 1318 1059 1323 --

349 1343 421 1374 οὐδὲν
439 1343 546 1382 λέγεινε
572 1349 603 1373 et
628 1349 692 1373 tum
715 1344 804 1382 plana
827 1348 917 1382 atque
941 1344 1059 1383 integra

350 1387 410 1417 erit
427 1388 491 1416 haec
507 1387 615 1417 oratio.

393 1448 436 1452 —-
451 1433 505 1461 20.
526 1430 697 1471 λαμβάνων]
720 1430 821 1459 malim
838 1428 1058 1469 προλαμβάνων.

350 1473 409 1504 nisi
422 1475 484 1503 duo
501 1473 565 1503 haec
579 1473 729 1503 vocabula
743 1473 899 1512 λαμβάνων
912 1473 959 1502 καὶ
973 1472 1059 1501 malis

348 1517 464 1546 induci.
512 1517 550 1545 Et
578 1516 668 1546 facile
694 1515 851 1555 λαμβάνων
876 1526 893 1545 e
915 1515 1059 1555 proximo

350 1559 496 1601 βαρβάρων
511 1559 662 1589 exsistere
678 1560 788 1598 potuit.

393 1605 445 1635 92.
468 1604 497 1633 9.
521 1601 737 1644 ἐξελέγχονται]
766 1607 837 1641 post
860 1599 1060 1642 ἐξελέγχονται

349 1645 472 1676 videtur
487 1647 671 1686 φλυαρουντες
691 1646 740 1675 vei
764 1645 824 1674 tale
846 1645 919 1683 quid
941 1645 1060 1674 deesse.

349 1689 380 1724 in
395 1689 443 1718 his
458 1689 581 1728 quidem
599 1689 779 1727 ineptientes
792 1688 840 1717 vel
854 1692 1001 1726 nugantes
1013 1697 1059 1716 ar-

352 1737 494 1771 guuntur.
521 1736 728 1761 verumtamen
755 1730 934 1761 mercenarii
961 1730 1061 1759 modis

350 1775 481 1805 infandis
496 1775 695 1810 insolescunt,
718 1774 748 1803 id
775 1779 833 1810 est,
855 1778 1059 1804 verumtamen

351 1819 390 1848 de
412 1819 471 1848 hoc
494 1822 578 1847 certe
599 1818 683 1856 gravi
709 1818 749 1847 de
771 1827 863 1847 causa
879 1822 1059 1856 queruntur,

351 1863 433 1901 quod
450 1861 626 1891 mercenarii
640 1878 691 1890 -α,

393 1923 435 1928 --
449 1908 500 1934 11.
515 1904 664 1944 κατάγων]
681 1903 763 1934 Citat
778 1903 807 1932 h.
824 1903 845 1933 1.
864 1903 1016 1941 Harpocr.
1031 1913 1060 1932 v.

350 1948 488 1986 κατάγειν
502 1949 542 1978 τὰ
559 1948 659 1977 πλοῖα.

393 2009 435 2014 --
453 1994 503 2023 16.
528 1989 599 2020 οὕτω
615 1993 663 2022 τὴν
679 1990 727 2030 Φ.]
750 1989 851 2018 malim
865 1987 937 2018 οὕτω
951 1988 999 2018 καὶ
1014 1990 1062 2019 τὴν

352 2033 515 2065 Φιλίππου.

393 2095 435 2101 -
459 2080 511 2109 19.
535 2075 726 2116 παρελθόντα]
758 2085 856 2114 neque
877 2073 1062 2115 παρελθόντα,

351 2120 425 2150 satis
449 2120 560 2159 placet,
581 2119 719 2159 quamvis
739 2118 810 2147 ferri
831 2119 943 2157 possit,
962 2128 1061 2157 neque

351 2163 490 2204 παρόντα,
505 2163 594 2212 (μῑηοά
604 2163 692 2201 plane
708 2161 850 2190 vitiosum
866 2168 923 2190 est
940 2161 1063 2190 videtur

352 2207 382 2236 h.
398 2207 420 2236 l.
437 2206 569 2236 vetustis
587 2205 615 2234 in
637 2204 723 2235 libris
744 2203 864 2242 gemina
885 2209 1003 2233 versata
1018 2204 1062 2233 ie-

351 2250 427 2285 ctio,
439 2249 469 2278 in
482 2249 551 2279 aliis
561 2247 752 2288 ωαρεαθέντα
762 2247 795 2288 (a
807 2246 938 2287 παρεᾳν),
952 2250 982 2276 et
992 2257 1060 2285 pro-

352 2294 432 2322 fecto
448 2292 528 2322 inter
550 2293 608 2321 hoc
625 2291 804 2321 vocabulum
825 2296 854 2319 et
870 2289 1062 2329 παρελθόντα

353 2345 443 2376 quam
467 2346 575 2375 parum
596 2333 779 2364 discriminis
800 2339 848 2363 est
862 2333 890 2362 in
907 2334 1062 2362 literarum

352 2380 516 2417 ductibus;
538 2379 567 2408 in
584 2378 664 2413 aliis,
683 2378 788 2407 eodem
806 2376 990 2415 significatu,
1007 2387 1064 2406 πα-

351 2421 461 2462 ρεθέντα
482 2423 517 2461 (a
533 2420 683 2460 ασαρὶέναι)
702 2420 892 2455 transmissa,
914 2420 1062 2459 neglecta.

352 2475 441 2505 quam
453 2465 651 2503 posteriorem
662 2464 826 2493 lectionem
838 2463 966 2502 reliquis
977 2462 1062 2502 equi-

352 2510 421 2538 dem
438 2509 609 2547 praeFeram.

398 2553 450 2581 93.
466 2553 496 2580 4.
519 2551 635 2591 τᾶλλα]
659 2550 690 2579 id
713 2554 772 2586 est,
796 2549 905 2580 πάντα.
926 2548 987 2578 viin
1010 2559 1062 2578 vo-

352 2594 454 2623 cabuli
466 2595 512 2623 sic
528 2596 621 2623 ferme
632 2593 757 2627 sentias,
773 2593 798 2622 si
812 2593 919 2622 Latine
936 2593 978 2622 sic
995 2593 1063 2621 red-

353 2638 421 2673 das,
430 2648 539 2676 reapse
551 2637 632 2676 quod
647 2640 748 2675 agunt,
758 2636 816 2664 hoc
832 2640 890 2671 est,
902 2640 935 2664 ut
946 2634 1064 2674 Phiiip-

354 2691 426 2720 pum
443 2680 609 2710 secundent
623 2683 654 2709 et
670 2679 864 2717 amplificent.
898 2680 1064 2713 Caeterum,

354 2725 384 2753 in
403 2723 581 2763 Diopithem
601 2732 668 2761 quae
685 2722 894 2756 criminantur,
913 2732 956 2750 eae
974 2731 1065 2750 merae

356 2771 428 2797 sunt
440 2766 568 2797 offuciae.
581 2766 697 2794 fumum
706 2765 794 2795 vobis
806 2764 950 2793 vendunt.
962 2774 1065 2793 veram

355 2821 440 2839 suain
458 2808 700 2849 designationem
727 2813 817 2845 atque
841 2807 1064 2836 contentionem

358 2854 405 2883 iiis
416 2853 505 2891 nugis
518 2854 712 2882 obscuratum
731 2855 803 2880 eunt
819 2855 908 2888 atque
924 2850 1066 2880 celatum.

398 2914 440 2919 --
451 2899 503 2927 1⁶2.
515 2894 579 2925 ἀπὸ
587 2892 768 2933 Μακεδονίας]
782 2893 931 2922 vocabula
941 2891 996 2922 ἀπὸ
1004 2899 1066 2921 Μα-

355 2937 473 2973 κεδονίας
488 2939 536 2968 καὶ
550 2935 715 2970 Θεσσαλίας
727 2937 769 2966 ita
784 2940 864 2965 stant
879 2935 910 2964 in
924 2935 1020 2970 bivio,
1035 2939 1067 2964 ut

356 2988 416 3011 tam
433 2984 469 3011 ad
486 2981 724 3022 μεταπέμπεται
743 2980 804 3009 sint
819 2979 959 3017 legenda,
977 2989 1066 3018 quam

354 3026 392 3055 ad
409 3024 550 3065 παρόντες.
574 3025 632 3055 hoc
656 3023 738 3054 volo.
783 3022 944 3061 Philippus
969 3022 1067 3052 adhuc

730 206 763 247 Ι.
786 207 820 248 Ι.
843 206 1065 248 REISKE
1099 206 1425 252 ANNOTATA

1091 314 1196 352 piures
1212 316 1339 346 arcessit
1355 317 1459 357 copias
1475 326 1491 346 e
1514 316 1692 347 Macedonia
1705 317 1800 347 'Phes-

1092 357 1241 396 sanaque,
1263 360 1350 397 cujus
1373 361 1416 389 rei
1440 365 1580 390 auctores
1608 359 1695 389 nobis
1720 364 1802 395 sunt,

1092 400 1265 439 quicunque
1284 401 1380 436 illinc,
1401 413 1418 431 e
1434 403 1615 433 Macedonia
1630 402 1799 433 Thessalia-

1092 453 1163 481 que,
1179 443 1236 472 huc
1253 443 1431 474 adveniunt.

1134 502 1177 508 —
1203 486 1252 515 17.
1268 486 1394 539 ‹iio-31:723]
1422 486 1580 526 praetuli
1565 499 1666 529 ησπερ,
1690 487 1720 517 id
1741 492 1799 522 est,

1092 525 1138 566 ἐφ’
1152 539 1240 568 ησπερ
1255 540 1297 559 νυν
1312 529 1388 558 εἰσίν.

1134 588 1176 593 —
1190 573 1240 601 17.
1264 570 1320 610 ἐγὼ
1334 583 1390 612 μεν
1404 571 1451 602 οὐκ
1466 571 1626 613 οιομαι-]
1644 573 1726 603 Citat
1736 573 1764 603 h.
1779 573 1801 602 l.

1092 613 1224 643 Thomas
1242 615 1286 644 M.
1303 626 1334 654 p.
1350 618 1424 645 9214.
1441 625 1470 644 v.
1488 614 1585 653 διάγω.

1136 675 1177 679 -
1197 660 1246 688 18.
1255 657 1497 709 εἰσφρήσεσθαι]
1522 659 1604 688 Citat
1626 659 1654 688 h.
1674 657 1695 686 l.
1719 658 1801 687 Har-

1093 710 1177 739 pocr.
1194 710 1225 729 v.
1240 699 1405 740 εἰσφρήσειν.

1135 760 1178 764 —
1194 745 1245 773 20.
1270 744 1359 773 οὐκοῦν
1375 744 1451 782 ἡμῶν
1462 742 1517 783 μὲν
1525 742 1583 796 -]
1600 742 1751 773 Aristides
1762 743 1801 772 de

1094 786 1134 814 D.
1150 786 1187 816 C.
1203 797 1234 825 p.
1252 788 1325 817 234.
1347 797 1432 816 τουτο
1458 785 1514 825 μὲν
1540 797 1582 815 ουν
1603 785 1641 819 εἷς
1662 785 1802 825 πρόσωπα.

1094 840 1158 858 εστι
1175 827 1292 869 μερίσαι
1309 829 1341 858 τὸ
1353 829 1452 868 νόημα.
1470 827 1556 868 ε’τερον
1572 828 1600 858 δὲ
1616 828 1753 869 μερισθὲν
1764 828 1802 862 εἷς

1094 870 1239 911 πρόσωπον
1252 872 1300 901 και
1315 871 1410 902 τόπον.
1427 870 1484 901 οιον·
1500 872 1590 902 οὐκοῦν
1601 873 1679 912 ὑμῶν
1693 871 1749 912 μὲν
1758 872 1801 911 μὴ

1094 913 1247 953 δυναμένων
1256 932 1299 937 —-
1308 913 1450 948 βοηθείας.

1136 974 1179 979 —·
1194 959 1244 986 23.
1268 956 1513 997 κακοδαιμονοῦσι]
1537 957 1620 987 Citat
1635 957 1664 986 h.
1679 957 1701 986 l.
1719 957 1803 987 Her-

1093 1009 1239 1038 mogenes
1261 1010 1291 1039 p.
1308 1002 1383 1031 306.
1406 1000 1509 1029 schol.
1525 1000 1662 1037 ejusdem
1679 1010 1710 1038 p.
1725 1002 1801 1030 406.

1095 1044 1145 1072 27.
1171 1043 1235 1073 haec
1249 1043 1351 1072 habet.
1374 1042 1407 1072 τὸ
1423 1042 1451 1072 δὲ
1468 1042 1529 1082 περὶ
1544 1041 1696 1082 Βυζαντίων
1711 1043 1804 1082 παρά-

1093 1084 1211 1125 δειγμα,
1225 1085 1238 1115 3
1251 1084 1370 1116 τέθεικεν
1384 1085 1410 1115 ἐν
1421 1086 1462 1124 τῷ
1473 1085 1535 1125 περὶ
1546 1084 1662 1125 μεθόδου
1671 1085 1803 1125 γοργότη-

1093 1140 1140 1162 τος
1159 1128 1273 1168 [locum
1290 1129 1440 1168 designat,
1456 1130 1546 1158 modo
1561 1128 1745 1169 indicatum]
1762 1128 1802 1158 δι-

1093 1174 1174 1202 ‘lit->dlv
1191 1183 1252 1212 ἔχει
1272 1173 1320 1203 ‘rin‘
1339 1182 1462 1212 Ταχξῑᾱν
1476 1171 1645 1202 &Travvno'ct‘
1668 1170 1734 1211 πξῦς
1748 1183 1804 1209 μεν

1093 1217 1146 1256 γαρ
1157 1215 1199 1243 τό·
1210 1214 1326 1245 κακοδαι
1319 1215 1442 1254 ,μονοῦσι
1454 1213 1604 1254 Βυζάντιοι,
1614 1215 1649 1248 ὡς
1663 1212 1729 1265 παρ’
1740 1213 1803 1244 ἑτέ-

1093 1269 1136 1296 ρου
1152 1257 1296 1298 εἰρημένον,
1314 1257 1472 1288 ἀπηντησεν
1491 1255 1572 1296 ὀξέως
1586 1255 1654 1286 κατ’
1668 1255 1803 1297 ἐπίκρισιν

1092 1300 1184 1331 ειπών·
1200 1300 1306 1340 σφόδρα
1328 1311 1371 1338 γε.
1395 1311 1459 1340 προς
1478 1299 1506 1329 δὲ
1522 1299 1566 1329 τό·
1586 1298 1654 1329 ἀλλ’
1676 1298 1752 1338 δ’μως
1766 1300 1810 1329 δει

1093 1355 1152 1378 σως
1166 1344 1266 1377 αὐτους
1281 1342 1357 1373 εἰναι·
1374 1345 1453 1383 παρὰ
1468 1354 1516 1372 του
1532 1342 1635 1394 ρητορος
1653 1343 1739 1372 αὐτοῦ
1755 1354 1803 1373 τε·

1093 1385 1148 1421 θὲν,
1167 1387 1241 1417 αλλη
1259 1387 1370 1427 ταχεῖα
1392 1386 1552 1420 ἀπάντησις
1573 1384 1688 1424 γέγονεν,
1710 1396 1804 1414 κατα-

1093 1429 1270 1460 σκευαστικη
1287 1431 1336 1459 τοῦ
1353 1428 1518 1471 λεχθέντος.
1542 1429 1682 1468 συμφέρει
1698 1440 1751 1468 γαρ
1767 1429 1806 1470 τῇ

1094 1472 1183 1502 πόλει.
1230 1473 1316 1502 Idem
1339 1472 1526 1502 Scholiastes
1545 1482 1576 1511 p.
1600 1473 1674 1502 404.
1696 1475 1746 1503 1⁴2.
1773 1481 1804 1501 ν.

1093 1516 1325 1555 κακοδαιμονοῦσι
1342 1516 1560 1554 interpretatur
1582 1525 1638 1554 per
1651 1514 1807 1555 ἀχάριστοί

1094 1558 1158 1588 εἰσι.
1176 1569 1264 1598 quam
1279 1558 1557 1597 interpretationem
1569 1558 1672 1587 nescio
1684 1568 1719 1587 an
1734 1568 1806 1598 pau—

1094 1601 1139 1631 cis
1155 1602 1195 1632 sit
1209 1602 1475 1639 interpretaturus.

1138 1647 1190 1676 94.
1207 1647 1237 1675 6.
1261 1644 1305 1685 αρ’
1322 1644 1436 1696 ὅρατε]
1438 1643 1590 1674 Aristides
1606 1644 1645 1673 de
1662 1644 1703 1673 D.
1718 1643 1753 1672 C.
1772 1654 1803 1682 p.

1094 1691 1168 1719 260.
1185 1689 1264 1719 κατὰ.
1268 1689 1390 1740 “exibam
1405 1685 1511 1725 γίνεται
1525 1685 1694 1725 ἀξιοπιστία
1704 1685 1801 1720 οὕτως·

1095 1730 1160 1761 ὅταν
1175 1743 1220 1764 τις
1234 1742 1294 1764 τοις
1306 1729 1543 1782 ὁμολογουμένοις
1552 1729 1614 1760 ἀντὶ
1636 1732 1690 1759 τῶν
1707 1729 1805 1769 ζητου-

1094 1773 1182 1813 μένων
1197 1785 1338 1815 σχημασι
1353 1785 1470 1814 χρηται.
1487 1773 1523 1807 ὡς
1534 1772 1601 1803 ἐκει·
1611 1768 1655 1813 αρ’
1664 1773 1743 1813 ὃρατε
1755 1783 1804 1802 και

1095 1816 1244 1857 λογίζεσθε
1255 1835 1296 1839 -—
1308 1817 1385 1856 ὑμῶν
1400 1826 1447 1846 ποι
1451 1818 1525 1846 icat.

1138 1879 1180 1883 —
1205 1862 1254 1891 19.
1286 1860 1392 1890 ταύτην
1419 1857 1589 1899 ζασκαίνειν]
1622 1857 1705 1888 Gitat
1729 1857 1759 1887 h.
1783 1858 1804 1888 l.

1095 1903 1226 1933 Thomas
1251 1904 1297 1932 M.
1318 1914 1346 1932 v.
1366 1900 1533 1932 Εασκαίνειν.
1555 1911 1610 1930 nec
1633 1911 1692 1930 non
1716 1906 1806 1930 vetus

1096 1947 1231 1976 Lexieon
1246 1946 1326 1985 apud
1339 1946 1551 1975 Montt'ancon.
1567 1943 1649 1973 Bibi.
1664 1943 1760 1973 Coisl.
1773 1954 1805 1983 p.

1097 1991 1171 2020 496.
1187 1999 1243 2019 nec
1259 1999 1318 2018 non
1336 1989 1434 2018 locum
1451 1999 1482 2026 p.
1500 1988 1553 2018 95.
1572 1990 1620 2017 10.

1139 2050 1182 2055 ——
1198 2032 1252 2062 ult.
1275 2030 1331 2062 εἶθ’
1354 2030 1374 2060 ἃ
1388 2028 1593 2069 Φίλιππος-]
1617 2030 1747 2068 Sopater
1768 2030 1804 2059 ad

1098 2075 1286 2114 Hermogen.
1309 2085 1339 2113 p.
1362 2077 1436 2105 :310-
1461 2076 1513 2104 25.
1545 2073 1592 2102 καὶ
1615 2073 1702 2102 πάλιν
1723 2074 1807 2111 ἡμεῖς

1097 2116 1217 2158 ἐροῦμεν,
1229 2116 1272 2147 δ’τι
1284 2116 1412 2157 κᾴκείνοις
1427 2115 1643 2157 [adversariis]
1657 2115 1731 2145 δοκεῖ
1741 2114 1806 2145 657.-

1098 2172 1196 2191 'de’TOV
1218 2159 1284 2190 Εἶναί
1307 2171 1392 2190 'TOU‘T‘O
1413 2161 1435 2189 Εἰ
1459 2158 1635 2197 ποῦησαιμεν·
1657 2158 1693 2191 ὣς
1710 2165 1806 2194 Δῆμέ)-

1098 2202 1216 2237 seiton-⁹
1207 2203 1351 2254 εχρῆσατο
1366 2202 1466 2233 εἶωων·
1484 2199 1663 2241 σκεψώμεθα
1679 2200 1720 2236 δε,
1733 2199 1764 2231 τί
1776 2200 1809 2231 ἂν

1098 2245 1209 2284 εὔξαιτο
1224 2245 1364 2280 Φίλιππος
1380 2257 1465 2275 τουτο
1485 2244 1619 2283 γενέσθαι
1635 2243 1668 2274 τὸ
1683 2244 1808 2284 στρατό-

1098 2289 1193 2320 πεδον.
1225 2287 1272 2329 αρ’
1300 2289 1328 2318 οὗ
1357 2287 1571 2340 διασπασθηναι
1598 2298 1647 2317 και
1674 2285 1804 2325 λυθηναι;

1098 2331 1202 2363 ἔπειτα
1223 2334 1385 2370 συναγαγὼν
1404 2331 1437 2360 τὸ
1455 2330 1546 2369 νόημα
1566 2327 1659 2370 φησίν·
1676 2328 1758 2360 ⁶26³*
1742 2343 1762 2359 α
1777 2342 1809 2360 αν

1099 2374 1238 2409 Φίλιππος
1252 2374 1363 2414 εὔξαιτο
1377 2376 1437 2408 τοῖς
1452 2373 1535 2408 θεοῖς.
1553 2385 1598 2403 και
1615 2372 1688 2412 ἑξῆς.

1145 2420 1195 2449 95.
1208 2421 1238 2448 6.
1257 2418 1368 2458 αὐτοῖς]
1382 2417 1499 2456 vulgari
1512 2416 1636 2446 lectioni
1646 2416 1741 2449 αὐτοῖς
1753 2426 1809 2455 per

1099 2462 1208 2498 lenem,
1231 2462 1352 2501 praetuii
1373 2462 1470 2495 αὐτοῖς
1488 2471 1555 2490 cum
1573 2469 1690 2497 aspero.
1713 2459 1746 2488 id
1761 2465 1809 2489 est

1099 2505 1166 2543 ἡμῖν
1187 2505 1292 2539 αὐτοῖς.
1317 2504 1468 2543 quomodo
1488 2514 1544 2533 nos
1560 2502 1711 2532 nobismet
1730 2501 1808 2541 ipsis

1100 2553 1229 2584 utamur,
1240 2549 1269 2578 h.
1281 2559 1308 2577 e.
1321 2546 1470 2581 consiliis,
1486 2546 1605 2581 animis,
1618 2545 1810 2584 corporibus,

1100 2591 1201 2630 copiis
1219 2596 1250 2621 et
1265 2591 1378 2630 opibus
1395 2589 1518 2620 nostris.

1142 2652 1186 2656 —-
1201 2637 1253 2664 10.
1276 2633 1386 2674 ωόθεν]
1411 2637 1482 2672 post
1503 2631 1591 2662 πόθεν
1614 2630 1736 2660 videtur
1754 2630 1808 2660 de-

1101 2676 1258 2707 siderari
1246 2687 1319 2719 εχει.
1343 2676 1422 2706 unde
1438 2676 1548 2705 habeat
1560 2673 1725 2712 Diopithes
1739 2674 1809 2703 ilias

1101 2720 1221 2760 copias.

1143 2781 1187 2785 -
1201 2774 1271 2802 pen.
1293 2761 1341 2791 καῖ
1355 2773 1410 2802 γαρ
1425 2758 1477 2790 οὐδ’
1501 2759 1533 2790 ἒιν
1555 2759 1652 2793 ἄλλως
1674 2758 1716 2799 3.]
1739 2759 1808 2789 Ari

1101 2807 1198 2835 stides
1222 2807 1260 2836 de
1284 2807 1324 2835 D.
1350 2805 1385 2834 C.
1409 2815 1440 2843 p.
1466 2805 1537 2833 176.
1568 2813 1616 2832 και
1642 2800 1759 2842 ἑτέρωθι
1781 2801 1809 2832 δὲ

1100 2847 1261 2889 ἐπαγγελία
1275 2847 1462 2899 χρησάμενος·
1479 2844 1552 2884 λέξαι
1568 2844 1596 2874 δὲ
1608 2846 1689 2884 μετὰ
1701 2845 1812 2886 ωαρῥη-

1102 2891 1175 2926 σίας·
1193 2892 1241 2921 καὶ
1263 2894 1316 2930 γὰρ
1336 2888 1389 2920 οὐδ’
1412 2889 1443 2918 ἒιν
1465 2888 1561 2921 ἄλλως
1583 2886 1724 2928 δυναίμην.
1747 2894 1812 2918 ειτα

1102 2935 1274 2969 ἇπθΐτησας
1290 2932 1410 2986 {ward-yn
1427 2932 1534 2964 πάντες
1549 2942 1605 2960 050‘
1621 2931 1746 2961 ωώπθτέ
1758 2949 1810 2961 ·—.

1146 2996 1187 3000 —-
1209 2978 1265 3006 uit.
1289 2975 1414 3008 ἅπαντες
1435 2986 1493 3005 οσοι
1517 2974 1634 3006 πώποτε
1648 2973 1706 3014 -]
1730 2974 1813 3005 citat

1105 3021 1133 3051 h.
1150 3021 1171 3051 1.
1187 3020 1337 3058 Hei-mog.
1355 3029 1385 3058 p.
1401 3020 1475 3049 414.
