1931 3322
341 204 539 248 SUPER
574 198 890 245 ORATIONE
925 200 1006 242 DE
1041 200 1382 243 HALONESO.
1522 200 1605 242 425

127 312 182 353 qui
212 312 264 343 isti
293 313 416 349 fuerint,
446 311 693 343 Callimachusne
724 308 851 347 aliquis,

128 367 168 387 au
191 356 346 393 Zosimus,
367 366 404 386 an
430 356 527 390 Zeno,
547 361 579 384 et
601 355 653 393 qui
678 350 728 382 alii
751 352 851 381 serun-

129 403 180 429 tur
195 399 233 429 de
247 399 457 430 Demosthene
474 398 545 427 olim
561 407 630 427 esse
642 393 850 430 commentati,

127 441 162 471 id
190 452 266 472 vero
293 452 352 471 non
382 441 471 471 dicit.
509 440 608 477 Quam
635 438 726 468 facile
755 437 850 476 igitur

127 484 196 514 fieri
224 485 338 524 potuit,
368 488 401 514 ut
430 483 524 514 alicui
551 488 691 512 veterum
721 480 849 511 istorum

130 527 296 567 aliquando
313 527 431 567 aliquid
444 527 483 557 de
498 526 592 556 dubio
609 529 723 555 nostrae
736 523 849 553 oratio-

128 570 178 600 nis
206 575 334 601 auctore
357 570 529 606 excideret,
556 568 653 599 ceteri
679 571 791 602 autem,
816 569 850 596 ut

128 613 176 649 fit,
187 614 237 644 vel
250 615 344 645 verba
361 616 429 653 ejus
444 617 622 653 repeterent
634 610 682 641 vel
695 609 849 648 judicium

129 667 252 696 quoque
265 668 355 687 suum
376 657 463 686 illius
485 655 667 686 auctoritate
682 653 748 683 falli
763 657 850 692 pate-

127 699 252 731 rentur!
287 700 358 730 Hoc
373 699 469 739 igitur
485 704 516 729 et
538 697 667 729 Libanio
682 697 785 736 potuit
799 707 849 726 ac-

129 743 249 779 cidere,
260 742 287 773 si
302 747 518 782 praeoccupata
530 741 640 771 mentis
651 741 796 781 opinione
812 739 851 770 ad

123 783 280 825 judicium
295 787 334 816 de
356 786 414 816 hac
430 786 566 816 oratione
585 785 744 815 ferendum
760 794 852 814 acce-

128 829 314 860 deret.-—-At
337 829 451 869 reliqui
473 839 490 859 e
516 829 677 859 veteribus
701 828 777 863 duo,
797 826 850 867 qui

129 882 197 902 eam
227 873 430 903 Demostheni
457 872 645 911 abjudicant,
676 871 789 901 Suidas
820 874 852 900 et

129 916 342 956 Etymologici
364 915 471 955 Magni
495 919 612 950 auctor,
638 925 695 944 nec
716 914 851 944 rationes

130 960 260 995 addunt,
277 969 334 989 nec
355 969 442 988 suum
462 958 626 998 judicium,
643 958 699 988 sed
721 957 852 987 aliorum

130 1004 230 1033 verba
253 1002 451 1041 sequuntur.⁴
495 1002 584 1032 Idem
609 1005 640 1032 et
662 1001 702 1031 iis
725 1001 852 1036 accidit,

131 1046 185 1085 qui
213 1044 381 1075 recentiori
408 1050 546 1085 tempore
570 1045 745 1084 opinionem
768 1044 852 1073 illam

130 1094 203 1119 sunt
225 1087 372 1128 amplexi,
399 1089 466 1118 sive
490 1099 560 1119 cum
583 1088 776 1118 dubitatione
798 1087 853 1117 ali-

130 1142 205 1172 qua,
223 1137 259 1162 ut
281 1132 372 1162 Hier.
392 1131 532 1163 Wolfius
554 1137 587 1162 et
607 1131 765 1167 Valesius,
784 1130 853 1160 sive

130 1176 319 1206 confidenter
331 1179 422 1214 atque
431 1176 589 1211 audacter,
600 1179 634 1205 ut
645 1175 763 1204 Faber:
775 1184 854 1213 quo-

129 1229 198 1249 rum
222 1229 310 1249 nemo
326 1219 492 1259 quidquam
515 1218 632 1256 attulit,
648 1228 710 1259 quo
733 1223 853 1248 senten-

128 1261 208 1293 tiam
221 1272 308 1292 suam
323 1261 565 1302 comprobaret-⁵

189 1305 254 1336 Alii
285 1306 460 1345 complures
494 1305 738 1336 controversiam
776 1305 854 1335 hauc

130 1354 381 1386 commemorant,
409 1349 472 1389 ipsi
498 1349 575 1379 nihil
601 1349 761 1379 affirmant.
805 1349 856 1378 Ita

131 1393 215 1424 inter
242 1397 365 1423 veteres
388 1391 647 1433 Harpocration,⁶
677 1392 731 1432 qui
754 1396 855 1422 tamen

885 308 960 336 alias
983 308 1061 337 hano
1082 309 1250 339 orationem
1277 308 1463 348 simpliciter
1487 308 1604 338 Demo-

886 350 1001 380 sthenis
1017 351 1138 381 nomine
1164 352 1300 390 laudat,⁷
1323 352 1436 384 deinde
1452 351 1604 387 ‘Photius‚

885 392 950 431 qui,
966 393 1086 422 tametsi
1101 393 1132 422 iu
1149 399 1284 425 neutram
1299 400 1419 435 partem
1435 395 1604 435 quidquam

885 445 918 465 se
933 434 1011 465 dicit
1024 435 1138 464 audere
1147 440 1292 474 statuere,
1303 444 1403 469 tamen
1416 439 1522 469 multis
1532 447 1603 468 ver-

884 478 932 508 bis
948 478 1052 513 docet,
1065 478 1142 507 hanc
1158 480 1338 517 orationem,
1355 481 1383 512 si
1399 482 1451 512 vel
1466 480 1602 512 maxime

885 531 902 551 a
918 521 1032 551 ceteris
1047 522 1298 554 Demosthenicis
1313 525 1472 562 paululum
1484 525 1605 555 discre-

883 570 948 604 pet,
957 564 1054 594 nihilo
1066 564 1166 594 minus
1178 574 1195 594 a
1205 565 1412 598 Demosthene
1426 578 1520 608 posse
1533 577 1605 598 esse

883 609 1079 649 profectam.⁸

927 652 970 682 Et
985 650 1139 691 ejusmodi
1155 651 1280 691 quidem
1291 652 1534 693 lexicographus
1551 658 1604 683 aut

885 695 1103 736 grammaticus
1126 695 1153 724 si
1173 694 1248 724 nibil
1271 694 1310 724 de
1330 706 1388 725 suo
1410 697 1507 733 addit,
1528 696 1604 726 nihil

884 750 942 779 pro
958 744 1043 769 certo
1058 738 1197 774 affirmat,
1213 737 1314 768 miuus
1335 739 1478 778 equidem
1498 740 1604 769 miror.

885 784 927 813 At
944 782 1004 812 viri
1019 781 1225 812 recentiorum
1242 786 1414 821 temporum
1434 782 1608 821 κςιτικώτα-

885 837 940 862 τοι,
963 830 995 856 et
1016 831 1119 856 nostro
1141 825 1173 855 in
1196 831 1316 856 oratore
1332 825 1549 861 versatissimi,
1566 825 1607 861 si,

885 870 924 899 de
938 869 995 900 hac
1006 880 1040 899 re
1056 880 1148 909 quum
1159 869 1338 908 loquuntur,
1349 879 1437 899 suum
1450 868 1606 907 judicium

884 912 1027 949 reticent,
1050 913 1103 953 qui
1123 912 1207 943 aliud
1224 913 1380 948 videntur,
1396 911 1457 942 nisi
1475 910 1609 941 auctori-

885 960 980 986 tatem
999 956 1122 986 Libanii
1145 960 1198 986 aut
1220 956 1324 985 nescio
1345 957 1434 996 cujus
1458 959 1610 990 metuere,

887 1004 1034 1036 ceterum,
1051 1000 1077 1030 si
1094 1000 1163 1039 quis
1179 999 1382 1030 Demostheni
1399 1009 1488 1029 suum
1507 998 1611 1029 vindi—

887 1048 951 1080 cet,
959 1054 1018 1073 non
1031 1043 1174 1073 obstare?
1198 1044 1248 1073 Ita
1258 1042 1430 1079 Meursius,
1441 1043 1610 1078 Kusterus,

887 1088 1055 1123 Gesnerus,
1073 1086 1286 1122 Ruhnkenius,
1302 1087 1426 1123 Morus,
1445 1086 1612 1125 Tayloms,

887 1130 1040 1160 Reiskius
1068 1130 1207 1161 certatim
1235 1130 1360 1160 dicunt:
1387 1134 1396 1147 ‘
1410 1134 1614 1160 controversa

887 1184 938 1204 res
962 1173 1020 1204 est'
1046 1174 1094 1205 vel
1125 1177 1134 1191 ‘
1152 1173 1268 1204 dicitur
1293 1173 1475 1213 Hegesippi
1485 1175 1505 1212 3¹
1534 1172 1612 1203 nihil

888 1217 1048 1256 amplius.⁹

931 1261 995 1292 Hic
1007 1260 1259 1297 auctoritatibus,
1270 1271 1339 1300 quae
1350 1270 1452 1291 causae
1466 1270 1544 1290 meae
1560 1263 1613 1290 aut

888 1303 980 1344 plane
1002 1315 1062 1334 non
1086 1305 1303 1340 adversantur,
1322 1309 1376 1335 aut
1395 1315 1454 1334 non
1478 1303 1614 1343 graviter

890 1348 1036 1378 videntur
1052 1348 1225 1383 adversari,
1241 1347 1318 1378 alias
1330 1358 1483 1388 opponam
1493 1357 1614 1381 eorum,

891 1391 943 1431 qui
959 1395 1012 1422 aut
1026 1395 1036 1409 ‘
1049 1391 1167 1422 diserto
1184 1391 1390 1422 Demostheni
1405 1392 1485 1422 hanc
1500 1390 1616 1420 oratio-

175 1480 191 1499 ⁴
210 1480 343 1510 Suidas:
365 1479 611 1519 Ἡγήσιππος.
639 1476 720 1514 οὗτός
742 1478 822 1510 ἔστιν
836 1479 848 1510 ὅ
863 1478 1011 1519 Κρώβυλος
1032 1478 1269 1520 ἐπικαλούμενος,
1283 1476 1313 1509 οὗ
1329 1479 1405 1510 δοκεῖ’
1415 1477 1484 1509 εῖναι
1499 1476 1512 1507 ο”
1529 1475 1555 1518 ζ’
1570 1482 1619 1506 0⁶·-

133 1523 293 1560 λιπωιιιός,
317 1522 497 1565 Δημοσθένει
518 1522 1038 1564 ἒπιγξαφὸμενος.-Ετιιηιοῐοςὲουιη
1054 1523 1164 1564 Magn.
1188 1524 1246 1553 sub
1269 1524 1366 1553 verbo
1388 1521 1620 1560 Ἡγήσιππος

133 1568 242 1640 eagem
256 1568 360 1598 habet.
405 1567 550 1607 Utrique,
562 1577 624 1598 uuo
637 1567 767 1598 verbulo
783 1568 939 1607 neglecto,
955 1566 1223 1606 Harpocrationem
1238 1566 1484 1607 exscripserunt,
1499 1565 1540 1595 de
1556 1573 1618 1604 quo

135 1610 168 1642 Vi
192 1630 201 1639 a
213 1615 279 1642 nfit-
297 1613 329 1642 6·

177 1653 191 1672 ⁵
214 1654 305 1685 Hier.
319 1654 455 1685 Wolfius
470 1654 510 1685 ad
525 1655 583 1685 Or.
599 1653 638 1685 de
661 1653 735 1685 Hal.
752 1664 786 1694 p.
800 1655 875 1684 174.
892 1655 945 1684 13.
970 1657 990 1670 “
1003 1653 1023 1683 ὅ
1045 1663 1080 1684 τε
1099 1652 1281 1685 ἔπιστελλει.
1304 1652 1341 1683 F.
1366 1651 1385 1683 ὅ
1401 1661 1445 1691 γε,
1462 1649 1522 1681 nisi
1539 1650 1620 1681 forte

136 1696 179 1727 sit
190 1697 386 1738 Hegessippi
401 1698 580 1729 idiotismus
592 1698 748 1728 inculcare
765 1695 800 1727 τὸ
815 1696 850 1727 τέ
864 1695 1084 1727 !''—Valesius
1101 1698 1141 1728 ad
1161 1698 1351 1737 Harpocrat.
1367 1697 1436 1726 sub.
1452 1706 1483 1725 v.
1498 1693 1620 1733 ἔμμηνοι

133 1739 211 1771 δίκαι
221 1751 229 1770 :
241 1745 263 1759 “
272 1741 510 1779 Demosthenes,
521 1752 577 1772 seu
591 1742 697 1781 potius
710 1741 918 1781 Hegessipus,
928 1739 955 1770 ἐν
964 1739 1007 1780 τῷ
1018 1740 1080 1781 περὶ
1095 1739 1427 1771 εΑλονήσ-ου.”--Ι““ιὼεει·
1437 1739 1476 1769 ad
1490 1737 1621 1777 Longin.

136 1795 169 1825 p.
187 1786 261 1816 202.
283 1785 350 1827 (ed.
365 1785 462 1826 Toll.)
484 1789 644 1826 “praestat
664 1795 725 1815 uno
741 1785 841 1815 verbo
859 1784 993 1820 dixisse,
1015 1784 1186 1815 orationem
1207 1784 1292 1814 illam
1317 1781 1539 1814 Demosthenis
1560 1791 1621 1810 non

136 1837 206 1901 {sse
216 1839 225 1867 3
249 1828 425 1869 Hegesippi
441 1834 501 1860 est.
545 1829 585 1860 Id
596 1828 679 1859 vidit
695 1833 765 1858 ante
780 1838 829 1859 me
845 1827 995 1866 Wolfius,
1012 1837 1072 1868 ego
1092 1828 1168 1859 alias
1190 1827 1361 1869 probab0.’'
1407 1827 1449 1857 At
1471 1836 1530 1855 non
1546 1834 1620 1864 pro-

161 1872 238 1901 avit,

182 1912 196 1933 ⁶
218 1914 463 1955 Harpocration:
492 1914 731 1954 Ἡγήσιππος.
747 1913 825 1949 οὗτός
840 1913 920 1946 ἔστιν
931 1919 991 1945 etc.
1002 1919 1037 1944 ut
1051 1914 1132 1954 apud
1144 1914 1283 1951 Suidam,
1293 1912 1353 1943 nisi
1369 1912 1451 1952 quod
1462 1911 1620 1951 Han-poor.

139 1957 235 1988 dicit:
260 1955 289 1989 οὗ
305 1958 382 1989 δοκεῖ
393 1958 494 1990 τισὶν
508 1958 578 1990 εῖναι
594 1959 790 1989 etc.-Idem
806 1958 863 1988 sub
880 1969 913 1989 v.
927 1956 959 1988 ’A
967 1956 1175 1998 λέξανδξοςε
1200 1955 1230 1988 οὗ
1249 1957 1389 1996 Δημοσθ.
1413 1954 1578 1996 μνημονεύει
1593 1952 1622 1984 ἒν

140 2000 166 2041 ζ’
177 2004 367 2039 Φιλιππικῶν,
377 2004 422 2042 (p.
432 2004 506 2033 173.
519 2000 566 2043 2.)
581 2002 603 2033 εἰ
619 2002 729 2040 γνήσιος
744 2002 757 2032 ὅ
773 2001 865 2041 λόγος,
874 2018 927 2032 --.
938 2006 970 2032 et
981 2002 1037 2032 sub
1048 2012 1079 2032 v.
1093 2000 1122 2032 'E
1131 2007 1151 2031 λ
1162 2002 1182 2031 ά
1191 2012 1212 2031 τ
1221 2011 1294 2031 eia:
1310 2001 1361 2031 τοῦ
1374 1999 1401 2030 δὲ
1414 1999 1519 2041 ῥήτορος
1533 1998 1623 2029 πάλιν

140 2043 167 2074 ἐν
182 2043 294 2086 ἑέδόμῳ
309 2048 498 2082 Φιλιππικῶν,
518 2046 568 2088 (p.
585 2049 661 2078 172.
677 2045 753 2087 ult.)
769 2045 793 2076 εἶ
806 2045 927 2084 γνήσιος.
1128 2043 1134 2049 ”

183 2090 197 2110 7
220 2090 407 2129 Harpocrat.
421 2100 450 2120 v.
463 2089 614 2131 Βούχεταε
631 2087 820 2130 Δημοσθένης
835 2087 861 2119 ἒν
877 2089 1058 2119 Φιλιππικῶν
1074 2087 1189 2129 ἑβδόμῳ
1207 2086 1258 2129 (p.
1269 2089 1342 2119 1¹72.
1355 2085 1429 2126 ult.)
1441 2095 1526 2115 -v.
1537 2090 1625 2114 Παν-

143 2131 268 2162 δοσίας
294 2132 483 2173 Δημοσθένης
496 2135 682 2168 Φιλιππικοῖς
696 2131 810 2175 (ibid.)
821 2150 864 2157 -—-
879 2143 910 2163 v.
929 2131 1122 2173 Σύμβολαε
1139 2131 1283 2167 πολλάκις
1296 2131 1323 2162 ἓν
1337 2131 1380 2171 τῷ
1395 2129 1420 2171 ζ’
1435 2129 1625 2159 Φιλιππικῶν

143 2175 343 2213 Δημοσθένης.
356 2176 406 2218 (p.
422 2179 497 2207 167.
509 2179 542 2207 7.
558 2176 629 2219 12.)

166 2242 168 2244 »
185 2220 198 2239 ⁸
221 2219 353 2250 Photius
368 2220 399 2250 in
414 2220 564 2251 Biblioth.
577 2232 608 2260 p.
626 2221 721 2252 1465.
737 2220 788 2251 ed.
807 2219 995 2250 Hoeschel.:
1012 2217 1086 2253 τινὲς
1099 2216 1155 2258 μὲν
1168 2215 1211 2248 οἷν
1225 2217 1273 2248 τᾶν
1287 2216 1350 2258 περὶ
1368 2215 1520 2246 ιΑλοννίσιιυ
1535 2213 1626 2254 λόγον,

144 2260 173 2296 ὃς
188 2262 238 2293 καὶ
250 2264 332 2294 κατὰ
347 2262 493 2294 Φιλίππου
507 2262 699 2306 ἐπιγράφεται
714 2263 845 2303 δεύτεξος·
863 2263 947 2304 (lege
963 2261 1086 2303 ἕβδομος
1095 2273 1104 2301 3
1118 2261 1210 2298 facile
1226 2261 1309 2292 enim
1323 2265 1403 2290 notae
1418 2266 1443 2290 11
1459 2266 1490 2289 et
1504 2265 1557 2288 ΠΙΙ
1568 2268 1625 2297 po-

143 2310 271 2336 tuerunt
285 2307 448 2345 confundi)
457 2307 506 2337 καὶ
521 2309 575 2349 γὰρ
591 2306 657 2348 πρὸς
671 2309 720 2339 τὴν
736 2306 892 2338 ἐπιστολὴν
905 2307 918 2336 ὁ
934 2306 1021 2348 ῥήτωρ
1037 2304 1262 2344 ἇνταγωνίζεται
1277 2306 1329 2335 τοῦ
1342 2304 1429 2344 (lege
1444 2301 1510 2343 τὴν)
1523 2300 1628 2332 Φιλίπ-

146 2358 210 2379 που·
227 2350 326 2381 τοῦτον
341 2350 369 2380 οὔ
384 2357 472 2390 φασιν
494 2349 562 2381 εῖναι
577 2351 686 2390 γνήσιον
702 2349 910 2391 Δημοσθένους,
925 2350 976 2380 καὶ
992 2348 1216 2390 τεκμηριοῦσθαι
1238 2350 1288 2379 την
1306 2347 1388 2387 δόξαν
1406 2347 1499 2376 αὐτῶν
1514 2345 1629 2385 ἐπιχει-

145 2393 223 2432 ροῦσι
237 2393 298 2426 τοῖς
311 2393 422 2433 ῥήμασί
436 2405 470 2424 τε
483 2394 534 2424 καὶ
549 2394 671 2435 ἷινόμασι
686 2394 734 2424 καὶ
751 2395 790 2435 τῇ
811 2396 862 2428 τῆς
877 2392 1038 2427 συνθέσεως
1053 2390 1181 2433 ἁρμονίᾳ·
1199 2393 1275 2421 πολὺ
1290 2393 1345 2432 γὰρ
1360 2391 1460 2421 ταῦτα.
1474 2387 1626 2419 λείπεσθαι

145 2436 198 2465 τοῦ
215 2434 420 2475 Δημοσθενικοῦ
436 2436 539 2468 τύπου·
552 2437 696 2478 ἀνειμένην
708 2448 742 2468 τε
756 2439 812 2478 γὰρ
822 2436 930 2468 ταύτην
939 2436 1007 2467 εῖναι
1020 2436 1068 2467 καὶ
1085 2434 1240 2476 λελυμένην
1253 2435 1301 2465 καὶ
1313 2437 1365 2468 τῆς
1378 2434 1428 2464 τοῦ
1444 2432 1551 2474 ῥήτορος
1567 2431 1631 2472 περὶ

146 2479 248 2509 ταῦτα.
262 2479 408 2520 δυνάμεως
423 2479 634 2521 ἓλαττουμένην
648 2483 698 2513 τὴν
712 2481 826 2522 φράσιν.
871 2479 1054 2521 (Libanium
1069 2480 1165 2519 igitur
1188 2483 1259 2508 ante
1279 2479 1387 2508 oculos
1406 2476 1525 2513 habuit,
1539 2477 1629 2515 cujus

148 2521 219 2563 ipsa
235 2523 328 2552 verba
346 2523 451 2554 refert.
469 2535 498 2554 v.
511 2529 575 2555 not.
589 2523 659 2564 21.)
673 2524 718 2554 καὶ
735 2523 762 2554 οἷ’
773 2535 805 2563 γε
820 2523 903 2555 αὐτὸν
917 2522 1113 2564 ἀφαιξούμενοι
1128 2522 1178 2552 τοῦ
1194 2520 1389 2561 Δημοσθένους
1403 2519 1631 2558 εἷςἬγησ-ιππιν

147 2564 328 2606 ἀναφέρουσι.
350 2564 406 2605 ἐγὼ
421 2566 450 2597 δὲ
467 2566 543 2601 εἰδὼς
557 2568 700 2602 πολλάκις
714 2568 762 2598 καὶ
776 2567 874 2606 λόγους
889 2567 1022 2608 διαφόρων
1038 2564 1201 2605 γεννητόρων
1216 2567 1325 2596 πολλὴν
1339 2564 1460 2606 ἔχοντας
1475 2566 1525 2595 τῆν
1540 2561 1631 2601 ὁμοιό-

147 2620 228 2641 τητα
251 2609 300 2639 καὶ
321 2609 444 2650 διάφορον
465 2608 597 2650 {gyezo-lav
619 2610 708 2649 λόγων
732 2609 779 2641 τόν
797 2609 881 2642 αὐτὸν
901 2609 1059 2649 ἐγνωκότων
1081 2609 1232 2649 γεννήτορα·
1257 2608 1286 2638 οὗ
1310 2610 1365 2649 γὰρ
1385 2607 1428 2638 ἀεὶ
1449 2605 1633 2637 καθέστηκεν

149 2651 293 2694 ἄτρεπτος
307 2652 356 2682 καὶ
379 2652 570 2688 ἀναλλοίωτος
590 2657 670 2685 κατὰ.
686 2655 796 2690 πάντα,
811 2654 898 2694 ὥςπερ
915 2652 968 2684 οὐδ’
985 2652 1010 2684 ἐν
1030 2653 1090 2687 τοῖς
1105 2653 1216 2689 ἄλλοις,
1235 2650 1323 2686 οὕτως
1342 2649 1402 2682 οὐδὲ
1422 2652 1503 2680 κατὰ
1517 2648 1633 2679 τούτους

149 2696 248 2738 (adde
263 2695 346 2737 τοὺς)
361 2694 460 2735 λόγους
474 2697 488 2727 ἧ
503 2696 654 2738 ἀνθρωπίνη
670 2697 799 2738 δύναμις,
811 2697 910 2732 ἄλλως
920 2708 953 2727 τε
969 2695 998 2726 δὲ
1009 2695 1063 2726 οὐδ’
1076 2695 1101 2726 ἒν
1115 2697 1175 2730 τοῖς
1185 2696 1384 2736 καιριωτάτοις
1396 2694 1483 2736 (lege
1499 2689 1633 2731 κυξιωτ.)

151 2740 208 2769 τῶν
222 2739 386 2779 ἰδιωμάτων
401 2741 451 2770 τοῦ
467 2739 584 2782 ῥήτορος·
597 2742 678 2772 ἀλλὰ
694 2741 742 2770 καὶ
758 2739 865 2772 ταύτην
881 2740 942 2781 &gi-v
963 2738 1010 2771 ἔπ’
1028 2738 1119 2778 ὀλίγον
1137 2741 1186 2771 την
1210 2739 1355 2780 διαφορὰν,
1375 2738 1423 2768 οὐκ
1442 2736 1502 2777 ἐ’χω
1524 2733 1634 2775 &appan

151 2782 382 2823 ἀποφήνασθαι,
394 2783 451 2814 εἴτε
463 2782 648 2823 Ἡγησίππου
663 2783 749 2820 ιιι-ὄνος
764 2784 776 2815 ὃ
793 2783 853 2826 περὶ
867 2783 1019 2814 Ἀλονῆσου
1031 2783 1123 2822 λόγος,
1137 2783 1195 2814 εἴτε
1211 2784 1264 2818 τῆς
1275 2780 1484 2822 Δημοσθενικῆς
1500 2777 1633 2808 ἐλάττω-

153 2836 202 2866 μα
217 2824 385 2858 καθέστηκε
400 2826 523 2866 φύσεως.
991 2825 993 2828 ⁴
1060 2828 1062 2831 ’

196 2869 210 2889 ⁹
234 2869 389 2900 Meursius
405 2871 509 2901 Lectt.
526 2870 592 2901 Att.
603 2872 670 2902 111.
687 2873 720 2902 6.
731 2887 772 2893 -—-
791 2870 948 2901 Kusterus
964 2871 1001 2901 ad
1020 2870 1145 2900 Suidam
1162 2871 1230 2900 sub.
1248 2880 1278 2899 v.
1293 2866 1542 2905 Ἡγήσιππος·
1556 2863 1634 2892 Ges-

155 2921 249 2942 nerus
265 2913 304 2943 ad
317 2913 541 2952 Quintilianum
558 2916 622 2945 111.
639 2918 670 2946 8.
688 2917 770 2945 5.-
783 2914 989 2946 Ruhnkenius
1006 2915 1092 2945 Hist.
1105 2914 1183 2944 Crit.
1201 2918 1357 2942 oratorum
1374 2911 1553 2939 Graecorum
1567 2907 1634 2945 (ap.

157 2954 322 2985 Reiskium
338 2957 401 2987 vol.
415 2957 508 2987 vni.
524 2967 554 2996 p.
577 2958 669 2999 156.)
684 2976 727 2982 -—
744 2958 855 2988 Morus
873 2959 910 2988 ad
928 2959 1100 2998 Longinum
1118 2955 1149 2996 ρ’.
1164 2959 1238 2987 210.
1256 2973 1296 2977 —
1313 2953 1462 2983 Reiskius
1478 2952 1509 2981 in
1531 2950 1633 2981 indice

158 2997 336 3034 Demosth„
357 3002 415 3029 sub
439 3001 561 3032 verbis:
587 3002 778 3036 Halonesus,
801 3001 1018 3043 Hegesippus,
1041 3001 1216 3042 Cattippus,
1243 3000 1322 3030 Pax·
1341 2996 1505 3028 —Taedel
1530 3002 1635 3025 ‘orum

160 3041 254 3072 verba
267 3040 460 3080 describere,
478 3043 528 3084 qui
542 3045 617 3076 nihil
633 3045 706 3077 novi
723 3046 865 3077 afferunt.

204 3093 280 3114 vot.
307 3095 339 3116 ν.
868 3091 888 3120 3
914 3097 924 3118 1
