1931 3322
190 225 275 269 AD
308 221 677 269 ORATIONEM
709 220 955 262 CONTRA
990 222 1463 266 ANDROTIONEM.
1498 223 1578 265 149

120 329 207 361 iilum
229 332 267 362 ab
288 335 364 366 arte,
379 339 467 369 quam
489 331 660 362 exerceret,
684 325 829 356 indicare.

120 373 312 405 Initiatorum
328 383 376 403 ars
393 372 442 401 vel
466 375 601 410 quaestus
618 375 682 399 erat
698 369 830 399 Athenis

123 421 171 446 sat
198 418 316 450 creber,
332 420 366 444 ut
389 414 546 453 colligitur
577 423 615 443 ex
648 412 831 442 adversariis

123 458 339 488 Demosthenis
367 462 398 487 et
427 457 530 486 AEffih.
561 458 648 495 cujus
678 454 833 486 AEschinis

121 507 218 531 mater
242 506 307 530 erat
327 500 487 535 initiatriX,
509 499 675 538 τελὲστριά,
692 499 763 527 item
791 508 831 527 ex

123 544 258 573 oratione
282 549 386 573 contra
417 543 565 572 Neaeram.
612 542 832 571 profitebantur

121 587 153 616 hi
179 586 313 615 homines
342 586 516 615 facultatem
548 586 671 614 morbos
698 585 831 613 incanta-

121 629 254 658 tionibus
272 628 458 668 ex'pellendi.
473 629 528 658 sed
544 633 607 658 tum
623 627 670 657 τὸν
686 629 736 657 τοῦ
751 633 831 657 τελε-

122 672 194 701 cmv
207 671 266 701 erit
280 672 340 710 leg.

167 716 241 745 612.
253 717 283 747 5.
299 713 345 743 τὸν
359 713 387 744 δὲ
397 712 443 745 τόν
455 712 591 755 ‘ara-ripa]
608 712 729 743 correxi
743 723 793 741 του
808 710 836 741 δὲ

121 768 169 786 τον
192 767 266 788 πατ.
282 757 378 787 fateor
401 757 524 796 quidem
551 757 717 796 planiorem
740 755 838 785 tuisse

122 799 242 839 sibique
278 800 513 830 constantiorem
544 800 667 830 dicendi
691 799 839 829 rationem

120 842 214 873 hanc:
241 842 288 873 τδν
309 843 338 873 δὲ
363 842 445 883 [scil.
465 843 563 883 μισεῖν
585 842 631 872 τὸν
645 840 838 882 Ἀνδξοτίωνά]

119 884 162 916 δ’τι
178 887 293 920 παῖδας
306 886 386 927 αὐτῷ
407 885 440 916 ἐκ
457 886 551 927 πόξνης
570 885 622 926 ἔφη
638 885 713 921 εἶναι,
732 885 778 914 τὸν
798 883 839 920 δὲ,

121 927 167 959 ἔτι
182 927 229 959 τὸν
241 928 362 970 πατέρα,
384 930 568 970 ἧταιρηκέναι,
591 929 636 958 τὸν
660 928 700 963 δὲ,
725 927 769 958 δ’τι
792 929 841 959 τῆν

121 971 236 1013 μητέρα.
249 971 470 1012 πεπορνεῦσθαι,
485 971 531 1003 τᾶν
551 971 591 1008 δὲ,
612 971 656 1002 ἔτι
669 972 840 1012 ἀπογράφειν

123 1013 266 1046 ἐκέλευσεν
293 1015 348 1046 ὅσα.
372 1016 501 1055 ὑφείλετο
526 1014 557 1054 ἐξ
581 1017 681 1056 ἀρχῆς.
727 1016 840 1044 Verum

124 1063 226 1088 tamen
253 1059 298 1089 sic
318 1058 481 1098 scripsisse
504 1063 666 1094 oratorem,
687 1057 840 1097 quomodo

125 1101 285 1139 debuerat,
302 1101 328 1131 si
349 1102 485 1131 ordinem
507 1101 606 1140 sequi,
623 1112 682 1140 quo
699 1101 842 1141 cepisset,

123 1143 290 1181 voluisset,
323 1144 404 1175 haud
435 1144 531 1175 ausim
566 1144 723 1174 affirmare.
762 1147 842 1173 amat

125 1187 206 1217 enim
222 1191 435 1218 commutatam
452 1187 576 1217 dicendi
592 1187 751 1217 rationem.
790 1186 843 1216 Ci-

125 1234 171 1260 tat
202 1230 282 1259 bunc
310 1230 409 1260 locum
435 1231 567 1260 Thomas
595 1231 639 1260 M.
671 1241 701 1260 v.
733 1227 842 1269 ἑταίρα,

125 1277 269 1312 tanquam
295 1284 334 1303 ex
361 1273 496 1304 oratione
521 1284 578 1312 pro
601 1274 731 1303 Corona.
755 1283 844 1312 quem

126 1317 282 1346 memoriae
299 1316 421 1356 lapsum
438 1316 495 1347 viri
516 1316 600 1347 docti
616 1316 659 1346 ibi
674 1318 737 1356 jam
753 1326 845 1346 anno-

126 1363 240 1389 tarunt.

169 1420 213 1425 —-
227 1404 260 1433 6.
273 1402 467 1445 ἀπογράφειν]
491 1403 592 1434 malim
616 1400 794 1443 ἀπογράφειν
815 1401 846 1431 in

125 1446 239 1476 futuro.
256 1451 287 1475 et
310 1447 354 1476 sie
375 1447 448 1475 dedi
470 1447 508 1476 de
533 1457 611 1476 meo.
637 1452 684 1476 est
710 1445 792 1475 idem
811 1455 847 1474 ac

127 1489 154 1518 si
177 1488 326 1519 dixisset:
344 1488 528 1530 ἀπογράψειν
543 1489 571 1520 δὲ
586 1488 639 1518 ξ’σα
655 1489 667 1518 ὅ
685 1488 756 1519 δεῖνά
772 1486 847 1528 ὑφεί

127 1536 205 1563 λετο.

171 1592 216 1597 -
227 1576 259 1604 7.
275 1573 306 1614 ἐξ
321 1574 425 1616 ἀρχῆς]
451 1576 580 1606 subaudi
599 1585 680 1610 τινος,
696 1584 729 1604 ex
743 1574 848 1604 honore

128 1625 207 1659 gesto
221 1619 314 1648 nescio
327 1629 392 1658 quo.

169 1661 301 1690 —ibid.
318 1661 363 1690 τὸν
384 1660 411 1690 δὲ
428 1659 486 1690 τόδ’
503 1659 588 1701 εῖναι]
609 1660 731 1689 correxi
753 1659 799 1689 τὸν
818 1659 846 1690 δὲ

126 1702 161 1733 ‘rb
177 1705 258 1734 δεῖνα.
275 1705 367 1734 alium
381 1704 442 1734 alio
456 1705 550 1733 nescio
570 1714 625 1743 quo
646 1705 726 1742 turpi
739 1704 846 1741 prosci-

127 1746 173 1777 ‹lic
191 1748 321 1777 dicterio.
338 1747 469 1787 aliquem
484 1747 580 1776 εἰπεῖν
594 1745 627 1775 τὸ
642 1746 714 1775 δεῖνά
730 1751 788 1781 est,
801 1746 847 1776 di-

129 1800 200 1820 cere
216 1796 247 1820 tu
262 1801 294 1820 es
308 1790 368 1826 ille,
386 1790 434 1821 vel
450 1790 581 1826 ille,sur,
594 1794 756 1826 scortator,
773 1800 846 1819 moe-

130 1832 216 1868 chus,
228 1833 376 1868 cinaedus,
386 1838 446 1863 etc.

173 1893 217 1899 -—-
231 1876 307 1906 ibid.
323 1875 369 1906 τὸν
384 1875 427 1918 δὲ]
447 1876 547 1906 malim
574 1874 618 1905 τὸν
641 1874 670 1906 δὲ
691 1874 735 1912 τὸ,
752 1876 846 1906 alium

130 1918 229 1954 aliud,
252 1919 398 1949 brevibus
422 1924 454 1950 ut
477 1920 590 1955 dicam,
606 1929 700 1949 omnes
721 1921 847 1955 omuino,

131 1961 251 1991 nemine
266 1968 409 2001 excepto,
421 1963 579 1992 insectatus
591 1968 630 1992 est
639 1962 751 2000 probris
764 1968 847 2001 quot-

131 2009 200 2044 quot
217 2011 286 2034 sunt
301 2003 610 2045 omnibus,fimdisque
624 2003 825 2045 nefandisque.

175 2065 219 2070 —
234 2047 519 2088 17.κατεσκεύάζες]
548 2049 624 2077 bene
649 2048 751 2077 habet.
773 2058 849 2077 com·

131 2096 245 2120 memus
264 2101 303 2126 2⁵,
321 2091 494 2131 confinxisti.
512 2091 614 2121 nescio
638 2101 705 2130 quae
728 2090 848 2130 vertigo

133 2133 222 2173 Tayl.
239 2134 288 2163 bic
302 2134 530 2174 circumegerit.

173 2178 251 2207 613.
269 2180 319 2209 19.
335 2179 375 2207 τοὶ
392 2179 447 2207 τῶν
461 2176 674 2218 ἐθελησάντων]
696 2178 772 2206 bene
797 2177 846 2206 ha-

130 2219 195 2249 bet.
210 2225 243 2249 et
260 2220 306 2250 sic
322 2231 443 2260 quoque
457 2226 503 2250 est
525 2231 557 2259 p.
571 2222 645 2251 753.
661 2222 712 2250 23.
761 2221 849 2250 Lam-

132 2262 221 2292 binus
258 2264 329 2293 addi
359 2264 428 2294 vult
465 2267 624 2302 negantem
657 2263 848 2303 particulam.

133 2306 193 2335 Sed
223 2306 348 2336 fallitur.
392 2306 550 2337 Sententia
579 2311 646 2336 est:
679 2307 735 2336 hos
764 2307 848 2336 sures

130 2349 230 2378 aerarii
252 2349 370 2389 publici
392 2351 574 2389 compilasse
602 2353 633 2379 et
662 2349 848 2380 exinaniisse

132 2391 254 2422 viscera
272 2392 349 2432 reip.
370 2403 437 2432 quae
460 2397 600 2423 constent
616 2403 632 2422 e
649 2393 849 2423 contributio-

129 2434 221 2464 nibus
237 2435 400 2471 sociorum,
421 2441 453 2466 et
470 2447 510 2465 ex
534 2437 572 2465 iis
596 2437 750 2475 pecuniis,
774 2447 848 2475 quas

133 2476 218 2507 cives
242 2478 334 2514 ultro,
360 2489 417 2509 non
448 2484 630 2518 exspectata
652 2481 682 2509 vi
708 2489 850 2519 cogente,

130 2521 296 2551 conferant.
313 2532 379 2551 nam
396 2522 447 2561 qui
461 2527 587 2561 potuere
603 2533 642 2552 ex
659 2533 763 2552 eorum
781 2522 847 2561 opi-

136 2563 194 2593 bus
208 2574 360 2599 crescere,
376 2566 428 2604 qui
449 2565 602 2595 noluerint
624 2566 776 2602 conferre,
797 2571 848 2596 aut

131 2615 192 2636 non
208 2608 403 2637 contulerint.

171 2667 217 2673 -—
232 2651 287 2680 ult.
315 2649 488 2692 ἐξητάσθης]
523 2650 606 2680 Citat
632 2651 662 2681 h.
685 2651 707 2680 l.
725 2652 848 2691 Harpo-

131 2698 206 2723 crat.
222 2704 251 2723 v.
267 2692 434 2733 ἐξητάσθης
449 2699 479 2723 et
493 2692 695 2734 ἐξετάζεσθαι.

173 2738 248 2767 614.
257 2740 288 2767 4.
300 2737 421 2777 τούτων]
439 2742 540 2776 potest
557 2737 755 2766 masculinum
770 2748 848 2767 esse.

133 2777 236 2809 horum
261 2781 392 2820 quidam,
417 2780 567 2810 sodalium
593 2786 668 2819 puta
684 2780 848 2810 Androtio-

131 2820 190 2851 nis.
205 2823 307 2852 malim
325 2828 423 2853 tamen
446 2827 583 2852 neutrum
600 2833 679 2858 esse,
697 2829 728 2852 ut
751 2824 848 2853 cohae-

130 2868 196 2894 reat
210 2875 277 2895 cum
293 2877 329 2895 ων
350 2866 396 2907 [id
413 2871 472 2902 est,
489 2865 523 2906 ἃ]
542 2866 703 2897 amoveo*
694 2869 781 2903 υμᾶς.
797 2866 849 2896 ha-

129 2916 198 2936 rum
223 2910 425 2950 pecuniarum,
453 2919 525 2949 quas
556 2910 630 2939 tobis
659 2907 850 2950 suffurantur

129 2949 258 2989 quidum.
280 2951 394 2983 fallitur
409 2952 548 2988 surinus,
571 2963 667 2992 neque
690 2953 848 2983 nominati-

128 3001 187 3022 vus
200 2992 249 3022 hio
264 2994 365 3033 deest,
378 2995 431 3036 qui
451 3000 498 3026 est
520 3005 603 3032 τινες,
620 3005 719 3035 neque
735 2996 848 3027 redun-

130 3034 183 3066 dat
197 3034 311 3068 τούτων.

909 342 953 347 -
970 327 1021 356 12.
1036 337 1048 353 ο
1070 324 1141 366 ἐγὼ]
1170 328 1241 357 dedi
1266 340 1295 358 ου
1320 329 1369 367 ’γὼ
1396 328 1464 369 [οὓ’
1464 330 1516 367 γὼ,
1537 326 1579 358 mi

868 368 1011 408 ReiskiJ,
1029 369 1109 406 quod
1127 374 1175 398 est
1190 370 1282 405 idem,
1301 373 1355 401 sed
1373 373 1487 402 Attice.

910 412 1018 441 -15.
1038 411 1228 452 ὡαολογεῖτο]
1257 416 1377 444 correxi
1399 414 1585 454 ὡμολογεῖτε.

869 456 898 484 in
915 454 996 493 quod
1013 454 1085 483 olim
1102 466 1169 484 cum
1193 456 1370 494 conjectura
1390 467 1438 486 me
1460 456 1588 486 detulis-

871 503 930 532 set,
948 497 1039 526 video
1063 497 1092 526 id
1120 509 1197 527 nuno
1221 500 1260 527 ab
1280 499 1457 538 Augustano
1481 500 1586 529 confir-

870 547 994 570 matum.
1025 541 1136 570 etiamsi
1158 551 1202 570 ros
1226 540 1526 582 ipsimetfateremini,
1542 550 1588 572 ros

870 593 924 613 esse
939 585 1087 612 cit-itatem
1102 585 1324 622 mancipiorum,
1345 595 1404 614 non
1430 591 1528 615 autem
1543 596 1591 615 eo-

869 637 950 662 rum,
969 628 1019 666 qui
1034 626 1112 656 saliti
1127 633 1212 657 esseut
1225 628 1292 656 aliis
1309 629 1460 666 imperare.

913 672 1025 699 ——QQ
1041 668 1201 711 Βελτιόνων]
1217 675 1289 709 post
1305 670 1451 704 βελτιόνων
1466 669 1590 701 videtur

871 710 952 746 ὄντας
969 713 1088 742 deesse.

914 759 1021 786 —24.
1037 755 1118 785 ἄλλα
1132 755 1172 791 δὲ,
1188 755 1258 798 ἴσοι]
1273 757 1292 786 f.
1305 757 1386 786 ἀλλὰ
1401 755 1490 797 γᾶς,’
1480 754 1548 786 ὅσα.

916 800 1055 829 615.14.
1078 799 1278 840 ἄντιγξάφευς]
1305 800 1389 829 Citat
1415 801 1444 829 h.
1467 800 1486 830 1.
1509 799 1593 829 Har-

872 852 960 881 pocr.
973 853 1001 873 v.
1018 842 1211 888 ἀντιγξαφεῦς.
1222 842 1357 873 nibilhic
1374 843 1518 873 vitiosum
1532 848 1589 873 est.

873 886 964 915 modo
1002 890 1151 920 teneatur,
1178 887 1214 916 ὠν
1245 887 1282 916 ad
1315 885 1445 927 εἰσφορὰς
1475 885 1589 916 redire.

874 938 1000 969 quarum
1015 929 1264 959 contributionum
1286 934 1414 966 notator,
1437 930 1486 960 vel
1502 930 1593 960 consi-

872 978 991 1011 gnator‚
1008 973 1065 1011 ipse
1077 973 1198 1002 collator
1209 974 1325 1012 quisque
1337 978 1387 1002 est.

917 1032 959 1037 -—-
976 1017 1027 1044 94.
1039 1014 1116 1055 περὶ]
1134 1015 1252 1045 correxi
1268 1013 1332 1045 ἔπι-ι’.
1351 1016 1439 1045 Idem
1452 1019 1500 1045 est
1511 1025 1546 1044 ac
1563 1015 1589 1045 si

874 1057 1003 1087 dixisset
1015 1068 1021 1087 :
1038 1059 1080 1087 νῦν
1090 1057 1131 1094 δὲ,
1143 1058 1226 1089 ὁπότε
1243 1057 1322 1100 φαίνῃ
1335 1060 1382 1094 σὺ,
1396 1058 1477 1093 ὅστις
1492 1058 1595 1098 ὥρισας

873 1104 999 1140 -(aut
1023 1103 1106 1140 μετὰ,
1131 1101 1164 1131 τὸ
1187 1101 1360 1142 ὅςίσαι-)
1386 1100 1412 1131 ἐν
1439 1102 1515 1143 ἄλλῃ
1539 1102 1592 1132 τινὶ

876 1143 975 1184 πράξει
990 1161 1032 1166 -
1046 1146 1090 1183 μὴ
1108 1143 1361 1198 προσγραψάμενος
1375 1146 1423 1175 τὴν
1438 1145 1522 1175 αὐτὴν
1541 1151 1596 1184 φυ-

875 1188 974 1223 λακνν,
993 1186 1074 1227 ἦνπες
1090 1186 1138 1218 ἐπὶ
1150 1190 1206 1217 τῶν
1221 1188 1351 1228 εἰσφορῶν
1366 1186 1595 1229 προσγραψάμε-

876 1241 916 1263 νος
931 1227 1023 1272 φοιινῃ,
1037 1231 1087 1260 οὐκ,
1107 1230 1214 1262 εὔδηλον
1228 1248 1270 1253 —-
1284 1242 1366 1261 nunc
1390 1237 1499 1266 autem,
1524 1241 1592 1261 eum

877 1279 1000 1309 constat,
1031 1278 1070 1309 te,
1100 1276 1152 1314 qui
1182 1274 1272 1315 legem
1299 1275 1357 1313 ipse
1385 1274 1439 1304 tibi
1461 1275 1596 1304 sanxisses

879 1315 966 1351 hanc,
982 1321 1018 1346 ut
1032 1327 1106 1355 resp.
1125 1318 1157 1347 in
1177 1317 1424 1347 contributionum
1450 1318 1596 1348 exactione

879 1359 933 1389 tibi
945 1359 1112 1399 nefideret‚
1126 1361 1157 1390 in
1174 1361 1426 1390 administratione
1447 1361 1525 1390 alius
1539 1360 1595 1390 ali-

880 1403 965 1442 cujus
980 1404 1034 1439 rei,
1048 1404 1080 1432 in
1095 1405 1168 1433 vasis
1189 1404 1279 1433 sacris
1296 1409 1370 1443 puta
1391 1403 1595 1434 mutandis—-

880 1446 999 1475 eandem
1031 1447 1193 1476 cautionem
1225 1446 1271 1476 illi
1303 1446 1426 1483 decreto,
1457 1457 1512 1487 quo
1542 1445 1597 1476 tibi

881 1499 1014 1518 vasorum
1039 1499 1189 1519 sacrorum
1220 1491 1396 1519 restauratio
1420 1489 1596 1519 demandata

881 1537 932 1567 est,
947 1532 1073 1562 adscribi
1089 1533 1132 1562 nil
1148 1542 1271 1567 curasse,
1292 1543 1379 1572 quum
1403 1532 1528 1563 adscribi
1550 1532 1597 1562 illi

880 1574 994 1604 decreto
1009 1579 1104 1605 tamen
1121 1576 1242 1611 curasti,
1258 1586 1313 1615 quo
1329 1576 1381 1605 tibi
1397 1577 1506 1606 exactio
1525 1575 1596 1605 reli-

880 1627 1006 1656 quarum
1041 1619 1290 1648 contributionum
1326 1618 1502 1649 demandata
1539 1623 1596 1648 est:

880 1670 974 1690 noune
986 1660 1110 1700 planum
1124 1666 1176 1691 est.

922 1721 965 1725 ——
995 1706 1047 1733 227.
1082 1704 1249 1744 σκέψεσθε]
1279 1703 1399 1734 correxi
1427 1702 1598 1742 σκέψασθε.

881 1746 985 1776 Verba
999 1747 1048 1776 καὶ
1065 1749 1144 1777 κατὰ
1160 1746 1271 1780 ’παντὸς
1285 1749 1334 1777 τοῦ
1349 1746 1454 1789 χρόνου,
1472 1758 1530 1777 non
1547 1758 1597 1777 so—

881 1789 941 1819 lum
964 1791 1002 1819 ob
1026 1790 1153 1830 reliqua,
1178 1791 1232 1820 sed
1251 1791 1341 1820 etiam
1359 1791 1475 1820 ratione
1495 1791 1599 1820 habita

879 1832 990 1871 reliqui
1004 1833 1097 1863 totius
1108 1833 1268 1873 temporis,
1278 1844 1337 1873 quo
1350 1844 1431 1873 resp.
1443 1838 1546 1863 nostra
1558 1833 1596 1863 ad

881 1886 1001 1906 omnem
1018 1882 1205 1917 posterorum
1223 1877 1397 1907 memoriam
1415 1877 1576 1916 perstabit.

925 1922 997 1951 616.
1018 1923 1044 1949 1.
1061 1920 1136 1961 ὅςᾷν]
1160 1925 1191 1949 et
1213 1919 1328 1950 vidisse
1352 1930 1451 1960 nuper
1472 1920 1502 1949 in
1525 1922 1597 1950 sub·

881 1962 964 1999 latis,
980 1967 1010 1992 et
1026 1963 1125 1993 adhuc
1141 1963 1246 1992 videre
1263 1963 1292 1992 in
1312 1963 1539 2002 superstitibus.

924 2023 966 2028 -—
981 2008 1012 2035 4.
1029 2004 1044 2036 ἢ
1060 2007 1140 2036 κατὰ
1155 2005 1273 2046 ωᾶλεις]
1286 2012 1339 2036 aut
1355 2007 1452 2036 eundo
1464 2016 1518 2046 per
1528 2007 1600 2036 civi-

882 2054 956 2078 tates
971 2048 1114 2088 singulas.

924 2108 968 2114 --
983 2094 1034 2122 18.
1055 2097 1085 2122 et
1101 2094 1153 2122 ⁶26.
1173 2092 1285 2133 αὐτοῖς]
1302 2091 1485 2123 Androtioni
1503 2097 1534 2122 et
1545 2091 1600 2123 Ti·

881 2135 1060 2168 mocrati,et
1076 2135 1169 2165 sociis
1186 2146 1303 2165 eorum.

924 2195 967 2200 —
983 2181 1033 2208 ¹21.
1050 2177 1139 2217 ὄντες]
1157 2179 1245 2208 donec
1260 2178 1357 2209 adhuc
1372 2184 1557 2218 supererant.

924 2239 968 2244 —-
981 2223 1031 2251 27.
1046 2222 1058 2251 ὁ
1071 2221 1142 2262 μὲν]
1160 2222 1320 2251 Androtio.

924 2282 968 2287 ——-
997 2265 1073 2294 ibid.
1107 2264 1141 2295 δι’
1164 2263 1275 2306 ἐκεῖνον]
1313 2264 1533 2295 Timocratem.
1563 2265 1598 2295 id

883 2309 964 2346 quod
987 2308 1111 2338 Jurinus
1135 2318 1256 2347 quoque
1281 2319 1299 2338 e
1325 2308 1515 2338 Timocratea
1546 2309 1600 2338 ob-

883 2351 1027 2381 servavit.

924 2412 968 2416 —
981 2394 1057 2424 ibid.
1074 2394 1086 2423 o‘
1101 2393 1144 2433 δὲ]
1161 2393 1362 2425 Timocrates.

925 2439 1000 2468 617.
1017 2441 1047 2468 4.
1063 2436 1180 2478 πλήθει]
1197 2437 1267 2466 addi
1284 2438 1373 2468 velim
1391 2437 1439 2467 'cai
1453 2436 1585 2477 μεγέθει.

924 2496 967 2502 —
982 2481 1056 2510 ibid.
1072 2478 1299 2522 προσετξίψοιτο]
1323 2481 1405 2510 Citat
1426 2482 1455 2511 h.
1473 2481 1494 2510 l.
1518 2481 1602 2511 Tho-

882 2533 947 2553 mas
965 2525 1009 2553 M.
1027 2535 1055 2553 v.
1073 2522 1291 2564 πξοστξίιῗσμοιι.

925 2585 967 2589 —-
982 2568 1012 2597 5.
1027 2567 1153 2606 μικροῖς]
1171 2567 1241 2596 addi
1261 2567 1352 2596 velim
1367 2565 1416 2596 καὶ
1432 2564 1542 2604 ὀλίγοις.

925 2628 968 2632 ——-
987 2613 1037 2640 18.
1069 2609 1237 2650 Πςοπύλαια,
1267 2610 1381 2651 ταῦτα]
1407 2609 1490 2640 Citat
1520 2611 1600 2640 Har-

882 2663 969 2693 pocr.
986 2664 1016 2683 v.
1033 2654 1199 2692 Πξοπύλαια
1216 2654 1325 2683 ταῦτα.

924 2714 968 2718 -
991 2699 1043 2727 90.
1068 2695 1215 2738 χρυσίδες]
1239 2697 1340 2726 locum
1365 2697 1395 2726 h.
1418 2696 1491 2726 citat
1518 2695 1602 2725 Har-

882 2749 970 2778 pocr.
985 2740 1012 2768 h.
1033 2750 1061 2769 v.

925 2800 969 2805 -—
985 2784 1036 2813 ⁶25.
1061 2781 1124 2815 οῖὀις
1146 2781 1220 2823 περ]
1243 2782 1365 2821 correxi
1380 2779 1501 2822 οἷόσπεξ,
1524 2791 1603 2820 prae·

883 2831 972 2854 eunte
988 2824 1096 2855 codice
1117 2825 1302 2864 ButlleyanO.
1324 2825 1521 2855 Constructio
1535 2829 1600 2854 est:

883 2867 940 2898 οὐδὲ
951 2869 1090 2910 χξώμενοι
1103 2867 1277 2906 συμβούλοις
1290 2866 1400 2908 οἷόσπερ
1413 2868 1441 2898 εἷ
1452 2867 1499 2897 σύ.
1512 2876 1603 2906 neque

883 2915 997 2941 ‘utentes
1011 2913 1150 2952 ejusmodi
1172 2912 1356 2945 consiliariis,
1376 2911 1536 2949 cujusmodi
1567 2915 1601 2939 tu.

884 2964 912 2984 es
938 2965 1015 2984 unus
1039 2956 1154 2995 aliquis.
1171 2965 1235 2984 nam
1254 2954 1331 2983 alias
1348 2964 1363 2982 e
1381 2954 1505 2992 vulgata
1520 2953 1604 2982 exsi-

883 2996 937 3027 stit
955 2997 1021 3027 haec
1037 2998 1171 3027 absurda
1187 2997 1350 3026 sententia:
1377 3006 1469 3037 neque
1489 3000 1603 3026 utentes

883 3041 1069 3078 consiliariis,
1083 3039 1217 3082 qualibus
1232 3046 1266 3071 tu.
1281 3040 1378 3070 uteris.
