1997 3323
329 184 384 225 28
705 179 738 220 I.
759 178 793 221 Ι.
817 176 1045 220 REISKE

330 286 387 326 τα]
411 284 531 324 praetuli
554 284 587 313 τό
608 285 661 324 γὰρ
679 284 802 324 πςὲἰγμα
819 282 867 322 ὄςῶ
888 280 1040 320 προβαινον.

331 338 398 358 nam
413 328 502 357 video
513 337 577 358 rem
589 326 731 367 gliscere,
742 336 876 365 serpere,
888 324 1041 352 increbre-

331 381 428 400 scere.
447 370 581 402 studium
597 374 673 419 puta
688 368 866 399 nostratium
884 376 955 405 erga
969 365 1042 395 Phi-

331 414 462 453 lippum,
483 418 515 444 et
534 413 757 443 contentionem
779 411 955 449 largitiones
975 410 1043 447 ejus

332 457 479 493 merendi,
496 457 662 496 pntriaeque
679 456 815 485 fortunas
833 453 862 482 ei
879 453 1044 482 vendendi.

374 502 428 530 ⁷4.
444 503 495 531 ⁶24.
519 498 662 540 μάλιστ’]
689 508 757 527 voc.
777 498 918 537 μάλιστα
941 495 1043 525 malim

332 554 412 583 pone
427 543 548 584 ἀκςιβῶς
567 542 650 581 poni,
674 546 706 571 ut
730 540 782 576 sit,
805 540 839 573 ὡς
859 538 881 568 δ’
897 539 929 568 &v
944 538 1044 577 ἐξετα-

562 683 645 723 AD
679 679 1049 723 ORATIONEM

379 793 430 821 76.
448 790 501 821 ult.
525 789 602 820 δεινὸν
616 787 686 830 γᾶς]
710 787 794 817 Citat
809 789 837 819 h.
858 788 880 817 l.
896 787 1048 818 Aristides

338 836 377 865 de
397 834 478 863 Dict.
494 832 626 886 simplici
642 843 673 871 p.
688 833 762 862 422.

382 879 434 906 77.
453 880 483 907 4
508 876 568 925 πεςὶ
588 878 622 905 ὠν
642 872 849 913 Φίλιππος-]
873 872 1050 902 concinnius

339 921 463 950 videtui
479 920 576 949 oratio
594 919 639 949 sic
660 918 806 952 ordinari,
830 917 855 946 si
876 916 937 945 duo
960 926 1051 946 voca-

341 964 413 993 bula
427 962 488 1002 mg?
504 962 609 992 τούτων
625 962 654 991 ἰι]
667 971 787 991 versum
801 960 939 1003 quintum
955 959 1050 988 ‹ledu-

339 1011 456 1040 cautur,
473 1007 508 1035 ad
528 1007 606 1035 hunc
618 1005 760 1034 modum:
787 1003 847 1042 περὶ
863 1004 897 1032 ὠν
913 1000 1054 1036 Φίλιππος

339 1048 519 1084 ἐπέσταλκε,
534 1047 695 1087 διεξελθεῖν.
718 1046 828 1087 ὕστερον
843 1046 882 1081 δὲ,
899 1045 960 1085 περὶ
981 1041 1016 1074 ὠν
1030 1046 1053 1073 οἳ

341 1091 475 1132 'nese-Bm·
489 1092 616 1131 λέγουσι,
632 1090 680 1120 καὶ
702 1091 785 1130 ἧμεῖς
807 1089 870 1130 ‘fregi
889 1088 992 1118 τούτων
1008 1087 1055 1117 λέ-

344 1134 440 1175 ξομεν.

386 1197 429 1201 —
444 1180 474 1208 6.
496 1176 634 1218 ἄξχεται]
649 1176 733 1206 Citat
747 1176 777 1206 h.
794 1175 815 1205 l.
833 1174 1055 1213 Hermogenes.

387 1239 430 1244 —-
446 1224 476 1251 8.
501 1221 564 1251 οὔτε
584 1220 649 1250 τότε
667 1219 780 1261 λαβειν]
801 1217 931 1247 mediam
951 1228 1057 1247 vocem

344 1264 383 1294 de
398 1275 467 1294 ineo
480 1263 596 1293 addidi.
618 1269 759 1293 caeterum
776 1263 864 1291 locus
877 1261 920 1290 ita
937 1260 1059 1290 videtur

344 1307 554 1338 reformandus
568 1317 656 1336 esse:
680 1307 758 1345 ὑμᾶς
776 1304 799 1334 δ’
819 1316 847 1333 ου
863 1303 932 1343 φησὶ
949 1301 1060 1337 δικαίως

345 1349 429 1381 αὐτὸν
441 1351 576 1381 ἀπαιτεῖν
595 1361 651 1390 ουχ
669 1347 807 1388 ὑμετέραν
821 1344 914 1377 οὖσαν.
937 1357 993 1376 vos
1008 1357 1060 1376 au-

347 1400 408 1424 tem
424 1398 515 1433 negat
525 1399 606 1422 recte
617 1399 646 1422 et
657 1403 696 1421 ex
708 1402 795 1431 aequo
809 1392 919 1426 facere,
930 1390 1059 1420 insulam

347 1448 366 1467 a
382 1447 414 1466 se
436 1441 622 1476 repetentes,
639 1446 707 1474 quae
731 1439 835 1465 vestra
857 1434 939 1463 nulla
958 1434 1008 1462 sit.
1033 1432 1060 1461 οὗ

347 1482 403 1520 732?
417 1478 484 1509 τότε
500 1478 598 1512 λαβεῖν
610 1478 757 1518 [subaudi
770 1475 909 1518 δικαίως]
923 1487 990 1506 nam
1009 1486 1060 1505 ne-

349 1534 409 1562 que
420 1524 492 1562 jure
505 1533 561 1552 vos
572 1532 637 1553 eam
654 1527 716 1552 tum
728 1531 911 1559 occupasse,
925 1530 994 1549 cum
1011 1529 1063 1549 oc-

351 1566 517 1605 cuparetis,
528 1576 625 1604 neque
637 1575 716 1594 nunc
726 1575 792 1594 eam
804 1569 920 1600 tenere,
931 1563 986 1592 sed
996 1564 1063 1602 ejus

350 1609 546 1649 possessione
562 1608 730 1638 excidisse.

394 1670 437 1675 ——
455 1654 505 1682 13.
528 1652 556 1680 οὐ
580 1650 718 1692 χαλεωον
730 1650 786 1690 -]
811 1649 891 1679 idem
908 1653 955 1678 est
977 1658 1012 1677 ac
1036 1647 1064 1677 si

351 1695 502 1725 dixisset:
519 1694 546 1724 οὐ
561 1693 691 1736 χαλεπόν
709 1693 787 1723 ἐστιν
796 1692 882 1722 αὐτοῦ
898 1690 1063 1731 ἀφελέσθαι

351 1740 449 1768 τοῦτον
465 1737 511 1767 τόν
527 1737 616 1775 λόγον,
637 1737 787 1771 δεικνύντα,
809 1737 845 1769 ὡς
867 1735 945 1766 ἐστιν
962 1735 1064 1767 ἄδικος

355 1792 415 1812 non
427 1786 474 1811 est
489 1781 612 1810 difficile
625 1780 721 1810 hanc
714 1781 775 1818 ipsi
787 1779 992 1809 causationem
1006 1777 1066 1807 eri-

356 1835 443 1866 pere,
459 1824 612 1859 docendo,
627 1823 770 1862 injustam
788 1833 868 1852 esse.

399 1886 441 1889 —
471 1870 523 1898 27.
560 1865 710 1897 mvn-anea
741 1865 897 1905 διοικησειν]
936 1862 1067 1894 subaudi

356 1922 426 1950 υπὲξ
442 1922 528 1940 oev‘rou
545 1911 722 1951 πράγματα.

399 1971 442 1977 -—-
464 1965 534 1993 pen.
558 1952 735 1993 μελλόντων]
768 1951 854 1981 uncis
886 1949 1009 1985 inclusi,
1037 1953 1069 1978 ut

357 1998 516 2027 molestum
547 2001 578 2026 et
609 1996 807 2034 superfluum,
837 1993 1066 2031 orationemque

359 2040 542 2090 impediens.
581 2039 700 2069 sublato
726 2038 806 2068 enim
834 2048 871 2066 eo
898 2037 938 2066 nil
968 2037 1068 2070 deest,

358 2085 430 2123 quia
448 2083 588 2112 διοικήσειν
609 2083 741 2112 cohaeret
763 2092 830 2112 cum
851 2078 1070 2121 ὑπεσχημένων,

360 2126 413 2166 qui
432 2130 616 2165 receperunt
636 2125 797 2163 Philippo,
820 2134 852 2152 se
877 2124 1069 2161 negotiorum

360 2174 392 2199 et
418 2169 589 2199 studiorum
619 2169 686 2207 ejus
715 2167 779 2197 fore
804 2166 996 2196 administros
1026 2170 1071 2193 at-

360 2222 420 2252 que
450 2215 685 2252 procuratores3
716 2211 809 2249 idque
840 2209 930 2239 etiam
962 2218 1071 2247 reapse

361 2260 464 2295 agunt.

404 2301 456 2329 78.
470 2302 498 2328 1.
516 2298 561 2327 ὅτι
577 2296 611 2327 δι’
623 2294 867 2338 ἀμφοτέρων]ί“.“’
851 2307 894 2325 οτι
909 2296 935 2326 νῆ
949 2292 996 2324 Δί’
1005 2295 1072 2333 ἆμ-

362 2341 493 2382 φοτέξων.

406 2403 448 2407 —-
463 2387 493 2415 3.
517 2384 549 2413 ἂν
574 2394 607 2414 τε
631 2381 750 2417 λάζητε,
776 2382 809 2411 ἄν
831 2380 860 2411 τ’
887 2379 1072 2420 ἀπολάβητε]

364 2429 439 2458 citat
460 2432 489 2456 et
514 2427 691 2466 paraphrasi
713 2426 858 2464 explanat
880 2425 909 2454 h.
930 2424 951 2453 l.
973 2425 1019 2464 (et
1044 2433 1074 2461 p.

365 2472 438 2501 16⁴2.
455 2469 525 2509 16.)
548 2469 726 2499 Eustathius
741 2470 777 2499 ad
797 2470 913 2508 Odyss.
930 2478 960 2506 p.
977 2469 1028 2497 6⁶2.
1045 2469 1074 2496 5.

365 2515 415 2544 ed.
436 2515 523 2543 Rom.

407 2574 450 2580 -——
475 2559 525 2586 1⁶2.
556 2557 662 2596 πρῶτον
685 2554 740 2594 μὲν
770 2554 863 2595 γαρ]-
860 2553 1078 2589 -desideratur,

366 2600 449 2640 quod
473 2599 591 2638 insequi
616 2603 705 2636 atque
728 2597 914 2636 respondere
935 2597 1078 2631 debebat,

368 2641 489 2674 colum'
483 2641 584 2672 ἔπειτα
602 2640 629 2670 δὲ
642 2659 684 2663 —
696 2645 748 2670 aut
767 2651 839 2689 ergo
860 2639 1078 2678 suspicandum

366 2690 427 2722 est,
442 2690 590 2716 oratorem
613 2685 740 2713 oblitum
764 2683 814 2712 sui
838 2683 982 2722 supplere
1005 2682 1079 2711 defi-

367 2729 482 2760 cientia
492 2739 549 2757 uon
561 2727 744 2761 meminisse,
759 2730 810 2756 aut
823 2726 1021 2755 adsciscendo
1032 2730 1081 2755 est

369 2785 386 2802 e
402 2772 577 2802 Felicianea
594 2771 657 2799 baec
674 2769 792 2798 lectio'
786 2769 888 2799 ἔπειτα
905 2768 946 2804 δὲ,
969 2769 993 2798 εἴ
1009 2779 1041 2806 γε
1066 2781 1079 2799 η

370 2816 496 2855 δύναμις,
512 2825 569 2854 pro
581 2813 655 2848 illis,
669 2822 737 2851 quae
754 2822 844 2841 versu
862 2812 913 2842 15.
927 2812 1079 2850 leguntur,

368 2859 452 2889 ὁπότε
479 2870 532 2897 yae
556 2857 569 2888 ἦ
592 2856 647 2896 μὲν
670 2855 795 2894 δύναμις.
820 2855 928 2889 Modo,
944 2854 1025 2893 quod
1041 2855 1079 2883 de

369 2903 551 2932 auctoritate
573 2900 663 2938 hujus
688 2897 826 2928 lectionis
847 2898 926 2926 haud
948 2902 1080 2931 constet,

369 2956 458 2984 quam
490 2945 520 2973 iu
549 2943 696 2973 librorum
724 2951 859 2971 meorum
885 2941 969 2970 nullo
992 2950 1080 2979 repe-

369 2998 471 3018 rernm.

1078 171 1405 215 ANNOTATA

1075 278 1156 310 σθείη
1174 278 1304 319 ἀκριβῶς,
1323 284 1357 306 ut
1374 280 1474 307 autem
1492 275 1529 304 ad
1547 273 1650 304 vivum
1666 281 1785 301 resece-

1076 327 1136 357 tur,
1164 326 1195 351 et
1221 320 1460 360 persentiscatur
1479 317 1627 358 penitius,
1646 315 1787 354 μάλιστα

1076 367 1119 405 μὴ
1134 363 1252 402 γένοιτο,
1268 368 1288 393 ὠ
1307 362 1379 399 scot,
1400 373 1418 392 o
1441 362 1497 398 dii,
1519 365 1587 390 ante
1608 360 1667 390 alia
1687 356 1788 388 omnia

1076 408 1171 438 nolite
1196 407 1397 441 committere,
1420 405 1481 440 vel,
1501 404 1532 434 id
1554 414 1629 434 vero
1655 401 1787 431 omnium

1077 451 1201 481 minime
1219 451 1279 480 fiat.

1120 512 1163 516 —-
1178 493 1234 523 ult.
1257 494 1308 526 τῆς
1332 490 1450 532 ζημίας]
1480 489 1582 519 malim
1604 489 1656 523 τῆς
1678 486 1791 518 πάντων

1079 535 1193 577 ζημίας.

1086 678 1169 720 DE
1204 674 1548 718 HALONESO.

1126 789 1179 818 79.
1202 788 1252 816 12.
1276 783 1512 824 ξεβαιώσασθαι]
1538 787 1610 823 post
1633 783 1796 818 βεβαιώσει·

1085 829 1160 859 σθαι
1177 829 1247 858 addi
1264 827 1365 857 malim
1382 827 1574 867 ὁμολογοῦσιν.

1128 891 1170 895 —
1188 874 1239 902 13.
1262 870 1323 901 ἐπεὶ
1340 870 1382 900 δ’τι
1395 881 1426 909 γε
1436 870 1607 911 συμβόλων]
1622 870 1719 900 citant
1734 871 1762 900 l1.
1775 871 1797 900 l.

1088 915 1241 954 Harpocr.
1258 919 1290 943 et
1303 914 1434 943 Thomas
1452 914 1497 943 M.
1512 914 1543 943 in
1561 925 1589 943 v.
1603 913 1754 953 σύμβολα.

1131 960 1228 988 8οκ1.
1245 956 1395 997 ὑποδοχῆν]
1413 956 1445 985 id
1459 956 1676 993 ε51,ὑπο’ληψιν.
1692 957 1730 986 ad
1744 957 1800 986 im-

1088 1001 1282 1041 petrandum,
1300 1006 1333 1029 ut
1346 999 1484 1037 homines
1501 999 1664 1037 opinentur
1680 1009 1736 1030 vos
1745 1017 1800 1029 ——-.

1130 1062 1172 1066 -—
1190 1046 1241 1075 13.
1258 1044 1321 1075 τοὺς
1335 1041 1400 1082 παρ’
1414 1042 1530 1082 ἑαυτοῦ]
1547 1042 1648 1072 malim
1660 1043 1725 1076 τοὺς
1735 1041 1802 1084 παρ’

1090 1086 1199 1123 ἑαυτὸν,
1214 1087 1243 1117 in
1256 1085 1441 1116 accusativo.
1458 1085 1597 1121 exsules,
1609 1086 1660 1124 qui
1673 1097 1690 1116 e
1700 1086 1801 1116 Thaso

1091 1131 1130 1159 ad
1151 1141 1184 1160 se
1203 1129 1418 1169 perfugissent.
1441 1128 1662 1167 δια-κεκομικέναι
1677 1139 1802 1169 compo-

1092 1173 1184 1202 situm
1207 1172 1329 1212 praetuli
1352 1172 1486 1211 simplici
1507 1171 1698 1210 κεκομικέναι,
1719 1173 1802 1211 quod

1093 1220 1140 1245 est
1162 1217 1192 1246 iu
1221 1215 1364 1254 vulgatis·
1389 1219 1596 1244 verumtamen
1619 1214 1802 1245 infinitivum

1094 1259 1172 1288 bunc
1183 1269 1242 1297 quo
1254 1259 1442 1288 referemus?
1459 1257 1538 1287 uude
1549 1262 1640 1296 aptus
1652 1257 1729 1288 erit?
1745 1269 1803 1288 non

1094 1303 1210 1341 poterit
1229 1302 1364 1336 aliunde,
1388 1310 1478 1339 quam
1501 1311 1540 1330 ex
1563 1300 1647 1340 ἀξιῶν
1662 1311 1753 1331 versu
1772 1303 1803 1331 5.

1097 1345 1177 1375 unde
1204 1345 1401 1384 insequentes
1427 1343 1570 1373 infinitivi
1593 1355 1715 1383 quoque
1740 1345 1805 1383 apti

1097 1393 1176 1418 sunt.
1221 1387 1314 1427 Atqui
1332 1398 1399 1426 quae
1415 1386 1472 1416 erit
1486 1387 1635 1417 sententia
1651 1387 1734 1426 ἀξιῶν
1748 1387 1807 1417 δια-

1095 1430 1273 1472 κεκομικέναι
1285 1430 1294 1460 3
1312 1436 1376 1465 aut,
1390 1430 1416 1459 si
1428 1440 1496 1459 cum
1505 1430 1633 1464 Wolfio,
1645 1430 1806 1470 διακεκομι-

1095 1474 1167 1504 κέναι
1187 1475 1250 1504 aias
1276 1484 1315 1503 ex
1337 1473 1424 1503 ἄδειαν
1444 1482 1533 1502 versu
1551 1475 1581 1503 9.
1604 1478 1707 1511 aptum
1728 1484 1807 1509 esse,

1097 1529 1155 1547 non
1171 1518 1312 1547 convenit
1328 1516 1499 1546 infinitivus
1511 1516 1652 1554 perfecti,
1665 1517 1718 1546 sed
1728 1527 1808 1556 prae-

1098 1561 1194 1590 sentis
1208 1558 1377 1600 διακομίζειν
1394 1564 1424 1590 et
1440 1557 1617 1589 οἰκειοῦσθαι.
1645 1560 1760 1590 Brevis
1775 1565 1809 1590 ut

1098 1604 1168 1640 sim,
1183 1603 1371 1634 constructio
1389 1603 1418 1632 h.
1434 1603 1454 1631 1.
1471 1612 1598 1641 prorsus
1619 1607 1668 1632 est
1684 1603 1810 1633 inextri-

1099 1647 1219 1678 cabilis.
1271 1645 1417 1685 Suspicor
1445 1644 1549 1684 itaque
1575 1656 1633 1685 pro
1658 1646 1809 1676 infinitivo

1100 1690 1308 1720 sufficiendum
1324 1700 1392 1719 esse
1405 1688 1605 1719 indicativum
1619 1688 1810 1728 διακεκόμικε,

1099 1739 1130 1763 et
1146 1744 1237 1763 versu
1254 1735 1306 1763 14.
1326 1732 1499 1762 addendum
1513 1732 1550 1761 ad
1568 1732 1662 1766 νήσους
1678 1743 1747 1762 esse
1762 1732 1811 1762 ἐλ-

1100 1775 1188 1817 πίζει.
1212 1781 1246 1806 ut
1268 1776 1334 1806 haec
1356 1775 1397 1805 sit
1414 1775 1575 1812 sententia,
1599 1786 1696 1815 neque
1712 1776 1811 1806 solum

1100 1820 1225 1850 exsules
1240 1818 1382 1853 Thasios,
1405 1818 1456 1857 qui
1479 1818 1518 1848 ad
1541 1829 1574 1848 se
1591 1819 1812 1858 perfugissent,

1101 1874 1156 1902 per
1178 1864 1379 1902 imperatores
1395 1865 1516 1891 vestros
1537 1862 1659 1891 domum
1675 1867 1814 1900 reporta-

1102 1906 1160 1942 vit,
1179 1905 1224 1946 [h.
1241 1917 1268 1936 e.
1285 1905 1486 1944 reportandos
1501 1904 1637 1946 curavit]
1659 1905 1712 1934 sed
1733 1905 1813 1934 futu-

1102 1960 1168 1979 rum
1183 1959 1303 1989 quoque
1316 1952 1430 1987 sperat,
1442 1952 1475 1977 ut
1489 1947 1624 1986 reliquas
1637 1958 1759 1988 quoque
1770 1948 1814 1978 in-

1103 1993 1185 2022 sulas
1211 2002 1280 2022 suas
1303 1991 1333 2021 in
1357 1996 1459 2031 partes
1473 1991 1640 2029 pertrahat,
1658 1991 1684 2020 si
1705 2001 1815 2030 nempe

1103 2046 1226 2065 suorum
1242 2034 1408 2065 amicorum
1422 2034 1582 2075 nonnullos
1599 2034 1692 2064 classi
1703 2038 1814 2064 nostrae

1102 2079 1249 2119 imponat,
1273 2088 1332 2108 una
1352 2088 1421 2108 cum
1439 2077 1552 2107 nostris
1577 2077 1816 2117 imperatoribus

1104 2121 1367 2160 circumnavigare
1379 2122 1497 2159 jussos.
1513 2125 1654 2159 tanquam
1670 2120 1769 2151 socios
1785 2120 1816 2150 in

1104 2165 1200 2195 tutela
1215 2164 1308 2194 maris
1324 2164 1456 2203 gerenda
1471 2163 1601 2194 futuros.

1151 2226 1192 2231 -—
1225 2209 1272 2238 15.
1311 2205 1527 2247 συμπέμπων]
1557 2206 1661 2237 malim
1679 2207 1816 2246 simplex

1105 2249 1241 2291 πέμπων.

1149 2312 1191 2317 -—
1208 2296 1259 2324 19.
1276 2292 1542 2334 κατασκευάζεται]
1560 2293 1643 2323 Citat
1659 2294 1687 2323 h.
1699 2293 1721 2322 l.
1737 2292 1819 2322 'rho-

1107 2347 1172 2367 mas
1195 2338 1240 2367 M.
1257 2347 1288 2366 v.
1304 2335 1514 2375 κατασκευάζει)
1541 2347 1609 2376 pag.
1621 2338 1695 2367 509.
1711 2340 1743 2366 et
1758 2336 1820 2365 Mi-

1108 2381 1257 2410 nueianus
1288 2392 1316 2419 p.
1334 2382 1407 2411 156.
1437 2380 1487 2409 ubi
1512 2381 1568 2409 sub
1595 2380 1820 2419 enthymemate

1109 2422 1170 2454 ἀπ’
1186 2424 1320 2463 ἐφορμῶν
1341 2434 1408 2452 cum
1432 2423 1531 2452 locum
1557 2423 1634 2453 hunc
1649 2423 1822 2457 recitasset,

1109 2468 1174 2497 haec
1187 2467 1291 2496 addit:
1311 2465 1342 2495 ἐκ
1353 2468 1407 2506 γὰρ
1421 2466 1526 2496 τούτων
1539 2464 1572 2495 τὸ
1587 2464 1772 2499 ἐπιβουλεύειν
1785 2464 1825 2506 τῇ

1109 2509 1242 2551 Θαλάττῃ
1251 2509 1298 2538 τὸν
1308 2507 1446 2539 Φίλιππον
1456 2507 1621 2541 συνέστηκεν
1630 2509 1678 2549 (id
1691 2514 1750 2545 est,
1760 2519 1823 2538 συν-

1112 2553 1256 2593 έστησεν).
1272 2552 1408 2592 collegit,
1428 2553 1477 2583 vel
1495 2553 1681 2592 argumentis
1697 2552 1822 2582 demon-

1115 2597 1238 2632 stravit,
1255 2601 1357 2625 orator
1373 2601 1458 2634 puta.

1156 2657 1200 2662 -—
1212 2650 1283 2679 pen.
1306 2638 1397 2669 οἴκαδε
1409 2636 1582 2678 λαμβάνειν]
1598 2636 1712 2667 dicitur
1725 2637 1752 2667 is
1772 2637 1825 2666 do-

1115 2693 1164 2717 na,
1177 2684 1229 2722 qui
1242 2684 1279 2712 ab
1294 2682 1403 2717 amieo,
1414 2682 1490 2711 foris
1503 2681 1551 2710 vel
1563 2691 1692 2721 peregre
1705 2685 1824 2720 agente,

1115 2727 1208 2755 missa
1230 2725 1343 2764 accipit
1358 2726 1438 2755 ultro
1463 2724 1575 2760 delata,
1598 2734 1637 2753 ex
1658 2723 1824 2763 insperato,

1115 2769 1199 2798 nullo
1216 2779 1271 2798 suo
1285 2768 1462 2807 promerito,
1475 2772 1505 2796 et
1520 2767 1597 2796 citra
1608 2767 1823 2806 obligationem

1116 2812 1284 2841 referendae
1301 2811 1418 2850 gratiae.
1449 2809 1606 2839 Sententia
1621 2815 1688 2840 est:
1712 2810 1757 2840 illi
1773 2821 1824 2840 au-

1117 2860 1244 2890 tumant,
1261 2854 1439 2893 Philippum
1462 2854 1542 2883 dona
1564 2853 1602 2883 ad
1629 2864 1662 2882 se
1690 2853 1826 2883 Athenas

1116 2898 1297 2932 mittentem,
1327 2898 1448 2927 mittere
1477 2897 1556 2926 dona
1582 2895 1612 2925 in
1644 2897 1827 2927 Macedonia

1116 2946 1204 2978 nata3
1228 2944 1258 2969 at
1275 2940 1326 2969 ille
1340 2940 1412 2970 nihil
1430 2938 1512 2969 aliud
1526 2939 1602 2977 ipsis
1619 2939 1726 2974 mittit,
1737 2950 1826 2979 quarn

1117 2984 1260 3023 exiguam
1289 2984 1467 3022 particulam
1497 2983 1683 3013 fortunarum
1710 2983 1827 3024 patriae,
