1931 3323
336 184 421 226 392

334 290 394 319 sibi
422 293 554 326 constet,
586 299 677 328 quum
706 299 744 319 ea
771 288 841 327 lege
865 288 1049 318 frumentum

334 338 431 372 petat,
448 343 538 372 quam
558 332 760 362 dissuaserat.
805 332 922 367 Nolim,
940 331 1048 370 inquit,

334 387 402 406 mea
418 378 508 412 bona,
524 376 677 411 Gracche,
694 375 749 404 tibi
774 375 888 405 viritim
910 375 1050 404 dividere

333 420 439 449 libeat.
459 419 511 449 sed
530 419 557 449 si
576 419 682 454 facias,
706 424 821 457 partem
841 417 979 457 petam.''
1002 417 1049 447 οὐκ

331 462 364 491 ἂν
378 461 544 502 ἦὲουλόμην,
561 462 657 501 φησὶν,
671 460 770 500 ἐξεῖναί
785 473 829 491 σοι
851 460 942 499 νέμειν
959 461 1048 499 τάμὰ

333 505 402 534 κατ’
421 506 483 547 ἄνδρ
484 518 513 535 α.
536 504 583 536 ἐὰν
605 504 634 535 δὲ
653 517 689 535 συ
705 503 801 546 νέμης,
823 503 877 541 ἐγὼ
894 504 1048 544 νεμοῦμαι.

333 548 435 589 νέμειν,
452 549 593 585 tribuere,
610 549 748 578 dividet-a
772 546 920 586 νέμεσθαι,
935 558 991 586 ραν
994 553 1049 577 tem

331 594 475 631 accipere,
491 598 523 622 ut
534 593 624 622 Dem.
636 591 656 621 ἃ
667 590 786 631 νέμεσθε
801 603 843 621 νυν
855 591 947 640 ὑμεις.
964 591 1048 620 Prae-

333 641 419 665 terea
436 637 613 671 notandum,
637 636 752 664 divites
772 635 930 673 accepiSse
946 639 1048 672 partes

332 690 405 708 suas
421 689 490 709 cum
508 678 708 709 tenuioribus.
733 678 784 707 Ait
797 677 887 712 enim,
905 677 963 705 “is
979 677 1048 715 lege

332 722 392 752 lata
415 723 586 752 consularis
609 722 645 751 ad
662 720 874 759 accipiendum
892 720 1050 749 venerat.''

333 766 424 802 Quod
449 766 540 795 etiam
564 765 593 794 in
615 774 699 793 more
716 768 780 792 erat
798 763 1049 792 Atheniensibus.

332 810 423 838 Dem.
444 808 537 847 [Phil.
550 809 606 838 IV.
621 818 652 846 p.
669 810 742 836 141.
759 806 865 835 Reisk.
869 805 881 845 ]
898 804 994 839 οὐδενὸς
1006 807 1049 836 οὐ·

332 851 377 882 δὲν
391 851 578 893 ζημιουμένου
593 853 647 880 τῶν
662 849 718 884 τοὶς
741 847 836 882 οὐσίας
851 848 876 878 ἒ
864 848 982 902 Λἤντεον,
996 851 1049 879 ἀλ-

334 898 374 924 λὰ
392 896 438 924 καὶ
455 892 743 934 προσλαμέανόντουν.
760 893 781 922 οἷ
796 895 849 933 γὰρ
862 892 966 932 εὔποροι
979 894 1050 923 πάν-

330 949 378 972 τες
402 937 533 979 ἔρχονται
556 937 729 977 μεθέξοντες
749 935 863 971 τούτου,
885 936 933 965 και
953 939 1050 971 καλῶς

330 982 451 1017 ποιοῦσι.
477 981 529 1011 Sic
545 981 703 1014 enitimur,
716 985 860 1018 quantum
870 989 1049 1019 possumus,

330 1025 572 1054 Demosthenem
589 1029 621 1054 et
637 1025 817 1054 Ciceronem
840 1021 872 1052 ἐκ
889 1024 1050 1062 ’παραλλή-

331 1073 381 1097 λου
396 1078 589 1109 componere.

373 1129 417 1133 -—
437 1114 467 1142 3.
500 1111 586 1151 δεῖξαι
617 1109 857 1151 προσηρτημένον]
888 1119 1048 1148 appensum

331 1154 381 1183 vel
392 1154 580 1193 adjunctum.
592 1155 689 1193 Greg.
699 1155 774 1184 Naz.
788 1153 834 1194 [in
849 1152 1047 1195 Ecclesiast.]

330 1196 390 1227 οὐδὲ
413 1200 467 1238 γὰρ
492 1198 553 1239 ἔχει
579 1209 624 1233 τις
648 1198 744 1228 εἰπεῖν
765 1196 864 1237 ὄφελός
885 1208 915 1226 τι
939 1196 1050 1231 τούτοις

329 1240 563 1281 προσηρτημένον.
612 1242 732 1280 Nempe
771 1241 820 1270 hic
858 1240 1047 1270 secularibus

330 1285 511 1315 commodis.
558 1286 600 1315 Et
622 1286 700 1314 bene
720 1283 830 1324 ὄφελος.
867 1285 946 1313 Sunt
967 1283 1046 1313 enim

328 1328 359 1357 in
387 1328 434 1357 his
460 1329 583 1367 quidem
608 1328 760 1368 λήμματα
785 1327 878 1363 ἄττα,
904 1327 958 1357 sed
987 1337 1046 1356 non

329 1370 453 1411 ὠφέλεια
476 1372 595 1412 διαρκὴς,
611 1377 644 1401 ut
662 1373 753 1401 Dem.
769 1371 848 1400 dixit
868 1371 906 1400 de
923 1380 1046 1400 suorum

329 1414 444 1444 civium
471 1416 604 1445 lucellis.
632 1415 680 1456 [p.
699 1417 772 1445 108.
796 1415 846 1444 ed.
867 1413 926 1454 D.]
958 1415 1046 1444 Dem.

330 1458 432 1497 [Phil.
450 1459 475 1488 Ῑ.
493 1471 523 1499 p.
538 1461 591 1489 43.
614 1458 672 1498 R.]
697 1457 752 1487 ἴσθ’
778 1457 823 1488 ὅτι
849 1455 967 1487 πλησίον
991 1456 1049 1496 μὲν

328 1500 416 1538 ὅντες,
432 1501 541 1532 ἅπασιν
556 1502 588 1532 ἂν
603 1502 664 1537 τοῖς
677 1502 838 1541 πράγμασι
859 1500 1047 1540 τεταραγμέ-

328 1555 379 1579 νοις
394 1544 578 1581 ἒπισταντες,
592 1544 668 1579 ὅπως·
680 1544 834 1581 Βουλεσὲε,
849 1542 1047 1575 διοικησαισθε.

328 1588 364 1622 ὡς
381 1588 409 1618 δὲ
425 1599 467 1618 νυν
487 1588 586 1630 ἔχετε,
605 1588 663 1618 ουδὲ
682 1587 807 1618 διδόντων
828 1589 896 1626 ὑμῖν
913 1589 968 1617 τῶν
982 1599 1047 1617 και-

327 1634 376 1671 ρῶν
392 1631 741 1673 Ἀμφίπολιν,δέξασ·θαι
758 1629 878 1661 δύιμαισθ
898 1631 942 1666 ἂν,
957 1631 1046 1685 ἀπηρ-

327 1675 444 1714 τημένοι
463 1675 511 1705 καὶ
528 1677 595 1709 ταῖς
615 1686 814 1715 παρασκευαις
828 1674 878 1704 καὶ
894 1686 961 1708 ταις
976 1676 1046 1712 γνώ-

327 1730 411 1757 μαις,
436 1719 535 1748 Vides
548 1719 598 1748 hio
613 1718 759 1748 ἀντίθεσιν
769 1719 817 1747 τοῦ
828 1716 948 1748 πλησίον
960 1716 1047 1754 ὄντες,

327 1762 376 1790 καῖ
395 1763 444 1790 τοῦ
461 1761 664 1801 ἀπηρτημένοι.
710 1762 800 1799 Quod
824 1761 976 1800 Ulpianus
1000 1771 1047 1790 κε-

327 1803 513 1846 χωρισμένοι,
526 1805 698 1845 κρεμάμενοι
713 1815 719 1833 :
735 1815 796 1843 quo
807 1804 972 1842 significat,
986 1815 1048 1834 am-

331 1849 456 1886 biguum
480 1859 552 1878 esse
577 1849 634 1878 hoc
655 1849 795 1878 verbum.
841 1848 921 1877 Nam
945 1852 976 1877 et
1002 1848 1047 1877 sic

328 1894 423 1930 posse
440 1891 584 1927 intelligi,
601 1901 766 1930 suspensos
782 1901 851 1920 esse
864 1901 968 1920 eorum
984 1891 1048 1920 ani-

329 1945 395 1963 mos
411 1945 416 1963 :
440 1935 552 1964 dubios
570 1939 600 1964 et
616 1934 751 1964 incertos
767 1939 934 1973 apparatus
956 1939 1048 1973 atque

329 1978 508 2008 sententias.
537 1976 754 2019 κεχωρισμένοι,
784 1977 937 2015 disjuncti,
966 1978 1048 2016 quod

330 2021 403 2050 huic
419 2021 544 2061 quidem
561 2021 630 2050 loco
644 2021 756 2050 melius
768 2021 922 2059 congruit.
937 2020 1048 2059 Chrys.

328 2064 425 2093 πάλιν
446 2064 493 2093 καὶ
510 2065 595 2093 ’τοῦτο
610 2064 686 2094 δοκεῖ
703 2064 892 2103 ἀπηρτῆσθαι
916 2065 972 2092 τῶν
993 2063 1048 2103 ’έμ-

329 2117 354 2137 π
355 2106 456 2148 ροσθεν,
481 2109 588 2138 πολλὴν
613 2106 641 2137 δὲ
666 2118 714 2135 και
736 2119 805 2137 ctu-ro
828 2118 877 2137 την
899 2108 1050 2145 συναφειαν

328 2149 401 2192 ἔχει.
424 2151 520 2180 Arist.
532 2150 586 2190 [de
598 2151 741 2189 partibus
757 2150 812 2179 lib.
823 2151 868 2179 ΙΙ.
879 2160 947 2188 cap.
965 2151 1047 2191 XL]

328 2196 370 2224 τοὶ
393 2193 449 2234 μὲν
470 2196 523 2233 γὰρ
540 2193 703 2233 τετράποδα
727 2191 915 2233 ἀπηρτημένα
931 2193 992 2234 ἔχει
1008 2196 1050 2224 rr&

328 2242 404 2272 ώτα,
421 2238 469 2267 καὶ
482 2237 589 2267 ἀνωθεν
604 2239 660 2265 τῶν
675 2235 829 2289 ὀμμάτων,
846 2237 881 2269 ὡς
895 2235 1017 2274 δόξειεν’
1006 2236 1049 2266 αν.

330 2280 378 2310 οὐκ
394 2280 454 2322 ἔχει
476 2279 517 2316 δὲ,
539 2281 621 2309 ἀλλὰ
640 2279 785 2319 φαίνεται,
808 2280 854 2308 διὰ
870 2291 902 2308 το
917 2281 959 2318 μή
977 2278 1049 2328 cip-5&

329 2329 399 2353 εἰναι
420 2336 460 2353 τα
486 2323 556 2364 ζῶα,
579 2324 659 2352 ἄλλα
679 2322 807 2352 κύπτειν
833 2322 945 2351 erectis
967 2323 1047 2352 enim

332 2372 445 2402 essent,
463 2371 497 2396 ut
513 2366 697 2402 hominibus,
715 2364 740 2396 ἐν
754 2378 790 2396 τη
807 2365 882 2396 αὐτη
900 2363 1049 2406 ἐπιφανείᾳ

330 2421 392 2445 τοις
406 2410 584 2450 ὀφθαλμοῖς.
621 2409 682 2440 Ubi
699 2410 781 2439 Gaza
795 2418 946 2447 suspensas
964 2411 1048 2439 auri-

329 2454 424 2482 culas.
470 2454 531 2483 Sed
547 2456 651 2492 potest
661 2452 752 2482 etiam
767 2452 868 2489 reddi,
880 2457 1003 2484 remotas
1018 2457 1048 2482 et

332 2495 497 2536 algjunctas.
521 2497 612 2525 Dem.
625 2496 696 2536 [pro
707 2496 839 2526 Corona.
852 2506 881 2534 p.
896 2496 986 2537 244]
1000 2495 1049 2524 καί

331 2549 373 2578 με
395 2539 493 2577 μηδεὶς
516 2537 646 2580 ὑπολάζῃ
670 2539 804 2579 ἀπαρτξίν
826 2537 872 2569 τὸν
895 2537 977 2575 λόγον
999 2540 1050 2572 τῆς

333 2583 453 2622 γραφῆς,
468 2581 514 2611 ἐὰν
529 2582 567 2617 εἷς
577 2582 742 2616 Ἑλληνικὰς
757 2581 871 2623 πράξεις
888 2582 936 2611 καὶ
951 2582 1050 2619 λόγους

331 2624 466 2664 ἐμπέσω.
491 2635 570 2655 nemo
593 2635 636 2654 me
658 2631 742 2664 putet
766 2626 925 2655 arationem
947 2626 1048 2664 sejun-

331 2678 401 2708 gere
415 2679 432 2696 α
447 2677 546 2698 causa.
581 2668 735 2698 Lucianus
756 2668 797 2697 ait
821 2679 890 2698 esse
916 2668 1048 2698 amuleta

334 2711 486 2750 quaedam,
500 2720 568 2750 quae
586 2711 705 2740 soleant
719 2710 831 2750 ἐνεργεῖν
844 2711 891 2741 καὶ
904 2711 978 2742 ἴασιν
988 2709 1049 2741 ἔπι-

333 2753 462 2795 πέμπειν
485 2754 720 2794 προσαρτώμενα.
751 2753 793 2793 [ἐν
818 2755 860 2793 τῷ
885 2753 1054 2792 Φιλοψευδεῖ

336 2809 365 2827 c.
382 2801 413 2828 8.
428 2803 452 2827 t.
469 2798 532 2826 111.
549 2808 580 2836 p.
597 2798 665 2838 37.]
712 2798 788 2834 Quae
808 2798 899 2827 etiam
915 2798 1052 2837 appellat

334 2840 583 2880 προσαρτήματα.
628 2840 689 2870 Sed
718 2841 783 2869 haec
814 2841 844 2869 in
881 2841 1050 2871 mendaciis

335 2884 433 2923 pouit.
478 2883 576 2914 Arist.
590 2882 622 2912 ἐκ
637 2882 770 2916 τοιαύτης
785 2882 838 2922 ἄρα
856 2884 947 2924 ἀρχῆς
968 2882 1051 2923 ἤρτη-

336 2938 387 2957 ται
410 2927 421 2956 ὁ
444 2925 548 2966 οὐρανός
565 2927 614 2955 καὶ
636 2927 649 2956 ἦ
672 2925 767 2966 φύσις.
796 2926 950 2966 [Metaph.
968 2927 1050 2957 XII.

337 2980 407 3009 cap.
423 2970 499 3000 V11.
514 2980 544 3008 p.
561 2972 636 3000 742.
652 2974 673 2999 t.
688 2970 732 3000 11.
744 2968 869 3008 Colon.]
894 2968 980 2998 Nihil
991 2974 1051 3000 tam

336 3013 387 3052 pie
399 3013 514 3043 dictum
528 3017 576 3044 est
588 3017 718 3052 uuquam
731 3013 837 3043 abhoc
852 3011 1052 3052 philosopho,

683 180 940 223 DOUNAEI
976 181 1457 224 PRAELECTIONES

1086 288 1137 328 qui
1154 288 1242 325 dicit,
1259 290 1367 320 caelum
1387 290 1550 330 ipsamque
1566 291 1643 321 adeo
1659 294 1798 321 naturam

1085 333 1219 370 pendere
1236 343 1276 362 ex
1292 343 1351 362 uno
1363 334 1528 373 principio,
1539 335 1623 373 quod
1635 339 1683 364 est
1700 335 1795 364 Deus.

1086 375 1201 405 Melius
1217 386 1307 414 quam
1322 378 1448 412 Seneca,
1463 377 1516 416 qui
1531 377 1597 407 vult
1611 378 1711 406 Deum
1728 387 1797 407 esse

1085 423 1219 448 naturam
1250 423 1330 448 teste
1360 420 1532 450 Lactantio.
1557 419 1626 460 [lib.
1649 421 1695 449 11.
1718 421 1796 450 Inst.

1084 462 1147 491 div.
1165 472 1192 491 c.
1209 464 1240 491 8.
1256 472 1288 501 p.
1303 464 1378 493 122.
1394 463 1443 492 ed.
1457 463 1605 505 Bipont.]
1618 463 1707 504 ἀρτᾷν
1719 464 1796 503 pen-

1083 505 1161 541 deve,
1174 503 1320 544 ἀρτᾶσθαι
1333 506 1472 544 pendere.

1126 566 1169 571 -——
1184 548 1260 577 ibid.
1279 547 1357 598 ὀρθὸν
1379 545 1422 578 οὖν
1445 547 1478 578 τὸ
1501 548 1646 590 συμφέρον
1666 547 1798 587 φαίνεταί

1083 591 1151 632 μοι]
1176 593 1254 631 παρὰ,
1269 603 1302 620 το
1317 590 1501 622 Θουκυδίδειον
1514 591 1591 628 τόδε,
1604 592 1656 622 Καὶ
1668 591 1716 622 τόν
1730 591 1799 632 ἒμδν

1084 634 1164 672 λόγον
1183 633 1208 664 ἐν
1228 634 1271 674 τῷ
1293 634 1422 675 ὑμετέρῳ
1436 634 1550 665 ἀσθενεῖ
1561 637 1612 668 τῆς
1626 636 1739 675 γνώμης
1753 637 1797 675 μὴ

1084 677 1152 717 ὄρθδν
1166 677 1324 718 φαίνεσθαι.
1344 678 1407 718 [ΙΙ.
1424 679 1493 720 61.]
1519 680 1567 719 [p.
1583 680 1658 709 109.
1673 679 1722 708 ed.
1740 678 1799 720 D.]

1083 721 1260 750 translatum
1279 723 1317 751 ab
1337 722 1435 752 oculis
1457 732 1605 762 perverse
1627 722 1796 752 tuentibus.

1085 768 1119 793 ut
1133 774 1236 793 remus
1251 766 1407 804 ceteroqui
1422 770 1539 802 rectus,
1551 766 1609 795 sub
1621 775 1699 804 aqua
1711 765 1799 795 vide-

1085 811 1134 835 tur
1153 807 1296 843 inflexus,
1320 812 1372 837 ant
1396 808 1487 838 etiam
1512 808 1670 844 infractus,
1693 814 1727 838 ut
1751 813 1799 838 est

1085 851 1166 888 apud
1183 850 1367 881 Ciceronem
1381 850 1413 880 in
1429 851 1634 882 Academicis.
1658 852 1710 881 Sic
1726 862 1798 882 ava-

1084 894 1156 923 ritia
1179 898 1211 923 et
1234 904 1358 924 munera
1383 895 1541 924 obcaecant
1565 895 1661 924 aciem
1686 895 1798 924 mentis

1084 941 1175 976 atque
1199 936 1407 977 distorquent,
1431 948 1469 967 ne
1494 937 1604 978 possit,
1628 948 1695 977 quae
1715 944 1799 967 recta

1085 986 1168 1016 sunt,
1191 991 1328 1012 cernere.
1373 981 1435 1011 Sed
1459 981 1636 1017 notandum,
1659 981 1693 1011 τὸ
1717 980 1799 1021 ὀρθὸν,

1084 1034 1143 1053 non
1167 1024 1224 1053 hoo
1243 1024 1313 1054 loco
1336 1024 1383 1054 sic
1406 1025 1520 1064 accipi,
1539 1024 1618 1054 utin
1635 1024 1688 1054 illo
1705 1035 1797 1063 supe-

1083 1068 1163 1097 riore
1177 1067 1365 1098 Aristotelis.
1382 1068 1431 1098 hic
1442 1069 1523 1098 enim
1538 1072 1587 1097 est
1596 1067 1675 1098 εὐθύ.
1694 1077 1799 1106 supra,

1083 1111 1164 1151 quod
1183 1111 1318 1142 Ovidius
1334 1111 1427 1147 dixit,
1452 1115 1473 1128 “
1491 1115 1609 1141 erectos
1633 1112 1670 1141 ad
1695 1111 1798 1140 sidera

1082 1155 1191 1184 tollere
1209 1154 1347 1185 vultus.''
1368 1157 1452 1195 παρὰ
1472 1153 1505 1184 τὸ
1527 1153 1588 1194 ὅρω,
1609 1153 1693 1194 &go-w,
1715 1155 1798 1194 quod

1083 1203 1130 1228 est
1144 1200 1243 1229 excito.

1125 1260 1168 1265 —
1183 1242 1215 1271 5.
1239 1240 1306 1273 ὅταν
1321 1240 1345 1271 δ’
1359 1240 1415 1272 ἐπὶ
1430 1241 1555 1283 θάτερα,
1569 1241 1656 1281 ὥςπερ
1673 1241 1712 1275 εἷς
1730 1252 1797 1281 τρυ-

1082 1285 1164 1316 τάνην
1174 1285 1294 1326 ἀργύριον
1303 1284 1499 1327 προσενέγκῃς]
1517 1286 1643 1315 Sacoma
1658 1285 1798 1314 vitruvio

1084 1328 1138 1368 [de
1154 1329 1274 1359 Archit.
1291 1329 1355 1358 IX.
1370 1329 1478 1370 praefi]
1499 1329 1580 1368 quod
1600 1327 1680 1358 lanci
1696 1328 1798 1367 impo-

1083 1372 1177 1402 situm
1197 1372 1272 1402 facit
1287 1372 1504 1412 aequilibrium,
1524 1372 1574 1402 vel
1591 1371 1718 1401 inclinat
1733 1375 1798 1400 tru-

1082 1415 1187 1445 tinam.
1210 1415 1336 1456 ο-ήκωμα
1348 1415 1476 1446 Pollux.
1490 1414 1659 1455 Euripides
1676 1414 1797 1455 [Hecu-

1083 1459 1121 1488 ba
1136 1460 1189 1490 57.
1206 1460 1248 1501 s.]
1266 1470 1273 1489 :

1213 1526 1413 1561 ἀντισηκῶσας
1428 1525 1456 1557 δέ
1472 1538 1507 1558 σε

1126 1569 1235 1611 φθείρει
1248 1570 1320 1601 θεῶν
1334 1581 1381 1606 τις
1395 1572 1447 1605 τῆς
1460 1568 1574 1611 πάροιθ’
1587 1567 1748 1611 εὐπραξίας.

1082 1631 1168 1665 σῗίκος
1184 1636 1233 1661 est
1248 1629 1402 1671 σταθμὸς,
1416 1632 1540 1670 pondus.
1564 1630 1705 1671 superius
1720 1630 1797 1660 illud

1081 1675 1196 1715 λῆμμα
1211 1673 1434 1715 προσηρτημένον
1454 1674 1600 1705 evocavit
1621 1674 1699 1703 hanc
1722 1674 1798 1704 ima—

1083 1717 1196 1757 ginem,
1225 1728 1292 1756 quae
1320 1723 1369 1747 est
1394 1716 1526 1756 ἒξηγησις
1553 1716 1734 1756 superioris,
1758 1718 1798 1746 de

1082 1771 1142 1799 quo
1167 1761 1315 1790 diximus.
1347 1771 1436 1790 nemo
1459 1765 1564 1800 potest
1589 1761 1693 1790 dicere
1719 1760 1798 1790 meis

1082 1804 1175 1833 dictis
1193 1810 1245 1833 aut
1266 1803 1355 1833 factis
1371 1813 1540 1843 appensum
1556 1804 1606 1834 vel
1621 1804 1798 1843 appositum

1080 1847 1177 1877 fuisse
1187 1852 1275 1886 turpe
1289 1846 1413 1885 aliquod
1425 1848 1557 1882 lucrum,
1570 1847 1652 1886 quod
1665 1851 1797 1877 mentem

1083 1895 1116 1920 ut
1138 1891 1256 1920 lancem
1272 1890 1458 1929 impelleret.
1485 1900 1553 1920 nam
1576 1890 1654 1920 illud
1676 1900 1798 1930 quoque

1081 1933 1262 1964 translatum
1277 1934 1338 1963 fuit
1351 1943 1369 1962 a
1381 1933 1530 1964 lancibus.

1124 1994 1168 1999 —
1182 1977 1260 2008 ibid.
1282 1977 1370 2017 ὥςπερ
1385 1975 1412 2008 ἐν
1426 1976 1564 2018 τρυτάνῃ]
1588 1975 1675 2012 εἰκὼν,
1692 1977 1799 2016 imago.

1082 2019 1184 2050 Arist.
1201 2020 1311 2061 [Rhet.
1327 2021 1391 2050 ΙΙΙ.
1408 2031 1478 2060 cap.
1492 2020 1567 2060 IV.]
1590 2018 1655 2050 ’ἐστι
1671 2018 1698 2049 δὲ
1715 2020 1763 2049 καὶ
1783 2021 1799 2051 ἦ

1082 2063 1159 2093 εἰκὼν
1174 2063 1339 2103 μεταφορά.
1354 2063 1476 2105 διαφέρει
1492 2062 1520 2094 δὲ
1533 2061 1641 2103 μικρόν.
1662 2061 1729 2093 ὅταν
1743 2062 1800 2104 μὲν

1082 2109 1136 2148 γάρ
1149 2108 1213 2149 εἴπῃ
1229 2105 1274 2136 τὸν
1287 2105 1445 2148 Ἀχιλλέα,

1126 2175 1163 2208 ὡς
1177 2173 1205 2204 δὲ
1222 2172 1291 2204 λέων
1306 2172 1464 2215 ἐπόρουσεν,

1083 2233 1161 2264 εἰκών
1179 2232 1268 2264 ἔστιν.
1291 2232 1357 2263 δ’ταν
1373 2232 1414 2269 δὲ,
1429 2231 1498 2263 λέων
1509 2231 1648 2275 ἐπόρουσε,
1665 2241 1798 2273 μεταφο-

1082 2277 1127 2316 ρά.
1152 2278 1197 2307 sic
1222 2287 1290 2306 cnm
1319 2276 1400 2306 dixit
1426 2278 1538 2316 λῆμμα
1565 2275 1799 2317 προσηρτημένον,

1084 2320 1243 2350 translatio
1266 2319 1335 2356 suit,
1360 2330 1428 2359 quae
1449 2320 1570 2359 peperit
1594 2321 1671 2350 hanc
1690 2320 1798 2360 imagi-

1084 2374 1165 2399 nem,
1176 2363 1245 2393 δ’ταν
1259 2363 1294 2397 ὡς
1305 2361 1331 2392 ἐν
1341 2364 1462 2405 τρυτάνῃ
1477 2362 1598 2404 ἀργύριον
1607 2361 1800 2405 προσενέγκῃς.

1084 2408 1275 2447 προσενεγκεῖν
1293 2407 1469 2446 proprium,
1485 2408 1682 2447 προσαρτῆσαι
1704 2412 1799 2437 meta·

1083 2450 1253 2489 plioricum.
1284 2451 1411 2490 λῆμμα,
1437 2449 1569 2490 ἀργύριον.
1615 2450 1798 2490 Lycophron

1085 2492 1188 2533 [Cass.
1204 2495 1278 2523 270.
1297 2493 1340 2534 s.]

1128 2559 1222 2592 λαέὼν
1237 2560 1265 2591 δὲ
1282 2560 1384 2602 ταύρου
1398 2561 1448 2590 τοῦ
1465 2558 1656 2615 πεφασμένου
1669 2559 1756 2596 δάνος,

1127 2603 1235 2644 σκεθρᾷἷ
1248 2604 1386 2644 ταλάντῳ
1399 2604 1535 2644 τρυτάνης
1548 2601 1707 2644 ἦρτημένον.

1086 2663 1135 2704 [p.
1154 2668 1227 2695 110.
1242 2665 1291 2695 ed.
1308 2665 1366 2705 D.]
1385 2661 1497 2704 σκεθρόν
1517 2663 1660 2693 τάλαντον
1675 2662 1798 2693 Isidoro

1084 2709 1238 2747 Campana
1260 2713 1307 2738 est
1325 2707 1448 2738 trutina.
1472 2717 1540 2746 quae
1561 2709 1682 2735 constat
1704 2716 1798 2746 scapo

1084 2751 1208 2791 punctis
1243 2750 1418 2781 discrimina
1444 2750 1590 2779 librarum
1620 2750 1798 2780 notantibus

1085 2794 1247 2844 distincto,
1269 2804 1359 2834 quam
1375 2792 1557 2824 Aristoteles
1572 2790 1738 2832 ἧμιζύγιον;
1760 2802 1798 2822 eo

1086 2838 1168 2877 quod
1196 2838 1313 2868 unicam
1338 2837 1456 2866 lancem
1481 2835 1591 2865 habet.
1622 2835 1742 2873 qualem
1766 2835 1797 2865 in

1085 2879 1290 2921 σιδηρουργειοις
1326 2879 1472 2914 vidimus,
1508 2888 1568 2917 qua
1606 2878 1797 2917 ponderibus

1086 2934 1252 2954 massarum
1271 2922 1407 2952 fusilium
1427 2926 1555 2951 utuntur
1575 2921 1798 2958 examinandis,

1087 2978 1158 2997 sues
1173 2966 1266 2997 nostri
1282 2971 1406 2996 vocant.
1424 2964 1494 2995 hino
1511 2964 1586 2995 illud
1604 2963 1706 2996 Persii
1727 2963 1797 3004 [Sa—

1087 3016 1148 3050 tyr.
1165 3011 1203 3039 V.
1221 3012 1294 3040 101.
1311 3008 1352 3049 s.]
