1931 3322
389 200 471 240 AD
505 194 870 240 ORATIONEM

185 312 294 336 ratum.

227 367 269 372 —
291 346 343 378 ult.
374 345 486 387 ὀφείλῃ]
512 346 634 376 correxi
660 349 691 374 et
717 344 777 379 hic,
801 349 832 374 et
855 355 887 384 p.

189 393 284 423 1338.
300 393 331 420 6.
348 395 379 420 et
395 393 445 419 14.
467 388 548 430 ὄφλῃ.
573 389 717 418 differunt
735 389 799 418 haec
825 388 887 418 duo

182 435 278 464 verba
298 433 378 463 inter
403 444 445 462 se.
473 431 589 472 ὀφείλειν
603 438 651 462 est
672 432 781 467 debere,
797 437 829 460 ut
845 442 887 461 aes

180 477 323 512 alienum,
338 486 521 514 quocunque
538 477 641 511 modo,
657 475 737 514 quod
754 475 885 504 nondum

179 519 221 550 sit
231 519 432 559 persolutum.
453 518 546 559 ὅφλειν
555 524 601 548 est
613 519 798 549 condemnari
809 518 885 547 mul-

177 568 242 598 ctoe,
259 562 393 602 incipere
408 573 450 592 aes
466 562 602 592 debitum
619 562 694 601 reip.
713 561 760 591 vel
778 561 884 591 aerario

174 605 300 636 debere.

222 651 314 679 1338.
331 650 362 679 3.
385 648 435 677 τοῦ
449 647 532 686 νόμον
547 646 640 687 δῆλον]
657 647 758 677 malim
773 648 822 677 τοῦ
843 646 883 676 νό-

173 703 233 731 μου
245 692 274 722 οὔ
285 692 371 722 δῆλον.
395 693 478 731 quasi
491 690 543 721 hoc
554 701 587 720 er
600 693 661 730 ipsa
673 692 734 732 Iege
747 701 803 720 mm
816 701 883 721 con-

175 739 276 765 staret.
299 740 343 764 est
361 733 548 764 cavillantis.

217 796 260 801 —-
276 788 345 817 peu.
369 776 413 811 οὓς
428 776 540 817 ’ἔξεο-τι]
566 776 686 807 correxi
713 775 750 811 οἷς
773 777 880 816 ἔξεο-τι.

173 823 256 861 quod
272 827 321 852 est
335 822 466 861 planiu3‚
481 821 600 850 tametsi
618 831 665 850 me
690 821 769 850 baud
792 821 881 861 fugit,

174 874 269 905 posse
293 865 447 903 vulgatam
471 864 555 899 ferri,
579 864 607 893 si
628 863 671 897 οὓς
694 864 880 905 accipiamus

170 906 230 947 pro
245 905 310 937 καθ’
321 907 372 942 οὓς.

216 969 260 974 —-
275 951 329 982 ult.
353 949 426 981 καθ’
444 947 497 989 οἷν]
519 949 642 980 correxi
666 947 729 980 καθ’
748 947 784 985 ὃν,
811 950 878 979 scil.

171 994 281 1036 τςὸπον.

217 1056 258 1061 —-
277 1037 354 1068 ibid.
377 1036 558 1078 εἰσελήλυθα]
585 1036 705 1067 correxi
732 1035 878 1067 εἷο-ελήλυ-

171 1080 241 1116 δας,
253 1081 416 1111 secundam
426 1090 586 1120 personam
597 1080 702 1119 primae
715 1079 877 1109 sufficiens.

169 1134 364 1165 quamquam,
386 1124 413 1154 si
437 1128 523 1154 recte
547 1134 610 1153 reru
634 1127 795 1162 supputas,
820 1133 877 1152 non

171 1167 296 1197 videtur
310 1167 391 1197 iuter
405 1167 532 1206 primam
549 1173 580 1196 et
591 1167 756 1196 secundam
773 1176 877 1205 perso-

167 1220 237 1240 nam
253 1210 426 1249 differentia
441 1207 491 1240 liic
505 1210 568 1240 loci
589 1220 658 1239 esse
680 1219 784 1250 posse.
807 1220 876 1239 cum

167 1252 351 1296 εἰσέςχεσθαι
371 1258 432 1284 tam
456 1254 495 1284 de
521 1258 710 1289 accusatore,
726 1263 814 1292 quam
837 1254 876 1283 de

167 1307 234 1333 rec,
251 1302 423 1336 usurpetur.

211 1340 346 1372 -ibid.
370 1339 630 1380 ἀπολογήσασθαι]
655 1340 778 1370 correxi
802 1340 875 1370 ἐπο-

168 1383 250 1425 λογῇ.
284 1390 353 1414 nata
378 1384 500 1413 videtur
525 1383 646 1421 vulgata
673 1394 688 1412 e
715 1383 875 1419 varietate,

167 1438 236 1466 quae
257 1427 361 1457 nescio
382 1436 419 1456 an
436 1426 466 1456 in
483 1427 613 1456 vetustis
627 1426 715 1456 libris
730 1426 823 1456 fuerit
837 1427 872 1456 ad

164 1470 245 1500 hunc
260 1471 382 1500 modum
395 1481 402 1498 ι
424 1468 492 1499 ἀλλ’
507 1470 536 1499 οὐ
549 1469 665 1510 τολμᾷς
685 1467 748 1498 καθ’
763 1467 788 1498 ὃν
803 1470 875 1499 εἰσ-ε-

163 1513 281 1544 λῆλυθα.
299 1512 367 1553 [aut
390 1512 596 1554 εἴτελῆλυθας]
611 1512 708 1553 τρόπον
729 1513 873 1551 ἀπολογή-

164 1556 292 1586 σασθαι.

208 1602 304 1631 1339.
319 1601 371 1630 12.
395 1597 587 1640 διαφυγόντες]
612 1603 679 1639 post
694 1598 873 1638 διαφυγόντες

163 1643 269 1673 addidi
290 1643 396 1679 πλοῖον,
420 1652 438 1672 e
455 1641 562 1671 Wolfii
585 1644 773 1681 conjectura,
790 1644 870 1682 quod

163 1686 394 1716 convenientius
401 1686 668 1725 videbatur,quam
680 1687 776 1721 πλοῦν,
788 1687 870 1726 quod

161 1729 286 1769 plurimi
310 1729 382 1759 libri
406 1730 489 1759 dant.
514 1729 567 1758 vix
592 1731 666 1758 bene
682 1729 743 1758 dici
770 1734 869 1769 potest

159 1772 317 1812 διαφεύγειν
329 1774 427 1809 πλοῐὶν,
441 1772 557 1812 longum
569 1773 783 1811 navigationem
795 1772 869 1813 effu-

158 1826 240 1857 gere,
251 1815 303 1844 sed
315 1817 390 1846 bene
400 1815 512 1845 dicitur
521 1815 627 1855 μακρέν
633 1816 737 1848 πλοῖον,
750 1815 835 1853 longa
843 1828 869 1846 m

158 1860 326 1899 navigium,
340 1859 371 1889 h.
387 1869 415 1888 e.
433 1859 606 1897 piraticum,
623 1857 762 1899 effugere.
797 1860 866 1888 Non

160 1901 359 1941 διαφεύγομεν,
378 1901 436 1931 nisi
461 1911 506 1937 ea,
521 1912 589 1940 quae
612 1913 667 1932 nos
683 1912 868 1940 persequun-

160 1951 221 1975 tur.
238 1946 291 1974 sed
303 1944 389 1974 navis
400 1943 529 1983 piratica
540 1945 661 1983 quidem
674 1945 868 1983 persequitur

160 1989 381 2023 mercatoriam,
397 1998 456 2017 non
473 1992 572 2018 autem
589 1989 678 2024 longa
700 1988 866 2026 navigatio.

161 2029 315 2072 ἢδιιιφὲρον
330 2042 358 2061 τι
377 2031 453 2061 bene
479 2031 590 2068 habet3
614 2031 692 2060 idem
711 2035 759 2060 est
779 2041 814 2059 ac
840 2032 866 2061 si

160 2074 312 2104 dixisset:
330 2073 344 2105 ἢ
359 2073 453 2114 ὥσπερ
469 2074 491 2104 εἶ
508 2073 626 2114 διαφέροι
642 2085 682 2103 τι.
707 2079 757 2103 aut
779 2075 865 2113 quasi

158 2117 292 2153 differat,
316 2118 364 2147 vel
390 2117 512 2147 intersit
533 2117 696 2156 quidquam
721 2117 775 2157 [ad
800 2122 865 2147 stu-

159 2160 242 2190 dium
263 2164 348 2199 puta,
371 2166 571 2200 quaestumve,
596 2166 647 2189 aut
673 2161 709 2189 ad
736 2161 863 2191 salutem

158 2204 388 2244 mercatorumJ,
405 2208 602 2242 posteaquam
627 2213 736 2233 navem
758 2204 865 2242 pirati-

159 2257 224 2276 cam
242 2247 433 2286 effugissent,
447 2248 570 2277 tandem
595 2252 694 2276 tamen
719 2247 748 2276 in
765 2247 864 2277 Theo-

158 2290 286 2324 crinem,
313 2296 453 2329 tauquam
481 2290 511 2319 in
541 2290 698 2329 scopulum
733 2290 863 2329 aliquem

158 2343 275 2363 coecum
290 2332 320 2362 in
336 2339 425 2371 portu
443 2333 596 2368 latentem,
620 2333 785 2367 incurrere,
812 2344 864 2363 eo-

158 2387 218 2415 que
235 2376 280 2404 sic
295 2375 325 2405 in
341 2376 409 2414 ipso
426 2380 515 2414 portu
538 2376 727 2415 naufragium
753 2377 862 2406 facere.

160 2420 217 2449 sub
233 2419 289 2448 hac
304 2419 399 2448 forma
413 2419 608 2449 considerata
632 2420 729 2448 oratio
755 2420 863 2449 lectio-

157 2472 226 2492 nem
241 2463 326 2492 πλοῦν
338 2462 439 2491 reddit
450 2462 541 2501 paulo
554 2469 652 2492 tamen
665 2463 864 2501 probabilem.

200 2523 242 2528 --
259 2515 328 2544 pen.
343 2504 435 2544 ὑμᾶς]
453 2505 574 2534 correxi
587 2506 679 2544 ὑμεῖς.
701 2506 865 2545 alloquitur

157 2549 350 2583 Moeroclem,
366 2555 552 2588 caeterosque
565 2548 749 2578 Theocrinis
769 2550 865 2580 advo-

157 2595 254 2621 catos.

201 2652 243 2657 —-
265 2633 318 2663 ult.
350 2633 497 2674 τουτουσὶ]
524 2634 580 2664 hos
605 2634 738 2673 judices,
763 2645 864 2665 coram

158 2677 268 2717 quibus
283 2686 362 2707 nunc
379 2683 503 2707 stamus.
548 2678 616 2716 Ego
629 2687 703 2707 vero
717 2678 865 2708 arbitratu

157 2729 227 2750 meo
249 2721 419 2761 transposui
442 2720 590 2750 vocabula
613 2721 676 2749 sic:
700 2723 779 2750 κατὰ
801 2733 865 2751 του-

157 2762 238 2793 τουσὶ
253 2764 316 2797 τοὺς
330 2762 438 2802 νόμους.
462 2764 621 2793 secundum
638 2763 688 2794 has
705 2763 789 2805 leges.

202 2808 296 2837 1340.
314 2810 343 2836 1.
366 2805 466 2848 ἐᾶσαι]
481 2806 601 2837 correxi
619 2805 731 2836 ἐάσετε.
756 2817 811 2837 vos
827 2817 864 2838 ne

156 2848 315 2886 suffugere
329 2849 436 2879 sinetis
451 2855 481 2880 et
493 2850 624 2880 intactos
638 2849 753 2880 illaesos
764 2855 863 2880 trans-

156 2891 284 2921 mittetis
299 2893 354 2922 hos
367 2893 543 2929 sceleratos,
559 2903 577 2922 a
589 2893 699 2932 quibus
715 2899 748 2923 nt
762 2893 864 2932 dignae

156 2938 334 2973 repetantur
361 2946 473 2975 preme,
500 2936 542 2966 nil
573 2936 655 2966 aliud
685 2936 863 2976 requiritur,

156 2986 247 3015 quam
262 2981 295 3007 ut
310 2977 341 3007 hi
361 2978 484 3020 judices
500 2990 517 3009 e
533 2979 596 3010 suis
615 2980 771 3010 subselliis
795 2990 863 3010 sen-

157 3019 282 3050 tentiam
293 3022 567 3052 condemnatoriam
577 3023 786 3062 pronuncient.
799 3023 864 3053 vul-

203 3073 279 3094 vor..
308 3073 338 3092 v.

907 194 970 234 ΙΝ
1004 195 1429 237 THEOCRINEM.
1549 191 1624 234 283

925 307 994 340 gata
1009 301 1096 332 ἐᾶσαι
1114 303 1236 333 videtur
1257 310 1326 334 nata
1349 315 1387 334 ex
1410 302 1468 332 alia
1483 300 1631 330 librorum

925 346 1232 376 Demosthenicorum
1248 347 1383 376 lectione
1406 345 1519 384 ἀξιοῖτε
1534 342 1629 372 ἐᾶσαι,

964 405 1008 410 -
1020 389 1096 418 ibid.
1121 389 1169 418 οἰκ
1189 390 1220 418 ἄν
1235 388 1262 427 γ’
1277 388 1471 429 ἐσωφρονεῖτε]
1488 386 1628 417 correxi:

921 430 969 460 οὐκ
989 431 1022 460 ἄν
1045 442 1076 470 γε
1101 434 1267 472 σωφρονῆτε.
1292 444 1348 462 non
1362 432 1493 473 projecto
1505 429 1630 472 facietis

921 473 983 510 hoc,
999 476 1023 504 si
1037 476 1166 514 sapiatis.

962 536 1004 540 -
1018 521 1070 548 17.
1091 516 1128 554 ὃν,
1140 516 1218 548 τοῦτ’
1233 516 1316 557 εῖναι]
1336 518 1381 546 sic
1398 518 1499 546 malim
1516 515 1625 545 distin—

920 561 970 599 gui
988 566 1078 600 atque
1094 562 1173 601 legi:
1201 560 1226 592 ὂν
1247 559 1349 596 ταύτὸ,
1366 558 1433 589 εἶναι
1456 571 1489 589 π.
1504 558 1626 599 jacien-

918 605 989 633 dum
1001 604 1076 635 mihi
1090 615 1145 636 esse
1156 604 1199 639 id,
1216 605 1292 645 quod
1304 604 1532 643 paterjusserit‚
1551 612 1625 639 prae-

916 649 1017 677 sertim
1041 659 1109 678 cum
1130 648 1205 679 idem
1228 658 1338 688 quoque
1359 647 1399 676 sit
1412 646 1546 685 justum.
1570 644 1626 673 sed

916 691 993 721 bene
1009 692 1100 721 habet
1115 692 1248 731 vulgata.

959 752 1001 757 —-
1016 738 1068 766 19.
1091 734 1228 778 μετέχων
1243 734 1265 763 δ’
1280 732 1364 767 αὐτὸς
1383 730 1537 773 τυγχάνω]
1563 739 1626 759 ma-
1670 766 1675 772 ν

916 777 967 808 lim
980 779 1172 818 negationem
1183 778 1268 814 addi,
1278 777 1370 807 autin
1383 775 1472 805 istum
1484 773 1626 804 modum:

914 821 958 859 μὴ
974 821 1112 863 μετέχων
1124 821 1148 851 δ’
1158 821 1243 856 αὐτὸς
1255 820 1404 861 τυγχάνω,
1423 819 1513 848 autin
1526 817 1624 846 bunc:

914 864 1052 906 μετέχων
1067 864 1090 895 δ’
1103 864 1188 899 αὐτὸς
1199 865 1228 895 οὗ
1243 876 1337 905 τυγχ.
1358 864 1458 893 donec
1473 860 1551 891 enim
1569 870 1624 898 pa-

915 912 962 937 ter
976 907 1083 949 ἰιτιμίᾳ
1094 914 1214 938 notatus
1226 908 1258 938 in
1271 908 1350 937 vivis
1361 909 1530 945 supererat,
1543 903 1623 932 filius

913 950 1004 981 istius
1031 952 1206 991 ignominiae
1230 956 1261 981 et
1284 949 1467 980 calamitatis
1487 952 1553 976 erat
1568 956 1623 976 ex-

914 1004 992 1029 801‘8,
1003 995 1208 1034 defunctoque
1221 999 1309 1035 patre
1318 994 1440 1023 demum
1454 989 1623 1030 incipiebat

912 1047 976 1067 eam
993 1038 1190 1077 participare.

955 1097 999 1102 —
1010 1082 1060 1111 26.
1076 1081 1284 1122 τῶνεῖπόντων]
1299 1090 1415 1114 eorum,
1428 1077 1482 1118 qui
1497 1085 1621 1116 operam

912 1123 1123 1153 advocationis
1138 1125 1350 1154 condixerant.
1597 1160 1603 1166 ι

953 1184 997 1189 ·-
1012 1178 1082 1206 pen.
1105 1170 1158 1203 τῆς
1177 1166 1346 1208 arastus-lac]
1368 1163 1550 1204 suspicabar
1565 1161 1619 1190 ali-

911 1210 1034 1248 quando
1049 1214 1102 1245 τῆς
1114 1210 1298 1252 ἀπαῤῥησ-ίας.
1319 1214 1468 1247 tantopere
1488 1206 1619 1237 vincitur

900 1253 957 1291 jus
971 1259 998 1283 et
1008 1253 1067 1295 fas
1081 1266 1099 1284 a
1115 1256 1281 1290 timiditate,
1299 1253 1461 1284 libertatem
1485 1248 1619 1297 loquendi

908 1295 1081 1337 siffocante.
1126 1298 1285 1328 Sententia
1309 1301 1375 1326 est:
1408 1298 1521 1328 tacent,
1547 1301 1618 1331 quia

910 1342 1017 1371 nolunt
1039 1341 1194 1381 loquendo
1214 1340 1376 1371 discrimen
1401 1338 1486 1368 adire
1516 1344 1616 1365 causae

909 1385 1059 1422 ejusmodi
1077 1385 1252 1425 perdendae,
1270 1394 1329 1423 qua
1345 1383 1369 1413 si
1391 1382 1512 1415 cadant,
1526 1377 1616 1408 simul

909 1427 1000 1456 etiam
1021 1430 1073 1466 jus
1095 1439 1163 1458 cum
1181 1428 1295 1467 populo
1310 1426 1432 1465 agendi,
1448 1428 1500 1453 aut
1516 1430 1617 1451 coram

905 1470 1023 1508 judicio
1039 1471 1138 1501 standi
1152 1472 1300 1501 amittant.
1336 1468 1454 1499 Habuit
1468 1466 1618 1497 Wolfinm

909 1523 1029 1553 quoque
1054 1514 1119 1544 haec
1144 1515 1239 1544 dictio
1263 1513 1353 1548 male,
1378 1511 1458 1551 quod
1483 1520 1521 1539 ex
1549 1509 1614 1545 ejus

908 1558 1092 1595 conjecturis
1106 1563 1242 1597 apparet.
1272 1557 1362 1587 Nunc
1380 1561 1476 1584 tamen
1492 1552 1615 1599 videtur

909 1601 1030 1639 vulgata
1047 1606 1126 1630 stare
1139 1612 1240 1640 posse,
1255 1605 1286 1630 et
1299 1601 1364 1639 ejus
1379 1599 1443 1627 liaec
1466 1599 1615 1626 sententia

908 1652 995 1672 esse:
1019 1644 1165 1674 Facultas
1190 1655 1259 1673 cum
1285 1643 1353 1672 aliis
1375 1642 1469 1670 libere
1486 1648 1614 1677 congre-

906 1685 1010 1715 diendi
1025 1693 1057 1716 et
1069 1686 1265 1726 colloquendi
1283 1686 1367 1726 [quae
1386 1684 1514 1713 libertas
1530 1681 1615 1711 salva

907 1734 954 1759 est
977 1735 1008 1759 et
1029 1736 1229 1760 conservatur
1244 1729 1393 1763 cavend0‚
1410 1738 1446 1756 ne
1470 1736 1537 1755 cum
1562 1724 1612 1759 iis,

905 1782 973 1802 cum
986 1774 1096 1812 quibus
1110 1774 1207 1803 libere
1224 1783 1314 1812 agere
1331 1772 1421 1805 velis,
1443 1768 1613 1799 simultates

904 1816 1066 1855 suscipias,
1092 1828 1169 1847 neve
1196 1827 1249 1846 eos
1273 1814 1430 1854 accuses],
1453 1811 1578 1853 majoris
1595 1820 1612 1839 a

904 1859 1084 1897 quibusdam
1110 1861 1153 1895 fit,
1175 1870 1263 1899 quam
1288 1858 1423 1888 studium
1445 1865 1565 1895 aequum
1583 1859 1612 1882 et

898 1902 1014 1939 justum
1031 1904 1148 1933 tuendi.

947 1947 1083 1975 1341.1.
1101 1945 1125 1975 ἐν
1140 1946 1186 1976 οὐκ
1203 1944 1287 1984 ὀλίγῳ
1301 1942 1402 1985 χςόνῳ]
1420 1952 1478 1972 non
1497 1941 1611 1970 incom-

902 1989 1021 2018 modam
1041 1990 1155 2025 reddit,
1177 1989 1283 2023 fateor,
1299 1988 1366 2016 haec
1382 1986 1475 2015 lectio
1492 1989 1611 2013 senten-

901 2030 985 2061 tiam.
1010 2031 1335 2061 blandiebatur.tamen
1347 2029 1445 2068 magis
1458 2026 1611 2058 sententia

900 2084 917 2102 e
933 2074 1063 2105 lectione
1078 2075 1251 2115 Augustani
1275 2073 1440 2107 exsistens,
1455 2082 1472 2101 a
1487 2081 1546 2110 quo
1563 2070 1611 2100 οὐκ

900 2118 999 2147 abest.
1024 2129 1117 2157 quare
1145 2119 1176 2148 id
1204 2117 1290 2147 uncis
1318 2116 1444 2146 inclusi.
1471 2124 1610 2153 maguam

900 2160 961 2190 vim
989 2162 1090 2196 habet,
1112 2167 1245 2191 actorem
1262 2160 1359 2200 queri,
1374 2159 1485 2188 multas
1509 2157 1568 2187 sibi
1593 2167 1611 2185 a

899 2214 951 2233 reo
967 2204 1062 2234 factas
1078 2215 1145 2234 esse
1169 2215 1224 2244 per
1241 2205 1364 2243 longum
1385 2207 1507 2240 tempus
1531 2200 1610 2239 inju-

900 2247 971 2276 rias.
996 2248 1050 2277 sed
1074 2258 1131 2277 non
1149 2249 1260 2283 miuus,
1278 2246 1398 2286 opinor,
1414 2245 1507 2280 valet,
1525 2248 1609 2273 acto-

899 2301 962 2319 rem
986 2292 1083 2330 queri,
1106 2291 1210 2320 multis
1237 2302 1269 2320 se
1294 2289 1393 2320 modis
1416 2299 1432 2317 a
1454 2298 1506 2316 reo
1531 2287 1609 2316 intra

899 2338 1020 2372 tempus
1037 2334 1250 2364 brevissimum
1269 2344 1338 2363 esse
1350 2333 1467 2361 laesum.

942 2395 984 2399 —
1000 2380 1031 2407 8.
1054 2373 1148 2418 οἶτος]
1167 2388 1253 2406 meus
1268 2383 1363 2415 pater.

943 2438 984 2443 —-
1004 2422 1052 2450 16.
1076 2421 1191 2461 σαφῶς]
1209 2421 1302 2454 clara,
1327 2428 1428 2448 sonora
1448 2426 1522 2446 voce.
1547 2427 1609 2446 ma-

898 2462 951 2492 lim
969 2468 1067 2493 tamen
1085 2467 1188 2502 σοφῶς.
1203 2467 1321 2503 argute,
1335 2463 1416 2497 scite,
1432 2461 1524 2496 docte,
1540 2461 1608 2489 sub-

898 2506 999 2536 tilizer.

942 2567 984 2571 -
999 2551 1047 2580 19.
1063 2549 1104 2579 διὰ
1120 2549 1218 2589 τοῦτο]
1235 2549 1302 2579 scil.
1316 2546 1348 2576 τὸ
1363 2545 1516 2577 ἐπιλείπειν
1531 2548 1609 2586 ὑμᾶς

899 2593 964 2625 τοὺς
978 2592 1115 2625 τοιούτους
1131 2593 1253 2633 ῥήτορας,
1270 2591 1389 2621 etiamsi
1409 2601 1528 2630 quoque
1542 2601 1609 2620 ora-

900 2640 982 2665 tores
1014 2636 1185 2674 hujusmodi
1217 2646 1269 2664 vos
1301 2634 1481 2669 destituant,
1508 2634 1607 2673 iisque

900 2679 1061 2708 carendum
1079 2679 1120 2708 sit
1132 2678 1231 2708 vobis.

944 2739 985 2744 -—
1002 2724 1054 2751 124.
1077 2721 1162 2762 οὐδὲν]
1179 2721 1320 2756 distraxi,
1338 2731 1405 2750 meo
1427 2720 1559 2758 judicio,
1574 2719 1606 2748 in

898 2765 959 2795 duo
974 2765 1121 2794 vocabula
1135 2764 1187 2794 οὐδ’
1203 2763 1239 2794 ἐν.
1263 2765 1344 2804 atqui
1360 2774 1396 2792 ne
1411 2774 1463 2802 pro
1474 2763 1607 2793 concione

898 2808 1013 2847 quidem
1025 2807 1252 2848 verbafacinnt.
1272 2812 1391 2846 poterat
1403 2813 1501 2835 tamen
1515 2805 1605 2834 etiam

897 2851 991 2880 lectio
1005 2851 1190 2890 quorundam
1208 2851 1352 2880 librorum
1370 2848 1441 2878 οὐδὲν
1457 2847 1482 2878 ἐν
1498 2848 1539 2885 ‘nii
1562 2847 1606 2876 δή·

897 2905 946 2934 μῳ
961 2899 991 2923 λ.
1007 2894 1140 2934 probari.
1165 2893 1242 2923 nihil
1257 2904 1307 2932 pro
1322 2894 1454 2922 concione
1468 2891 1583 2920 dicunt.

941 2955 983 2959 -
999 2937 1074 2967 ibid.
1097 2938 1160 2970 τοὺς
1174 2935 1288 2976 ἐκεῖθεν]
1305 2935 1440 2965 homines
1458 2933 1604 2973 plebeios,

899 2978 930 3009 ἔκ
947 2981 997 3009 τοῦ
1015 2980 1112 3019 δήμου.

942 3041 983 3045 -
1000 3025 1052 3053 95.
1077 3023 1105 3063 ὃ]
1123 3023 1151 3052 id
1171 3029 1226 3052 est.
1243 3020 1275 3050 δι’
1289 3021 1309 3050 δ’.

897 3073 915 3100 ‘2
941 3078 959 3097 o
