1931 3322
1545 170 1626 213 211

282 361 366 402 AD
399 360 771 403 ORATIONEM
805 360 1132 404 ADVERSUS
1167 363 1498 409 LACRITUM.

197 466 319 508 Scripta
340 473 388 498 est
406 468 526 498 nomine
547 466 711 498 Androclis
730 467 867 507 Sphettii

153 514 185 542 et
199 511 391 542 Nausicratis
409 511 553 552 Carystii.
570 522 600 541 v.
622 521 655 550 p.
673 512 745 542 925.
767 513 817 541 27.
835 516 867 541 et

151 565 220 596 pen.
236 559 267 584 et
281 554 365 584 alibi.

196 601 327 629 9241.
356 595 582 650 ἀποδεδωκέναι]
603 596 725 627 correxi
751 598 866 627 ἀπολω-

149 639 270 672 λεκέναι.
293 645 397 680 potest
412 641 480 680 quis
494 639 526 669 ἐκ
541 643 596 670 τῶν
610 639 680 670 ἰδίων
695 652 725 670 τι
737 641 865 671 ἀπολλύ-

149 695 204 719 ναι,
221 685 260 714 de
276 685 340 714 suis
353 684 469 723 aliquid
481 684 625 723 perdere,
639 694 699 714 uon
709 688 811 714 autem
824 685 863 714 de

149 738 205 756 suo
220 727 388 764 ἀποδιδόναι,
401 727 541 758 reddere.
557 727 610 766 qui
626 737 712 758 suum
726 728 790 763 dat,
803 739 862 758 non

147 770 313 807 ἀποδίδωσι,
329 771 440 806 reddit,
457 771 513 800 sed
531 769 637 805 δίδωσι,
651 770 716 800 dat.
735 771 863 810 quicun-

147 824 207 854 que
222 819 323 844 autem
345 811 512 850 ἀποδίδωσι,
527 814 663 843 debiturn
679 813 793 851 reddit,
809 815 862 844 ille

147 868 207 887 nou
241 867 329 888 suum
361 857 474 893 reddit,
504 857 560 887 sed
590 857 724 887 alienum
755 863 861 888 mutuo

145 901 261 931 datum.

188 961 232 967 —-
249 947 302 975 10.
325 942 441 984 τούτου]
466 942 582 973 Lacriti
596 946 682 983 puta.

187 1005 230 1010 —
246 991 300 1019 17.
315 986 364 1016 καὶ
378 985 552 1027 κληρονόμῳ]
568 986 617 1015 καὶ
636 986 721 1016 uncis
736 986 857 1018 inclusi.

143 1036 179 1061 ut.
205 1030 247 1061 sit
270 1030 441 1061 sententia:
473 1030 525 1069 qui
549 1029 671 1068 possidet
697 1031 794 1060 omnia
823 1031 858 1061 ab

143 1075 298 1105 Artemone
312 1073 427 1108 relicta,
440 1077 541 1112 utpote
552 1072 615 1110 ejus
630 1071 727 1102 haeres.

185 1120 260 1148 925.
277 1120 308 1148 2.
331 1115 494 1156 {vra—entant]
514 1120 586 1155 post
601 1114 752 1146 ἔπιτηδειοι
769 1116 855 1146 vide·

139 1165 190 1190 tur
215 1162 268 1201 γὰρ
291 1160 412 1195 deesse,
435 1163 466 1188 et
489 1159 555 1188 haec
576 1160 670 1189 verba
694 1169 793 1198 usque
817 1161 854 1190 ad

137 1200 214 1234 οὗτοι
229 1214 259 1233 ν.
273 1206 304 1234 4.
319 1201 493 1242 parenthesi
507 1212 578 1232 esse
591 1202 790 1232 includenda.

181 1265 226 1270 --
244 1248 275 1278 5.
298 1244 440 1286 δήπουθεν]
464 1244 588 1275 correxi
610 1244 732 1276 δήποθεν.
767 1247 855 1276 Inter

137 1288 330 1331 ἐγνωρισμένοι
351 1293 382 1319 et
403 1287 573 1338 ἐγνωσμένοι
594 1289 726 1329 ambigo.
750 1299 855 1329 quam-

136 1344 227 1373 quam
249 1334 308 1363 hoc.
330 1333 444 1362 malim.
467 1332 567 1372 priori
588 1336 690 1362 tamen
714 1333 799 1363 favet
822 1344 854 1372 p.

138 1377 283 1409 924.n1t.
304 1378 336 1406 ¹7.
356 1376 565 1416 Apollodorus
582 1380 648 1405 erat
663 1370 736 1407 item
759 1376 854 1407 frater

135 1420 250 1451 Lacriti
267 1424 298 1450 et
313 1419 502 1450 Artemonis.

179 1481 223 1487 —
239 1466 291 1494 12.
314 1462 500 1504 ὑπισχνεῖτο]
517 1461 639 1492 correxi
655 1462 850 1504 ὑπισχνοῦντο.

135 1507 204 1538 scil.
219 1509 365 1537 Artemon
382 1512 413 1535 et
429 1506 646 1545 Apollodorus.

177 1568 220 1573 ——
238 1553 288 1581 16.
311 1550 363 1580 τοῦ
388 1549 510 1589 ἀδελφοῦ
533 1548 635 1590 αὐτοῦ]
665 1549 850 1590 Melanopus

133 1598 192 1625 est.

174 1654 219 1660 —
236 1638 286 1666 18.
310 1637 394 1675 μετὰ
414 1634 489 1675 ξένου
506 1633 578 1670 τινός
600 1635 653 1675 ἧμ.
675 1634 847 1678 Καρυστίου]

130 1680 276 1720 designat
288 1680 488 1715 Naucratem,
505 1682 557 1708 ant
574 1678 804 1709 Nausicratem.

172 1741 217 1747 —
233 1734 304 1763 pen.
333 1721 514 1763 Ναυκράτης]
542 1722 614 1752 dedi
637 1723 846 1762 Ναυσικράτης.

129 1777 199 1797 nam
216 1766 382 1797 Naucratis
403 1770 452 1796 est
474 1775 584 1795 nomen
606 1766 715 1805 oppidi
736 1766 767 1796 iu
791 1767 847 1797 AE-

130 1816 248 1885 gyglss‘g-
266 1857 296 1885 1.
317 1850 433 1895 Μένδην]
454 1852 529 1882 citat
543 1851 573 1881 h.
589 1851 611 1881 l.
633 1851 789 1893 Harpocr.
815 1864 847 1884 v.

125 1895 226 1928 Μένδη.

170 1958 214 1963 -·
225 1943 255 1971 2.
277 1939 328 1974 τῗίς
343 1937 391 1969 ἐπ’
403 1937 553 1980 ἄριστεξιὶ]
571 1938 703 1968 subaudi
719 1941 843 1979 πλευρᾶς

127 1983 179 2013 τοῦ
194 1982 308 2013 Πόντου.
331 1984 355 2012 si
370 1983 467 2014 volent
490 1982 641 2011 sinistrum
659 1981 749 2012 Ponti
771 1982 842 2012 litus

128 2026 234 2068 legere,
257 2026 339 2056 liceto
364 2027 432 2065 ipsis
453 2034 544 2065 usque
567 2025 607 2054 ad
631 2023 842 2064 Borysthenem

123 2071 290 2109 procedere.
332 2068 493 2099 Sinistrum
516 2068 592 2097 litus
616 2072 664 2097 est
686 2068 731 2104 id,
757 2069 838 2108 quod

124 2113 277 2153 ingressis
291 2113 424 2143 Pontum
442 2123 459 2142 e
475 2112 619 2151 Bosporo
635 2111 674 2141 ad
687 2111 838 2142 sinistram

125 2161 183 2189 est.

166 2217 212 2223 —
223 2202 254 2231 4.
279 2197 351 2239 μετ’
364 2196 539 2240 Ἀρκτοῦρον]
558 2196 623 2228 scil.
639 2196 773 2237 δυόμενον,
789 2198 840 2229 vel

123 2241 221 2274 δύντα.
241 2247 314 2282 post
332 2252 474 2272 occasum
493 2241 631 2271 Arcturi.

166 2303 209 2309 ·—-
233 2289 264 2317 5.
293 2284 340 2326 ἐφ’
361 2284 440 2327 ἱερὸν]
462 2289 511 2315 est.
535 2285 730 2324 postmodum
755 2283 840 2315 dicta

123 2329 310 2360 Chalcedon

166 2390 210 2395 —
230 2374 260 2403 6.
284 2373 340 2405 τὰς
359 2369 541 2412 τρισχιλίας]
566 2371 689 2401 correxi
712 2372 766 2406 τὰς
788 2383 839 2413 χι-

122 2415 196 2450 λίας.
210 2415 342 2446 millenae
352 2415 504 2444 drachmae
516 2414 608 2453 paulo
617 2420 686 2444 ante
697 2415 838 2454 depactae

122 2464 210 2490 eraut
229 2459 346 2489 foenore
366 2458 428 2489 225
445 2458 609 2487 drachmae.
628 2459 690 2496 jam
708 2469 795 2493 vero,
810 2458 837 2488 si

122 2503 314 2543 appellerent
329 2501 366 2532 ad
382 2501 607 2530 Chalcedouem
626 2506 696 2540 post
713 2501 835 2531 Arcturi

121 2557 276 2581 occasum,
287 2546 456 2575 cavebatur
467 2544 497 2573 in
507 2554 643 2579 usuram,
655 2549 837 2574 tercentenae

119 2590 274 2620 drachma:
289 2589 318 2618 iu
335 2588 485 2618 millenas.
500 2597 573 2626 ergo
589 2587 761 2637 periculosa
772 2593 839 2618 erat

121 2633 176 2664 illa
194 2633 274 2663 navi·
267 2632 327 2671 „rati
331 2642 360 2662 o.
404 2631 465 2661 Sed
489 2630 574 2660 nullo
594 2640 651 2659 non
676 2631 745 2660 anni
762 2635 837 2660 tem-

950 471 1057 499 -26.
1080 469 1200 510 κατὰ]
1193 480 1222 499 ιη
1239 469 1336 499 altero
1353 472 1491 510 exemplo
1507 484 1535 513 p.
1548 475 1621 506 936.

905 512 959 541 23.
984 518 1031 541 est
1052 513 1140 551 παρα.
1163 513 1299 552 ambigo,
1325 518 1427 543 utrum
1451 517 1621 554 praeferam.

904 553 1036 585 fortasse
1056 561 1155 586 tamen
1177 559 1255 597 παξοὶ
1278 560 1425 595 praestare
1439 558 1622 597 quibusdam

904 597 1056 628 videatur.

946 659 988 663 —
1003 643 1055 672 27.
1070 653 1117 670 και
1134 640 1166 671 ἐκ
1180 641 1250 681 τῶν]
1266 642 1314 671 καὶ
1329 642 1464 673 deletum
1481 644 1595 675 malim.

947 686 1020 715 927.
1035 687 1065 715 Q.
1089 684 1267 725 εἰσβάλωσι]
1282 685 1349 715 scil.
1364 686 1402 720 εἷς
1416 686 1462 716 τὸν
1478 686 1588 718 Πόντον.

943 745 987 750 -—
1001 729 1033 758 3.
1054 726 1213 769 μείναντες]
1231 729 1297 758 scil.
1313 728 1338 758 ἐν
1350 729 1392 768 τῷ
1403 729 1553 761 Ἕλλησπό
1541 742 1617 771 ντῳ.

943 788 987 793 -
1003 770 1079 801 ibid.
1102 770 1150 801 ἐπὶ
1168 772 1222 813 νηι]
1250 773 1372 802 correxi
1398 775 1447 804 τὴν
1472 772 1520 803 ἔπι
1547 775 1617 811 κυνι,

900 813 968 844 scil.
985 813 1104 854 δυομένῳ
1118 816 1196 856 ὥραν.
1219 816 1302 854 quod
1323 815 1349 845 si
1372 821 1473 846 autem
1490 828 1548 846 non
1567 818 1614 848 in-

900 857 1049 888 vehantur
1080 858 1110 888 in
1144 859 1289 895 Pontum,
1321 860 1374 889 sed
1407 866 1546 889 maneant
1580 861 1612 891 in

900 900 1116 941 Hellesponto,
1133 902 1226 932 etiam
1242 903 1350 932 decem
1366 902 1432 932 dies
1449 903 1492 932 ibi
1510 914 1613 933 mane-

896 949 957 978 ant,
982 949 1054 983 post
1077 955 1218 975 occasum
1237 945 1394 982 caniculae,
1416 950 1517 976 tamen
1542 947 1612 987 plus

896 996 934 1015 ne
950 987 1042 1018 danto
1067 988 1208 1025 foenoris,
1223 1000 1314 1028 quam
1338 989 1486 1029 scriptum
1509 995 1556 1021 est
1579 992 1611 1020 iu

895 1030 1008 1060 tabulis
1024 1041 1102 1061 anno
1123 1033 1274 1072 superiori
1289 1033 1433 1063 exaratis.
1457 1033 1488 1062 h.
1505 1044 1532 1063 e.
1555 1034 1611 1064 du-

894 1078 1039 1103 centenas
1072 1074 1198 1104 vicenas
1231 1075 1339 1115 quinas
1375 1076 1547 1113 drachmam,
1579 1078 1609 1107 in

892 1116 989 1146 minas
1016 1117 1121 1148 denas.
1152 1128 1249 1149 annus
1272 1119 1352 1148 enim
1375 1119 1608 1151 Atheniensium

891 1158 989 1189 inibat
1019 1171 1123 1190 mense
1147 1161 1242 1192 julio.
1288 1162 1413 1191 Tabulae
1438 1173 1511 1203 ergo
1536 1175 1609 1194 con-

890 1206 1006 1233 tractus
1030 1203 1155 1234 ineunte
1177 1205 1385 1244 navigatione,
1406 1205 1435 1235 h.
1452 1216 1479 1235 e.
1503 1217 1608 1237 mense

890 1246 1002 1285 Aprili,
1026 1247 1162 1287 scriptae,
1193 1252 1368 1279 revertente
1399 1255 1567 1281 mercatore
1591 1262 1608 1281 e

889 1291 1085 1330 navigatione
1101 1291 1224 1322 domum
1242 1292 1299 1322 sub
1315 1291 1434 1321 initium
1452 1293 1609 1331 Octobris

888 1340 974 1363 erant
992 1333 1114 1374 scriptae
1130 1345 1208 1365 anno
1224 1334 1388 1374 superiori.

930 1394 972 1399 —-
989 1380 1019 1408 8.
1044 1375 1168 1417 σωτηρία
1187 1377 1281 1419 ἔστω]
1310 1377 1394 1408 salva
1412 1383 1501 1409 sunto
1518 1379 1606 1409 debi-

887 1420 1006 1450 toribus
1023 1422 1112 1456 bona,
1128 1432 1196 1460 quae
1211 1422 1404 1452 debitoribus
1420 1422 1605 1462 oppignera-

887 1463 1000 1498 verint,
1016 1471 1046 1494 et
1063 1475 1167 1494 eorum
1186 1471 1289 1502 sunto,
1306 1475 1406 1505 neque
1431 1467 1603 1496 creditores

887 1516 990 1536 eorum
1008 1508 1167 1547 quicquam
1184 1509 1370 1548 attinguuto.
1386 1518 1454 1547 quae
1472 1514 1573 1539 autem
1586 1520 1603 1539 e

885 1551 1043 1590 naufragio
1054 1552 1171 1590 reliqua
1185 1552 1264 1582 facta
1280 1552 1352 1588 sint,
1366 1562 1401 1581 ea
1413 1552 1602 1583 creditorum

885 1597 976 1623 sunto
991 1595 1174 1624 communia.

925 1654 969 1659 ——
986 1639 1036 1668 13.
1054 1637 1196 1678 Βοιώτιος]
1213 1642 1392 1678 suspectum
1406 1639 1600 1670 vocabulum.

882 1689 941 1709 non
951 1680 1030 1711 euim
1044 1681 1167 1711 memini
1179 1682 1308 1711 Athenis
1318 1682 1428 1711 tribum
1443 1683 1599 1712 Boeotiam

879 1719 989 1753 foisse.
1013 1735 1083 1754 nuru
1109 1726 1237 1755 Βοιωτοῦ.
1263 1724 1380 1755 Boeotus
1399 1729 1465 1754 erat
1487 1735 1598 1756 nomen

881 1766 971 1797 virile
1003 1768 1240 1798 Atheniensibus
1265 1769 1345 1798 haud
1375 1768 1528 1806 ignotum,
1556 1780 1596 1799 ex

878 1809 948 1849 ipso
965 1816 1067 1841 notum
1086 1811 1307 1842 Demosthene.
1323 1817 1532 1843 verumtamen
1549 1823 1598 1843 re-

879 1854 974 1884 currit
991 1865 1020 1884 v.
1037 1857 1089 1885 93.

920 1914 965 1919 -
985 1901 1036 1929 15.
1060 1896 1231 1939 μαρτυρίαι]
1259 1898 1320 1927 imo
1346 1908 1420 1927 vero
1443 1898 1599 1939 μαρτυςία.

874 1939 924 1969 hic
939 1940 1018 1970 enirn
1038 1952 1096 1970 non
1118 1942 1177 1972 nisi
1194 1951 1272 1971 unus
1287 1941 1532 1972 Archeuomides
1553 1947 1599 1972 te-

875 1987 983 2013 statur.

919 2028 991 2057 928.
1009 2028 1040 2057 3.
1062 2025 1275 2069 σημῃναμένου]
1301 2027 1422 2058 correxi
1439 2039 1597 2069 συσσημῃ-

874 2068 1001 2109 ναμὲνου.
1027 2081 1084 2100 non
1104 2071 1188 2100 solus
1212 2070 1352 2100 Lacritus
1374 2072 1596 2109 obsignaverat

875 2123 927 2142 eas
944 2113 1075 2148 tabulas,
1092 2114 1146 2144 sed
1168 2124 1227 2144 una
1241 2124 1308 2144 cum
1327 2115 1477 2144 ambobus
1494 2115 1595 2144 fratri-

873 2157 944 2191 bus,
960 2158 1128 2186 Artemone
1144 2162 1175 2186 et
1192 2157 1394 2197 Apollodoro.

915 2216 959 2222 --
976 2203 1027 2230 10.
1051 2199 1204 2241 Ἀθήναζε]
1230 2200 1353 2230 correxi
1375 2198 1515 2242 Ἀθήνῃσι.
1539 2211 1596 2231 sese

872 2248 1059 2273 moraturum
1073 2253 1128 2273 esse
1138 2244 1271 2274 Athenis.

918 2288 991 2317 9⁶29.
1009 2290 1039 2316 1.
1060 2285 1087 2317 ἐν
1100 2287 1139 2328 τῇ
1150 2286 1293 2328 εἰκοσόρῳ]
1310 2287 1410 2326 prima
1425 2288 1487 2318 duo
1501 2298 1594 2318 voca·

872 2329 945 2360 bula
961 2330 1079 2360 addidi.

915 2390 959 2395 —
995 2375 1026 2404 5.
1072 2373 1134 2404 Scor
1171 2372 1328 2413 προσήκει]
1368 2373 1495 2404 correxi
1533 2372 1594 2404 δ’σον

873 2418 1004 2456 προσῆκε.

915 2477 957 2483 -
972 2461 1005 2489 7.
1029 2457 1090 2489 ε’σον
1105 2457 1206 2499 ἒδοκει]
1224 2458 1375 2489 correxi&
1374 2457 1420 2495 ’,τι
1436 2458 1532 2490 ἐδόκει.
1557 2465 1593 2490 ut

875 2513 906 2542 p·
926 2504 999 2534 928.
1017 2505 1068 2533 16.
1091 2502 1217 2542 legitur,
1242 2502 1366 2532 videtur
1387 2502 1448 2532 οσον
1464 2514 1481 2534 e
1506 2504 1592 2534 varia

871 2544 1029 2576 lectioue'
1019 2556 1046 2579 ες
1061 2558 1073 2574 ο
1087 2545 1120 2575 ἂν
1133 2544 1218 2575 ἐδόκει
1234 2550 1337 2575 natum
1353 2556 1433 2576 esse.

915 2607 958 2612 —-
981 2591 1012 2619 8.
1034 2587 1197 2639 ἔμέλησαν]
1223 2588 1346 2619 correxi
1371 2588 1550 2629 ἐμέλλησαν.
1576 2601 1594 2619 a

873 2642 903 2661 v.
919 2631 1037 2672 μέλλω,
1053 2642 1112 2661 non
1118 2632 1258 2682 ἃμὲλει.
1277 2632 1592 2673 nunquamsutumm

122 2686 199 2716 pore
224 2676 447 2715 importuosum
473 2677 538 2704 erat
563 2672 638 2703 litus
666 2673 838 2704 Chalcedo-
861 2673 944 2715 fuit,
958 2685 1048 2716 mque
1063 2676 1098 2705 ab
1114 2676 1182 2714 ipsis
1196 2676 1385 2715 sperandum,
1399 2682 1434 2706 ut
1451 2681 1491 2706 tot
1506 2678 1592 2706 cados

122 2729 228 2755 nense,
250 2719 346 2749 multo
369 2723 471 2748 autem
495 2716 594 2756 magis
619 2717 674 2746 sub
701 2718 838 2747 autumni

122 2762 224 2794 initia·

168 2823 210 2828 —-
233 2805 308 2835 ibid.
340 2801 495 2844 κεραμίοις]
528 2802 687 2841 colligitur
713 2813 751 2832 ex
778 2803 837 2832 hoo

123 2838 206 2883 loco,
224 2849 285 2878 vini
304 2847 439 2878 Mendaei
463 2852 572 2876 testam
597 2846 729 2875 valuisse
753 2846 838 2875 binas

126 2891 295 2922 drachmas.
336 2892 532 2921 soeneratores
563 2889 644 2919 cuim
677 2889 837 2929 pecuniam

126 2934 254 2964 credere
284 2934 435 2970 solebant,
464 2933 494 2963 iu
522 2933 739 2972 hypothecam,
770 2943 838 2972 quae

127 2975 256 3018 duplum
272 2977 386 3008 valeret
403 2986 593 3008 nummorum
608 2975 809 3008 creditorum.

872 2719 934 2748 tini
948 2720 1068 2760 nauigio
1088 2720 1278 2758 imponerent,
1293 2729 1387 2760 neque
1408 2720 1441 2749 in
1467 2725 1591 2749 mentem

872 2762 936 2800 ejus
952 2763 996 2791 aci
1012 2763 1081 2801 ipsis
1096 2763 1184 2793 zenit.

915 2823 957 2827 —
967 2809 1016 2837 ⁶25.
1027 2804 1206 2847 Ἱστιαιίθεν]
1219 2810 1321 2835 tuetur
1334 2805 1411 2834 hauc
1425 2804 1591 2833 lectionem

873 2847 1023 2878 Corsinns
1051 2850 1130 2878 Fast.
1149 2850 1245 2878 Attio.
1271 2848 1394 2878 dissert.
1412 2849 1441 2877 5.
1466 2857 1496 2885 p.
1516 2850 1590 2877 215.

873 2901 940 2930 sqq.
968 2892 1112 2921 Valesius
1141 2892 1178 2921 ad
1213 2892 1364 2930 llarpccr.
1389 2901 1420 2929 p.
1445 2892 1495 2918 9¹13.
1527 2891 1591 2919 vult

872 2932 1035 2965 Ἰτεαιόθεν.
1056 2934 1129 2964 mihi
1149 2946 1204 2963 non
1223 2935 1330 2973 liquet,
1348 2943 1445 2973 neque
1459 2943 1526 2963 amo
1540 2943 1592 2963 no·

873 2978 929 3009 dos
945 2978 1097 3018 ejusmodi
1115 2979 1257 3008 enodare.
