1964 3323
304 2699 307 2704 s
353 2698 420 2718 nem
437 2690 553 2717 abesse.

357 214 436 257 134

351 322 402 351 τοῦ
419 320 484 356 Διὲς
499 319 564 351 sine
581 317 731 351 Δωδωνεῖου
742 319 963 360 praecessisset.
985 321 1065 350 Bav.

354 365 435 394 idem
453 365 552 400 deest,
576 365 631 394 sed
651 374 708 404 pro
726 364 768 403 τῷ
783 364 917 394 secundo
932 368 980 394 est
999 365 1063 393 τῶν.

350 407 428 437 latet
455 408 559 447 utique
584 406 703 438 vitium.
737 407 882 437 desidero
906 417 1064 436 numerum

352 455 508 481 taurorum
535 450 765 480 offerendorum.
800 459 932 480 novemne
948 449 961 478 ἲ
992 454 1065 489 quot

351 493 548 533 erantlegati.
566 503 652 533 quam
668 493 697 523 in
709 493 982 532 snspicionemjaui
994 497 1064 522 ante

352 547 401 567 me
416 537 530 567 dudum
547 537 682 567 SVolfius
698 536 819 572 incidit,
835 542 941 565 natura
956 536 1001 565 rei
1019 536 1063 564 ul·

351 585 401 610 tro
413 590 561 619 quemque
575 580 646 609 illuc
662 580 806 614 ducente,
822 584 853 608 ut
869 579 907 608 sit
922 580 987 608 haec
1004 578 1063 608 loci

352 624 464 654 lectio:
481 623 523 663 τῷ
540 623 587 654 Διῒ
602 621 674 652 ἐννέα.
690 623 813 662 ἀξοτςεῖς
829 622 901 655 Βοῦς.
919 622 1065 652 oblaturos

351 666 418 697 Jovi
433 677 531 696 norem
548 673 647 695 tauros
661 671 798 695 aratores.

393 727 437 733 --
453 712 504 740 19.
529 708 572 739 δύο
587 707 710 749 βοήσεις]
728 708 758 737 in
775 709 853 737 Bav.
872 711 920 737 est
935 706 978 737 δύο
989 706 1064 740 Boari-

351 763 421 787 σεις.
448 753 476 782 in
504 752 572 782 aliis
595 752 663 781 alia.
692 750 766 780 mihi
792 749 915 779 videtur
938 751 997 789 leg.
1021 749 1064 779 δύο

353 795 413 830 βόϊς
427 795 502 829 ἴσοις.
527 796 608 824 binas
623 804 723 824 vaccas
736 792 854 833 (equalis
868 794 962 823 tauris
972 794 1065 822 artatis

351 845 440 879 atque
456 838 573 872 roboris,
590 838 638 866 vel
655 837 773 866 decoras
788 835 854 865 Jovi
868 840 954 875 atque
967 845 1065 865 conve-

350 883 471 912 nientes.
495 882 544 910 vel
561 878 616 914 (3623
632 878 712 914 ἐΐσας
731 878 865 908 dictione
887 878 1064 908 Homerica.

352 935 434 964 saepe
458 924 554 959 δαῖτες
575 922 649 953 ἐῖσαι
672 925 836 952 occurrunt
855 931 911 960 pro
929 920 1063 960 opiparae

350 969 459 1008 dapes,
475 968 578 1001 lautae,
597 965 776 1006 splendidae.
802 964 847 994 sic
867 974 968 994 vaccae
989 963 1064 994 ἒΐσαι

353 1016 425 1041 sunt
441 1012 517 1040 bene
534 1014 640 1048 pastae,
655 1009 738 1038 succi
754 1008 862 1047 plenae,
879 1011 1009 1046 vegetae.

393 1072 435 1076 -—-
450 1056 502 1083 21.
518 1053 644 1094 χαλκῆν,
659 1051 706 1081 καῖ
721 1050 798 1091 πξός,
813 1049 846 1080 τὸ
858 1049 993 1090 ἀνάθημα
1003 1048 1062 1090 --]

350 1097 450 1127 malim
466 1096 513 1125 καὶ
530 1100 559 1124 et
575 1104 692 1124 comma
710 1094 818 1130 deleri,
836 1099 871 1124 ut
887 1094 927 1123 sit
942 1098 1064 1123 senten-

351 1140 413 1170 tia:
436 1139 629 1177 tabulamque
652 1148 765 1168 aeneam
789 1137 875 1178 [soil.
891 1136 1061 1178 oblaturos]

352 1182 551 1222 pertinentem
569 1182 605 1210 ad
621 1181 698 1210 illud
714 1180 886 1215 donarium,
901 1180 983 1219 quod
999 1180 1063 1218 jam

352 1226 468 1255 dudum
495 1225 670 1254 dedicasset
698 1224 831 1264 populus
855 1222 1061 1253 Atheniensis.

349 1267 481 1310 τράπεζαι
500 1272 549 1298 est
570 1268 684 1303 tabula,
700 1268 749 1297 cui
766 1266 943 1296 inscribitur
957 1265 1062 1296 inscri-

350 1312 417 1352 ptio
432 1312 604 1347 declarans,
629 1311 716 1349 cujus
740 1310 782 1340 sit
804 1310 882 1339 illud
903 1309 1063 1340 donarium

352 1360 382 1384 et
399 1364 458 1395 qua
473 1355 511 1384 de
527 1364 620 1384 causa
635 1355 748 1384 datum:

392 1415 435 1422 -—
447 1400 499 1428 24.
517 1397 528 1426 ὅ
545 1399 594 1428 τοῦ
609 1397 674 1430 Διὸς
689 1395 806 1436 σήμαιν’
821 1395 885 1435 [vel
904 1400 936 1425 ut
950 1394 980 1424 in
995 1394 1063 1426 aliis

312 1446 314 1448 ’
350 1444 397 1471 est
420 1438 553 1481 σημαίνἿ
575 1439 601 1470 ἐν
622 1439 736 1481 Δωδώνῃ
753 1439 873 1478 Διονύσῳ
893 1437 1061 1478 δημοτελεῖ]

351 1494 407 1523 pro
423 1495 499 1514 voce
518 1488 673 1522 postrema
695 1483 792 1512 voluit
815 1482 993 1518 Lambinus,
1012 1482 1061 1511 cui

349 1527 464 1566 Taylor
493 1527 669 1562 assentitur,
695 1525 870 1566 δημοτελεῖν.
904 1536 960 1565 ego
988 1535 1061 1555 vero

311 1573 316 1581 ⁸
352 1571 503 1608 vulgatam
521 1571 548 1600 h.
567 1571 586 1599 l.
606 1575 702 1599 tueor.
726 1580 783 1599 non
801 1569 881 1598 enim
898 1567 1062 1609 δημοτελέσι)

350 1618 516 1653 usurpatur
531 1613 575 1643 ita
592 1617 624 1643 ut
636 1613 802 1652 δημοτελὴς,
814 1612 893 1651 quod
910 1615 974 1641 erat
989 1622 1062 1650 cog-

350 1666 459 1686 nomen
476 1656 599 1686 Bacclii.
644 1656 680 1684 In
701 1653 818 1694 σημαιν’
837 1653 862 1684 ἐν
882 1654 971 1684 facile
991 1664 1062 1683 con-

351 1700 485 1729 sentiunt
514 1709 617 1728 ornnes
644 1698 704 1737 leg.
733 1709 802 1728 esse
833 1696 974 1736 σημαίνει.
1004 1708 1062 1736 pro

352 1742 466 1772 Δωδώνη
483 1742 582 1772 malim
599 1741 689 1780 δόμεν.
707 1747 740 1771 ut
755 1741 849 1770 totius
865 1740 925 1770 loci
941 1742 1004 1769 haec
1022 1741 1062 1770 sit

348 1785 462 1815 lectio:
486 1785 498 1814 ὃ
521 1786 571 1814 τοῦ
587 1783 651 1818 Διὸς
674 1782 814 1824 σημαίνει.
840 1782 921 1823 δόμεν
942 1782 1062 1822 Διονύσῳ

350 1829 518 1868 Δημοτελεῖ
529 1827 618 1869 ἶὲρειον
631 1827 746 1858 τέλειον.
768 1827 905 1858 Sacerdos
919 1826 1061 1864 Jovisju-

351 1871 408 1907 bet,
425 1871 562 1912 Dionysio
579 1869 723 1900 Demoteli
738 1869 838 1911 offerri
853 1870 999 1899 victimam
1016 1871 1061 1898 in-

349 1919 437 1954 tegrae
458 1920 485 1944 et
498 1914 635 1955 florentis
656 1914 759 1943 (etatis.
782 1917 834 1942 aut
849 1912 924 1942 alias
941 1915 1011 1950 post
1025 1912 1061 1942 ἱε-

349 1959 415 1998 ρεῖον
425 1955 530 1987 τέλειον
538 1958 625 1987 deest
635 1956 737 1986 θῦσαι.
762 1957 930 1995 Δημοτελῆς
941 1956 1063 1985 videtur

348 2001 402 2029 ille
419 2001 560 2030 Bacchus
577 2010 644 2029 esse
661 1999 842 2039 appellatus,
858 1998 908 2028 cui
924 2009 981 2027 non
999 1998 1063 2037 pri-

351 2044 444 2073 vatim
461 2054 478 2073 a
493 2054 625 2083 quoque,
648 2044 703 2073 sed
724 2042 846 2082 publice
867 2042 904 2072 ab
922 2041 1062 2071 omnibus

351 2097 437 2116 sacra
451 2087 569 2116 fierent.

395 2147 437 2152 --
453 2133 504 2160 927.
519 2129 614 2160 ἐλεεῖν.
637 2128 711 2159 θύειν
724 2126 794 2168 μίαν
808 2125 912 2168 {artem
928 2126 976 2159 Διῒ
988 2133 1061 2158 Κτη-

352 2170 403 2211 ‹riq›
413 2170 473 2202 ῥοῦν
484 2172 590 2212 λευκὸν]
607 2173 682 2202 Post
692 2171 796 2211 ἡμέραν
804 2172 894 2211 posui
904 2175 1062 2210 punctum,

351 2219 383 2244 et
396 2215 458 2245 duo
471 2215 568 2254 prima
580 2215 683 2251 verba,
695 2215 857 2253 interjecto
867 2219 978 2252 puncto
990 2215 1062 2242 sub-

347 2259 422 2294 lato,
447 2258 476 2288 in
506 2268 596 2288 unum
625 2258 753 2287 verbum
780 2255 919 2286 contraxi
945 2255 1063 2291 ἐλινύειν,

352 2306 476 2331 auctore
492 2301 599 2331 codice
617 2301 778 2336 Bavarico,
790 2301 877 2338 cujus
893 2300 921 2328 in
933 2309 1062 2337 corpore

352 2355 419 2374 cum
450 2345 489 2374 sit
519 2344 653 2384 vulgata,
678 2354 782 2382 margo
806 2343 859 2372 dat
880 2354 924 2383 γρ.
946 2341 1063 2372 ἐλινύειν.

351 2387 505 2416 Sententia
516 2387 617 2426 itaque
629 2391 677 2417 est
693 2387 757 2416 liaec
771 2398 777 2416 ι
800 2396 919 2416 coronas
932 2385 967 2414 ab
982 2386 1063 2425 inge-

351 2432 419 2460 nuis
433 2432 573 2470 servisque
587 2440 643 2460 esse
661 2430 827 2470 gestandas,
848 2435 883 2458 ut
903 2438 956 2467 per
971 2439 1063 2458 unam

351 2473 427 2503 diem
439 2474 474 2502 ab
489 2471 763 2513 opereferiandmn.
789 2472 883 2502 Porro
895 2471 1063 2511 sacrifican-

350 2516 422 2545 dum
437 2526 491 2545 esse
507 2523 628 2546 taurum
643 2516 806 2546 candidum
819 2515 885 2544 Jovi
903 2515 1004 2544 Ctesio.
1027 2514 1063 2542 In

353 2558 401 2590 Διῒ
414 2559 504 2588 facile.
520 2570 536 2589 e
553 2559 696 2598 proximo
718 2558 869 2597 superiori
885 2568 976 2587 versu
994 2558 1064 2587 sub-

352 2602 474 2632 auditur
489 2600 583 2631 Θῦσαι.
919 2598 923 2601 ’

396 2646 470 2675 532.
490 2648 519 2674 1.
542 2643 568 2674 ἒν
582 2644 620 2684 τῇ
636 2643 731 2684 πόλει]
755 2644 855 2673 malim
872 2643 1065 2683 praepositio-

599 2687 674 2717 Sunt
696 2689 770 2726 (non
794 2688 825 2716 in
846 2688 973 2721 civitate,
996 2686 1066 2726 sed)

351 2732 465 2761 civitati
494 2731 588 2760 multa
616 2731 759 2768 praeclara
785 2730 914 2760 oracula.
944 2734 976 2758 et
1000 2730 1063 2768 jam

352 2774 444 2804 video
465 2774 503 2803 ab
526 2774 702 2812 Augustano
731 2771 757 2801 ἐν
786 2774 904 2802 abesse.
930 2772 1064 2812 ideoque

351 2817 465 2847 delevi.

393 2878 437 2883 ——-
452 2861 483 2890 5.
505 2859 644 2893 ἁπάσαις
662 2859 728 2891 ταῖς
743 2857 973 2898 ἀφικνουμέναις]
997 2868 1064 2887 cor-

351 2904 419 2934 rexi
442 2902 583 2935 ἁωάσειις
606 2902 649 2932 ἀεὶ
673 2903 738 2934 ταῖς
760 2903 854 2941 ἀφικν.
877 2901 959 2939 qnod
983 2900 1062 2930 idem

351 2952 399 2976 est
421 2957 456 2976 ac
482 2946 506 2975 si
529 2945 678 2976 dixisset:
701 2945 831 2978 ἁπάσαις
851 2945 917 2978 ταῖς
936 2943 978 2973 ἀεὶ
997 2945 1064 2983 ἀφι-

352 3001 436 3028 κουμ.

357 3040 359 3042 “
393 3050 436 3057 —-
452 3034 483 3063 6.
505 3032 526 3062 οἱ
543 3030 627 3063 τοίνυν
637 3031 720 3074 ,χοροὶ
741 3031 847 3065 πάντες
867 3030 888 3060 οἶ
910 3029 1064 3070 γιγνόμενοι

724 214 762 258 Ι.
785 215 820 258 Ι.
843 210 1070 257 REISKE
1106 212 1435 256 ANNOTATA

1097 335 1140 343 -
1150 319 1226 351 δῆλον
1240 319 1284 351 ὅτι
1297 322 1352 356 τὰς
1360 318 1416 360 μὲν
1429 317 1551 362 ὴμέρας]
1567 323 1695 360 apparet
1706 320 1807 351 locum

1099 373 1166 392 esse
1183 367 1370 402 corruptum.
1388 363 1454 394 vult
1470 363 1548 393 enim
1562 364 1722 400 conficere,
1736 364 1809 394 cbo-

1097 416 1188 445 regos
1213 416 1282 436 esse
1304 405 1511 443 inviolabiles,
1534 406 1605 447 quia
1630 406 1692 436 sint
1717 406 1809 436 sacri.
1843 408 1864 443 fg
1884 396 1914 410 ¹

1098 459 1201 479 sacros
1228 453 1327 479 autem
1358 459 1439 485 esse,
1469 450 1540 489 quia
1565 449 1626 480 sint
1651 448 1809 489 principes
1839 448 1919 486 ’,3,ᾟὲ

1098 492 1270 528 chororum,
1286 492 1338 531 qui
1355 493 1433 522 sacri
1449 492 1522 523 item
1539 493 1609 523 sint.
1630 502 1698 522 nam
1714 503 1732 522 a
1747 492 1808 522 diis

1098 546 1150 564 eos
1167 536 1300 575 praecipi.
1324 535 1405 574 quod
1422 535 1447 564 si
1464 545 1537 574 ergo
1558 536 1721 575 choregum
1738 535 1809 574 quis

1099 578 1205 614 violet,
1221 589 1288 607 eum
1305 589 1391 607 sacra
1404 578 1529 608 violare.
1563 579 1623 607 Sed
1639 578 1668 608 in
1686 579 1810 616 vulgata

1097 621 1178 650 labat
1194 621 1426 658 argumentatio,
1442 632 1531 660 quam
1543 621 1630 650 facile
1646 622 1808 650 confirmes

1098 668 1129 693 et
1146 664 1261 703 planam
1276 665 1368 693 facias
1384 663 1429 693 sic
1444 665 1595 703 legendo:
1613 663 1635 693 εἲ
1651 662 1735 693 τοίνυν
1749 662 1810 704 ἱεροὶ

1096 707 1172 747 χσςοὶ
1189 708 1294 741 πάντες
1308 707 1329 736 οἱ
1344 706 1505 746 γιγνόμενοι,
1521 707 1596 746 quod
1612 707 1634 736 si
1649 717 1718 746 ergo
1731 707 1810 736 sacri

1096 754 1165 779 sunt
1191 750 1271 780 chori
1297 760 1401 785 omnes,
1428 754 1565 790 quotquot
1594 750 1809 785 instituuntur,

1096 791 1145 821 καὶ
1171 793 1193 822 οἱ
1218 793 1330 834 χορηγοὶ
1354 792 1488 829 δηλονότι,
1517 799 1612 833 sponte
1635 802 1690 822 sua
1715 797 1810 830 paret,

1096 837 1182 865 etiam
1198 835 1334 877 choi-egos
1347 845 1441 865 sacros
1459 846 1524 866 esse.
1547 837 1602 870 τὰς
1615 835 1671 876 μὲν
1684 832 1725 865 οὖν
1739 833 1810 873 ἡμέ-

1097 889 1143 919 ρας
1155 879 1266 916 ——jam
1280 889 1332 917 per
1346 878 1406 909 dies
1420 880 1535 918 quidem
1546 879 1619 915 illos,
1633 879 1798 918 quibus—-

1140 938 1182 943 —-
1198 924 1228 951 9.
1251 922 1312 961 περὶ
1335 921 1440 962 αὐτῶν]
1465 922 1526 962 περὶ
1555 932 1593 951 an
1620 921 1688 961 ὑπὲξ
1711 921 1810 959 legas,

1097 961 1138 992 nil
1153 963 1293 993 interest.
1314 963 1403 993 etiam
1420 966 1496 1003 ἡμῶν
1510 965 1617 1000 addas,
1632 975 1668 994 an
1686 964 1809 993 omittas

1097 1016 1166 1036 cum
1189 1006 1323 1045 vulgata,
1343 1006 1385 1036 nil
1406 1008 1510 1037 refert.
1532 1017 1599 1037 nam
1617 1008 1708 1037 αὐτῶν
1727 1007 1809 1036 idem

1097 1054 1200 1088 potest
1214 1049 1396 1088 significare,
1412 1054 1502 1090 atque
1519 1050 1596 1090 ἡμῶν
1606 1050 1705 1080 αὐτῶν.
1750 1050 1810 1079 Per

1096 1092 1168 1122 illos
1184 1093 1305 1132 quidem
1329 1093 1409 1129 dies,
1426 1094 1537 1134 quibus
1559 1094 1596 1123 ad
1623 1093 1713 1123 ludos
1729 1092 1811 1122 cele·

1097 1136 1229 1166 brandos
1243 1136 1374 1173 coimus,
1387 1137 1560 1176 quicunque
1576 1141 1710 1166 nostrum
1722 1146 1810 1165 coro-

1097 1189 1164 1209 nam
1195 1179 1286 1219 gerit,
1313 1179 1341 1209 is
1367 1190 1434 1210 eam
1459 1181 1570 1210 suimet
1592 1178 1692 1219 ipsius
1717 1187 1828 1208 causa*

1097 1222 1404 1261 gerit,——postremo
1420 1227 1521 1253 autem
1536 1223 1598 1258 die,
1611 1233 1671 1262 quo
1684 1222 1811 1261 praemia

1096 1266 1206 1295 dantur
1229 1265 1411 1303 victoribus,
1437 1266 1495 1296 soli
1520 1265 1655 1296 victores
1680 1274 1811 1294 coronas

1096 1313 1215 1348 gerunt,
1230 1314 1262 1340 et
1277 1308 1375 1339 victor
1390 1309 1519 1349 quisque
1539 1308 1651 1339 suimet
1671 1317 1763 1338 causa
1779 1311 1811 1337 et

1097 1362 1161 1381 suae
1176 1351 1313 1382 victoriae
1329 1362 1394 1382 suae
1406 1352 1613 1392 significanda:
1626 1361 1712 1390 ergo,
1729 1351 1811 1390 gerit

1097 1405 1182 1424 suam
1211 1405 1365 1426 coronam.
1419 1395 1585 1425 Concludit
1614 1393 1680 1423 sie:
1716 1394 1811 1423 Chori

1094 1437 1205 1477 agendi
1228 1442 1258 1467 et
1284 1448 1404 1468 coronae
1431 1438 1587 1479 gestandae
1611 1436 1641 1466 in
1669 1436 1810 1466 omnibus

1095 1480 1227 1511 oraculis
1240 1481 1465 1522 praecipiuntur.
1510 1481 1590 1511 Sunt
1604 1490 1678 1519 ergo
1693 1489 1743 1510 res
1760 1489 1809 1510 sa-

1095 1534 1156 1554 cra.
1180 1524 1384 1555 sanctimonia
1399 1524 1494 1564 igitur
1506 1523 1569 1554 illis
1584 1533 1706 1562 quoque
1719 1522 1810 1559 inest,

1095 1567 1148 1606 qui
1172 1567 1272 1598 choris
1292 1572 1441 1608 praesunt,
1460 1567 1592 1607 ideoque
1613 1575 1740 1596 coronas
1756 1576 1810 1605 ge-

1095 1615 1176 1646 runt,
1192 1612 1290 1641 donec
1303 1610 1438 1641 defuncti
1451 1611 1511 1641 sint
1525 1620 1580 1640 suo
1590 1619 1725 1639 munere.
1747 1609 1810 1639 Sed

1096 1654 1203 1692 praefui
1225 1654 1331 1690 choro,
1352 1659 1381 1683 et
1402 1654 1486 1693 gessi
1505 1662 1658 1688 coronam,
1673 1652 1744 1682 ideo
1762 1662 1810 1682 sa-

1095 1703 1275 1727 crosanctus
1293 1698 1345 1733 fui,
1366 1698 1478 1734 donec,
1494 1696 1631 1727 victoriae
1652 1695 1810 1735 adjudica-

1096 1740 1189 1776 tione,
1205 1740 1270 1770 ludi
1288 1739 1455 1771 finirentur.
1511 1768 1513 1770 ,

1139 1801 1180 1806 —-
1195 1786 1248 1814 24.
1271 1782 1324 1813 οὐδ’
1344 1783 1356 1812 ὁ
1377 1781 1591 1824 προσκαλέσας]
1618 1782 1679 1812 imo
1702 1792 1777 1812 vero
1798 1780 1811 1811 ὅ

1094 1824 1211 1866 χορηγὸς
1233 1824 1447 1866 προσκαλέσας.
1468 1836 1526 1856 non
1543 1825 1634 1855 modo
1650 1824 1727 1854 alius
1742 1824 1811 1864 qui-

1095 1879 1213 1908 cunque
1229 1880 1328 1909 poenae
1343 1880 1415 1900 reus
1430 1873 1490 1905 est,
1506 1869 1558 1899 sed
1574 1867 1642 1907 ipse
1658 1867 1810 1906 choregus

1095 1922 1227 1951 quoque,
1244 1912 1364 1943 tametsi
1382 1912 1431 1943 vel
1450 1911 1583 1942 maxime
1595 1912 1647 1950 jus
1664 1910 1710 1940 illi
1726 1921 1810 1940 corn-

1095 1960 1201 1993 petere
1223 1956 1351 1985 deberet
1374 1956 1433 1985 hoc
1456 1954 1600 1985 faciendi.
1645 1954 1812 1984 Concludit

1097 1997 1154 2027 sic:
1170 1998 1204 2028 Si
1215 1999 1440 2038 choregusipse
1448 1998 1623 2033 mulctatur,
1633 1997 1811 2026 saltatorem

1095 2040 1132 2070 ad
1158 2052 1201 2076 se,
1226 2042 1385 2081 spectandi
1410 2042 1500 2072 modo
1523 2051 1625 2075 causa,
1644 2040 1812 2076 advocans,

1095 2090 1208 2123 quanto
1223 2082 1320 2124 magis
1334 2084 1418 2115 illum
1431 2095 1488 2124 par
1501 2089 1549 2114 est
1564 2083 1716 2123 privatum
1733 2083 1813 2112 mul-

1095 2128 1183 2163 ctari,
1195 2128 1244 2168 qui
1257 2129 1422 2166 clioregum
1435 2128 1534 2167 ipsum
1551 2127 1580 2156 in
1596 2125 1731 2156 muneris
1748 2126 1813 2156 edi-

1096 2170 1178 2199 tione
1204 2171 1314 2210 pulsat.
1359 2170 1498 2209 opponit
1525 2170 1604 2199 inter
1626 2179 1660 2199 se
1686 2179 1811 2208 compa·

1096 2213 1183 2243 randi
1195 2224 1266 2252 ergo
1273 2214 1437 2253 clioregum
1449 2211 1598 2248 saltatori,
1608 2211 1812 2249 vocationem,

1097 2266 1164 2295 quae
1180 2256 1364 2295 inspiciendi
1380 2266 1454 2296 ergo
1469 2256 1531 2292 fiat,
1544 2255 1736 2290 verberibus,
1753 2255 1812 2284 sal-

1097 2299 1207 2328 tationi
1230 2300 1360 2339 denique
1384 2299 1518 2329 muneris
1541 2298 1719 2331 editionem,
1739 2308 1810 2336 per-

1097 2352 1201 2372 sonam
1228 2342 1377 2381 privatam
1404 2342 1548 2382 publicae,
1572 2341 1670 2371 multo
1697 2342 1812 2380 majora

1098 2384 1276 2415 minoribus.

1140 2446 1184 2451 —
1199 2429 1251 2459 25.
1275 2430 1355 2459 κατὰ
1379 2427 1426 2458 τὸν
1443 2426 1538 2468 νόμον]
1561 2428 1642 2457 κατὰ
1661 2437 1697 2457 an
1724 2428 1811 2467 παρὰ

1098 2471 1218 2510 legatur
1235 2471 1277 2501 nil
1293 2472 1398 2507 refert,
1413 2471 1470 2500 nisi
1487 2471 1556 2506 hoc,
1573 2470 1653 2509 quod
1670 2472 1749 2499 κατὰ
1765 2469 1811 2500 τὸν

1097 2514 1178 2553 νόμον
1198 2515 1364 2545 cohaerebit
1388 2525 1456 2544 cum
1481 2512 1566 2543 ἔσται
1585 2512 1716 2553 &glay-wc,
1732 2515 1811 2553 'negti

1099 2557 1145 2587 τὸν
1159 2556 1236 2596 νόμον
1252 2563 1352 2588 autem
1366 2568 1434 2587 cum
1449 2555 1660 2596 πςοσκαλὲσας.
1670 2566 1673 2568 ·
1683 2556 1813 2585 Senten-

1099 2601 1142 2630 tia
1158 2600 1215 2630 erit
1230 2601 1328 2631 altero
1346 2601 1453 2631 inodo:
1487 2598 1520 2629 Vi
1536 2599 1606 2638 legis
1618 2599 1698 2628 κατὰ
1713 2596 1759 2628 τᾶν
1773 2598 1813 2629 'uo‘-

1097 2655 1163 2683 μον,
1179 2654 1215 2674 ne
1225 2644 1277 2674 ille
1287 2645 1403 2684 quidem
1412 2655 1428 2672 a
1438 2652 1521 2681 pcena
1532 2642 1613 2678 liber,
1623 2642 1646 2671 si
1658 2641 1731 2681 quis,
1744 2652 1812 2671 cum

1098 2686 1241 2728 cnm-egias
1260 2689 1308 2724 sit,
1328 2687 1492 2717 saltatorem
1508 2685 1546 2715 ad
1563 2694 1589 2714 se
1604 2689 1693 2714 vocet.
1714 2684 1811 2714 altero

1099 2730 1163 2759 haec
1177 2741 1184 2758 :
1208 2729 1240 2759 Si
1256 2732 1318 2770 quis
1335 2730 1474 2769 choregns
1486 2726 1571 2769 j'acit
1591 2726 1654 2763 hoc,
1670 2729 1744 2767 quot]
1757 2738 1813 2766 per

1099 2773 1173 2813 leges
1188 2771 1270 2802 haud
1283 2773 1362 2808 licet,
1380 2773 1458 2812 παρὰ
1473 2770 1518 2800 τὸν
1529 2769 1619 2809 νόμον,
1634 2774 1669 2799 vt
1683 2769 1812 2811 aliquem

1096 2817 1262 2846 saltatorem
1272 2817 1312 2846 ad
1322 2826 1348 2845 se
1357 2820 1446 2850 vocet,
1460 2814 1597 2844 immunis
1609 2812 1726 2844 mulctae
1741 2823 1778 2843 ne
1789 2815 1814 2844 is

1097 2859 1213 2899 quidem
1224 2865 1274 2888 est.
1508 2887 1511 2891 ,

1141 2903 1216 2933 533.
1233 2905 1284 2932 18.
1307 2901 1354 2930 ἴδοι
1369 2897 1596 2940 συγκεχωρηκὸς]
1618 2898 1744 2928 correxi
1761 2898 1811 2929 ἴδοι

1098 2944 1131 2974 τὸ
1143 2955 1266 2986 συγκεχ.
1290 2943 1486 2974 constructio
1502 2943 1567 2971 hmo
1579 2946 1642 2970 est:
1658 2940 1707 2970 ἰ’δοι
1724 2953 1769 2975 τις
1780 2941 1813 2971 ἂν

1098 2988 1131 3016 τὸ
1149 2989 1197 3023 τῆς
1212 2986 1237 3017 ἐν
1252 2987 1366 3026 ἑκάστῳ
1387 2987 1465 3026 ὑμῶν
1487 2985 1567 3018 οὔσης
1583 2983 1724 3018 εὐσεβείας
1738 2995 1810 3023 συγ-

1097 3031 1252 3073 κεχωρηκὸς
1277 3031 1408 3061 τοσοῦτον
1433 3028 1468 3059 ὃν.
1498 3028 1602 3059 videat
1626 3028 1694 3068 quis
1716 3027 1814 3058 faciti-
