1931 3322
456 225 519 267 IN
553 225 730 267 ORAT.
763 224 844 266 DE
877 222 1242 266 SYMMORIIS.

123 332 261 372 sequitur
302 333 532 374 τριηραρχοῦντα,
575 343 632 363 non
670 333 711 361 τΞί,
750 343 834 372 τριηρ-

123 377 231 406 Imm.

164 436 206 441 —
231 421 260 449 9.
297 419 354 460 τὰ]
392 418 514 448 Rursus
551 418 667 447 delevit
698 417 834 447 Bekker.

124 462 271 491 Fortasse
288 472 343 491 suo
360 462 522 491 arbitratu:
545 462 598 491 sed
619 463 688 500 jure
705 461 832 490 delevit.

122 505 228 534 loen.

163 565 208 570 —
221 547 277 577 ult.
292 549 332 577 τὲ
345 548 386 577 νῦν
400 546 567 586 ὅφειλόμενα
579 549 633 576 τῶν
644 546 760 586 σκευῶν]
777 546 835 574 Re-

119 595 169 620 ete
191 590 313 629 accepit
337 590 469 621 Woltius
488 590 527 619 de
550 589 623 625 illis,
645 589 696 627 qui
721 589 833 618 instru-

119 637 219 663 menta
243 638 346 663 mutuo
372 637 499 671 accepta
529 632 659 661 nondum
688 631 831 660 reddide-

118 681 200 706 runt.
242 677 340 706 Recte
357 681 457 705 tamen
474 685 509 705 ea
524 675 629 710 addas,
646 684 714 713 quae
729 684 787 704 usu
803 679 834 704 et

118 724 271 749 vetustate
292 719 462 758 putrefacta
482 721 573 757 atque
595 723 742 756 corrupta
763 727 832 747 cum

118 762 207 792 novis
223 767 295 792 sunt
311 761 522 801 permutanda.
539 762 817 792 Auensroonnr.

161 806 197 835 P.
213 807 328 837 290.1.
345 804 584 845 διαγράμματος]
602 804 734 843 Egregie
751 804 831 833 Har-

117 848 277 887 pocration
292 848 398 889 (quem
414 848 581 886 exscripsit
593 848 715 883 Suidas,
730 852 762 877 ut
775 858 832 876 sae-

117 890 205 932 pius)
221 892 251 921 in
269 901 359 927 voce,
375 890 425 920 ubi
442 891 506 920 vid.
522 890 680 920 Valesius:
705 890 738 920 τὸ
757 901 832 920 ww·-

116 933 230 973 τόμενον
253 933 278 964 ἐν
297 936 365 968 ταῖς
384 932 571 973 συμμορίαις,
591 933 690 964 ὁπόσον
711 932 832 964 ἕκαστον

117 976 200 1018 ἄνδρα
213 976 348 1017 εἰσφέρειν
370 978 423 1007 δεῖ.
443 976 586 1007 ἐτάττετο
609 976 637 1006 δὲ
660 977 688 1007 οὗ
711 977 744 1007 τὸ
762 975 832 1007 αὐτό

117 1022 218 1057 πᾶσιν,
248 1022 328 1050 ἀλλὰ
352 1018 416 1061 προς
440 1022 489 1051 τὴν
512 1021 631 1060 τίμησιν
653 1022 705 1055 τ-ἱῖς
727 1019 831 1056 οὐσίας.

116 1065 195 1093 'rum
213 1064 320 1103 paucis
336 1063 548 1103 interpositis:
571 1063 740 1103 διαγραφεὺς
761 1063 830 1101 μέν·

116 1117 161 1135 τοι
179 1105 258 1136 ἐστὶν
270 1107 282 1136 ὃ
297 1105 518 1147 καθεσταμένος
532 1105 558 1136 ἐν
572 1108 639 1140 ταῖς
658 1106 832 1147 συμμορίαις

116 1147 164 1179 ἐπὶ
187 1149 230 1189 τῷ
254 1150 398 1190 διακρῖναι,
421 1150 508 1181 πόσον
529 1149 651 1184 ἕκαστος
673 1150 733 1191 ἀνὴρ
758 1150 829 1180 εἰσε-

116 1194 218 1230 νεγκεῖν
238 1192 338 1233 ὀφείλει
355 1204 384 1222 ιι.
403 1204 433 1223 τ.
450 1199 480 1223 λ.
525 1195 574 1223 De
599 1194 654 1222 bac
675 1198 774 1223 autem
797 1204 830 1223 re

116 1236 268 1266 uberrime
284 1241 488 1275 exponentem
500 1236 574 1266 citat
590 1236 785 1276 Hyperidem
799 1237 829 1266 in

116 1280 216 1308 Oratt.
237 1279 419 1318 deperditis.
464 1279 530 1309 Nos
551 1285 650 1309 autem
671 1281 711 1309 de
733 1280 781 1309 bis
799 1286 830 1310 et

116 1322 268 1352 similibus
283 1323 376 1352 rebus
392 1323 517 1352 uberius
534 1322 673 1353 dicemus
689 1324 720 1353 in
735 1334 828 1363 pecu-

114 1365 185 1395 liari
209 1365 424 1405 Disputatione
441 1367 480 1396 de
498 1366 679 1407 Symmoriis
700 1377 774 1397 mox
798 1368 827 1396 in

114 1408 215 1438 lucem
243 1409 411 1448 proditura.
443 1412 717 1440 AmnnsroonDT.
739 1411 783 1440 H.
807 1411 828 1440 l.

115 1452 270 1491 significat
279 1451 311 1481 τὸ
321 1452 493 1492 διάγραμμα
503 1455 557 1482 τῶν
568 1455 706 1493 τριηρικῶν
715 1456 829 1488 σκευῶν,

116 1505 186 1534 quae
202 1495 322 1525 civitati
339 1496 499 1525 debentur.
537 1497 574 1526 V.
590 1497 707 1527 Anecd.
726 1497 825 1527 Bekk.

114 1548 146 1577 p.
164 1540 236 1569 ⁰236.
256 1541 306 1568 10.
330 1540 528 1570 SanErER.

155 1599 200 1604 —
212 1584 244 1612 3.
269 1582 410 1623 χρηστὸν]
445 1584 460 1612 Ι
464 1593 481 1611 n
511 1582 649 1612 Bavarici
677 1581 828 1622 scriptura

114 1625 185 1664 quis
200 1635 258 1654 non
275 1626 361 1655 videt
379 1626 474 1656 latere
493 1626 636 1667 χρήστων,
654 1626 827 1663 debitorum,

113 1669 195 1706 qund
235 1669 393 1699 Bekkerus
430 1669 586 1698 restituit?
633 1670 672 1698 V.
707 1670 826 1699 Anectl.

114 1711 214 1741 Bekk.
229 1722 259 1751 p.
281 1714 374 1743 1260.
390 1713 469 1741 med.
495 1713 598 1742 IDEM.

156 1772 199 1777 -—-
212 1756 245 1784 7.
260 1754 410 1796 παρέχειν]
429 1756 505 1784 Post
520 1754 654 1796 παρέχειν
668 1755 826 1785 distinctio

111 1799 209 1836 major
224 1799 364 1836 ponenda
379 1804 438 1834 est,
450 1799 494 1828 ita
509 1803 543 1827 ut
558 1808 576 1827 a
592 1798 693 1828 verbis
708 1800 757 1829 τὴν
772 1799 827 1838 μὲν

113 1840 237 1870 δαπάνην
250 1851 330 1871 nova
344 1842 491 1880 periodus
501 1841 640 1881 incipiat.
664 1843 713 1871 Ita
727 1844 827 1873 omnia

113 1883 177 1918 illa,
204 1894 272 1922 quae
298 1886 489 1923 praecedunt,
510 1895 605 1923 usqne
628 1885 666 1914 ad
692 1884 828 1926 παρέχειν

113 1927 240 1957 uberius
257 1927 412 1966 explicant
426 1938 473 1963 ea,
490 1937 557 1966 quae
575 1928 678 1966 paullo
694 1934 763 1958 ante
780 1929 826 1958 di-

113 1976 164 2000 cta
193 1970 322 2006 fuerant,
351 1976 383 2001 et
404 1972 553 2001 rationem
579 1971 745 2006 continent,
768 1983 827 2011 qua

112 2013 216 2052 portio
230 2013 352 2044 navium
377 2024 540 2053 earumque
558 2014 825 2044 instrumentorum

113 2066 131 2085 a
147 2057 277 2097 singulis
289 2057 463 2096 symmoriis
478 2057 639 2096 pendenda
651 2068 708 2097 per
723 2069 825 2088 earum

114 2099 265 2130 sectiones
280 2100 412 2131 minores
425 2100 638 2130 distribuenda
652 2101 702 2130 sit.
727 2102 762 2131 In
778 2113 825 2131 se-

115 2143 279 2182 quentibus
297 2154 369 2173 vero
386 2148 456 2182 post
471 2145 594 2173 brevem
612 2145 825 2184 repetitionem

114 2196 232 2223 eorum,
254 2197 323 2226 quae
340 2189 402 2225 jam
423 2186 547 2216 dixerat
570 2187 633 2228 [την
652 2187 706 2226 μὲν
727 2188 824 2218 δαπά-

113 2240 211 2260 νην-
226 2230 538 2271 ωαρασκευασθῆναι],
563 2231 666 2270 pergit
693 2232 729 2261 ad
754 2232 824 2262 reli—

114 2283 203 2312 quam
217 2273 293 2312 legis
310 2278 424 2313 partem
436 2275 668 2313 explicandam:
683 2274 826 2315 πλήρωσις

114 2315 143 2346 δὲ
159 2327 187 2345 ιι.
205 2328 236 2346 τ.
251 2322 281 2346 λ.
299 2318 577 2348 AMssnsroonnr.
602 2319 679 2348 Post
693 2317 826 2360 παρέχειν

112 2358 145 2388 in
155 2375 158 2377 Δ
168 2359 335 2390 Reiskiana
355 2361 610 2392 subdistinctione
632 2361 824 2402 interpungi-

113 2407 173 2432 tur.
206 2403 347 2433 Correxi.
369 2405 565 2436 Sousarmi-

155 2463 200 2469 -—
212 2445 290 2476 ibid.
310 2448 351 2477 τὰ
366 2447 480 2488 σκάφη]
497 2449 591 2479 alveos
603 2449 734 2478 navium.
759 2449 826 2488 Op-

113 2494 270 2528 ponuntur
283 2491 324 2519 τὰ
338 2490 434 2526 σκεύη,
450 2495 642 2522 armamenta.
664 2492 769 2522 [nm.

155 2549 200 2555 -—-
215 2535 246 2563 8.
261 2535 316 2562 τῶν
329 2534 448 2575 σκευῶν]
465 2535 544 2564 Haec
555 2534 620 2564 dici
632 2534 776 2565 videntur
789 2537 826 2566 ab

115 2575 238 2605 AEliano
255 2576 294 2605 V.
311 2576 354 2605 H.
375 2577 424 2607 Π.
440 2580 492 2607 10.
513 2579 543 2608 αῖ
565 2577 692 2608 ναυτικαὶ
717 2580 825 2620 χρεῖαι.

113 2618 303 2649 Vei-tendum
325 2620 538 2651 instrumenta:
560 2631 628 2651 num
648 2622 731 2660 quod
755 2623 828 2652 dant

113 2672 186 2692 usus
194 2664 320 2698 nautici,
328 2663 381 2692 vix
391 2667 438 2693 est
447 2664 678 2694 admittendum.
690 2665 827 2695 Amans-

115 2715 265 2736 noonwr.
288 2707 323 2736 ln
335 2706 459 2736 AEliano
475 2708 565 2737 etiam
579 2709 615 2738 C.
629 2709 668 2737 G.
683 2707 826 2738 Kiihnius

114 2748 210 2778 vertit
217 2759 301 2780 arma
310 2751 432 2779 nautica
441 2751 510 2781 Iud.
519 2751 643 2781 Graecit.
657 2761 682 2780 s.
695 2761 725 2781 v.
734 2750 827 2793 χρεία.

115 2791 180 2821 Seu
198 2792 269 2822 vide
288 2803 325 2822 ne
341 2793 533 2824 scribendum
549 2794 589 2824 sit
603 2792 673 2834 ὑπὲρ
692 2797 827 2824 ναυτικῶν

114 2836 221 2875 χρεῶντ
245 2841 278 2865 ut
290 2838 411 2867 ναυτικὰ
431 2835 505 2878 χρέα
524 2837 595 2873 sint,
610 2847 678 2876 quae
693 2839 732 2867 ab
748 2839 827 2868 Ora·

115 2882 183 2907 tore
191 2887 225 2917 p.
234 2880 308 2910 289.
319 2880 375 2909 ult.
389 2880 535 2910 dicuntur
543 2882 583 2910 τὰ
593 2879 762 2921 ὀφειλόμενα
772 2883 827 2911 τῶν

113 2923 233 2950 ποιῶν.
255 2922 452 2954 δοκΔΒΡΕιι.

113 2980 120 2984 >
158 2979 204 2987 --
218 2965 248 2995 9.
266 2965 425 3008 πλῆρωσῐς]
442 2967 605 3007 Remigium
617 2977 654 2997 ee
667 2972 824 2997 nautarum

116 3005 310 3047 militumque
331 3009 469 3040 delectus
491 3021 658 3050 eorumque
675 3011 828 3050 stipendia

114 3049 340 3091 intelliguntur.
383 3052 537 3084 Consueta
562 3064 624 3084 vox
646 3054 679 3083 in
704 3054 760 3084 hac
782 3065 825 3085 re.

1493 222 1573 264 461

869 329 1068 367 Thucydides
1082 330 1108 358 Ι.
1120 332 1171 360 19.
1184 330 1275 359 habet
1289 328 1492 367 adjectivum:
1509 327 1586 359 ἔπει-

869 372 900 402 δὴ
916 371 1037 411 πλήρεις
1050 373 1146 406 αὐτοῖς
1165 371 1236 402 ’ἦσαν
1253 373 1282 402 αἱ
1301 374 1366 405 νῆες.
1410 373 1461 401 Sic
1478 378 1509 402 et
1526 382 1583 402 sae-

869 415 995 453 pissime
1012 417 1138 444 verbum
1157 415 1350 455 πληροῦσθαι.
1372 415 1453 445 lbid.
1477 416 1507 445 αἱ
1527 417 1584 449 νῆες

868 458 964 490 αὐτοῖς
979 455 1183 496 ἐπεπλήρωτο.
1197 469 1224 487 c.
1238 460 1290 488 35.
1307 459 1330 487 εἰ
1346 459 1441 489 τοῖσδε
1455 458 1511 497 μὲν
1525 458 1584 488 ἀπό

868 511 901 529 τε
917 502 972 530 τῶν
987 499 1136 529 ἐνσπόνδων
1151 500 1235 530 ἔσται
1252 504 1369 541 πληροῦν
1381 503 1435 536 τὰς
1447 503 1520 535 ναῦς.
1535 503 1585 531 Ita

868 549 899 572 et
923 553 950 572 c.
970 546 1042 573 141.
1067 543 1130 573 οὔτε
1156 545 1219 576 ναῦς
1242 546 1419 583 πληροῦντες.
1446 546 1482 573 ad
1507 556 1537 584 q.
1560 545 1583 574 l.

867 586 1055 616 scholiastes
1074 586 1198 625 supplet
1210 587 1305 626 ἀνδρῶν
1315 587 1443 616 δηλονότι.
1456 589 1517 618 111.
1533 589 1581 618 16.

866 627 1031 669 ἐπλήρωσαν
1043 630 1107 662 ναῦς
1120 629 1220 658 ἑκατὸν
1231 629 1370 662 ἐσβάντες
1378 630 1457 659 αὐτοί
1468 642 1501 661 τε
1513 642 1541 660 κ.
1550 642 1581 661 τ.

867 678 897 701 λ.
920 673 969 702 Cf.
986 678 1016 702 et
1031 683 1059 702 c.
1075 674 1127 702 17.
1142 674 1162 701 f.
1179 677 1210 702 et
1222 672 1387 702 AEschines
1401 673 1438 701 de
1451 674 1486 702 F.
1502 675 1538 703 1..
1550 684 1582 712 p.

868 718 942 745 101.
986 716 1054 745 Vox
1072 716 1218 755 πλήρωμα
1241 726 1296 755 pro
1312 715 1490 751 classiariis,
1506 717 1536 745 h.
1553 727 1580 746 e.

866 759 1033 798 remigibus
1055 765 1086 789 et
1105 760 1263 794 militibus,
1278 758 1450 788 illustratur
1465 769 1482 788 a
1499 760 1583 788 Peri·

867 803 957 832 zonio
974 803 1012 831 ad
1029 803 1142 833 AElian.
1159 803 1200 832 V.
1215 803 1258 832 H.
1277 802 1323 831 ΙΙ.
1338 804 1389 831 10.
1414 803 1581 831 Constabat

866 845 940 875 illud
964 847 1153 880 κωπηλάταις
1176 849 1218 886 (s.
1240 843 1403 879 ἐπικώποις,
1423 849 1455 874 ut
1478 845 1582 874 Attice

866 889 1066 930 dicebantur)
1093 894 1124 919 et
1145 889 1305 931 μαχηταῒς
1327 888 1370 929 (s.
1397 886 1582 930 ἐπιβάταις).

866 933 1143 963 Amansroonm.

909 993 952 998 —
969 978 1020 1006 10.
1043 975 1122 1016 ὅθεν]
1147 977 1217 1006 Non
1233 974 1378 1013 displicet
1393 973 1535 1015 πλῆρωσις
1550 974 1580 1004 δὲ

865 1016 921 1054 τίς,
943 1017 959 1048 ἢ
979 1019 1026 1048 καὶ
1042 1020 1137 1057 σαφὴς
1151 1018 1238 1048 ἔσται
1256 1018 1303 1047 καὶ
1322 1017 1408 1058 ῥᾳδία.
1431 1017 1459 1053 ἢ,
1475 1028 1534 1046 non
1552 1017 1580 1054 ἢ,

867 1062 1028 1091 Bekkerus
1043 1074 1059 1092 e
1081 1062 1182 1092 Codd.
1200 1061 1345 1091 enotavit.
1363 1062 1508 1100 πλήρωσις
1523 1072 1579 1090 σα·

865 1106 928 1145 φῆς,
943 1105 1074 1147 tizclztige
1086 1105 1294 1145 Bemannung.
1319 1106 1514 1134 Samma.

908 1152 1015 1178 —11.
1043 1150 1108 1184 τοὺς
1133 1147 1325 1189 στρατηγοὺς]
1353 1147 1473 1177 Horum
1497 1147 1578 1177 enim

865 1193 1039 1222 auctoritati
1059 1198 1150 1232 atque
1174 1191 1304 1230 imperio
1326 1191 1579 1229 obtemperabant

865 1234 1050 1270 trierarchae,
1064 1237 1115 1274 qui
1128 1240 1158 1265 et
1170 1236 1208 1264 ab
1222 1235 1259 1264 iis
1271 1234 1302 1263 in
1315 1236 1367 1273 jus
1379 1235 1576 1264 vocabantur.

865 1278 1088 1309 Demosthenes
1113 1280 1189 1308 Exc.
1219 1278 1292 1307 adv.
1315 1277 1428 1307 Lacrit.
1453 1287 1483 1315 p.
1503 1279 1577 1308 940.

865 1323 916 1352 15.
941 1323 989 1351 ed.
1019 1323 1128 1352 Reisk.
1156 1322 1245 1352 οὐκοῦν
1272 1320 1419 1350 ὑπόλοιπόν
1447 1319 1527 1350 ἐστιν
1553 1321 1575 1350 οἱ

863 1364 1036 1405 στρατηγοί;
1061 1365 1294 1405 [subaudiatur:
1319 1364 1346 1393 οἳ
1365 1363 1522 1402 εἶσίιξουσιν
1546 1365 1576 1395 ἦ·

862 1410 925 1446 μᾶς
939 1409 977 1443 εἷς
992 1409 1025 1439 τὸ
1041 1407 1240 1450 δικαστήριον]
1265 1408 1345 1436 ἀλλὰ
1367 1408 1431 1440 τοὺς
1455 1408 1577 1448 τριηράρ-

861 1463 930 1492 χους
953 1452 1141 1482 καθιστᾶσιν.
1163 1457 1234 1491 post
1258 1461 1325 1490 quae
1351 1451 1457 1479 eadem
1482 1451 1575 1480 tacite

863 1500 933 1524 sunt
948 1497 1124 1534 repetenda.
1144 1497 1423 1525 Ammsroonnr.

905 1556 948 1560 —
963 1542 1012 1569 12.
1036 1542 1091 1568 τῶν
1112 1538 1235 1578 νεωρίων]
1271 1537 1427 1566 Differunt
1448 1537 1514 1565 haec
1536 1538 1574 1566 ab

861 1579 976 1621 ἐπινείῳ,
992 1593 1054 1621 quo
1069 1582 1256 1621 significatur
1278 1580 1421 1610 universa
1436 1581 1509 1609 urbs
1526 1580 1575 1609 vel

862 1625 960 1662 vicus,
984 1626 1037 1655 ubi
1061 1636 1154 1655 naves
1171 1630 1327 1654 struuntur
1349 1629 1380 1653 et
1401 1628 1575 1653 servantur.

861 1668 1060 1708 Thucydides
1085 1670 1111 1698 Ι.
1140 1671 1192 1699 30.
1226 1668 1373 1702 Κυλλήνην,
1404 1665 1437 1695 τὸ
1463 1664 1573 1696 Ἠλείων

861 1709 982 1747 ἐπίνειον,
997 1711 1164 1751 ἐνέπρησαν.
1187 1711 1236 1740 ubi
1254 1710 1356 1740 schol.
1380 1708 1491 1739 ἐπίνειόν
1506 1708 1572 1739 ἐστι

861 1753 1000 1794 πόλισμα
1015 1753 1261 1794 παραθαλάσσιον,
1276 1752 1344 1783 ἔνθα
1355 1755 1395 1782 τὰ
1410 1753 1503 1793 νεώρια
1518 1755 1575 1782 τῶν

861 1796 978 1834 πόλεων,
993 1799 1080 1838 ὥςπερ
1096 1797 1109 1826 ὅ
1124 1799 1264 1836 Πειραιεὺς
1283 1799 1338 1825 τῶν
1357 1795 1510 1826 Ἀθηναίων
1525 1796 1574 1825 καὶ

861 1842 875 1870 ἦ
890 1840 997 1871 Νίσαια
1010 1843 1061 1876 τῆς
1079 1839 1238 1880 Μεγαρίδος.
1260 1839 1375 1869 δύνασαι
1391 1839 1420 1869 δὲ
1437 1837 1485 1869 ἐπὶ
1502 1850 1574 1870 παν-

860 1882 908 1916 τὸς
929 1883 1062 1924 ἐμπορίου
1084 1884 1132 1913 καὶ
1155 1882 1400 1924 παραθαλασσίων
1425 1882 1574 1922 [Videtur

861 1927 1017 1956 excidisse
1032 1927 1145 1968 χωρίου.
1170 1926 1381 1966 SCHAEFER]
1404 1924 1572 1966 χρήσασθαι

860 1969 903 2009 τῷ
916 1968 1033 2008 ὄνόματι
1050 1970 1152 2009 τούτῳ,
1167 1968 1180 1998 ὃ
1194 1971 1235 1999 νῦν
1250 1971 1272 1999 οἱ
1287 1968 1395 1999 ’πολλοὶ
1411 1969 1573 2001 κατέβαλον

859 2014 990 2043 καλοῦσι.
1016 2015 1064 2043 De
1079 2012 1188 2053 νεωρίοις
1203 2023 1369 2051 eorumque
1380 2010 1573 2051 ἐπιμεληταῖς

860 2056 899 2086 cf.
925 2057 1146 2097 Harpocration
1171 2057 1274 2096 ibique
1293 2056 1396 2085 Vales.
1417 2067 1447 2095 p.
1463 2058 1515 2085 54.
1540 2060 1572 2086 et

860 2100 994 2137 Etymol.
1012 2101 1055 2130 M.
1073 2100 1126 2130 Sic
1142 2104 1174 2130 et
1189 2100 1313 2129 diversa
1330 2105 1430 2129 sunta
1445 2099 1573 2128 ναυστά-

859 2142 942 2182 θμῳ,
963 2154 1022 2183 qua
1040 2154 1114 2173 voce
1135 2143 1322 2183 significatur
1339 2142 1441 2177 statio,
1464 2143 1494 2172 in
1514 2153 1574 2182 qua

859 2196 952 2216 naves
981 2192 1048 2217 tuto
1078 2191 1208 2227 possunt
1232 2197 1364 2216 manere.
1421 2186 1494 2215 Erat
1521 2186 1574 2216 illa

858 2230 989 2260 Athenis
1003 2241 1120 2270 magnae
1129 2230 1221 2260 classi
1235 2234 1470 2270 peropportuna.
1486 2230 1573 2259 Stra-

858 2273 898 2302 bo
914 2274 977 2303 lX.
992 2284 1023 2313 p.
1039 2276 1112 2306 395.
1129 2273 1163 2304 τὸ
1176 2273 1230 2314 μὲν
1241 2271 1284 2303 οὖν
1296 2272 1416 2303 παλαιὸν
1430 2271 1572 2314 ἐτετείχι-

858 2319 987 2349 στο-ἣ
1002 2318 1145 2360 Μουνυχία
1159 2318 1366 2357 προσειληφυῖα
1377 2316 1420 2354 »reg-‘3
1435 2315 1574 2356 περιβόλῳ

859 2359 906 2389 τὸν
917 2364 1035 2401 Πειραιᾶ
1049 2362 1097 2390 καὶ
1113 2362 1178 2395 τοὺς
1192 2360 1312 2399 λιμένας
1328 2360 1440 2399 πλήρεις
1455 2358 1571 2399 νεωρίων·

858 2402 933 2442 ἄξιόν
956 2415 989 2434 τε
1010 2402 1040 2435 ’ἦν
1063 2404 1254 2442 ναύσταθμον
1274 2401 1448 2443 τριακοσίαις
1469 2401 1573 2433 ναυσίν.

860 2447 896 2476 In
924 2447 1080 2487 plerisque
1113 2448 1202 2478 etiam
1234 2448 1373 2482 urbibus,
1401 2457 1469 2485 quae
1499 2445 1573 2476 mari

859 2492 1080 2529 praevalebant‚
1094 2497 1190 2525 erant,
1205 2491 1286 2529 quod
1301 2491 1366 2528 ipsa
1377 2500 1428 2519 res
1444 2490 1572 2525 indicat,

859 2534 1114 2572 praestantissima
1128 2536 1232 2576 νεώρια,
1250 2534 1380 2567 navalia,
1393 2537 1425 2562 ut
1440 2535 1572 2572 Syracu·-

860 2577 905 2607 sis
927 2579 969 2608 45
989 2588 1082 2607 naves
1098 2589 1136 2608 ex
1154 2579 1204 2613 iis,
1220 2588 1288 2617 quae
1303 2577 1334 2607 in
1350 2576 1459 2606 minori
1482 2582 1572 2615 portu

860 2625 958 2656 erant,
992 2621 1029 2651 ad
1060 2631 1194 2661 pugnam
1232 2626 1337 2650 contra
1369 2619 1571 2650 Athenienses

859 2664 1013 2702 prodiisse
1028 2664 1157 2704 legimus
1173 2665 1254 2703 apud
1270 2663 1478 2702 Thucydidem
1492 2663 1570 2692 VII.

861 2709 912 2737 22.
958 2709 1007 2737 De
1034 2707 1220 2748 Carthagine
1242 2708 1317 2737 item
1341 2717 1389 2736 res
1417 2713 1486 2736 nota
1511 2710 1569 2735 est.

860 2750 1138 2781 Amensroonnr.

902 2811 946 2817 —
962 2796 1011 2824 13.
1025 2794 1174 2835 νεώσοικοι]
1201 2795 1303 2824 Minus
1316 2798 1396 2822 recte
1410 2791 1503 2821 vertit
1518 2802 1572 2821 na-

858 2837 950 2872 valia,
965 2848 1034 2878 quae
1049 2844 1117 2868 suut
1131 2839 1233 2878 νεώρια.
1256 2838 1453 2867 Serum-sn.

902 2897 946 2903 —-
960 2881 1035 2911 ibid.
1067 2880 1216 2921 νεώσοικοι]
1245 2880 1429 2918 Plerumque
1459 2877 1570 2907 distin-

860 2928 994 2962 guuntur
1009 2936 1025 2954 a
1040 2924 1161 2965 νεωρίοις,
1172 2924 1259 2963 quod
1278 2929 1307 2952 et
1323 2923 1389 2960 ipsa
1407 2921 1494 2951 vocis
1511 2921 1571 2950 for-

860 2976 908 2996 ma
921 2967 1046 3003 indicat,
1064 2969 1122 2998 etsi
1147 2975 1357 3004 nonnunquam
1373 2975 1441 2994 cum
1461 2964 1569 2994 iisdem

860 3011 939 3049 apud
956 3011 1088 3050 optimos
1101 3011 1267 3049 scriptores
1283 3012 1498 3048 permutantur.
1522 3006 1572 3036 Si-

861 3053 1041 3092 gnificantur
1062 3055 1180 3084 viavium
1202 3054 1314 3085 domus,
1330 3051 1455 3091 edificia
1470 3052 1574 3089 singu-
