1948 3322
476 192 558 233 AD
593 185 1001 232 PHILIPPICAM
1034 186 1324 229 TERTIAM.

172 306 240 331 λειον
253 297 450 352 συλλογισμὸν
465 297 544 328 εῖναι.
563 298 642 327 ἀλλὰ
657 294 799 328 Φίλιππος
814 294 886 323 ταῦ-

173 355 214 373 τοι
229 344 359 383 πράττει
379 340 412 380 ἐξ
427 338 462 370 ων
476 338 674 380 ἁλωσόμεθα.“
665 340 760 380 ημεῗς.
784 336 885 367 Φίλιπ-

173 397 227 421 πος
238 386 292 427 ἄρα.
306 385 374 426 ἧμιν
385 385 519 424 πολεμει.
536 384 609 414 item
622 383 757 424 Apsines
768 392 801 421 p.
793 382 887 411 .703.

172 430 241 459 cfin.

213 488 257 494 --
271 473 323 502 12.
339 481 416 500 τισιν
428 481 470 500 ουν
480 470 546 500 ὑ.1ι.
563 469 596 499 ἂν
611 468 636 498 εἴ
649 480 679 498 τι
695 466 816 507 γένοιτο]
832 466 886 496 de-

172 514 204 544 di
219 514 259 544 de
274 524 344 544 meo
362 523 455 544 sensu
470 524 501 542 τ.
517 511 560 542 ουν
574 513 642 543 ὑ.1ι.
657 512 690 541 ἂν
707 511 730 541 εἶ
753 509 886 549 γίγνοιτο,

171 557 205 587 id
217 561 276 593 est,
289 557 312 587 εἶ
324 557 422 587 ταῦτα
436 553 887 595 yiym-ro.quaenam1gitur1ua

171 604 255 636 sunt,
276 610 406 640 quorum
431 604 561 630 eventus
584 609 639 629 vos
662 598 694 628 in
719 596 886 628 discrimen

170 643 337 683 conjiciat.

213 705 258 710 ——
274 689 326 718 16.
341 685 406 716 εἶτα
421 684 468 716 τὶν
485 686 570 715 τοῦτο
585 683 618 715 τὸ
631 683 815 726 μηχάνημα]
833 682 887 713 Οἱ·

170 730 262 760 tath.
271 731 296 760 1.
310 730 525 769 Hermogenes
541 739 573 768 p.
590 731 665 760 334.
681 727 839 758 Aristides
855 736 886 765 p.

212 833 259 840 —
273 818 327 847 22.
349 814 520 857 δυνήσεσθε]
543 814 617 846 dedi
639 815 679 844 de
702 824 771 845 meo
795 823 885 844 sensu

169 858 341 890 δυνήσεσθαι
362 858 394 889 in
417 859 580 895 infinitivo,
603 862 675 898 apto
692 869 709 888 e
725 857 887 899 praemisso

170 901 258 942 φημί.
274 903 334 939 aio,
349 907 492 943 negatum
509 903 596 933 vobis
619 907 684 932 turn
698 902 778 939 sore,
793 906 826 931 ut
842 901 886 930 fa-

168 945 271 976 ciatis.

217 991 292 1020 116.
306 991 338 1020 6.
352 987 553 1041 τετυφῶσθαι]
571 987 655 1018 Citat
669 988 700 1018 h.
715 987 738 1017 1.
752 987 887 1018 Thomas

173 1032 220 1062 Μ.
232 1037 264 1062 v.
279 1031 490 1072 τετυφωμένος.

216 1093 259 1098 -
273 1074 352 1105 ibid.
365 1074 446 1114 μήτε
461 1074 569 1115 ufir—J
593 1073 678 1104 citat
693 1073 723 1103 h.
736 1073 758 1103 l.
775 1071 887 1103 Aristi-

175 1119 232 1149 des
246 1118 286 1148 de
302 1118 343 1148 D.
356 1118 394 1147 C.
409 1127 482 1156 pag.
499 1118 573 1147 252.

218 1162 292 1191 117.
308 1162 361 1190 17.
377 1159 437 1190 οὐδὲ
452 1158 614 1190 πολλοστὸν
628 1156 767 1198 πέμπτον
786 1157 887 1199 μέρος]

174 1203 316 1243 expunxi
331 1213 402 1233 voc.
423 1204 561 1239 tertium,
585 1205 690 1232 natum
705 1213 723 1232 e
738 1202 823 1232 varia
844 1203 888 1232 le-

173 1246 288 1282 ctione,
314 1245 404 1276 libris
429 1246 498 1276 aliis
525 1243 700 1282 πολλοστὸν,
722 1245 793 1275 aliis
820 1246 888 1284 ejus

173 1289 244 1320 loco
275 1288 414 1330 πέμπτον
437 1288 668 1319 exhibentibus.
695 1298 764 1328 quae
792 1290 888 1318 ambae

173 1332 322 1364 lectiones
348 1333 546 1373 postmodum
569 1342 674 1362 errore
699 1331 889 1364 coaluerunt.

173 1376 225 1406 vel
246 1375 378 1406 debetur
399 1375 517 1406 scholio
539 1376 644 1405 nescio
665 1376 754 1415 cnjus
771 1375 843 1405 sciti
858 1381 890 1406 et

174 1419 299 1450 subtilis
314 1419 457 1455 hominis,
468 1419 592 1460 dignum
608 1419 758 1455 habentis,
773 1420 812 1448 de
829 1428 890 1458 quo

173 1463 361 1500 admoneret,
373 1463 522 1494 tredecim
544 1473 638 1493 anuos
660 1463 797 1493 nondum
821 1472 891 1492 esse

174 1506 312 1546 quintam
327 1512 443 1546 partem
459 1516 606 1536 annorum
621 1507 676 1536 ¹73.
709 1506 824 1536 Verum
840 1505 891 1535 hic

173 1560 235 1580 non
245 1555 419 1589 temporum
435 1550 546 1589 spatia,
559 1550 613 1580 sed
630 1549 811 1588 injuriarum
826 1559 891 1579 mo-

174 1593 208 1623 di
222 1592 306 1623 inter
321 1603 356 1624 se
371 1598 596 1632 comparantur.
642 1593 753 1623 Potest
768 1603 890 1632 quoque

174 1635 253 1672 fleri,
267 1640 303 1666 ut
323 1636 420 1667 sciolo
440 1637 497 1672 illi,
511 1636 561 1666 cui
578 1635 693 1666 vitiosa
712 1636 808 1667 lectio
823 1636 854 1666 h.
869 1636 891 1666 1.

174 1679 318 1715 debetur,
329 1679 385 1710 illa
401 1679 604 1710 Demostheni
618 1680 728 1710 crebro
744 1683 892 1719 usurpata

175 1727 352 1754 versaretur
377 1723 409 1753 in
438 1723 586 1754 memoria
615 1723 713 1753 dictio
729 1733 737 1753 ε
767 1722 826 1754 οὐδὲ
857 1722 892 1752 τὸ

176 1764 325 1807 πὲμστον
337 1765 421 1807 μέςος
435 1769 491 1796 τῶν
506 1765 606 1806 ψήφων
620 1765 729 1799 λαβεῖν.

219 1827 263 1833 --
274 1813 328 1843 19.
338 1809 477 1842 Ὄλυνθον
487 1809 542 1850 μὲν
553 1810 582 1842 δὴ
591 1809 660 1850 -]
676 1810 893 1850 Hermogenes

176 1863 209 1892 p.
224 1855 300 1884 342.
312 1865 349 1884 τη
365 1852 480 1894 μεθόδου
494 1865 601 1895 χρῆται
612 1866 649 1895 τῃ
665 1853 893 1900 παραλειπτικῃ,

175 1894 225 1926 καὶ
239 1894 342 1927 οὖδὲνῗ
326 1908 411 1928 ηττον
421 1895 498 1935 λέγει
515 1898 558 1927 τὰ
581 1898 761 1937 πράγματα.
775 1900 834 1927 οἱον·
849 1914 893 1920 -—

173 1937 312 1970 Ὄλυνθον
325 1939 381 1979 μὲν
395 1940 427 1971 δὴ
438 1945 498 1972 etc.
510 1939 667 1970 Aristides
680 1941 720 1970 de
733 1942 776 1971 D.
788 1941 826 1970 C.
841 1951 893 1971 πε-

177 1981 286 2021 ριβολῆν
299 1979 342 2013 ουν
355 1994 478 2014 ποιουσιν
490 1984 520 2012 αἱ
539 1994 672 2014 τοιαυται
688 1983 773 2035 [scil.
792 1995 893 2024 waga-

177 2023 328 2067 λείψεις]’
317 2036 344 2056 εν
357 2038 399 2065 τῳ
413 2025 545 2067 ἀορίστῳ.
559 2026 589 2055 αἱ
610 2025 639 2056 δὲ
654 2024 723 2056 κατ’
743 2026 814 2061 εἶδος
833 2038 893 2057 παι-

177 2067 333 2106 ξοιλείψεις·
346 2066 405 2100 οἷον·
414 2068 553 2100 Ὄλυνθον
563 2067 620 2108 μὲν
634 2069 663 2100 δὴ
675 2068 723 2098 καὶ
736 2067 806 2100 Ἀπ’.
819 2069 895 2100 citat

176 2111 254 2141 item
269 2111 400 2152 Dionys.
414 2111 519 2143 Halic.
533 2113 569 2142 T.
586 2113 633 2142 ΙΙ.
651 2123 682 2151 p.
698 2113 772 2143 195.
789 2114 843 2143 ult.
865 2119 897 2143 et

176 2123 372 2206 Stephanusy
377 2157 455 2195 Byz.
474 2166 506 2195 p.
523 2158 597 2187 119.
619 2155 694 2186 edit.
718 2156 846 2186 Berkel.
863 2168 895 2187 v.

176 2194 374 2228 Ἀπολλωνίαι-
387 2203 420 2229 et
434 2199 547 2229 Strabo
563 2210 595 2239 p.
606 2201 680 2230 182.
693 2201 744 2230 10.
761 2199 798 2234 ἃς
807 2198 896 2234 οὕτως

177 2239 329 2279 ἠφανίσθαι
349 2241 444 2281 φησὶν,
467 2241 544 2273 ὥστε
567 2241 637 2283 μηδ’
656 2243 678 2272 εἶ
703 2242 816 2273 πώποτ
829 2241 896 2282 ᾤκί-

175 2283 306 2322 σθησιν,
317 2287 416 2324 γνῶναι
429 2285 463 2316 ἄν
474 2297 540 2316 τινα.
553 2284 719 2316 ἐπελθόντα.

220 2329 324 2360 -25-
342 2330 399 2363 τὰς
412 2328 508 2363 πόλεις
518 2329 566 2360 καὶ
581 2331 638 2365 τὰς
653 2327 816 2372 πολιτείας]
827 2329 894 2360 11111-

176 2371 228 2401 lus
253 2371 396 2411 equidem
418 2372 539 2408 dubito,
561 2372 611 2403 καὶ
631 2373 803 2403 tollendum
825 2373 895 2404 hinc

179 2423 260 2446 esse.
269 2425 369 2445 nonne
382 2415 560 2446 civitatibus
575 2416 696 2446 Graecis
712 2416 828 2456 eripuit
841 2419 897 2452 τὰς

177 2457 326 2492 πολιτείας
339 2457 444 2489 civilia
462 2461 613 2499 cujusque
631 2461 703 2498 jura
722 2461 896 2500 formasque

179 2500 409 2540 gubernationis
427 2507 460 2532 et
476 2503 651 2540 convictus,
666 2503 777 2543 quibus
792 2515 896 2534 earum

179 2553 309 2584 quaeque
335 2545 476 2576 solebant
502 2546 631 2576 antehac
655 2548 710 2577 uti.
731 2557 789 2577 uec
817 2547 896 2578 male

179 2587 352 2627 Dionysius
375 2589 479 2620 Halic.
494 2590 533 2620 T.
549 2590 596 2620 ΙΙ.
619 2599 650 2628 p.
667 2592 742 2622 194.
754 2594 807 2621 10.
830 2592 896 2621 haec

178 2630 240 2661 tria
259 2632 411 2663 vocabula
427 2635 483 2668 τὰς
503 2632 599 2667 πόλεις
623 2632 671 2663 καὶ
693 2633 820 2671 omittit,
836 2645 896 2674 quo

179 2675 332 2706 sententia
350 2677 396 2706 ad
426 2677 523 2707 solam
553 2676 742 2707 Thessaliam
770 2679 897 2708 restrin-

179 2722 280 2757 gatur.

221 2763 333 2794 -26.
350 2761 443 2792 αὐτῶν
457 2761 640 2804 ωαξῇρηται]
665 2764 851 2817 Harpocrat.
867 2765 897 2793 h.

178 2804 209 2877 :-
217 2804 313 2836 citans
329 2807 385 2841 τὰς
405 2805 553 2840 πολιτείας
575 2807 666 2837 αὐτῶν
689 2806 828 2848 ἀφῄρηται
844 2818 898 2837 ex-

191 2847 276 2878 nibet.

221 2908 266 2914 —
281 2891 358 2922 ibid.
373 2890 558 2935 κατέστησε]
574 2894 694 2933 praetuli
712 2904 729 2923 e
746 2893 848 2934 Dion)
853 2895 899 2924 sio

180 2933 356 2966 καθέστακε.
378 2945 446 2965 nam
468 2947 566 2975 persa
570 2948 609 2977 pe
630 2938 800 2987 periectum
824 2948 900 2977 quo-

180 2987 238 3015 que
253 2979 341 3009 verbi
360 2977 529 3019 καθίστημι
546 2981 702 3020 reperitur
717 2991 772 3020 pro
790 2982 900 3011 transi-

181 3021 246 3051 tivo
277 3028 466 3062 usurpatum,
490 3023 519 3052 b.
543 3035 572 3053 o.
596 3030 630 3055 ut
653 3024 819 3063 significet,
843 3036 900 3057 non

1582 187 1637 227 35

920 294 996 328 steti,
1012 303 1079 332 quae
1097 293 1281 332 significatio
1294 294 1322 324 ei
1336 299 1383 324 est
1393 294 1516 334 propria
1528 297 1560 324 et
1575 294 1639 324 usi-

921 341 996 372 tata,
1011 337 1068 366 sed
1083 336 1174 366 etiarn
1189 337 1337 366 collocavi.

963 397 1006 402 --·
1022 390 1091 417 pen.
1116 380 1147 408 αἶ
1168 378 1192 408 δ’
1215 378 1241 408 ἓν
1262 379 1362 418 Εὐβοίᾳ.
1377 381 1433 421 -]
1463 381 1540 410 citat
1562 380 1593 410 h.
1617 381 1638 410 l.

921 423 1078 454 Aristides
1094 433 1124 462 p.
1136 425 1209 452 174.

965 469 1039 496 118.
1055 469 1086 497 4.
1103 465 1171 495 ἀλλ’
1187 464 1233 505 ἐφ’
1246 464 1477 505 Ἑλλήσποντον]
1504 467 1640 496 Alexan-

920 509 976 539 der
993 510 1032 540 de
1055 510 1163 549 figuris
1185 519 1218 548 p.
1234 511 1286 539 42.
1302 507 1638 549 Ἐπιτροχασμός--τίι

920 554 994 583 πολὺ
1025 551 1197 583 διεστηκότα
1226 552 1353 590 συνάγει,
1378 551 1427 581 καὶ
1456 551 1641 590 ἀξιοπιστίας

921 595 1000 626 ἕνεκα.
1014 596 1145 635 λέγεται.
1159 597 1195 630 ὡς
1211 594 1270 636 ἔχει
1283 595 1316 625 τὸ
1332 593 1552 633 Δημοσθενικόν.
1570 595 1638 624 ἀλλ’

920 638 967 678 ἐφ’
977 639 1124 670 Ελλησπ.
1135 657 1177 663 --
1192 640 1292 679 πρώην.
1323 637 1478 668 Aristides
1494 638 1587 667 deD.
1602 640 1641 668 C.

921 693 953 722 p.
971 685 1045 714 190.
1059 694 1172 725 σχημοι
1184 681 1212 712 δὲ
1226 682 1276 712 καὶ
1289 693 1375 712 τουτο
1389 683 1441 715 τῆς
1452 680 1641 721 σεμνότητος,

920 737 967 756 nac
991 726 1025 756 τὸ
1048 726 1192 756 ἀσύνδετα
1213 724 1415 771 παρατιθέναι
1438 727 1479 755 τὰ
1497 725 1658 764 νοῆματιι,.

920 769 1018 811 ἐφεξῆς
1033 768 1198 801 ἐπιτιθέντα
1208 769 1354 804 ἀλληλοις.
1367 771 1424 799 οῖον·
1436 767 1482 807 ἐφ’
1493 767 1641 798 Ελλήσπ.

920 814 1064 855 -χωςεῖ
1076 815 1126 844 τοῦ
1142 811 1291 854 ἇνθξώπου.
1306 813 1380 842 item
1395 822 1428 851 p.
1445 814 1520 842 270.
1536 812 1641 842 Schol.

921 857 1072 897 Hermog.
1084 868 1114 897 p.
1129 858 1203 889 399.
1218 855 1252 886 τὸ
1268 854 1416 897 ἐπιτρέχον
1427 854 1473 895 [v.
1488 856 1643 894 Hermog.

920 901 1130 953 ρ.283.16.]
1153 900 1288 930 καλειται
1309 899 1359 929 καὶ
1380 897 1450 929 κατ’
1470 897 1642 939 ἐπιδρομῆν,

920 942 976 974 ἀπ’
987 942 1083 978 ἐννοίας
1105 943 1280 985 μεταπηδῶν
1304 943 1342 977 εἷς
1362 941 1466 973 ἔννοιαν.
1488 940 1547 973 οιον·
1571 940 1643 971 ἀλλ

921 986 966 1027 ἐφ’
979 986 1114 1019 Ἕλλῆσπ
1127 1005 1183 1017 —.

963 1048 1007 1053 --
1020 1032 1072 1060 13.
1097 1029 1265 1071 δυνάμεθα]
1282 1039 1354 1059 num
1369 1027 1552 1070 ἐδυνάμεθα
1543 1039 1574 1059 m
1586 1028 1644 1058 im-

921 1074 999 1113 perf.

964 1134 1009 1138 —
1022 1118 1076 1147 18.
1098 1118 1212 1146 σκοπῶν
1239 1120 1269 1146 et
1295 1115 1446 1157 πράττων]
1478 1115 1541 1145 imo
1569 1126 1642 1145 vero

922 1160 1039 1190 σκοπεῖν
1052 1164 1085 1190 et
1099 1160 1255 1199 πράττειν.
1268 1161 1321 1198 qui
1337 1159 1480 1189 infinitivi
1493 1158 1555 1199 apti
1573 1164 1644 1188 sunt

922 1213 963 1232 ex
980 1201 1113 1240 ἐγνωκώς.
1134 1202 1197 1232 fixo
1214 1202 1271 1232 hoc
1287 1212 1380 1242 penes
1397 1213 1644 1242 unumquemque

924 1246 1064 1282 sedente,
1092 1250 1126 1274 ut
1147 1255 1247 1284 neque
1273 1245 1424 1282 consulat,
1451 1256 1549 1285 neque
1573 1250 1644 1286 agat

923 1289 993 1325 hoc,
1011 1294 1043 1319 ut
1058 1289 1179 1318 Graecia
1194 1289 1281 1318 salva
1297 1288 1348 1318 sit.

965 1350 1010 1355 —
1025 1333 1078 1363 19.
1093 1329 1234 1373 περίοδοςῆ
1246 1329 1410 1372 mamaeam]
1422 1341 1482 1362 non
1499 1331 1645 1362 inusitata

924 1375 1049 1415 quidem
1079 1375 1170 1405 bouis
1196 1375 1374 1405 auctoribus
1403 1380 1453 1405 est
1478 1376 1645 1405 verborum

924 1419 1028 1460 copia,
1051 1423 1085 1449 ut
1107 1419 1257 1449 vocabula
1272 1419 1488 1449 concumulent
1507 1419 1644 1449 finitimae

926 1467 958 1492 et
986 1473 1075 1503 paene
1104 1463 1242 1502 ejusdem
1273 1462 1518 1501 significationis.
1548 1462 1649 1502 possit

925 1511 1026 1536 tamen
1041 1516 1150 1536 rursus
1165 1506 1257 1536 etiam
1271 1506 1348 1541 fieri,
1363 1510 1399 1535 ut
1413 1506 1474 1535 duo
1487 1506 1542 1536 illa
1556 1516 1647 1536 voca-

926 1550 998 1580 bula
1020 1549 1139 1590 πεςίοδος
1152 1550 1167 1580 ἢ
1182 1560 1242 1579 11011
1257 1549 1384 1585 oratori,
1399 1550 1455 1579 sed
1470 1549 1646 1579 scholiasta:

925 1594 1106 1623 debeantur.
1121 1592 1219 1623 citant
1232 1593 1263 1622 11.
1274 1593 1294 1622 l.
1306 1593 1492 1631 Harpocrat.
1509 1604 1540 1622 v.
1551 1603 1646 1621 κατα-

924 1635 995 1670 βολὴ
1009 1640 1040 1666 et
1055 1634 1184 1677 περίοδος,
1199 1636 1272 1666 item
1288 1636 1440 1666 Aristides
1453 1636 1492 1665 de
1510 1637 1550 1666 D.
1563 1636 1600 1665 C.
1614 1646 1647 1674 p.

926 1682 1000 1711 186.
1017 1681 1105 1719 cujus
1121 1680 1187 1709 haec
1203 1684 1273 1709 sunt
1290 1681 1402 1709 verba:
1426 1678 1470 1709 ἔτι
1493 1678 1522 1709 δὲ
1543 1679 1591 1708 καὶ
1613 1678 1648 1708 τὸ

925 1722 1013 1753 εἰκόσι
1025 1721 1151 1765 χρῆσθαι
1162 1722 1330 1776 σεμνότητα.
1345 1722 1393 1752 καὶ
1409 1721 1553 1762 ἀξίωμα”
1540 1734 1647 1764 εχοντα

926 1766 973 1796 τὸν
987 1766 1067 1806 λόγον
1082 1765 1244 1807 εςγίιζεται.
1268 1777 1327 1797 οιον·
1349 1765 1410 1797 ἐπεὶ
1428 1766 1473 1796 δ’τι
1497 1776 1529 1804 γε
1550 1767 1647 1805 ὥσπερ

926 1808 1046 1852 περιοδος
1057 1828 1100 1833 --
1111 1810 1197 1844 οὐδεις
1209 1811 1312 1848 ἄγνοει.

969 1871 1013 1877 -
1026 1864 1098 1894 pen.
1115 1853 1208 1894 ἄξιος]
1231 1853 1306 1884 dedi
1321 1853 1360 1884 de
1374 1863 1444 1883 meo
1460 1863 1554 1883 sensu
1573 1852 1648 1892 ἄξιον

927 1897 958 1927 in
974 1897 1163 1934 accusativo,
1178 1897 1230 1936 qui
1252 1902 1343 1936 aptus
1364 1900 1411 1926 est
1429 1907 1471 1927 ex
1493 1895 1647 1928 ὑπέλαβεν.

927 1950 996 1971 nam
1009 1940 1084 1970 alias
1097 1941 1294 1972 constructio
1305 1940 1400 1975 labat,
1415 1951 1483 1979 quae
1497 1940 1564 1969 haec
1579 1944 1625 1968 est
1639 1950 1646 1967 τ

927 1984 1031 2024 ὥσπερ
1043 1984 1075 2014 ἄν
1089 1995 1135 2018 τις
1150 1982 1294 2017 ὑπέλαβεν
1304 2001 1348 2007 -
1359 1982 1435 2021 ἄξιον
1449 1982 1504 2022 μὲν
1518 1982 1584 2012 εῖναι
1602 1982 1648 2011 τᾶν

928 2028 1050 2057 τοιοῦτον
1063 2027 1116 2057 υἱὸν
1127 2025 1325 2066 μὲμψεως-
1336 2026 1365 2056 οὗ
1379 2025 1478 2065 μέντοι
1492 2025 1585 2056 ἐνεῖναι
1602 2025 1650 2054 λέ-

928 2080 996 2109 γειν,
1011 2071 1048 2104 ὡς
1062 2070 1111 2101 οὔκ,
1125 2069 1191 2101 ’ἐστι
1205 2070 1358 2111 προσήκων.
1370 2070 1496 2109 perinde
1506 2069 1575 2108 quis
1590 2069 1649 2098 hoc

929 2114 969 2143 de
985 2113 1112 2153 negotio
1134 2117 1259 2149 statuat,
1276 2125 1312 2144 ac
1328 2114 1355 2143 si
1377 2115 1416 2143 de
1437 2113 1499 2143 filio
1519 2112 1649 2142 familias

929 2174 972 2180 —
984 2161 1109 2193 statuat,
1123 2167 1193 2187 eum
1206 2157 1240 2186 in
1255 2157 1313 2187 hoc
1324 2157 1449 2197 quidem
1459 2167 1530 2186 esse
1542 2166 1651 2194 repre-

929 2200 1392 2231 hendendum—verumtamen
1402 2201 1472 2230 ideo
1483 2210 1542 2229 non
1553 2200 1650 2229 licere

928 2254 1042 2283 negare
1056 2243 1159 2283 ipsum
1174 2254 1282 2274 eorum
1293 2255 1362 2274 esse
1376 2248 1539 2283 cognatum
1553 2260 1607 2272 -.

971 2305 1017 2311 -—
1028 2287 1084 2317 ult.
1095 2286 1255 2339 πξοσῆκων]
1268 2284 1447 2324 subaudi,
1425 2299 1459 2317 ων
1475 2287 1513 2320 εἰς
1524 2288 1564 2316 τὰ
1579 2298 1649 2316 κτη-

928 2343 1018 2371 ματοι
1032 2330 1161 2365 τοιούτους
1175 2328 1268 2362 ἦδίκει.

972 2393 1016 2398 ——-
1030 2374 1106 2404 ibid.
1123 2373 1246 2415 τούτων]
1268 2374 1300 2404 id
1316 2378 1375 2411 est,
1388 2373 1494 2404 τούτων
1509 2375 1564 2403 τῶν
1579 2384 1649 2402 κτη-

927 2418 1042 2458 μάτων,
1052 2417 1115 2459 περὶ
1126 2417 1147 2447 ἃ
1159 2416 1363 2458 ‘rauroeflirroc'sn
1377 2427 1488 2457 negare
1499 2427 1567 2446 eum
1580 2427 1652 2456 cog-

930 2466 1032 2492 natum
1055 2472 1162 2492 eorum
1185 2471 1266 2497 esse,
1281 2471 1411 2501 quorum
1434 2471 1498 2491 rein
1522 2460 1652 2490 familia-

930 2516 994 2536 rem
1009 2505 1051 2535 ita
1066 2506 1193 2541 laceret,
1207 2515 1306 2544 neque
1322 2505 1474 2534 haeredem
1497 2514 1567 2534 esse
1583 2505 1651 2542 ejus

930 2549 1117 2589 patrimonii,
1140 2548 1172 2577 in
1193 2548 1274 2588 quod
1293 2548 1336 2578 ita
1351 2553 1518 2587 grassetur.
1543 2547 1652 2586 vulga-

930 2597 970 2622 tae
986 2592 1031 2622 sic
1047 2592 1068 2621 l.
1086 2593 1115 2621 11.
1131 2592 1302 2622 exhibent:
1321 2591 1429 2622 τούτων
1449 2593 1495 2628 ὢν,
1510 2592 1608 2620 ταῦτα
1624 2589 1650 2620 ἔ-

931 2634 1010 2666 ποίει.
1025 2646 1083 2676 ego
1099 2635 1188 2665 aliter
1202 2634 1344 2667 distinxi.
1359 2641 1391 2666 et
1403 2647 1420 2665 e
1437 2634 1603 2677 participio
1619 2634 1654 2664 ὣν

931 2679 1021 2709 effeci
1038 2679 1198 2709 articulum
1214 2675 1260 2709 ὠν.
1277 2679 1359 2718 quod
1383 2679 1422 2708 ob
1445 2679 1586 2709 diversas
1604 2688 1652 2706 la-

931 2722 1034 2752 tiones
1049 2722 1142 2752 modo
1162 2722 1324 2752 masculini
1345 2723 1468 2761 generis
1486 2726 1544 2756 est,
1561 2720 1652 2750 modo

932 2766 1083 2796 neutrius.
1097 2776 1164 2795 nam
1179 2771 1329 2805 quatenus
1345 2766 1383 2795 ad
1401 2765 1545 2806 πξοσήκων
1560 2764 1654 2792 refer·

933 2813 994 2844 tur,
1009 2809 1160 2849 explicari
1173 2810 1268 2839 debet
1283 2819 1340 2848 per
1355 2810 1416 2849 περὶ
1432 2808 1484 2842 οὕς.
1502 2813 1653 2846 qnatenus

933 2857 1035 2882 autem
1052 2853 1184 2883 refertur
1195 2853 1232 2882 nd
1246 2852 1420 2893 κληρονόμος,
1433 2852 1583 2890 accipitur
1599 2861 1654 2890 pro

933 2896 995 2937 πεςῖ
1016 2896 1047 2926 ἃ.
1064 2896 1136 2936 quia
1157 2896 1264 2926 τούτοιν
1289 2898 1344 2926 τῶν
1365 2896 1526 2936 χςημάτων
1543 2895 1654 2924 subau-

933 2940 1027 2969 ditur.

978 3001 1021 3005 -—
1040 2985 1113 3013 119.
1133 2985 1182 3013 19.
1196 2982 1260 3013 ὅθεν
1275 2982 1328 3012 033*
1345 2982 1507 3021 ἀνδράποδον
1520 2982 1577 3022 -]
1604 2982 1655 3011 Ci-

937 3030 980 3056 tat
994 3027 1022 3056 Ιι.
1040 3027 1061 3058 l.
1078 3027 1266 3057 scholiastes
1290 3025 1457 3064 Aplnlwnii
1478 3036 1506 3064 p.
1528 3026 1580 3056 XX
1597 3026 1657 3055 111.
