1931 3323
350 233 436 274 460
483 229 992 273 AMERSFOORDTII
1026 229 1099 272 ET
1130 229 1475 275 SCHAEFERI
1508 230 1763 275 ANNOTT.

353 351 385 380 p.
400 341 472 371 ⁶290.
484 342 514 370 4.
535 340 597 369 Sed
610 337 758 379 συμμορία
770 338 882 368 dicitur
892 337 1065 368 collective.

358 385 464 413 IDEM.

400 443 443 449 —-
457 425 534 455 ibid.
555 424 647 456 ἐπειδὴ
663 423 696 454 τὸ
710 424 830 464 τίμημά
845 424 910 454 ἔστι
927 435 955 453 κ.
972 435 1002 454 τ.
1020 424 1065 464 λ.]

356 470 436 499 Item
458 469 633 508 Etymolog.
657 469 701 498 Μ.
720 478 748 498 c.
769 470 842 498 758.
858 471 910 499 53.
940 467 1068 497 Photius

357 523 384 542 c.
402 514 476 543 433.
492 517 523 541 et
534 512 665 541 Thomas
681 512 764 550 Mag.
781 521 810 549 p.
823 514 895 542 854.
922 512 970 540 De
990 511 1069 539 Har-

355 555 536 596 pocratione
559 555 613 596 (In
629 553 754 588 λυθέντος
772 555 841 584 vide
858 565 894 584 ne
912 554 1005 583 lateat
1022 554 1070 582 αὐ-

358 598 422 638 τὸς)
450 609 479 629 ν.
495 598 636 628 Siebelis.
653 599 690 628 ad
708 598 884 627 Philochori
897 598 1022 635 Fragm.
1040 607 1070 635 p.

359 643 413 672 77.
430 653 454 671 s.
477 646 509 671 et
533 641 670 671 Boeckh.
687 642 796 671 OEcon.
815 641 904 679 polit.
923 641 1032 670 Athen.
1049 645 1070 669 t.

358 685 404 715 11.
417 695 449 724 p.
464 687 516 716 22.
538 686 643 715 IDEM.

404 746 446 751 ——
457 739 528 768 pen.
553 726 643 758 ἐπειδη
660 726 693 755 τὸ
708 725 829 765 »τίμημά
850 724 915 754 ἐστι
931 735 958 754 κ.
975 735 1005 753 τ.
1023 730 1051 753 λ.
1056 723 1070 764 ]

360 771 532 810 Utrumque
552 770 703 810 significat
724 767 855 808 τίμημα,
876 778 1017 797 summam
1039 776 1074 795 uc

361 824 478 844 summae
495 814 574 844 velut
589 817 692 852 capnt,
712 812 845 850 itemque
867 811 911 846 id,
925 811 999 850 quod
1013 810 1073 839 sin-

358 858 427 896 guli
446 867 545 887 census
567 857 680 885 nomine
702 864 735 883 ez·
749 854 952 896 facultatibus
968 853 1076 883 contri-

360 901 468 930 buunt.
513 898 787 938 Harpocrationem
811 902 841 927 et
865 897 991 926 Suidam
1017 896 1075 925 huc

357 945 421 982 jam
438 943 642 972 adhibuerunt
657 941 795 971 Wolfius
819 944 850 969 et
871 939 1019 969 Reiskius
1037 939 1075 968 ad

362 987 392 1015 h.
409 986 430 1014 1.
459 987 573 1015 Nostro
589 990 688 1014 tamen
710 984 780 1013 loco
800 983 996 1012 manifestum
1017 987 1076 1017 est,

361 1029 460 1068 ipsam
475 1038 616 1057 summam
630 1026 816 1065 significari3
839 1032 870 1055 nt
887 1028 926 1055 sit
939 1025 972 1054 τὸ
988 1023 1075 1064 τίμη-

362 1083 410 1110 μα.
422 1072 472 1104 τῆς
482 1071 577 1112 χώρας
590 1071 731 1110 pretium,
745 1079 806 1108 quo
820 1069 917 1098 solum
930 1069 1077 1103 Atticum,

363 1114 393 1143 h.
405 1125 432 1143 e.
450 1125 556 1143 omnes
572 1115 691 1148 domus,
704 1112 846 1151 aedificia,
862 1119 952 1151 atque
969 1112 1033 1150 agri
1046 1112 1076 1140 in

362 1157 467 1187 Attica
483 1157 682 1186 aestimantur‚
726 1156 856 1191 Sufficit,
872 1161 905 1185 ut
918 1155 996 1184 hanc
1014 1155 1075 1184 De-

362 1200 530 1229 mosthenis
542 1204 672 1229 mentem
684 1200 781 1229 fuisse
791 1199 962 1232 credamus,
975 1198 1076 1227 locum

362 1248 517 1283 repetere,
530 1253 618 1282 quem
636 1254 674 1272 ex
694 1242 827 1281 Polybio
841 1243 887 1271 11.
906 1244 958 1272 62.
975 1241 1077 1270 attulit

363 1286 508 1316 Valesius
525 1288 561 1316 ad
576 1286 761 1325 Harpocrat.
778 1286 808 1314 in
822 1296 851 1314 v.
866 1284 909 1315 ὅτι
926 1283 1076 1326 ἑξακισχί-

362 1335 413 1358 λια,
427 1328 456 1360 ἦν
470 1330 604 1359 τάλαντα
621 1329 653 1359 τὸ
669 1328 792 1368 τίμημα
807 1330 859 1362 τῆς
871 1327 1020 1363 Ἀττικῆς,
1038 1328 1076 1357 ad

364 1383 431 1402 eum
449 1374 548 1402 locum
567 1373 654 1402 simul
672 1373 824 1412 vulgatam
839 1372 1001 1401 lectionem
1017 1371 1076 1400 loci

364 1416 607 1451 Demosthenici,
624 1417 661 1445 de
679 1426 738 1454 quo
754 1425 832 1445 nunc
856 1415 984 1453 agimus,
1000 1415 1076 1443 bene

363 1459 541 1490 defendens.
586 1459 737 1499 Polybius
761 1459 854 1498 igitur
878 1463 990 1493 narrat,
1005 1468 1076 1486 cen-

364 1513 429 1531 sum
454 1509 554 1533 actum
582 1503 676 1532 fuisse
702 1502 815 1532 Atticae
844 1501 990 1540 regionis,
1016 1511 1076 1540 quo

361 1550 500 1584 tempore
518 1546 719 1576 Athenienses
736 1555 803 1575 cum
819 1545 984 1579 Thebanis,
1001 1544 1030 1573 h.
1049 1555 1077 1574 e.

362 1590 404 1618 30
416 1589 538 1619 circiter
553 1590 638 1619 annis
655 1594 723 1618 aute
740 1588 915 1619 Orationem
934 1587 1077 1623 habitam,

361 1632 473 1662 bellum
486 1638 590 1662 contra
604 1631 851 1662 Lacedaemonios
863 1635 1078 1669 susceperunt:

361 1676 539 1714 E‘rxssknffoevsso
560 1687 610 1705 ’Την
632 1685 665 1704 ’ΤΕ
687 1676 780 1716 χώξαν
802 1675 849 1703 καί
873 1685 922 1705 Τῆν
943 1673 1078 1705 A‘r‘rmnv

361 1717 483 1748 ἅπασαν
496 1730 541 1748 και
557 1721 612 1752 τὰς
625 1717 721 1753 οἰκίας,
738 1716 837 1757 ὁμοίως
852 1716 879 1746 δὲ
895 1717 943 1746 καὶ
959 1719 1008 1747 τὴν
1019 1724 1076 1746 λοι-

362 1763 415 1791 πὴν
427 1760 529 1795 ουσίαν,
541 1761 609 1791 ἀλλ
623 1761 701 1801 ὅμως
713 1760 746 1789 τὸ
757 1761 879 1799 σύμπαν
892 1758 1014 1799 τίμημα
1026 1772 1077 1793 της

361 1802 443 1842 ἀξίας
459 1803 566 1834 ἐνελιπε
584 1807 638 1833 τῶν
653 1803 853 1844 ἑξακισχιλίων
869 1803 1013 1837 διακοσίοις
1028 1803 1077 1832 καὶ

362 1848 535 1877 πεντήκοντα.
550 1848 713 1881 ταλάντοις.
740 1848 818 1876 Haec
835 1847 929 1886 igitur
944 1846 1076 1876 aestima-

361 1890 405 1919 tio
422 1891 485 1929 agri
504 1892 569 1920 sive
585 1890 719 1929 regionis
734 1895 808 1923 erat,
826 1900 862 1918 ex
876 1890 962 1927 cujus
976 1900 1075 1919 annuo

359 1934 460 1962 reditu
471 1933 680 1972 compensatio
688 1933 931 1972 symmoritarum
940 1943 1075 1971 quaeren-

360 1977 400 2005 da
410 1982 485 2006 erat.
513 1978 589 2014 Quae
603 1976 826 2015 compensatio,
841 1976 898 2005 etsi
915 1975 1003 2005 nobis
1019 1976 1074 2005 mi-

360 2029 416 2048 nor
426 2030 495 2049 esse
509 2021 659 2056 videatur,
670 2030 759 2058 quam
770 2030 825 2058 pro
836 2024 989 2048 sumtuum
1002 2029 1018 2048 a
1028 2019 1075 2049 di-

361 2062 493 2092 tioribus
509 2063 717 2092 faciendorum
732 2062 953 2101 magnitudine,
969 2072 1074 2101 parum

361 2109 460 2135 tamen
476 2107 567 2136 habet
583 2107 664 2145 quod
682 2116 736 2135 nos
754 2111 884 2135 moveat.
929 2105 979 2135 Sic
995 2106 1073 2135 enim

361 2148 476 2187 optime
492 2149 688 2188 intelligimus
700 2148 845 2178 rationem
863 2149 1074 2187 quaerelarum,

360 2202 435 2231 quas
453 2202 511 2222 uno
527 2203 579 2222 ore
595 2191 723 2221 ditiores
738 2197 888 2230 perpetuo
903 2196 1075 2228 moverunt,

357 2235 506 2274 repetitas
520 2236 678 2274 deinceps,
690 2234 840 2273 imprimis
852 2245 869 2263 a
882 2234 1075 2274 Xenophon-

359 2282 391 2308 te
415 2278 446 2307 in
474 2278 553 2308 libro
575 2279 614 2308 de
636 2277 871 2308 Atheniensium
894 2278 1013 2315 republ.
1037 2279 1074 2307 ab

360 2322 498 2351 Isocrate
513 2321 627 2361 passim
643 2325 674 2350 et
691 2322 727 2350 ab
738 2320 921 2350 AEschinec.
934 2321 1073 2360 Ctesiph.

359 2375 389 2403 p.
410 2367 481 2396 163.
499 2365 550 2404 qui
564 2368 654 2394 vocat
669 2375 735 2397 τους
749 2363 980 2415 ‘t'pcnga'tpxovc—
990 2363 1018 2393 οὗ
1033 2366 1074 2394 τοὶ

358 2410 432 2437 κοιναὶ
455 2405 692 2449 διαχειρίσαντας,
715 2406 769 2437 ουδ’
785 2404 842 2437 Eum}
863 2408 917 2435 τῶν
934 2405 1076 2446 ὑμετέςων

359 2450 497 2490 προσόδων
517 2452 615 2481 πολλὰ
639 2450 693 2490 μὲν
717 2448 938 2490 ὑφαιρουμένους,
960 2449 1074 2490 Βςειχεα

359 2493 387 2521 δὲ
415 2493 655 2545 κατατιθέντας,
671 2492 817 2523 ἐπιδιδόναι
846 2492 873 2522 δὲ
900 2493 1073 2532 φάσκοντας,

360 2536 541 2570 ἀποδιδόντας
554 2536 607 2566 δὲ’
597 2537 664 2576 υμῖν
679 2538 718 2566 τὰ
736 2536 872 2576 ὑμέτεςα,
888 2535 957 2565 ἀλλ’
971 2535 1073 2575 ὁμολο-

359 2578 502 2618 γουμένως
522 2582 577 2612 τὰς
599 2579 743 2620 ’πατρῴας
765 2579 859 2613 οὐσίας
881 2579 918 2613 εἷς
938 2581 987 2610 ‘rin‘
1009 2578 1074 2619 πρὸς

356 2622 438 2661 ’ὑμᾶς
453 2622 629 2655 ἀνηλωκότας
644 2621 819 2662 φιλοτιμίαν.
843 2623 952 2661 Neque
965 2621 1074 2651 existi-

360 2666 502 2695 mandum
520 2670 578 2701 est,
595 2670 689 2694 totam
712 2676 856 2695 summam
875 2667 960 2696 6000
975 2665 1072 2695 talen-

360 2713 461 2738 torum
487 2708 730 2748 symmoritarum
760 2709 865 2738 usibus
895 2718 1071 2738 concessam

360 2752 468 2781 fuisse.
513 2752 612 2781 Immo
628 2761 701 2781 vern
721 2761 761 2781 ex
782 2752 897 2781 tributo
913 2751 1073 2790 quotannis

361 2795 475 2824 exinde
486 2795 517 2825 in
533 2794 671 2825 aerarium
680 2795 840 2824 referendo
857 2794 956 2836 (quod
973 2801 1072 2824 utrum

361 2838 500 2868 decumis
517 2848 554 2868 an
572 2838 630 2868 alia
645 2837 762 2867 ratione
781 2837 965 2867 aestimatum
981 2838 1073 2868 fuerit

361 2881 510 2911 incertius
541 2879 679 2920 videtur)
707 2879 904 2919 pecuniarum
934 2881 1071 2920 quaedam

361 2934 434 2963 pars
450 2924 486 2954 ad
503 2925 624 2954 navium
637 2923 866 2954 fabricationem
881 2928 1071 2962 erogatarum

360 2966 482 3006 publice
508 2967 703 2997 reddebatur.
747 2967 849 2996 Causa
874 2970 987 3002 autern,
1017 2977 1072 2997 cur

361 3010 418 3039 hoc
439 3011 537 3040 solum
554 3011 699 3040 tributum
720 3009 895 3040 trierarchis
911 3009 1004 3039 fuerit
1019 3010 1071 3039 da-

361 3057 436 3089 tum,
451 3053 516 3082 haec
536 3053 631 3083 fuisse
648 3053 781 3089 videtur,
798 3054 879 3091 quod
899 3051 1009 3091 reliqui
1026 3053 1069 3083 ci-

1104 337 1206 367 vitatis
1227 337 1343 367 reditus
1359 338 1389 367 in
1407 337 1483 368 alios
1502 348 1576 368 usus
1600 338 1817 377 erogabantur.

1104 382 1198 410 Erant
1216 381 1344 410 Athenis
1359 387 1473 420 praeter
1490 391 1631 420 agrorum
1646 391 1770 410 censum
1786 381 1818 411 in

1103 434 1160 453 usu
1184 424 1332 462 portoria,
1347 424 1562 463 inquilinorum
1583 425 1698 454 tributa
1714 428 1818 462 atque,

1104 472 1137 497 ut
1153 466 1288 503 videtur,
1304 467 1434 506 pecunia
1449 467 1581 505 singulis
1593 466 1746 506 capitibus
1760 467 1819 496 im-

1103 510 1202 549 posita
1216 510 1437 550 [capitationem
1447 510 1562 550 dicas],
1575 509 1756 551 (Heerenus
1768 510 1818 539 1.1.

1104 553 1217 594 (Ideen
1241 554 1301 583 vol.
1324 554 1387 584 111.
1412 564 1444 592 p.
1466 554 1560 591 305.)
1580 553 1820 593 “Kopfsteuern

1107 607 1205 626 waren
1225 597 1358 634 weniger
1377 597 1427 626 bei
1443 597 1502 626 den
1520 595 1660 635 Biirgern
1678 595 1821 635 gewiihn-

1105 639 1327 679 lich(wiewohl
1338 640 1386 668 ich
1399 640 1444 669 sie
1454 639 1669 678 keineswegen
1681 638 1821 678 ganztich

1106 683 1235 722 leugnen
1253 682 1345 719 will),
1370 683 1414 712 als
1438 683 1487 712 bei
1508 683 1566 712 den
1589 681 1774 721 Inquilinen.
1790 692 1820 712 v.

1109 727 1293 764 Harpocrat.
1307 724 1383 755 iiber
1399 726 1449 755 die
1465 725 1669 764 Einrichtung
1685 725 1745 755 und
1761 725 1823 754 den

1110 769 1222 807 Betrag
1244 770 1298 798 des
1321 767 1493 807 μετοίκιον.”
1516 768 1566 810 (et
1581 780 1611 809 p.
1627 767 1722 809 309.)
1747 771 1767 785 “
1785 768 1823 797 In

1109 811 1210 841 Athen
1228 811 1310 840 hatte
1328 821 1393 840 man
1409 812 1459 841 die
1477 811 1674 851 Eintheilung
1691 811 1720 840 in
1735 811 1823 840 Clas-

1110 864 1161 883 sen
1176 854 1252 883 nach
1268 855 1337 883 dem
1354 854 1566 890 Einkommen,
1583 855 1639 883 wie
1655 855 1700 884 sie
1714 854 1824 883 Solous

1111 897 1350 936 Einrichtungen
1365 897 1394 926 in
1408 897 1508 926 Athen
1527 896 1698 937 gegriindet
1709 897 1826 932 hatten,

1110 941 1185 969 nach
1203 941 1335 970 welcher
1355 950 1422 970 man
1445 939 1527 979 ging.
1574 939 1626 970 Sie
1649 944 1764 970 setzten
1781 940 1826 969 al-

1110 983 1247 1023 lerdings
1263 984 1331 1013 eine
1348 984 1519 1022 Schatzung
1534 993 1657 1013 vorans:
1684 981 1824 1023 (τίμημα

1114 1027 1272 1056 Demosth.
1296 1027 1325 1056 in
1350 1026 1470 1065 Aphob.
1492 1027 1547 1056 Or.
1562 1027 1590 1056 I.
1606 1027 1666 1065 Op.
1682 1027 1726 1056 11.
1746 1036 1779 1065 p.
1793 1027 1825 1056 3.

1112 1069 1190 1109 etc.)
1207 1071 1246 1099 ob
1260 1070 1332 1099 aber
1347 1069 1379 1099 in
1392 1069 1451 1098 den
1467 1070 1679 1108 griechischen
1696 1069 1825 1099 Stadten

1111 1112 1199 1142 diese
1215 1123 1249 1142 so
1267 1123 1363 1152 genau
1380 1122 1455 1147 war,
1469 1113 1529 1143 wie
1550 1113 1606 1141 der
1626 1114 1745 1142 Census
1768 1112 1825 1142 der

1113 1156 1238 1191 Ro'mer,
1262 1155 1386 1186 miissen
1413 1155 1468 1185 wir
1493 1156 1735 1185 unentschieden
1763 1155 1825 1185 las-0

1111 1198 1195 1228 sen.’'
1232 1199 1318 1229 Idem
1335 1203 1434 1228 tamen
1452 1209 1481 1237 p.
1499 1201 1574 1230 304.
1590 1198 1623 1229 τὸ
1638 1198 1761 1237 τίμημα
1773 1199 1826 1232 τῆς

1109 1242 1205 1284 χώρας
1231 1243 1383 1272 fructuum
1409 1242 1547 1271 decumis
1574 1243 1736 1281 quotannis
1764 1241 1824 1271 sol-

1112 1285 1219 1315 vendis
1235 1285 1408 1315 constitisse
1425 1285 1596 1325 existimat)
1610 1285 1721 1324 quibus
1738 1295 1827 1314 acce-

1111 1329 1224 1358 debant
1259 1333 1428 1367 proventus
1457 1329 1576 1368 argenti
1609 1339 1647 1358 ex
1681 1328 1824 1358 metallis.

1111 1373 1275 1407 Caeterum,
1297 1383 1334 1401 ne
1358 1371 1426 1411 quis
1448 1371 1590 1408 miretur,
1610 1382 1626 1400 a
1650 1372 1771 1401 Pericle
1794 1371 1825 1401 in

1110 1415 1178 1444 loco
1195 1415 1336 1451 classico,
1357 1425 1416 1453 quo
1437 1415 1557 1445 reditus
1577 1413 1713 1444 civitatis
1731 1415 1826 1444 Athe-

1111 1468 1215 1488 narum
1230 1463 1438 1493 recensentur,
1448 1458 1559 1487 nullam
1573 1457 1755 1487 mentionem
1771 1457 1826 1487 hu-

1109 1502 1159 1540 jus
1175 1512 1283 1531 census
1299 1500 1562 1541 injici‚(Thucyd.
1573 1501 1618 1533 11.
1632 1500 1701 1541 13.)
1718 1510 1824 1530 verum

1112 1555 1191 1580 eum,
1214 1550 1246 1574 ut
1266 1544 1393 1574 minoris
1415 1544 1572 1580 momenti,
1594 1544 1631 1573 ad
1650 1555 1686 1573 ea
1705 1544 1825 1580 referri,

1111 1599 1177 1627 quae
1196 1588 1332 1618 Pericles
1348 1587 1515 1625 significari
1532 1587 1631 1617 voluit
1645 1587 1692 1616 his
1710 1587 1825 1623 verbis,

1110 1631 1172 1661 ἄνευ
1180 1633 1232 1665 τῆς
1246 1630 1336 1665 ἄλλης
1351 1630 1492 1671 προσόδου,
1507 1630 1769 1669 wyttenbachius
1785 1631 1824 1660 ad

1110 1675 1232 1704 Selecta
1256 1674 1340 1704 Hist.
1364 1685 1396 1713 p.
1419 1676 1492 1705 366.
1514 1675 1576 1713 jam
1601 1674 1729 1707 monuit,
1753 1683 1825 1703 con-

1111 1719 1191 1747 sulto
1205 1718 1291 1747 illum
1313 1729 1330 1747 a
1353 1718 1475 1747 Pericle
1497 1716 1644 1746 omissum
1665 1717 1774 1751 fuisse,
1790 1721 1824 1746 ut

1110 1760 1221 1789 nemini
1233 1760 1368 1799 ignotum
1377 1770 1432 1789 nec
1441 1760 1519 1789 forte
1529 1760 1634 1789 auditu
1643 1759 1823 1798 jucundum.

1110 1803 1180 1832 Alia
1201 1803 1291 1833 etiam
1315 1802 1490 1833 omissionis
1505 1813 1596 1833 causa
1617 1803 1688 1832 addi
1709 1807 1824 1842 potest,

1109 1846 1189 1885 quod
1208 1846 1358 1881 Pericles,
1370 1846 1422 1885 qui
1439 1856 1556 1876 omnem
1569 1845 1663 1875 futuri
1677 1846 1750 1875 belli
1762 1846 1824 1876 for-

1109 1894 1212 1919 tunam
1232 1900 1349 1919 summo
1372 1889 1508 1919 acumine
1529 1889 1760 1928 praesagiverat,
1774 1900 1824 1919 re-

1109 1937 1158 1962 cte
1179 1934 1240 1972 jam
1257 1938 1358 1962 mente
1380 1932 1584 1971 praeridebat,
1599 1933 1680 1971 qnod
1697 1932 1823 1969 accidit,

1109 1976 1175 2005 fore
1193 1976 1260 2005 scil.
1280 1981 1311 2005 nt
1331 1986 1439 2015 magna
1453 1976 1559 2005 horum
1579 1976 1728 2005 redituum
1749 1985 1822 2015 pars

1109 2023 1235 2058 propter
1264 2019 1422 2049 continuas
1455 2019 1757 2048 Lacedaemoniorum
1791 2018 1822 2048 in

1107 2063 1241 2092 Atticam
1263 2062 1453 2092 incursiones
1477 2061 1596 2091 civitati
1624 2062 1748 2100 periret,
1771 2072 1822 2091 eo-

1108 2116 1235 2145 rumque
1252 2106 1328 2135 adeo
1341 2105 1475 2144 exignus
1486 2109 1601 2134 tantum
1615 2115 1686 2136 usus
1696 2104 1726 2134 in
1741 2105 1822 2134 bello

1108 2153 1191 2178 esset
1206 2149 1336 2179 futurus.
1355 2150 1628 2179 Amnnsroonnr.
1642 2148 1680 2178 V.
1697 2147 1821 2178 Boeck⁴

1107 2191 1175 2222 hius
1190 2192 1211 2221 l.
1226 2202 1253 2221 c.
1267 2201 1300 2230 p.
1318 2194 1370 2220 91.
1385 2202 1426 2221 ss.
1451 2191 1646 2222 SanEFER.

1150 2252 1193 2257 -—
1208 2235 1263 2264 ult.
1285 2232 1316 2264 ἵν’
1339 2235 1406 2274 ὑμῖν
1422 2252 1467 2257 -—
1488 2232 1722 2275 συντεταγμένα]
1752 2234 1821 2264 Nec

1108 2277 1206 2307 voluit
1231 2278 1354 2312 Orator,
1376 2277 1458 2318 (vid.
1476 2277 1576 2308 Wolf.
1590 2277 1682 2316 Not.)
1702 2281 1737 2307 ut
1754 2283 1820 2307 tan·

1107 2324 1169 2350 tum
1200 2320 1347 2350 haberent
1377 2320 1538 2359 praesentis
1568 2320 1706 2359 pecuniae
1722 2330 1729 2349 :
1764 2320 1821 2350 sed

1107 2373 1195 2402 quam
1214 2362 1310 2393 suasit
1325 2362 1456 2402 σύνταξιν
1479 2365 1535 2394 τῶν
1557 2363 1730 2404 χρημάτων,
1753 2365 1820 2402 ejus

1106 2406 1156 2435 hic
1172 2406 1256 2437 solus
1277 2406 1343 2436 finis
1359 2406 1428 2442 fuit,
1448 2411 1482 2436 nt
1503 2411 1621 2436 sumtus
1638 2406 1669 2435 in
1691 2407 1819 2436 classem

1107 2449 1238 2479 faciendi
1255 2449 1335 2479 inter
1351 2450 1544 2488 symmoritas
1560 2460 1598 2478 ex
1615 2459 1703 2489 aequo
1718 2453 1750 2479 et
1767 2451 1819 2488 ju-

1108 2497 1155 2522 sto
1176 2493 1430 2532 dispertirentur3
1452 2503 1512 2532 qua
1526 2492 1565 2522 de
1585 2503 1618 2523 re
1632 2493 1736 2522 statim
1755 2492 1821 2532 agi·

1107 2540 1167 2567 tur.
1191 2537 1296 2566 IDEM.

1152 2580 1189 2609 P.
1216 2581 1290 2610 289.
1316 2580 1348 2609 2.
1370 2577 1508 2620 ἑκάστην]
1544 2579 1608 2608 Pro
1634 2576 1672 2613 εἷς
1697 2577 1821 2609 ἑκάστην

1107 2622 1207 2652 malim
1223 2622 1343 2662 ἑκάστῃ.
1360 2622 1399 2651 V.
1414 2622 1492 2652 infra
1505 2632 1534 2651 v.
1550 2624 1602 2652 21.
1625 2622 1732 2651 IDEM.

1149 2683 1191 2688 —u
1207 2667 1238 2697 3.
1256 2665 1325 2706 τῶν]
1342 2665 1397 2694 τῶν
1410 2670 1494 2694 recte
1509 2665 1605 2694 adest.
1649 2663 1723 2693 Rite
1739 2663 1819 2694 enim

1107 2709 1255 2739 articulus
1268 2707 1432 2747 repetitur,
1445 2707 1496 2737 ubi
1508 2707 1596 2746 plura
1608 2706 1751 2746 deinceps
1765 2717 1820 2746 po-

1107 2756 1220 2781 nuntur
1242 2751 1389 2790 epitheta,
1412 2760 1538 2790 quorum
1562 2760 1645 2780 suam
1673 2750 1819 2790 quodque

1107 2795 1261 2824 notionem
1279 2804 1414 2824 seorsum
1431 2792 1656 2833 intelligendam
1672 2793 1819 2824 continet.

1106 2837 1276 2877 Sophocles
1300 2837 1373 2867 OEd.
1391 2838 1425 2866 T.
1443 2839 1535 2867 1481.
1560 2837 1596 2870 ὡς
1615 2836 1671 2870 τὸς
1691 2836 1819 2876 ἀδελφὰς

1106 2881 1196 2911 τάσδε
1211 2882 1267 2915 τὰς
1283 2879 1360 2920 ἐμὰς
1381 2879 1479 2921 χέρας.
1526 2879 1652 2918 Eupolis
1669 2887 1719 2920 ap.
1738 2881 1820 2909 Lon-

1107 2924 1169 2978 gip.
1193 2924 1287 2954 XVI.
1310 2925 1411 2962 apa
1432 2924 1481 2954 τὴν
1500 2921 1654 2962 Μαςαθῶνι
1675 2923 1725 2952 ‘riv
1747 2920 1818 2963 ἔμῆν

1104 2968 1218 3008 μαχην.
1241 2968 1349 2997 IDEM.

1148 3012 1232 3041 —6.
1246 3008 1307 3050 δὲῃ]
1323 3008 1424 3038 Recte
1440 3002 1544 3037 omisit
1556 3006 1693 3038 Bekker.
1711 3007 1818 3038 IDEM.

1148 3070 1190 3076 --
1204 3055 1238 3083 ¹7.
1252 3051 1310 3093 τὰ]
1329 3050 1454 3081 Delevit
1470 3049 1606 3081 Bekker.
1630 3050 1746 3081 Probo.
1769 3051 1817 3080 lta
