1931 3322
264 204 346 245 AD
381 202 556 245 ORAT.
589 200 708 244 PRO
743 200 996 242 CORONA
1029 200 1506 244 TRIERARCHALI.
1551 200 1635 244 263

229 330 271 336 --
296 312 346 342 15.
369 309 555 351 Ἀλέξανδρον]
579 309 784 339 Alexandrum
813 308 892 338 Phe-

187 365 279 386 raeum
296 352 444 393 designat.

228 399 322 429 1231.
346 398 377 425 7.
409 393 501 436 πιιςόν
522 393 590 425 εῖναι
613 392 748 435 νομίσας]
772 397 893 434 poterat

184 440 266 470 enim
276 439 420 473 insolens,
431 439 570 468 acerbum
581 443 612 467 et
624 448 766 477 arrogans
780 436 892 475 videri,

184 483 336 512 hominem
350 481 515 520 privatum,
526 481 576 520 qui
593 491 733 510 coronam
748 490 765 509 a
777 479 891 520 populo

184 528 316 564 peteret,
339 535 407 555 cum
433 523 622 555 vehementia
641 522 788 553 orationis
812 522 892 552 ludi-

182 567 363 605 magistrum
376 568 506 597 decente
521 566 670 606 populum
686 566 716 595 in
733 565 833 605 ipsum
844 565 891 595 in-

182 610 266 645 vehi,
282 611 409 650 ejusque
421 620 520 640 mores
535 609 771 649 reprehendere.

226 671 269 676 —
285 655 315 683 8.
337 652 422 694 αὐτὸ]
446 652 547 683 malim
569 652 668 687 αὐτοῦ,
684 657 717 681 ut
732 652 768 681 ad
785 650 832 681 τὸν
845 662 891 682 πι-

182 695 242 736 κςόν
255 696 334 734 λόγον
344 697 460 726 redeat.
497 696 553 725 Est
568 700 667 725 autem
682 694 757 735 ἔςγον
770 694 891 736 (subje-

183 744 278 774 ctum,
289 743 322 769 ut
331 739 424 778 vulgo
434 737 596 778 usurpant)
605 739 724 768 acerbae
733 738 891 774 orationis,

182 781 300 811 facinus
315 782 406 818 illud,
417 782 448 812 in
461 792 521 821 quo
537 782 670 812 notando
681 786 824 812 versatur
838 792 891 812 ve-

185 825 310 854 hemens
324 830 356 855 ct
371 826 481 855 acerba
491 825 601 855 oratio.

224 885 268 891 --
289 870 319 899 9.
342 867 421 898 τοῦτ’
447 867 526 910 ’ἑο-τι]
558 869 616 898 hoc
645 867 780 902 exsistit,
809 867 891 907 quod

183 910 252 941 scil.
266 911 364 942 oratio
379 921 446 943 mea
465 922 549 942 saeva
565 917 596 941 et
620 921 720 941 amara
742 911 893 941 videatur.

183 953 235 984 Sin
251 959 351 985 autem
371 954 494 989 τοιοῦτός
514 953 579 986 ἔστι
597 955 761 995 praefertur
776 965 815 984 ex
830 955 893 984 Au-

184 1002 326 1036 gustano,
341 998 423 1028 redit
440 999 479 1028 ad
502 997 592 1037 λόγος.
619 998 632 1028 ὅ
648 996 716 1038 ἐμὸς
730 997 812 1037 λόγος
827 997 893 1028 ἐστὶ

183 1041 316 1074 τοιοῦτος.

225 1100 270 1107 -
292 1087 344 1114 11.
369 1082 447 1125 ἔχει]
471 1083 539 1113 scil.
560 1082 701 1124 πρόδοσιν.
733 1093 893 1122 manupre-

183 1126 271 1162 tium,
288 1126 391 1162 militi,
407 1137 476 1156 cum
497 1126 714 1162 conscribitur,
734 1126 765 1156 in
787 1137 892 1156 manus

183 1169 298 1204 datum,
315 1179 377 1209 quo
396 1180 454 1200 non
478 1170 568 1199 modo
590 1170 641 1199 fiat
663 1169 803 1205 alacrior,
823 1180 892 1209 par-

180 1212 317 1252 tiumque
332 1223 452 1243 suarum
470 1212 648 1248 studiosior,
664 1213 719 1242 sed
732 1212 823 1243 etiam
840 1224 892 1243 ue-

181 1256 315 1285 cessaria
329 1257 468 1294 quaedam
482 1256 519 1286 ad
538 1256 651 1286 cultum
667 1256 843 1296 victumque
859 1261 891 1286 et

183 1299 220 1329 ad
236 1299 469 1329 commoditates
484 1298 601 1329 militiae
614 1298 671 1328 sibi
689 1303 856 1338 comparet.

224 1359 267 1365 -—-
284 1344 335 1373 13.
358 1342 397 1376 εἷς
418 1341 578 1383 {minam}
595 1342 697 1372 malim
713 1342 753 1377 εἷς
763 1341 893 1373 ἔκπλουν.

181 1384 219 1415 ad
236 1385 459 1424 enavigandum
477 1397 493 1415 e
508 1391 609 1425 portu.

224 1446 268 1451 —
289 1430 341 1458 21.
365 1429 399 1458 τδ
419 1426 512 1468 τςίτον
533 1427 632 1469 μέρος]
655 1439 685 1458 v.
707 1428 804 1458 Petit.
827 1429 892 1459 LI..

182 1471 253 1501 AA.
265 1481 297 1510 p.
309 1473 384 1502 469.
406 1471 512 1501 Tertia
525 1482 599 1511 pars
614 1471 753 1511 corporis
770 1471 893 1501 infamia

182 1514 344 1544 notabatur
358 1519 435 1550 tum,
450 1525 520 1544 cum
537 1514 651 1553 lingua,
667 1515 697 1544 h.
715 1525 742 1544 e.
762 1515 890 1544 facultas

181 1557 212 1586 in
234 1558 301 1587 foro
321 1561 352 1587 et
370 1558 400 1587 in
416 1558 563 1587 concione
579 1557 715 1594 dicendi,
728 1557 892 1587 interdice-

182 1601 279 1630 batur.

223 1661 268 1666 —
283 1645 334 1673 26.
351 1642 536 1684 προδικάζειν]
556 1641 678 1673 correxi
694 1642 892 1683 προδιδάσκειν.

183 1686 316 1726 Vulgata
331 1686 454 1716 videtur
469 1691 537 1716 nata
549 1696 566 1716 e
575 1685 661 1716 varia
669 1686 813 1722 lectione,
824 1697 892 1726 quae

180 1729 250 1758 aliis
271 1729 301 1759 in
323 1729 420 1765 libris,
436 1728 468 1758 ni
488 1729 589 1765 fallor,
606 1733 726 1759 versata
740 1731 892 1768 quondam

179 1771 250 1807 fuit,
261 1772 446 1813 προδεκίιζειν,
455 1772 537 1802 donis
546 1778 576 1803 et
583 1774 686 1813 gratia
699 1782 892 1813 corrumpere,

182 1819 216 1845 nt
228 1815 412 1854 flagitiosum
424 1815 540 1855 aliquid
554 1823 635 1854 agat.

223 1875 268 1881 —
277 1860 328 1888 27.
345 1857 500 1899 ἔσειδῆπες
513 1858 674 1900 παρῆλθον]
689 1858 761 1889 dedi
772 1860 892 1890 auctius

180 1898 327 1942 ἐπειὸἦπες
349 1901 388 1936 εἷς
404 1901 519 1935 τούτους
539 1903 604 1937 τοὺς
625 1901 724 1940 λόγους
745 1902 892 1943 παρῆλθον.

928 307 979 337 ltus
991 307 1200 346 proeditorum.

969 367 1012 372 —-
1031 353 1080 379 17.
1104 348 1210 390 γέγονε]
1235 356 1304 388 post
1326 351 1419 390 γέγονε
1442 352 1565 382 videtur
1581 352 1638 383 ali-

925 392 1000 432 quid
1020 391 1051 422 in
1074 393 1150 422 hanc
1173 394 1351 423 sententiam
1371 395 1499 425 deesse:
1525 396 1592 435 ὑμῖν
1615 394 1640 426 δ’

926 434 1042 477 αἰσχρόν
1053 433 1118 465 ἐστι
1130 434 1294 474 κακοδοξεῖν.
1307 442 1375 466 aut:
1392 438 1458 477 ὑμῖν
1467 438 1491 467 δ’
1499 438 1527 468 οὐ
1538 437 1639 480 πρέπει

926 480 978 512 τῆς
993 477 1132 520 ὑμετέρας
1147 478 1222 518 δόξης
1238 479 1367 518 ἀμελεῖν.
1535 517 1538 519 .

969 539 1011 544 —
1037 525 1089 552 21.
1114 521 1176 562 πεςῖ
1196 523 1250 551 τῶν
1271 521 1478 563 συνειρηκότων]
1509 525 1639 555 subaudi

925 565 986 599 τοῖς
1001 564 1143 606 ἧμετὲροις
1155 566 1390 603 ἀνταγωνισταῖς.
1409 576 1437 596 v.
1453 577 1484 606 p.
1500 569 1596 599 1218.
1606 570 1642 599 4.

969 625 1012 631 —-
1035 610 1086 638 24.
1120 608 1206 649 ποτε]
1240 608 1362 638 correxi
1386 607 1464 639 τότε.
1491 620 1586 648 nuper
1607 611 1638 640 in

926 662 1020 681 causa
1036 650 1137 682 simili.
1159 663 1187 681 v.
1204 662 1234 681 v.
1248 661 1317 690 pen.

970 696 1065 726 1233.
1079 697 1110 724 4.
1127 694 1274 736 προσ-ἧκον]
1290 694 1320 724 in
1336 696 1415 734 Aug.
1433 699 1479 725 est
1494 696 1639 735 προσ-ἧκεν.

926 737 1077 777 Suspicor
1091 738 1148 774 sic,
1164 744 1217 768 aut
1238 738 1461 778 propemodum
1477 737 1640 777 reliquisse
1670 766 1675 770 ,

928 781 1164 811 Demosthenem
1176 793 1183 811 z
1201 779 1269 811 ἀλλ’
1283 781 1324 816 οὗ,
1337 783 1364 812 νῆ
1376 779 1442 817 Δία,
1456 783 1511 812 τῶν
1526 780 1640 814 βελτιό-

926 835 974 853 νων
985 825 1046 858 τοῖς
1065 825 1246 864 ὑπηρετοῦσιν
1268 824 1287 854 ἃ
1308 824 1351 854 δεῖ
1372 824 1456 865 [scil.
1472 825 1643 867 ὑπηρετεῖν],

925 867 1102 910 χαρίζεσθαι
1128 866 1298 908 Εὀυλομένων
1322 866 1388 908 [vel
1412 867 1593 910 κελευόντων]
1619 868 1640 898 ἃ

928 913 1062 951 προσῆκεν
1076 912 1159 952 [scil.
1175 910 1348 953 χαρίζεσθαι
1367 912 1456 951 ὑμᾶς,
1473 911 1640 946 anteiri-0214·

927 955 1044 985 κελεύειν
1058 955 1137 994 ὑμᾶς
1150 954 1354 996 χαρίζεσθαι]
1378 955 1466 994 quasi
1486 965 1543 995 per
1557 956 1640 994 ejus-

927 999 1010 1028 modi
1027 1008 1182 1028 sermones
1197 999 1325 1028 relatum
1341 998 1421 1028 irent
1439 998 1567 1038 gratiam
1587 998 1640 1034 iis,

928 1041 980 1080 qni
1001 1041 1144 1071 secordia
1164 1051 1218 1071 sua
1239 1052 1303 1072 rem
1327 1045 1458 1072 vestram
1484 1042 1641 1080 publicam

927 1084 1137 1123 pessumdant,
1149 1094 1207 1114 non
1221 1089 1334 1121 autem,
1344 1085 1387 1115 ita
1396 1095 1444 1115 me
1456 1085 1534 1115 deus
1546 1088 1640 1121 amet,

928 1128 1042 1157 vellent
1058 1127 1233 1167 gratificari,
1256 1138 1315 1167 qna
1339 1138 1393 1168 par
1415 1133 1474 1165 est,
1497 1128 1543 1158 illi
1558 1128 1642 1168 parti

927 1170 1039 1200 civium
1057 1176 1229 1201 vestrorum
1245 1171 1375 1206 meliori,
1390 1171 1442 1211 qni
1458 1182 1573 1202 morem
1589 1181 1642 1201 ve·

928 1213 1000 1243 stris
1012 1213 1150 1253 imperiis
1162 1219 1316 1254 gerentes,
1328 1224 1395 1254 quae
1405 1219 1538 1254 oportet,
1552 1214 1640 1245 vobis

927 1256 1149 1294 administrant,
1186 1257 1360 1297 vestrisque
1397 1258 1509 1288 studiis
1542 1258 1641 1288 inser-

927 1299 1024 1330 viunt.

967 1361 1011 1366 »-
1027 1346 1078 1374 14.
1095 1342 1188 1383 ἡμᾶς]
1204 1344 1282 1374 bene
1297 1344 1401 1374 habet.
1419 1355 1540 1384 meque,
1556 1343 1641 1374 illos-

927 1397 985 1425 que
1009 1397 1068 1416 nna
1087 1396 1172 1416 meos
1195 1387 1402 1423 adversarios,
1429 1397 1542 1418 corona
1565 1397 1641 1427 qua-

926 1430 995 1458 dam
1014 1429 1104 1459 nobis
1119 1429 1269 1459 ambobus
1281 1431 1446 1460 communi.

968 1489 1012 1494 —-
1027 1475 1078 1502 17.
1094 1470 1218 1501 τοῦθ’-
1229 1471 1321 1513 ἐκεῖν’]
1337 1483 1444 1503 rursus
1459 1473 1545 1503 τοῦτο
1557 1472 1641 1503 redit

927 1514 963 1543 ad
979 1515 1137 1550 remotius,
1152 1514 1236 1545 ἐκεῖνο
1248 1516 1284 1544 ad
1301 1516 1443 1555 propius,
1456 1520 1490 1546 ut
1500 1526 1531 1557 p.
1544 1518 1641 1548 1299.

929 1559 958 1587 2.
981 1568 1079 1597 neque
1096 1558 1175 1588 enim
1198 1558 1279 1588 istud
1300 1569 1428 1598 unquam
1447 1570 1463 1589 a
1479 1570 1527 1589 me
1543 1560 1641 1599 impe-

927 1601 1027 1636 trabo,
1049 1606 1081 1631 ut
1102 1602 1169 1631 fieri
1190 1602 1297 1641 patiar,
1322 1603 1404 1642 quod
1420 1602 1467 1632 illi
1483 1603 1642 1641 postulant

928 1642 979 1683 [ut
993 1643 1058 1673 scil.
1082 1654 1183 1674 meum
1204 1645 1235 1674 in
1252 1655 1374 1675 coronae
1395 1646 1641 1676 communionem

926 1686 1077 1728 veniantJ,
1102 1698 1200 1727 neque
1222 1687 1273 1718 hoc
1297 1687 1369 1724 feci,
1393 1693 1427 1718 ut
1452 1689 1519 1719 scil.
1538 1700 1641 1720 meum

926 1729 1157 1760 trierarchatnm
1173 1730 1226 1760 alii
1241 1731 1435 1762 elocaverim.

969 1791 1013 1796 —
1037 1777 1088 1806 20.
1112 1775 1229 1804 maio-aa
1255 1774 1403 1816 προσῆκον]
1434 1775 1535 1805 locum
1560 1776 1641 1807 hunc

926 1816 999 1847 item
1027 1828 1086 1847 non
1117 1817 1268 1857 intelligo.
1305 1818 1378 1848 dedi
1408 1819 1448 1848 de
1477 1829 1546 1849 meo
1574 1819 1641 1849 sic:

926 1860 1022 1900 Eho-mg
1044 1861 1102 1896 οὐκ,
1126 1860 1247 1900 ἄξια-
1259 1862 1339 1892 ἰιλλιὶ
1362 1862 1473 1901 γνώμην
1491 1862 1642 1904 (subaudi

926 1902 1023 1944 μόνον)
1037 1903 1251 1944 kei-offratenes.
1266 1906 1349 1944 quasi
1363 1905 1462 1936 deceat
1471 1915 1528 1941 eos,
1539 1916 1597 1935 non
1608 1916 1643 1936 ea

181 1944 415 1993 qnandoquidem
441 1945 474 1974 in
498 1945 574 1976 hunc
597 1945 824 1984 disputationem
847 1948 893 1977 in·
917 1945 1033 1987 facere,
1046 1958 1109 1987 quae
1128 1947 1220 1987 digna
1241 1948 1301 1977 sint
1314 1949 1453 1984 mercede,
1471 1949 1519 1978 sed
1533 1949 1642 1979 solum-

180 1987 251 2017 cuii,

226 2032 322 2062 1232.
337 2031 369 2062 5.
384 2029 494 2071 σύλας]
510 2031 594 2062 Citat
607 2031 636 2061 h.
649 2032 672 2062 l.
688 2031 843 2071 Harpocr.
860 2042 893 2062 v.

180 2073 280 2104 σῦλαι.
332 2073 452 2104 Literas
482 2075 719 2111 commentitias,
748 2076 786 2104 ab
811 2075 891 2114 ipsis

181 2117 346 2157 subjectas,
361 2117 472 2155 quibus
495 2118 543 2147 illi
564 2118 686 2154 muniti,
711 2123 851 2157 tanquam
874 2129 892 2149 a

179 2170 246 2199 nep.
258 2160 317 2190 sibi
332 2160 456 2196 additis,
465 2160 638 2200 piraticam,
651 2161 682 2191 in
695 2171 892 2200 quoscunque

179 2202 297 2239 volunt,
313 2207 469 2233 exercent.
481 2203 602 2245 fulsche
618 2203 647 2234 F
646 2203 790 2245 reybriqf'e
805 2203 892 2245 [for-

177 2247 236 2287 ged
251 2245 404 2287 licensesJ„
419 2247 469 2276 vel
489 2247 606 2286 potine,
627 2254 790 2287 propterea
806 2248 890 2288 quod

179 2289 212 2318 hi
226 2289 411 2320 facinoribus
425 2289 490 2319 suis
506 2289 653 2327 efficiunt,
669 2295 703 2321 nt
719 2290 831 2331 ubique
846 2291 892 2321 lo—

180 2342 287 2362 corum
305 2331 558 2372 invAtlienienses
581 2339 782 2365 exerceantur
803 2334 892 2376 ἀνδρο-

181 2372 283 2412 antia«
299 2381 330 2404 et
343 2375 443 2406 σῦλαι.
457 2376 575 2407 Ari-este
589 2375 651 2419 auf
658 2377 814 2409 Menschen
825 2379 891 2408 und

185 2416 315 2448 Waaren
325 2416 462 2459 [seizures
477 2418 514 2460 qs
522 2429 588 2450 men
602 2420 664 2450 and
677 2421 794 2462 war-es]-

194 2483 197 2488 «
222 2479 267 2485 --
282 2464 333 2492 12.
356 2463 396 2492 τὸ
411 2465 467 2492 τῶν
479 2463 570 2493 αὐτῶν
585 2462 693 2503 τρόπων
707 2463 891 2505 ἅμαςτῆμα-

182 2504 240 2546 τι]
251 2514 310 2534 non
322 2503 471 2544 displicet
481 2506 524 2535 H.
535 2506 647 2536 Woltii
659 2509 837 2546 conjectura
847 2509 889 2538 τιὶ

180 2550 268 2590 vag&
282 2546 328 2578 τὸν
341 2548 432 2578 αὐτῶν
441 2547 548 2589 τρόπον
556 2549 719 2590 ἀμαρακ-
728 2555 761 2581 et
774 2551 888 2590 recepi.

179 2600 300 2621 errores
312 2591 393 2622 enim
403 2591 549 2632 tabesque
560 2592 605 2622 rei
614 2603 689 2630 suae,
701 2604 770 2633 quae
779 2594 889 2633 cuique

181 2637 239 2669 est,
255 2634 432 2670 familiares,
455 2645 495 2665 ex
518 2634 655 2674 ipsorum
675 2642 780 2667 enatus
799 2638 890 2668 mori-

180 2677 240 2707 bus
264 2677 416 2717 culpaque
440 2688 496 2708 sua
518 2682 704 2715 contractas,
729 2681 891 2711 emendant

180 2719 320 2751 cladibus
343 2720 424 2760 reip.
468 2721 546 2751 Mihi
567 2722 651 2752 venit
674 2723 836 2763 aliquando
857 2724 889 2755 in

180 2767 331 2794 mentem:
358 2765 399 2794 τὶ
421 2766 477 2794 τῶν
497 2764 714 2805 τοιουτοτρόπων
731 2767 890 2809 &pap-mu..

178 2812 297 2844 peecata
311 2808 389 2838 enim
402 2805 552 2839 hominum
563 2808 642 2840 hiset
652 2810 794 2841 similibus
801 2812 890 2842 mori-

927 1990 1009 2020 modo
1021 2000 1074 2029 pro
1089 1992 1265 2020 auctoritate
1279 2000 1332 2020 suu
1346 1992 1555 2029 pronuntiare.

969 2050 1011 2056 -
1027 2035 1079 2064 24.
1095 2033 1216 2074 ταύτην]
1232 2034 1319 2073 quasi
1334 2040 1437 2074 partes
1453 2035 1549 2065 basin
1566 2046 1640 2066 con·

927 2075 1015 2106 cione
1037 2076 1160 2106 dicendi
1185 2082 1215 2107 et
1240 2081 1383 2107 auctores
1407 2078 1567 2108 sententiae
1583 2089 1641 2118 po-

927 2119 1001 2158 pulo
1027 2130 1060 2150 se
1083 2120 1216 2155 ferendi,
1239 2120 1327 2150 velut
1348 2120 1473 2160 aliquod
1497 2123 1642 2153 sacerdo-

926 2162 1001 2192 tium
1018 2168 1156 2193 tenerent
1168 2165 1237 2202 jure
1252 2163 1460 2194 haereditario.

968 2222 1012 2228 ·—
1026 2207 1078 2237 25.
1100 2206 1172 2237 δεινὰ
1185 2206 1367 2248 πάσχουσιν]
1390 2207 1421 2237 id
1438 2211 1498 2244 est,
1513 2207 1639 2238 δεινοπα-

926 2247 1027 2285 θοῧσιν,
1040 2249 1255 2287 vociferantur,
1269 2250 1462 2287 miserantur,
1472 2251 1641 2282 lamentan-

926 2299 987 2328 tur,
1003 2293 1089 2323 velut
1105 2293 1255 2334 insignem
1271 2297 1302 2324 et
1315 2303 1470 2325 enormem
1491 2295 1577 2334 passi
1593 2295 1641 2325 in-

922 2336 1045 2375 jnriam.

969 2397 1012 2402 —
1027 2381 1078 2410 26.
1102 2381 1159 2410 τῶν
1173 2379 1258 2419 ἅπαξ
1272 2378 1430 2422 εἰρηκότων]
1455 2379 1578 2411 correxi
1593 2378 1641 2411 τδν

924 2421 1015 2461 awa}
1030 2422 1167 2462 εἰρηκότα.
1182 2423 1307 2453 videtur
1324 2424 1449 2463 vulgata
1463 2435 1481 2454 e
1494 2423 1580 2454 varia
1594 2424 1640 2454 le-

925 2466 1025 2495 ctione
1045 2466 1076 2496 in
1094 2465 1181 2496 libris
1202 2466 1386 2505 quibusdam
1403 2472 1526 2498 versata
1540 2468 1638 2499 exsti-

925 2508 999 2539 tisse
1011 2519 1019 2539 ι
1035 2512 1092 2539 τῶν
1103 2507 1156 2539 τιν’
1170 2508 1252 2548 ἅπαξ
1268 2509 1421 2549 εἰρηκότων.

968 2555 1063 2584 1234.
1080 2555 1111 2582 1.
1133 2553 1162 2583 οὐ
1184 2550 1271 2583 πάντ’
1286 2552 1434 2596 ἀπόλωλε]
1461 2554 1637 2594 negativam

924 2595 1042 2626 addidi.
1064 2607 1121 2625 non
1143 2597 1239 2625 omnia
1259 2606 1376 2635 prorsus
1396 2603 1535 2636 pereunt.
1554 2608 1638 2638 resp.

925 2649 983 2668 non
998 2649 1126 2678 prorsus
1142 2643 1208 2669 tota
1221 2640 1367 2670 concidit.

966 2700 1009 2705 —
1029 2684 1061 2712 7.
1080 2682 1193 2724 αὐτοῖς]
1216 2687 1287 2723 post
1313 2684 1411 2718 αὐτοῖς
1433 2683 1558 2714 videtur
1581 2684 1638 2714 ali-

924 2724 997 2764 quid
1011 2725 1129 2762 deesse,
1152 2730 1187 2756 ut
1208 2737 1236 2757 e.
1248 2737 1276 2756 c.
1297 2725 1420 2763 ἀπιέναι,
1442 2727 1637 2758 ἀπαλλάττε-

923 2767 1010 2804 σθαι,
1021 2768 1070 2798 vel
1087 2769 1185 2800 simile
1195 2769 1281 2809 quid,
1297 2771 1554 2811 tametsilargior,
1568 2770 1637 2800 vul-

924 2815 1024 2851 gatam
1040 2812 1111 2842 ferri
1126 2823 1230 2853 posse.
