1931 3323
344 213 430 255 390

331 327 400 348 mus
433 328 484 347 res
516 318 667 358 singulas.
712 319 821 358 Itaque
845 323 893 349 est
916 317 974 349 ἀπὸ
1005 320 1055 350 τοῦ

330 359 507 399 ἐπάγεσθαι,
521 372 579 391 non
597 360 725 400 ἐπάγειν.
750 363 818 393 Cic.
835 362 935 403 [Phil.
954 363 1000 393 ΙΙ.
1026 373 1054 392 c.

331 405 403 445 32]
427 410 447 422 “
461 405 545 435 Nihil
556 416 667 444 queror
681 406 721 436 de
735 407 909 442 Dolabella,
924 406 1053 446 quitum

332 452 381 477 est
395 448 559 487 impulsus,
572 449 693 487 elusus,
704 449 880 480 inductus.'’
922 452 1052 480 Festus:

333 495 355 508 ‘⁴
374 491 464 521 lnlex
481 493 635 531 producta
652 494 789 533 sequenti
804 493 923 532 syllaba
937 493 1052 533 signiti-

332 537 395 569 cat,
419 535 471 573 qui
488 536 548 575 legi
567 547 625 566 nou
646 542 746 576 paret.
792 538 879 566 Inlex
909 542 1052 576 correpta

332 578 451 616 syllaba
467 581 608 617 sequenti
626 580 778 620 significat
800 581 990 610 inductorem
1014 581 1051 610 ab

330 621 532 652 inliciendo.'⁷
578 623 704 653 Plautus
736 623 836 663 [Asin.
869 625 893 654 l.
919 626 949 654 3.
977 625 1049 665 68.]

332 668 353 681 ‘⁴
372 666 452 695 Esca
469 671 516 695 est
540 668 698 701 meretri&
720 667 818 696 lectus
834 666 953 703 inlex,’'
976 665 1049 696 ἐπα-

330 707 431 746 γωγός.
456 709 626 749 Euripides
644 711 861 739 Andromacha
877 709 984 750 [2⁶25]

373 776 423 805 καὶ
447 778 547 806 ταῦτα.
577 777 670 817 δρῶσα
701 777 740 819 τῇ
771 776 845 818 'gea-{1⁴
871 778 1052 818 πξοσηγόμην

535 819 542 828 .

505 831 597 850 ποσιν.

330 879 395 909 Ηίο
422 878 511 908 vides
534 879 648 909 nullam
668 875 806 910 fraudem
835 881 973 916 subesse,
998 886 1050 910 aut

328 922 527 957 lenocinium,
551 923 606 952 sed
632 924 740 952 bonam
767 929 912 953 mentem.
958 925 1048 954 Dem.

329 976 405 995 usus
431 970 479 995 est
505 965 641 1005 simplici
669 967 764 996 verbo
791 967 847 1007 [tle
873 967 994 996 Corona
1018 978 1048 1006 p.

330 1011 404 1039 228.
430 1009 480 1038 ed.
507 1009 564 1048 R.]
589 1008 632 1039 ἵνα
647 1010 748 1049 μηδεὶς
770 1011 848 1049 ὑμῶν
868 1012 929 1044 τοῖς
951 1009 1049 1049 ἔξωθεν

327 1051 421 1089 λόγοις
436 1051 567 1091 ἦγμὲνος,
590 1053 810 1095 ἀλλοτξιώτερον
835 1056 890 1083 τῶν
912 1053 983 1093 ὑπὲξ
998 1056 1049 1087 τῖς

328 1097 440 1134 γραφῆς
457 1095 545 1133 λόγων
560 1095 644 1137 ἀκούῃ
659 1108 729 1136 μου.
774 1096 821 1127 Ne
842 1099 906 1137 quis
921 1104 1048 1128 vestrum

329 1139 439 1168 ductus
464 1140 646 1169 orationibus
672 1145 756 1170 eatra
782 1151 901 1170 causam
926 1140 1048 1177 habitis,

328 1182 469 1212 alieniore
483 1184 582 1212 animo
593 1193 637 1212 me
643 1184 750 1214 audiat
761 1184 796 1214 de
807 1194 895 1214 cansa
906 1194 1047 1223 peroran-

328 1230 396 1255 tem.
444 1227 523 1255 Haeo
551 1232 611 1256 tam
639 1227 737 1257 multa
760 1227 985 1263 annotavimus,
1009 1238 1047 1258 ne

327 1268 399 1307 quis
425 1273 515 1309 putet
542 1280 629 1300 usum
657 1271 764 1300 horum
789 1271 955 1301 verborum
979 1281 1047 1301 esse

327 1312 549 1351 promiscuum,
582 1320 614 1343 et
645 1324 704 1343 non
737 1315 910 1354 proprium.
968 1316 1047 1345 Ante

327 1356 429 1385 omnia
444 1356 538 1393 enim,
561 1356 587 1386 si
605 1357 746 1387 volumus
770 1359 934 1397 proficere,
956 1368 1046 1397 quam

327 1398 563 1438 diligentissime
588 1401 793 1441 proprietates
811 1403 975 1431 verborum
991 1401 1045 1431 ob-

327 1452 452 1473 servare
483 1444 644 1473 debemus.
691 1445 751 1474 Sed
783 1444 905 1484 longius
930 1444 1046 1484 impru

326 1486 438 1515 denter
465 1486 537 1516 elati
567 1497 684 1523 sumus,
715 1486 821 1529 χαίρειν
851 1487 975 1521 εἰπόντες
1004 1489 1048 1530 τῷ

326 1528 516 1570 Δημοσθένει.
555 1530 689 1560 Domum
704 1532 876 1562 redeamus-

369 1590 413 1595 --·
429 1575 459 1603 6.
476 1572 520 1603 δ’τι
536 1585 635 1605 ταυτα
646 1574 709 1605 ούτε
721 1574 796 1612 οἰδα,
813 1575 876 1605 οὔτε
889 1574 1045 1614 προσδοκῶ,

324 1614 427 1657 νομίζω
443 1615 471 1646 δὲ
488 1616 535 1648 τὸν
555 1616 678 1656 λέγοντα,
692 1620 798 1660 ληςεῖν]

325 1659 522 1690 Camerarius
547 1661 584 1690 ad
610 1661 689 1691 illud
709 1662 874 1701 Sophoclis
894 1663 927 1692 >in
951 1663 1046 1701 Ajace

324 1703 465 1738 Lorario,
491 1702 584 1741 ἐ’γνων,
606 1702 762 1736 Ὀδυσσεῧε
788 1705 841 1735 Sic
863 1705 947 1745 loqui
965 1706 1046 1736 sole-

325 1755 394 1776 mus
412 1745 437 1776 ἐν
451 1746 526 1782 ἤθει,
543 1748 758 1778 confirmantes
771 1755 824 1778 aut
838 1750 1044 1788 approbantes

323 1788 454 1820 dictum.
499 1790 540 1820 Et
553 1791 610 1820 hoc
626 1791 720 1830 igitur
736 1802 817 1822 nunc
833 1792 911 1822 dicit
927 1796 1042 1829 orator,

324 1832 504 1872 improbans
522 1834 571 1863 vel
588 1835 722 1865 refutans
737 1834 898 1865 AEschinis
914 1836 1043 1866 dictum.

325 1876 388 1905 Hic
405 1881 489 1906 certe
504 1877 700 1908 manifestum
717 1884 765 1908 est
779 1877 859 1915 ἦθος,
884 1879 1042 1919 multoque

325 1919 500 1950 evidentius
517 1921 623 1950 eadem
641 1922 679 1951 de
694 1932 727 1952 re
752 1921 860 1962 [Dem
877 1920 903 1952 ἐν
916 1922 959 1962 τῷ
973 1923 1044 1962 περὶ

324 1973 463 2003 vagam-g.
491 1975 520 2003 p
545 1964 637 2004 355]
663 1966 794 2000 ἀναστὰς
814 1965 863 1995 καὶ
892 1966 1045 2006 παρελθὼν

323 2004 479 2047 ἐπειρώμην
494 2007 661 2046 ἀντιλέγειν·
685 2009 721 2043 ὡς
737 2007 765 2038 δὲ
781 2008 887 2039 ἀκούειν
909 2008 957 2038 οὐκ
974 2008 1044 2041 ἠθέ-

323 2054 402 2085 λετε,
420 2049 542 2092 ἡσυχίαν
556 2050 653 2092 ἐ’σχον,
668 2053 801 2083 τοσοῦτον
826 2052 906 2092 μόνον
909 2051 1044 2106 *διαμαρ-

323 2093 488 2133 τυξάμενος,
507 2094 554 2135 [p.
569 2098 642 2124 101.
656 2096 706 2125 ed.
727 2095 812 2136 D.]
804 2108 847 2126 οτι
867 2097 966 2125 ταῦτα,
981 2096 1044 2127 ούτε

323 2135 396 2171 οἰδα,
421 2137 484 2167 οὔτε
509 2140 632 2187 κοινωνῶ)
661 2138 830 2178 vrgao-§Sana
859 2137 883 2167 δ’
915 2137 959 2168 δ’τι
985 2138 1044 2170 οὐδὲ

324 2179 478 2219 προσδοκῶ.
503 2181 562 2210 hoc
579 2182 658 2211 enim
683 2182 809 2212 tertium
827 2186 950 2221 tempus
973 2183 1043 2219 fuit,

324 2233 386 2262 quo
410 2224 450 2253 de
475 2234 552 2253 nunc
576 2225 651 2263 agit,
675 2235 743 2255 cum
768 2236 827 2254 non
852 2231 899 2254 est
921 2226 1045 2256 auditus

323 2266 404 2295 malo
429 2266 575 2297 civitatis.
606 2268 808 2309 Thucydides
825 2269 871 2309 [ἶ.
890 2268 960 2308 86.]
980 2280 1046 2301 τους

322 2308 378 2347 μὲν
401 2308 499 2347 λόγους
519 2322 586 2344 τους
613 2313 737 2345 πολλους
759 2314 814 2340 τῶν
839 2310 994 2342 Ἀθηναίων
1015 2311 1044 2341 οὗ

321 2353 482 2390 γιγνώσκω
527 2354 694 2384 AEschines
720 2356 843 2396 [contra
860 2355 1044 2394 Ctesiphon

323 2400 396 2430 tem,
424 2407 455 2436 p.
471 2399 545 2427 461.
566 2397 624 2438 R]
649 2397 709 2428 ουδὲ
733 2400 897 2437 γιγνώσκειν
919 2397 972 2438 ἔφη
995 2399 1044 2429 τὴν

323 2439 422 2478 εἰρηνην
445 2440 573 2474 ἀπούσης
597 2441 795 2483 σημμαχίας.
819 2442 929 2471 eodem
951 2451 1042 2471 sensu

324 2482 441 2512 Paulus
464 2483 786 2526 [Rom.V11.15.]‘0‘
801 2487 854 2525 γὰρ
870 2483 1044 2525 κατεργάζο-

324 2537 396 2566 μαι,
418 2525 446 2556 οὗ
461 2528 619 2564 γιγνωσκω.
651 2528 862 2568 Augustinus:
886 2532 907 2546 “
922 2528 1044 2566 ignoro,

324 2578 383 2598 non
399 2571 549 2608 approbo,
565 2581 622 2600 non
639 2572 811 2603 consentio.
815 2571 835 2585 ’'
873 2573 911 2602 B.
928 2572 1043 2601 Hiero-

325 2622 434 2651 nymus
460 2612 512 2652 [ad
536 2615 740 2653 Ageruchiam
768 2615 807 2645 de
832 2615 1042 2656 monogamia]

326 2659 347 2673 ‘⁴
365 2656 495 2686 obsecro
509 2661 550 2693 te,
565 2657 711 2695 religiosa
726 2659 757 2688 in
771 2659 896 2689 Christo
912 2658 986 2695 filia,
1010 2663 1043 2688 ut

326 2698 503 2729 testimonia
528 2699 589 2729 ista
617 2711 676 2730 non
700 2702 836 2737 noveris,
859 2701 972 2741 quibus
995 2702 1042 2732 in-

325 2741 556 2772 continentibus
580 2748 610 2773 et
625 2745 747 2773 miseris
769 2745 962 2781 subvenitur,
985 2746 1042 2775 sed

324 2786 378 2816 illa
392 2785 497 2825 potius
510 2786 645 2823 lectites,
661 2787 772 2826 quibus
789 2788 940 2828 pudicitia
953 2799 1042 2819 coron

326 2828 446 2859 natur.'’

369 2871 417 2912 [p.
432 2875 506 2903 102.
521 2873 570 2903 ed.
582 2873 640 2913 D.]
656 2890 699 2896 —
713 2874 745 2902 7.
761 2884 858 2902 ταυτα
875 2873 961 2908 τοίνυν
970 2874 1041 2904 πάν-

324 2926 376 2951 τα,
390 2927 443 2944 ocu.
459 2915 596 2957 φαίνομαι
612 2915 726 2950 Βέλτιον
741 2919 795 2946 τῶν
805 2916 900 2946 σίλλων
909 2919 1039 2959 προορῶν]

324 2959 408 2992 λύσις
422 2958 652 2997 ἀντιπίπτοντος,
675 2961 713 2990 ad
729 2961 908 3000 arrogantiae
925 2962 1039 2991 crimen

325 3001 597 3043 suspicionemque
626 3003 789 3034 vitandam.
851 3003 960 3040 Qualis
992 3008 1040 3034 est

324 3045 376 3075 illa
393 3045 550 3077 Ciceronis
561 3046 634 3088 [pro
646 3047 761 3078 Roscio
781 3047 936 3078 Amerino.
954 3058 980 3077 c.
992 3046 1038 3087 1.]

834 1619 1051 1650 Doctissimus.

690 211 946 254 DOUNAEI
980 211 1462 255 PRAELECTIONES

1088 321 1109 336 ·'‘
1128 318 1210 355 Quid
1229 320 1321 358 ergo}
1344 318 1568 349 audacissimus
1580 327 1639 356 ego
1654 327 1695 347 ex
1711 317 1804 348 omni-

1090 361 1169 392 bus?
1194 362 1330 392 minime.
1356 367 1386 392 at
1413 367 1496 392 tanto
1526 360 1692 391 officiosior
1715 371 1803 399 quam

1089 405 1203 435 caeteri.
1227 416 1263 435 ne
1288 406 1379 435 istius
1401 406 1526 444 quidem
1550 404 1649 435 laudis
1671 404 1714 434 ita
1737 413 1804 433 sum

1088 449 1233 488 cupidus,
1259 453 1292 478 ut
1307 460 1372 479 eam
1393 449 1463 479 aliis
1481 453 1664 488 praereptam
1680 446 1806 477 velim.”

1087 491 1135 531 [p.
1156 495 1227 523 103.
1245 493 1294 522 ed.
1312 493 1369 533 D.]
1392 493 1450 522 nisi
1466 492 1548 531 quod
1565 492 1615 520 hic
1630 495 1736 529 aperte
1749 500 1805 529 po-

1086 536 1170 565 nitur
1194 537 1207 567 ἣ
1224 535 1364 569 ἀντίθεσις
1377 534 1445 565 κατ’
1462 533 1650 575 ἀνθυποφορὲν
1665 533 1712 563 καὶ
1729 533 1804 562 owe-

1086 579 1177 619 φοράν.
1201 580 1283 618 apud
1302 585 1437 609 nostrum
1461 583 1630 617 occupatur
1654 576 1803 618 objectio,

1086 632 1145 651 non
1163 623 1337 662 objicientis
1355 622 1476 653 nomine
1492 622 1630 651 infertur.
1659 620 1710 650 Sic
1724 619 1803 649 enim

1085 665 1279 705 distinguunt
1299 666 1380 697 λύσιν
1400 664 1632 699 ἀντιπίπτοντος,
1654 662 1803 698 ἀντίθεσιν,

1084 707 1272 749 ἀνθυποφοςὲιν
1289 710 1335 739 καὶ
1346 709 1492 750 ὑποφοράν.
1540 709 1621 738 Nam
1637 712 1667 737 et
1679 707 1729 736 hic
1741 706 1803 736 dici

1085 753 1196 790 potuit,
1222 754 1302 792 Quid
1331 753 1449 792 igitur?
1478 757 1510 782 tu
1542 750 1802 791 prudentissimus

1084 795 1237 825 omnium?
1261 807 1350 826 nemo
1367 800 1478 835 praeter
1490 801 1520 825 te
1532 795 1694 835 quicquam
1712 793 1803 823 intel-

1084 837 1174 877 ligit?
1199 839 1334 869 minime.
1356 844 1421 869 tum
1437 839 1549 868 fuisset
1570 837 1715 871 ἀντίθεσις
1731 835 1802 865 κατ’

1084 880 1270 922 οἷνθυποφορὲιν
1285 883 1333 913 καὶ
1356 883 1505 922 ὑποφοράν.
1528 891 1608 910 nunc
1633 880 1804 910 occurritur

1084 926 1252 964 objectioni
1270 927 1383 962 tacitae,
1399 926 1481 965 quod
1494 923 1573 956 λύσιν
1583 922 1803 956 ἀντιπίπτοντος

1083 969 1250 1008 appellant,
1274 980 1378 1008 quum,
1407 970 1490 1008 quod
1519 967 1609 998 nobis
1637 968 1801 997 adversum

1083 1017 1158 1047 erat,
1175 1022 1438 1052 praeoccupamus.
1484 1011 1574 1042 Dicit
1585 1021 1659 1049 ergo
1677 1020 1709 1039 se
1727 1019 1803 1048 prae-

1083 1054 1201 1085 dixisse
1218 1057 1282 1085 haec
1300 1056 1384 1085 nulla
1399 1054 1587 1085 dexteritate
1603 1053 1732 1092 ingenii,
1748 1058 1802 1082 aut

1082 1098 1152 1137 quia
1168 1099 1238 1138 plus
1255 1099 1324 1129 aliis
1341 1098 1470 1129 viderit:
1496 1098 1551 1128 sed
1573 1097 1685 1135 partim
1703 1095 1802 1126 felici-

1083 1147 1145 1171 tate
1176 1143 1318 1181 quadam,
1357 1142 1469 1181 partim
1499 1140 1687 1179 integritate.
1748 1139 1800 1168 Sic

1081 1185 1161 1214 enim
1176 1185 1338 1215 summisse
1362 1186 1401 1215 de
1423 1190 1452 1214 te
1472 1184 1543 1223 ipso
1565 1183 1651 1222 loqui
1673 1183 1802 1222 prodest

1084 1228 1259 1265 admodum,
1273 1229 1303 1258 in
1321 1239 1380 1268 quo
1393 1233 1441 1259 est
1454 1226 1524 1262 ’ἦθος
1538 1227 1584 1257 καὶ
1597 1224 1744 1261 ἐπιείκεια,
1756 1230 1802 1255 at·

1082 1282 1141 1323 qume
1159 1272 1208 1302 hic
1224 1283 1341 1308 rursus,
1365 1271 1467 1311 inquit
1488 1270 1653 1310 Ulpianus,
1675 1269 1800 1300 ποιεῖται

1081 1315 1132 1345 τοῦ
1149 1313 1215 1346 ἰδίου
1239 1316 1388 1355 προσώπου
1403 1315 1559 1350 σύστασιν,
1582 1318 1616 1343 ut
1637 1313 1724 1352 prius
1746 1314 1801 1342 τῶν

1081 1356 1183 1389 οἰκείων
1205 1358 1295 1398 λεγων
1315 1357 1480 1389 ἐποιήσατο.
1526 1358 1643 1396 Estque
1665 1357 1731 1385 haec
1750 1366 1800 1386 se-

1082 1402 1183 1432 cunda
1194 1413 1265 1442 pars
1274 1414 1326 1436 της
1340 1412 1586 1442 πςοκοιτιισκευης,
1596 1397 1722 1439 γενναίως
1735 1397 1799 1429 ἐπι-

1081 1444 1216 1486 ψεξομὲνη
1232 1445 1276 1486 τῷ
1291 1457 1415 1486 πξοτεςῳ
1429 1443 1521 1486 μέρει,

1124 1507 1168 1511 ——
1190 1492 1220 1520 8.
1241 1489 1279 1525 εἷς
1307 1488 1437 1528 οὐδεμίαν
1462 1488 1526 1519 οὔτε
1549 1485 1704 1522 δεινότητα,
1735 1484 1799 1515 ου’τε

1081 1532 1245 1573 ἄλαζόνειοιν
1261 1531 1414 1574 ἐπανοίσω]
1444 1532 1492 1562 Μ.
1515 1531 1632 1561 Tull-ius
1655 1529 1701 1570 [in
1717 1529 1798 1559 divi-

1080 1576 1205 1607 natione
1221 1577 1251 1606 in
1269 1578 1409 1612 Verrem,
1427 1575 1543 1616 c.11.]
1568 1578 1590 1593 ‘¹
1605 1573 1681 1604 Cum
1699 1571 1799 1602 omnis

1081 1621 1256 1659 arrogantia
1272 1621 1379 1651 odiosa
1395 1624 1454 1656 est,
1470 1628 1534 1649 tum
1552 1617 1627 1648 ina·
1619 1616 1737 1657 ingenii
1753 1620 1798 1645 at-

1081 1673 1140 1702 que
1152 1664 1336 1704 eloquentiae
1346 1664 1443 1694 multo
1453 1660 1681 1692 molestissima.
1693 1669 1800 1699 quam-

1080 1708 1187 1736 obrem
1209 1707 1283 1737 nihil
1297 1707 1367 1737 dico
1389 1707 1428 1736 de
1450 1716 1519 1736 meo
1535 1704 1678 1744 ingenio:
1702 1713 1801 1742 neque

1080 1752 1223 1790 estquod
1242 1749 1355 1791 possim
1377 1750 1502 1780 dicere·
1526 1758 1638 1786 neque,
1662 1747 1687 1776 si
1704 1751 1800 1782 esset,

1079 1793 1226 1824 dicerem.
1243 1799 1295 1823 aut
1311 1793 1392 1823 enim
1407 1793 1440 1823 id
1457 1792 1531 1823 mihi
1547 1792 1622 1821 satis
1641 1794 1701 1825 est,
1717 1790 1799 1828 quod

1079 1841 1127 1866 est
1143 1838 1181 1866 de
1194 1848 1243 1867 me
1259 1836 1433 1876 opinionis:
1457 1840 1509 1866 aut
1526 1835 1552 1866 si
1568 1834 1598 1864 id
1615 1843 1723 1873 parum
1739 1837 1799 1867 est,

1079 1890 1137 1919 ego
1161 1882 1260 1921 majus
1274 1881 1306 1910 id
1323 1879 1591 1910 commemorando
1614 1878 1716 1907 facere
1740 1885 1799 1905 non

1079 1923 1228 1962 possum!

1121 1984 1165 1989 ——-
1179 1969 1209 1998 9.
1226 1965 1288 1997 οὔτε
1304 1965 1461 2007 δεινότητα]
1474 1966 1573 1995 ἄθετον
1576 1966 1675 1994 itatem
1684 1963 1802 2002 ingenii

1078 2010 1131 2040 vel
1146 2010 1305 2041 solertiam.
1333 2011 1426 2039 Dem.
1446 2010 1519 2050 [pro
1534 2006 1670 2047 Corona]
1687 2006 1733 2035 και
1749 2004 1799 2036 δ’ση

1078 2051 1226 2087 δεινότης
1212 2065 1241 2084 ην
1256 2052 1282 2084 ἐν
1296 2053 1339 2094 τῷ
1355 2051 1502 2092 Φιλίππω,
1518 2048 1675 2082 θεάσασθε.
1713 2049 1801 2079 Idem

1079 2096 1225 2136 [Olynth.
1241 2100 1271 2127 1.
1296 2107 1328 2137 p.
1343 2098 1385 2126 10
1391 2097 1414 2137 .]
1429 2093 1535 2130 δεινός’
1521 2107 1550 2126 ην
1570 2092 1712 2128 Φίλιππος
1726 2093 1800 2132 πςά-

1077 2151 1178 2179 γμασι
1199 2139 1342 2181 χρησθαι.
1359 2150 1450 2179 quam
1466 2138 1646 2169 Aristoteles
1670 2137 1798 2166 definit:
1826 2152 1830 2154 -

1078 2182 1145 2212 ἔστι
1166 2181 1194 2213 δέ
1217 2194 1263 2217 τις
1284 2183 1414 2222 δύναμις,
1441 2181 1471 2213 ἢν
1493 2182 1615 2211 καλοῦσι
1638 2178 1794 2210 δεινότητα.

1078 2224 1152 2257 αὕτη
1167 2225 1218 2256 δε’
1208 2237 1275 2256 εστι
1289 2226 1422 2260 τοιαύτη,
1435 2225 1514 2254 ὥστε
1529 2226 1568 2254 τὰ
1586 2223 1653 2263 πρὸς
1668 2221 1714 2251 τὸν
1727 2223 1797 2252 ὑπο-

1078 2267 1200 2299 τεθέντοι
1211 2267 1510 2303 σκοπόνσυντείνοντοι,
1521 2267 1567 2307 [p.
1584 2269 1658 2297 104.
1675 2267 1724 2295 ed.
1740 2265 1797 2305 D.]

1079 2310 1211 2342 δύνασθαι
1226 2313 1322 2341 ταῦτα
1338 2311 1487 2350 πςίιττειν,
1510 2310 1559 2340 καὶ
1582 2309 1735 2350 τυγχάνειν
1750 2309 1800 2338 αὖ-

1078 2356 1140 2384 τοῦ.
1165 2354 1285 2394 [Ethic.
1300 2355 1360 2384 VI.
1382 2364 1452 2394 cap.
1474 2356 1528 2385 13.
1553 2363 1586 2392 p.
1610 2355 1664 2383 62.
1689 2352 1728 2383 B.
1750 2352 1800 2382 ed.

1078 2398 1185 2428 Colon.
1207 2403 1230 2428 t.
1245 2397 1309 2439 11.]
1335 2397 1380 2427 sic
1394 2398 1477 2438 lego,
1501 2406 1559 2426 non
1576 2396 1680 2426 αὐτῶν.
1705 2405 1799 2435 posse

1078 2442 1143 2470 haec
1163 2451 1256 2480 agere
1279 2452 1314 2472 ac
1330 2441 1476 2481 consequi
1501 2440 1591 2470 finem
1615 2439 1713 2469 illum.
1738 2448 1798 2468 non

1078 2484 1157 2514 enim
1175 2485 1246 2524 quis
1263 2484 1380 2515 dicitur
1392 2484 1494 2515 media
1507 2483 1666 2522 consequi,
1681 2482 1736 2512 sed
1752 2481 1799 2511 di-

1078 2527 1181 2566 rigere
1206 2532 1298 2567 atque
1325 2528 1477 2558 invenire.
1522 2527 1632 2565 Pergit
1658 2525 1799 2555 Philoso

1077 2571 1175 2621 plius:
1200 2570 1232 2600 ἃν
1247 2570 1303 2610 μὲν
1315 2582 1357 2600 ουν
1371 2570 1384 2600 ὅ
1399 2581 1505 2604 σκοπος
1518 2583 1532 2612 ῃ
1546 2568 1643 2604 καλὸς,
1666 2567 1797 2598 smum-h

1077 2613 1167 2645 ἐστιν·
1192 2614 1225 2645 ἒιν
1240 2613 1269 2644 δὲ
1283 2615 1406 2654 φαυλος,
1430 2612 1593 2654 πανουςγίιι.
1610 2612 1649 2643 διὸ
1664 2611 1714 2642 και
1733 2612 1799 2645 τοὺς

1076 2656 1232 2699 φξονίμους,
1258 2657 1355 2691 δεινους
1379 2657 1428 2688 και
1451 2669 1480 2687 ου
1508 2656 1674 2696 πανούργους
1696 2653 1797 2695 φαμὲν

1076 2700 1545 2742 etv21.Cic.[0ffic.111.17.]
1570 2703 1592 2718 “
1607 2698 1726 2729 malitia
1743 2708 1797 2727 au-

1076 2748 1138 2775 tem
1156 2745 1222 2775 vult
1244 2744 1297 2775 illa
1313 2744 1437 2784 quidem
1454 2743 1553 2774 videri
1577 2752 1610 2772 se
1633 2751 1703 2772 esse
1719 2751 1794 2780 pru-

1075 2788 1220 2824 dentiam,
1237 2788 1292 2817 sed
1309 2788 1404 2818 distat
1419 2788 1456 2817 ab
1472 2797 1508 2817 ea
1520 2783 1717 2827 plurimum.”
1728 2793 1792 2814 ma·-

1073 2831 1170 2861 litiam
1186 2833 1236 2862 τὴν
1250 2829 1412 2870 πανουργίαν
1424 2829 1654 2869 interpretatur.
1699 2828 1788 2858 Idem

1077 2874 1310 2915 [Offio.1.19.]
1337 2879 1357 2892 “
1376 2873 1563 2903 Praeclarum
1586 2871 1683 2912 igitur
1709 2871 1787 2901 illud

1076 2917 1233 2948 Platonis:
1260 2922 1280 2935 “
1299 2918 1370 2947 Non
1386 2917 1497 2952 solum,
1512 2915 1625 2955 inquit,
1642 2914 1786 2950 scientia,

1074 2972 1141 2999 quae
1165 2965 1212 2990 est
1233 2965 1350 2991 remota
1369 2970 1387 2989 a
1404 2959 1536 2998 justitia,
1556 2958 1710 2989 calliditas
1732 2967 1788 2997 po-

1074 3004 1146 3040 tius,
1163 3015 1250 3043 quam
1268 3002 1421 3043 sapientia
1437 3007 1483 3032 est
1506 3001 1709 3042 appellanda:
1733 3011 1786 3031 ve-

1073 3058 1138 3077 rum
1154 3048 1245 3077 etiam
1261 3047 1375 3076 animus
1399 3050 1525 3085 paratus
1546 3046 1585 3076 ad
1606 3043 1788 3086 periculum,
