1931 3322
322 201 405 244 AD
438 198 807 243 ORATIONEM
842 197 907 239 IN
937 198 1373 243 TIMOCRATEM.

120 307 192 349 lege.
217 317 287 338 nam
312 315 421 338 vocem
448 306 526 336 hanc
550 304 636 345 νόμον
661 303 833 335 addendam

121 360 191 381 esse
203 361 232 381 v.
242 353 296 383 24.
308 350 441 390 Tayloro
451 349 613 385 assentior,
623 347 745 379 tametsi
760 347 834 378 libri

119 397 303 433 repugnant.

162 446 286 475 —pen.
297 435 348 465 ’τοῦ
361 433 405 474 μή
418 435 465 477 τι]
482 434 611 465 mediam
624 445 730 465 vocem
746 433 834 464 uncis

121 479 246 510 inclusi.
275 479 464 509 securitatem
495 478 655 519 quidquam
685 478 835 508 molestum

115 522 262 561 patiendi,
273 521 304 550 h.
320 531 348 551 e.
364 522 456 552 fidem
471 523 548 558 fore,
560 528 594 552 ut
612 521 655 551 nil
671 521 836 562 quicquam

119 564 242 595 molesti
257 564 400 604 patiatur.

162 624 207 630 —
222 607 278 638 ult.
293 606 469 648 ποιήσασαν]
493 611 578 638 recte
594 608 697 644 habet,
715 607 836 638 tametsi

119 650 253 690 Tayloro
260 651 417 691 displicet.
433 651 590 682 Sententia
598 656 661 681 est:
677 651 837 691 indignum

119 699 179 729 est,
191 704 290 734 remp.
306 694 472 734 unicuique
491 695 549 724 hoc
566 700 703 734 tempore
721 695 838 724 securi-

119 739 215 767 tatem
251 738 431 777 injuriarum
466 739 685 778 spopondisse,
720 738 838 778 quippe

120 789 190 818 quae
199 790 283 821 resp.
291 781 402 811 fecerit
414 780 577 821 ῖερομηνίαν.
591 782 650 812 Est
659 787 760 812 autem
773 782 839 822 ῑεςο·

119 820 207 863 μηνία
229 824 399 863 justitium,
417 835 471 854 seu
494 825 620 864 publica
642 825 776 856 cessatio
799 826 839 855 ab

119 866 272 898 exercitio
280 877 431 898 armorum
441 873 474 898 et
484 868 672 899 simultatum
681 879 690 906 3
704 872 839 908 tempus,

120 918 183 948 quo
202 909 326 951 μένομεν
344 912 386 941 τὰ
409 911 480 952 ieci,
499 922 588 942 sacru
611 922 779 948 manemus,
801 911 840 941 iis

120 952 195 983 solis
212 964 369 991 vacamus,
381 955 504 985 omissis
519 955 672 994 tantisper
687 960 719 985 et
732 955 841 994 sopitis

121 996 214 1026 rebus
230 997 299 1027 aliis
315 998 472 1035 omnibus,
487 1009 506 1028 a
518 998 669 1038 religione
687 999 760 1029 festi
777 999 840 1029 diei

122 1038 243 1070 alienis.
266 1051 328 1080 quo
350 1046 487 1082 tempore
509 1052 619 1073 severe
641 1042 840 1072 interdictum

122 1088 190 1113 erat
216 1083 355 1115 odiorum
390 1095 571 1125 quacunque
604 1086 839 1116 exercitatione.

122 1126 241 1156 mavult
252 1127 401 1167 Taylorus
414 1128 576 1159 ποιήσασιν.
586 1129 763 1160 exclamans
776 1139 842 1168 prae

121 1169 236 1208 gaudio
253 1181 348 1210 super
361 1171 481 1201 inventi
495 1172 544 1202 sui
558 1174 749 1211 praestantia,
765 1173 842 1208 vide,

123 1217 269 1253 quantum
295 1214 435 1254 praestet!
467 1225 527 1255 ego
559 1226 633 1246 vero
665 1216 706 1246 nil
737 1216 840 1246 video.

123 1255 197 1293 qnid
212 1257 296 1295 qnod
306 1257 442 1288 deterior
453 1263 501 1288 est
517 1259 583 1289 haec
599 1259 694 1289 lectio
704 1259 843 1299 vulgata,

123 1303 157 1328 et
180 1298 272 1338 plane
300 1302 418 1341 nequit,
444 1311 544 1342 neque
569 1302 713 1342 intelligi,
742 1313 842 1342 neque

122 1351 194 1373 cum
227 1345 454 1375 constructione
492 1346 658 1376 conciliari.
695 1357 843 1386 quorsum

123 1385 204 1434 enim
219 1387 335 1419 referas
349 1388 431 1418 huuc
442 1389 580 1420 dativum
597 1390 767 1429 pluralem?
788 1390 844 1420 de-

123 1429 197 1459 inde
213 1431 307 1461 ατοιεῖν
317 1431 468 1472 ἱερομηνίαν
479 1432 570 1473 longe
582 1438 630 1462 est
642 1433 738 1469 aliud,
752 1438 844 1473 atque

123 1470 212 1510 ἄγειν.
235 1479 357 1506 utentes
375 1475 513 1515 justitio,
534 1476 679 1506 dicuntur
701 1477 734 1507 id
757 1476 845 1515 ἄγειν,

123 1526 222 1556 agere,
234 1517 323 1554 obire,
332 1528 366 1548 eo
365 1518 467 1560 fungi
475 1529 486 1556 ς
497 1520 634 1560 respubl.
650 1520 763 1550 veroid
776 1531 845 1550 san·

125 1559 223 1610 ciens,
242 1561 395 1613 iqdicens,
415 1562 582 1603 imperans,
598 1563 713 1594 dicitur
734 1564 844 1606 ἱερομη-

123 1612 180 1632 νιαν
193 1614 298 1635 woiew-

169 1647 191 1676 ⁷
195 1648 246 1677 10.
262 1649 296 1678 4.
308 1647 413 1690 αὐτῆς]
430 1648 498 1679 scil.
513 1650 567 1683 τῆς
582 1647 701 1682 πόλεως.

168 1706 213 1712 -
225 1692 238 1719 1
247 1693 277 1721 1.
289 1689 400 1731 νόμοις]
415 1701 471 1730 pro
485 1690 579 1730 νόμοις
593 1691 695 1721 malim
708 1690 790 1731 νόμον
804 1701 844 1721 ex

126 1731 200 1783 A'td.
211 1738 266 1764 aut
279 1737 442 1774 utrumqne
451 1734 593 1774 copulari
604 1736 667 1770 τοῖς
678 1731 738 1764 οὖσι
754 1734 848 1775 νόμοις

126 1785 217 1815 νυμον.

171 1836 215 1841 -
229 1821 282 1850 14.
297 1817 430 1861 ἐναντίον]
445 1820 628 1852 subauditur
642 1831 659 1851 e
676 1832 706 1852 v.
719 1823 772 1851 11.
787 1820 848 1855 τοῖς

127 1858 191 1892 ὦσι
203 1861 308 1903 νόμοις.

173 1921 217 1928 -
232 1907 283 1937 19.
298 1904 387 1946 {vege
400 1917 432 1937 τι
442 1905 572 1949 τιθέντι]
588 1907 721 1938 mediam
736 1917 847 1937 vocem

128 1946 246 1997 delevi,
269 1953 304 1979 ut
324 1959 485 1988 perperam
507 1961 525 1980 e
548 1951 686 1990 proximi
705 1951 848 1980 vocabuli

129 1990 220 2021 initio
235 1996 368 2023 enatum.
385 1990 474 2035 {regor
482 2004 540 2024 non
553 1998 601 2024 est
615 1994 646 2024 h.
656 1994 679 2024 l.
694 1998 848 2030 neutrum,

129 2034 189 2064 aed
202 2035 417 2073 masculinum,
432 2037 501 2068 scil.
515 2036 606 2076 νόμον.

174 2095 219 2101 --
232 2089 304 2117 pen.
317 2078 450 2120 κειμένων
460 2081 517 2122 τῳ]
530 2086 601 2120 post
616 2092 658 2119 τοι
672 2079 848 2110 encliticam

132 2119 259 2151 videtur
271 2123 385 2153 deesse
399 2125 442 2162 μὴ
458 2124 551 2158 λύσας
563 2124 672 2154 τοῦτον.
704 2125 782 2154 Duae
798 2124 849 2154 hic

130 2169 344 2204 proponuntur
359 2167 564 2203 conditiones,
579 2178 646 2207 quae
663 2172 850 2206 potestatem

131 2207 206 2238 dant
219 2208 285 2238 litis
300 2209 332 2239 in
347 2210 478 2249 aliquem
493 2210 688 2241 instituendae
704 2221 743 2240 ex
761 2211 849 2241 titulo

131 2251 188 2280 τῶν
208 2251 385 2294 παρανόμων.
403 2254 510 2290 altera,
533 2254 560 2284 si
582 2254 652 2295 quis
673 2264 782 2284 novam
805 2254 850 2284 le-

131 2303 202 2332 gem
219 2295 309 2331 ferat.
331 2298 388 2327 sed
407 2308 474 2328 eam
497 2298 632 2334 noxiam,
652 2297 776 2328 tametsi
797 2308 851 2326 ve·

133 2337 298 2369 iustiorem
312 2339 414 2379 'legem
430 2342 460 2371 ei
475 2341 659 2371 contrariam
678 2341 849 2371 sustulerit.

134 2379 242 2430 altera,
257 2382 286 2412 si
299 2383 369 2423 quis
383 2383 484 2424 legem
500 2386 587 2419 ferat,
603 2384 708 2415 utilem
725 2385 851 2424 quidem

133 2423 219 2454 illam
232 2425 387 2466 reipubl.;
408 2435 619 2458 verumtamen
635 2429 853 2467 praeterhabita

133 2467 291 2506 cautione,
301 2469 401 2510 legem
415 2471 618 2502 vetustiorem
627 2482 716 2502 novae
728 2471 789 2511 legi
805 2481 852 2501 re-

134 2517 325 2550 pugnantem
340 2514 481 2545 tollendi.
526 2514 636 2545 Utrum
658 2515 767 2545 horum
784 2514 852 2555 quis

134 2555 288 2594 peccarit,
299 2555 330 2586 in
345 2567 416 2587 eum
431 2557 486 2588 dat
498 2558 564 2588 haec
581 2559 630 2588 lex
647 2558 799 2588 actionem
812 2568 852 2588 ex

135 2597 228 2629 titulo
239 2599 322 2630 illins
339 2600 432 2640 legiS,
446 2610 514 2641 qnae
529 2602 617 2640 punit
627 2612 692 2638 eos,
703 2602 729 2632 si
747 2601 798 2641 qui
811 2602 854 2630 le-

136 2651 205 2681 gem
217 2643 343 2674 tulerint
354 2644 473 2674 civitati
489 2644 570 2674 haud
585 2645 855 2675 accommodatam.

179 2686 256 2717 ¹711.
279 2689 333 2718 10.
364 2687 457 2729 ἀξιοῖ]
487 2697 587 2728 neque
616 2689 675 2718 hoc
703 2688 855 2724 damnem,

137 2733 249 2767 sponte
275 2740 344 2761 mea
373 2731 508 2770 quidem.
543 2731 605 2761 Sed
631 2731 756 2762 codices
783 2742 857 2761 oon-

137 2772 277 2803 aentiunt
290 2773 322 2804 in
335 2774 435 2814 ἀξιοίη,
451 2780 485 2806 ut
499 2774 599 2815 magis
612 2775 760 2805 Atticum.
783 2784 855 2815 qua—

139 2821 268 2854 propter
282 2816 341 2848 boo
354 2817 440 2848 dedi.

183 2875 229 2881 --
254 2863 306 2892 12.
335 2859 557 2902 ψηφιζομένους]
587 2861 656 2891 scil.
687 2861 774 2900 ὑμᾶς.
805 2861 858 2891 alii

142 2899 216 2930 daut
237 2899 450 2944 ψηφιζομένοις,
469 2906 537 2935 scil.
553 2905 633 2944 ὑμῖν.
653 2905 697 2934 nil
718 2905 858 2940 interest,

143 2949 240 2974 utrum
254 2945 416 2978 lectionem
434 2954 535 2987 optes.

139 3001 145 3015 ι
185 3003 233 3011 -·-·
246 2989 298 3018 14.
318 2990 333 3020 ἦ
355 2991 471 3032 γνῶσις]
495 2995 569 3031 post
590 2992 604 3022 ἦ
627 2993 729 3029 γνῶσις
750 2991 859 3021 deesse

145 3028 267 3061 videtur
279 3030 373 3068 itam
387 3034 454 3076 [vel
469 3033 591 3075 ἀσεβὴς]
615 3032 696 3064 οὖσα.
718 3044 772 3074 per
786 3034 860 3065 ulte·

1503 199 1586 241 165

865 313 931 334 mm
944 304 1024 334 enim
1047 304 1140 345 legem
1151 304 1206 344 fit.
1219 311 1256 336 ut
1273 307 1417 338 sementia
1436 310 1533 337 vesun
1551 306 1589 337 sit

866 348 970 387 iniqua
983 352 1012 377 et
1025 347 1160 386 perjurio
1174 346 1284 387 affinis.

909 407 954 413 ——-
971 393 1021 421 15.
1037 389 1105 430 πρὸς
1117 389 1243 430 τούτοις]
1266 391 1387 422 correxi
1404 391 1470 432 πρὸς
1483 391 1590 431 τούτῳ.

868 433 1027 474 praeeessit
1049 433 1129 463 enim
1153 444 1184 463 v.
1202 436 1255 463 14.
1277 435 1361 463 τοῦτό
1385 434 1413 465 τ’
1435 434 1478 466 οὖν
1491 452 1535 459 --
1548 436 1589 466 de

869 487 928 508 una
944 488 988 512 re,
1004 487 1062 506 non
1080 478 1119 506 de
1134 476 1286 516 pluribus.

911 537 956 543 --
967 524 1018 552 18.
1035 518 1269 561 διακρούσασθαι]
1285 524 1355 560 post
1369 519 1589 560 &augebo-aedat

870 564 995 594 videtur
1010 561 1069 599 οἷον,
1086 564 1137 594 vel
1160 564 1260 593 simile
1282 562 1371 602 quid,
1387 563 1419 592 in
1441 565 1498 594 hoc
1518 565 1589 594 luco

870 608 999 646 deesse3
1022 613 1066 642 ut,
1078 612 1147 647 post
1165 608 1241 642 τοὺς,
1257 607 1322 646 γάρ.

913 668 957 674 -
972 653 1024 681 20.
1048 651 1084 686 ὡς
1104 648 1179 691 τάχ’
1195 650 1229 680 ἃν
1242 649 1302 690 -—]
1327 649 1415 679 locus
1441 659 1590 688 perquam

871 695 1007 724 difficilis
1034 700 1065 724 et
1093 695 1311 734 perobscurus.
1339 693 1420 732 quod
1445 692 1496 722 vel
1524 693 1593 732 ipsa

871 738 1081 777 discrepantia
1095 738 1236 768 codicum
1255 738 1285 767 in
1302 747 1333 767 v.
1354 736 1493 775 ἀναγνοῖεν
1512 735 1596 765 indi-

872 787 933 818 cat,
950 792 1007 822 pro
1032 791 1093 821 quo
1114 781 1204 812 multi
1225 781 1351 810 codices
1372 781 1448 809 dant
1467 779 1594 816 ἀγνοοῖεν.

873 830 970 855 utram
991 825 1157 855 lectionem
1173 830 1274 865 optes,
1290 828 1321 854 et
1336 833 1461 863 quoquo
1480 827 1511 852 te
1525 832 1596 852 ver-

873 879 936 904 seS‚
953 869 1136 899 sententiam
1149 873 1249 898 tamen
1265 878 1303 898 ne
1317 866 1509 907 probabilem
1527 865 1596 904 qui-

873 912 942 942 dem
973 912 1131 953 expedias.
1161 911 1220 941 hoc
1245 911 1338 940 video
1364 909 1491 949 quidem
1519 909 1596 938 satis

873 955 969 991 clare,
982 966 1023 986 ex
1039 955 1114 990 illis,
1129 954 1152 984 εἶ
1172 956 1216 993 μὴ
1232 951 1443 994 πξοαίσθοιπο,
1458 952 1596 992 negatio-

873 1009 943 1028 nem
970 1008 1040 1028 esse
1067 998 1232 1028 tollendam
1246 1008 1255 1034 ;
1285 1002 1321 1027 ut
1349 997 1416 1026 haec
1444 995 1597 1026 sententia

875 1041 1027 1072 exsistat:
1046 1041 1221 1081 Legislator
1233 1040 1338 1080 jussit,
1350 1045 1382 1070 ut
1395 1049 1484 1069 novae
1498 1039 1598 1069 seren-

874 1086 922 1115 dae
937 1085 1023 1124 leges
1035 1085 1067 1114 in
1081 1084 1206 1126 publico
1217 1084 1357 1123 legendae
1369 1082 1511 1112 omnibus
1525 1092 1598 1121 pro·

874 1133 1072 1168 ponerentur,
1088 1128 1173 1167 quia,
1189 1127 1236 1156 sin
1250 1127 1352 1156 minus
1374 1126 1406 1156 id
1427 1127 1489 1161 fiat,
1506 1125 1596 1156 facile

875 1171 1046 1210 contingat,
1066 1178 1111 1207 ut,
1127 1171 1201 1210 quid
1217 1170 1263 1200 rei
1282 1175 1401 1209 agatur,
1419 1179 1472 1198 eos
1489 1169 1599 1208 fugiat,

876 1214 941 1254 qui,
957 1215 982 1245 si
999 1215 1250 1254 praesensissent,
1261 1213 1438 1243 oblocuturi
1455 1212 1598 1242 fuissent.

874 1259 937 1288 Sed
952 1258 1083 1288 alterum
1096 1259 1278 1293 membrum,
1287 1256 1309 1285 οἳ
1322 1255 1346 1285 δ’
1355 1255 1429 1286 οὐδὲν
1441 1254 1598 1296 προσέχον-

874 1312 924 1336 τες
947 1303 1083 1340 ιἰναγνοῗεν
1105 1302 1169 1342 [vel
1186 1301 1318 1341 ἂγνοοῖεν]
1337 1299 1380 1336 ἂν,
1393 1310 1450 1329 non
1467 1299 1600 1330 extrico.

875 1345 950 1385 quid
975 1346 1002 1375 si
1025 1346 1068 1385 μὴ
1091 1345 1166 1375 illud
1184 1355 1201 1374 e
1218 1345 1305 1380 sede,
1328 1353 1419 1382 quam
1446 1342 1598 1382 importu-

876 1399 944 1419 nam
962 1389 1140 1429 occupavit,
1155 1388 1215 1418 huc
1233 1387 1466 1421 transferamus,
1485 1391 1518 1415 ut
1535 1386 1597 1416 sit:

876 1432 899 1462 οἱ
926 1431 950 1462 δ’
971 1431 1044 1463 οὐδὲν
1068 1430 1257 1473 προσέχοντες
1278 1430 1321 1466 ἂν,
1344 1431 1386 1470 μῆ
1411 1429 1529 1467 ἀγνοοῖεν
1554 1428 1598 1459 ἄν.

877 1482 981 1506 contra
995 1486 1074 1512 vero,
1086 1476 1139 1515 qui
1154 1475 1198 1505 nil
1213 1472 1465 1515 cnrent,feratur
1477 1473 1532 1503 illa
1543 1473 1599 1509 lex,

878 1530 930 1549 nec
954 1529 1001 1554 ne,
1031 1520 1128 1550 saltim
1153 1528 1191 1548 ne
1212 1519 1354 1554 nesciant,
1377 1517 1451 1557 quid
1475 1520 1600 1557 agatur.

878 1563 939 1593 Sed
956 1563 1091 1593 viderint
1111 1562 1164 1592 alii
1186 1561 1354 1591 acutiores.
1399 1559 1503 1590 Possit
1524 1569 1600 1598 quo-

879 1615 938 1646 que
963 1617 994 1636 v.
1019 1608 1070 1638 23.
1099 1606 1226 1645 vulgata
1250 1604 1388 1643 ἀναγνοῖεν
1408 1603 1454 1633 sic
1478 1602 1597 1641 accipi:

878 1649 940 1678 Alii
952 1654 1066 1685 autem,
1077 1648 1200 1678 tametsi
1211 1647 1253 1678 nil
1265 1647 1326 1678 sint
1337 1645 1485 1683 curaturi,
1497 1650 1600 1676 utrum

877 1691 996 1721 feratur
1010 1692 1064 1721 lex
1079 1692 1245 1731 qnaepiam,
1269 1700 1326 1720 nec
1348 1700 1399 1726 ne,
1413 1694 1513 1719 tamen
1530 1699 1598 1719 eam

879 1733 910 1763 in
929 1735 1032 1764 tabula
1054 1735 1180 1774 publice
1202 1733 1366 1774 proposita
1385 1733 1500 1772 legant,
1515 1737 1548 1761 et
1567 1736 1601 1762 ut

880 1777 913 1806 fit
929 1777 960 1807 in
982 1778 1110 1817 populo,
1125 1788 1182 1816 per
1207 1787 1331 1807 causam
1348 1777 1497 1806 sermonis
1513 1775 1601 1806 sami-

879 1820 978 1857 liaris,
988 1830 1024 1850 ea
1039 1821 1078 1851 de
1095 1821 1165 1859 lege
1176 1821 1214 1850 ad
1234 1819 1304 1850 illos
1321 1820 1512 1859 superiores,
1529 1829 1602 1848 acu·

879 1863 977 1894 tiores
999 1864 1081 1899 illos,
1109 1864 1280 1903 patriaeque
1303 1863 1499 1898 amantiores,
1521 1863 1603 1892 refe-

880 1912 968 1946 rant3
991 1918 1051 1947 quo
1067 1908 1215 1942 futurum,
1229 1911 1265 1936 ut
1283 1906 1327 1942 hi,
1344 1906 1547 1940 cordatiores,
1561 1906 1601 1935 ab

880 1950 955 1987 illis,
975 1951 1180 1990 segnioribus,
1205 1948 1367 1984 admoniti,
1387 1948 1530 1978 celeriter
1552 1958 1603 1978 ac-

882 1999 1015 2030 currant,
1039 1999 1220 2033 pestemque
1243 1993 1463 2032 irrumpentem
1492 1991 1601 2032 depel-

881 2037 956 2067 lant.
1000 2037 1154 2076 Quicquid
1180 2037 1271 2076 hujus
1292 2035 1338 2066 rei
1359 2041 1418 2071 est,
1434 2035 1532 2065 oratio
1555 2040 1603 2065 est

882 2080 997 2110 vitiose
1012 2081 1136 2110 concisa
1153 2085 1184 2110 et
1201 2081 1344 2119 abrupta,
1363 2089 1432 2118 quae
1465 2084 1601 2109 ectorem

882 2124 1060 2154 meditando
1085 2129 1236 2163 torqueat.
1282 2124 1361 2153 Post
1385 2123 1450 2152 haec
1473 2122 1602 2161 scripta,

883 2173 1034 2197 venerunt
1048 2167 1122 2197 mihi
1146 2178 1210 2197 rem
1231 2166 1413 2206 diligentius
1435 2165 1602 2205 pensitanti

885 2211 945 2240 alia
960 2210 991 2240 in
1006 2216 1152 2247 mentem,
1169 2220 1236 2250 quae
1255 2210 1319 2240 illis
1341 2208 1410 2249 ipse
1427 2209 1604 2248 praeferam,

883 2258 919 2284 ut
945 2255 1040 2284 menti
1064 2256 1195 2284 oratoris
1221 2252 1483 2284 convenientiora.
1529 2253 1606 2283 Vult

885 2298 967 2327 enim
986 2304 1089 2328 orator
1105 2299 1328 2333 demonstrare,
1344 2307 1402 2336 per
1422 2296 1499 2326 lianc
1514 2306 1605 2326 unam

884 2341 997 2381 legem,
1013 2342 1052 2371 de
1066 2342 1135 2382 lege
1148 2342 1231 2371 uulla
1246 2340 1368 2371 ferenda
1378 2339 1429 2369 alii
1440 2338 1607 2369 vetustiori

884 2385 948 2423 legi
971 2390 1172 2424 repugnante,
1196 2389 1319 2414 cautum
1350 2393 1418 2412 esse
1446 2382 1607 2413 securitati

885 2429 988 2467 legum
1004 2428 1151 2458 omnium.
1164 2439 1234 2459 nam
1246 2425 1367 2458 tametsi
1378 2427 1430 2456 lex
1440 2436 1520 2457 nova
1533 2436 1606 2465 pro-

885 2477 1019 2511 ponatur
1030 2472 1166 2512 publice‚
1182 2471 1248 2501 fieri
1263 2476 1363 2501 tamen
1377 2469 1427 2499 vel
1441 2469 1489 2499 sic
1500 2479 1607 2509 posse,

887 2521 921 2545 ut
945 2515 999 2545 lex
1021 2516 1114 2545 noxia
1137 2516 1264 2545 feratur.
1293 2513 1384 2543 facile
1408 2513 1488 2543 enim
1513 2524 1606 2553 posse

887 2558 1023 2594 evenire,
1049 2564 1082 2588 ut
1100 2558 1317 2598 prudentiores
1339 2557 1379 2586 de
1403 2566 1440 2586 ea
1463 2556 1505 2586 nil
1530 2567 1608 2595 prae-

889 2602 1000 2639 sciant,
1016 2608 1047 2632 et
1063 2608 1097 2632 ut
1114 2612 1150 2632 ea
1169 2602 1221 2632 lex
1239 2600 1432 2631 solummodo
1446 2599 1569 2640 legatur
1590 2610 1608 2629 a

889 2646 985 2675 tardis
998 2651 1029 2675 et
1045 2645 1173 2675 incuriis
1186 2645 1294 2676 salutis
1310 2643 1454 2683 publicae.
1492 2644 1607 2673 Verum

889 2689 936 2719 sio
951 2698 1010 2718 nou
1027 2689 1158 2728 quadrat
1172 2690 1219 2724 ὡς,
1237 2688 1292 2718 sed
1307 2688 1375 2727 ejus
1390 2686 1421 2716 in
1437 2687 1538 2716 locum
1555 2686 1609 2714 ἀλ-

890 2734 930 2762 λιὶ
954 2733 1015 2761 erit
1045 2733 1266 2762 sufficiendum.
1296 2741 1358 2770 quo
1385 2730 1522 2759 admisso
1550 2728 1609 2757 erit

890 2776 1015 2815 vulgata
1031 2775 1060 2805 in
1076 2775 1204 2815 reliquis
1221 2776 1268 2805 sic
1287 2773 1363 2804 sutis
1379 2772 1560 2805 tolerabilis,
1578 2774 1609 2800 et

891 2819 956 2848 haec
968 2819 1118 2849 sententia
1131 2829 1138 2848 ε
1153 2820 1235 2849 ἀλλὰ
1249 2816 1324 2859 τάχ’
1336 2813 1612 2855 &v-utquisncile,

891 2863 914 2891 si
929 2860 1150 2904 sicsorsserat,
1162 2871 1215 2898 eos,
1234 2863 1258 2892 si
1273 2862 1324 2901 qui
1346 2859 1516 2899 obrogatur-i
1538 2859 1610 2892 sint,

882 2905 1006 2946 fugiat,
1020 2904 1095 2936 hanc
1111 2907 1201 2946 Iegem
1208 2904 1444 2947 femi,sinempe
1457 2899 1532 2930 nihil
1547 2900 1610 2938 ejus

892 2951 1115 2988 praesenserint3
1131 2949 1185 2979 atii
1201 2953 1299 2979 atatem
1314 2946 1413 2984 supini
1429 2946 1528 2984 legunt
1545 2944 1612 2984 qui·

894 2993 959 3022 dem
973 2992 1056 3022 illam
1079 2993 1183 3034 legem,
1199 2995 1399 3022 verumtamen
1421 2989 1446 3017 α’
1464 2987 1546 3016 haud
1564 2988 1612 3016 in-

896 3036 1057 3066 tercedunt.
1104 3039 1142 3066 At
1156 3035 1203 3065 vel
1219 3034 1264 3064 siu
1280 3037 1391 3069 tamen,
1406 3031 1463 3061 linc
1480 3031 1614 3061 admissa
