1948 3322
247 204 331 247 AD
364 202 730 247 ORATIONEM
761 199 1083 244 ADVERSUS
1117 203 1444 246 LEPTINEM.

141 315 211 349 ptus
217 316 282 341 esset
291 311 402 350 sibique
410 310 574 349 liberisque,
584 314 612 340 et
621 310 679 349 ipse
687 317 793 338 rursus
802 318 850 338 vo-

144 354 186 384 bis
197 354 328 384 omnibus
338 363 421 383 suam
433 353 562 393 largitus
575 357 616 382 est
626 353 850 382 immunitatem.

187 397 260 426 467.
275 397 306 425 ⁷.
325 394 517 436 τξισχιλίους]
540 400 587 425 ter
607 394 692 425 mille
715 400 746 425 et
768 395 850 434 quod

144 438 289 468 excurrit.
305 448 379 476 ergo
391 438 534 468 universe
547 437 652 468 decies
665 443 697 468 et
707 442 754 468 ter
766 438 849 467 mille

142 481 323 516 medimnos,
333 490 402 510 cum
418 490 562 511 excessu.

183 541 225 546 —
239 525 269 554 9.
284 524 610 562 προκατασκευάσας-
620 522 788 564 Θευδασίαν]
802 534 849 553 se-

139 570 230 596 cutus
254 565 305 595 hic
329 566 418 606 Tayl.
444 567 568 596 correxi
595 577 849 605 προσ-κατασιω-

140 607 297 639 Θευδοσίαν.
320 610 408 648 Quod
427 609 510 639 Phil.
521 608 737 639 Melanclnhon
753 610 849 640 fertur

138 652 198 682 1100
213 653 252 681 de
268 653 388 682 nomine
403 652 434 682 in
458 661 597 682 sermone
620 651 773 687 familiari,
797 657 849 682 ant

138 694 170 724 in
186 695 301 725 scholis
324 696 362 725 ad
383 706 525 725 coronam
547 694 678 725 tironum
703 695 846 733 ejecisse,

137 738 226 768 lusus
251 738 304 768 ille
331 742 379 768 est
404 738 532 778 ingenii.
557 736 632 768 Θευδ.
654 742 758 777 potest
778 748 845 768 cum

140 779 235 818 Teud,
256 781 286 811 h.
302 792 330 811 0.
356 781 536 818 Τ110011500,
559 786 590 811 01
610 792 637 815 ος
662 791 731 811 cum
762 780 848 811 Haus

137 823 287 864 conferri;
309 824 363 854 sed
387 834 443 864 per
462 826 579 864 jocum.
600 834 700 864 neque
721 823 846 863 dignum

135 867 169 897 id
192 871 268 902 erat,
288 867 371 907 quod
393 868 423 897 in
443 868 581 898 dedecus
602 866 711 897 summi
728 867 788 897 viri
808 867 846 897 ad

136 915 277 949 posteros
291 910 472 942 traderetur.
516 910 676 941 Sententia
690 914 754 940 est:
778 921 846 940 curn

134 954 254 990 Leuco,
276 955 592 994 praeter-Bosporum,
607 953 764 993 antiquum
785 964 848 984 em-

135 996 270 1036 porium,
289 997 372 1036 quod
393 1002 426 1027 et
442 998 508 1037 jam
530 997 644 1027 dudum
661 995 692 1025 in
708 996 848 1027 faucibus

136 1040 231 1069 Ponti
247 1039 368 1076 ruisset,
379 1049 493 1071 novum
508 1040 635 1080 aliquod
651 1040 732 1079 apud
748 1040 847 1070 Theo-

134 1082 252 1112 dosiam
266 1083 467 1114 condidisset.

177 1142 222 1148 —-
237 1127 289 1156 16.
301 1126 382 1156 ἀλλὰ
396 1125 542 1166 τοσοῦτον]

134 1178 191 1198 τον.
212 1172 244 1198 01
260 1168 304 1197 sic
320 1168 508 1207 conjectavit
522 1177 644 1207 quoque
664 1167 779 1198 Markl.
801 1177 847 1198 co-

130 1211 213 1250 piam
225 1210 382 1252 frumenti
402 1211 480 1242 misit
493 1212 580 1247 vobis,
593 1221 652 1240 non
666 1211 750 1241 modo
764 1208 848 1250 suffi—

131 1255 266 1290 cientem,
278 1255 326 1284 sed
346 1259 461 1285 tantam
473 1263 596 1295 quoque,
609 1258 647 1283 ut
665 1264 699 1284 ex
712 1263 755 1290 eo,
770 1255 847 1295 quod

130 1301 194 1336 post
206 1297 332 1337 expletas
343 1303 454 1328 vestras
467 1299 644 1328 necessitates
653 1297 846 1334 redundaret,

131 1340 250 1371 vendito
262 1341 470 1382 redigerentur
484 1340 556 1371 XV.
572 1340 696 1371 talenta.

176 1400 220 1406 —
236 1385 288 1415 19.
301 1382 494 1425 γεγενημένον]
510 1387 584 1424 post
603 1382 780 1424 γεγενημένον
794 1388 847 1414 3111

135 1427 380 1458 subaudiendum
396 1432 456 1464 est,
477 1432 531 1457 aut
551 1427 659 1467 potius
674 1427 846 1458 addendum

133 1469 265 1501 ποιήσειν.
289 1471 362 1511 quid
374 1481 442 1501 eum
453 1470 802 1512 existimatisfacturum.

174 1529 220 1536 ·-
235 1517 287 1545 21.
299 1513 349 1544 καὶ
370 1512 444 1554 μηδ’
454 1513 502 1555 ἂν]
525 1513 606 1544 idem
630 1518 690 1550 est,
706 1524 741 1544 ac
756 1514 783 1544 si
798 1513 847 1544 di-

131 1555 251 1586 xisset:
274 1557 322 1587 καὶ
337 1554 557 1597 ψηφισαμένους
569 1559 612 1598 μῆ
628 1555 727 1597 ἐξειναι
748 1556 846 1595 δουναι,

131 1597 228 1639 fana*
216 1611 249 1630 αν
262 1599 410 1641 μεταδόξη
423 1599 507 1631 ποτέ.

175 1642 697 1684 468.17.ἔσεσθε]01111111111131111111
709 1643 846 1694 codices,

129 1684 176 1716 illi
190 1691 278 1725 puta,
298 1687 352 1726 qui
372 1686 538 1727 φανήσεσθε
553 1697 570 1717 0
586 1687 737 1726 superiori
728 1677 846 1726 ’φανεῖ-

130 1730 547 1762 ταιν.15.51111311111011ᾶι1111
562 1730 747 1770 relinquunt.

173 1789 218 1795 -
232 1776 285 1806 22.
306 1772 465 1815 ἀφῄρησθε]
489 1772 592 1804 malim
613 1772 785 1815 ἀφηρημεθα
804 1775 845 1804 ob

131 1825 262 1855 sequens
277 1816 399 1858 έςουμεν.

173 1862 283 1891 -23.
293 1861 429 1902 ποτε]φι
431 1861 464 1891 id
476 1861 606 1892 tandem.
627 1860 730 1892 malim
743 1865 844 1892 tamen

130 1899 208 1932 τότε.
224 1907 298 1934 tunc
312 1905 458 1943 temporis,
473 1905 498 1934 si
513 1904 545 1934 id
559 1902 782 1944 1131.ψηφισμα
793 1904 844 1934 1110

129 1943 192 1974 loci
207 1950 256 1975 est
269 1956 450 1986 responsum
462 1947 601 1977 Leueoni
612 1947 844 1988 (1311(111111.ὑπὲς

133 1987 223 2026 ἡμῶν,
237 1987 296 2019 loco
308 1995 336 2020 et
350 1990 465 2019 nomine
478 1994 587 2020 nostro.

174 2032 252 2063 469.
265 2034 296 2062 4.
312 2032 474 2073 ἀντιδώσει]
492 2041 552 2062 11011
567 2031 674 2068 video,
689 2032 844 2070 quomodo

131 2072 202 2112 quis
215 2074 367 2114 defugiat,
382 2074 410 2104 si
423 2074 553 2104 Leuco
538 2085 610 2116 jure
623 2073 788 2107 ἀντιδόσεως
799 2074 844 2103 uti

130 2115 219 2152 velit,
235 2127 298 2156 quo
312 2117 414 2147 minus
435 2117 596 2148 facultates
612 2128 681 2148 cum
696 2117 844 2147 Leucone

128 2163 294 2199 permutet.

171 2220 216 2226 —-
232 2202 287 2234 9.’
276 2201 341 2233 εστὶ
358 2202 387 2234 δὲ
402 2202 488 2234 τοῦτο
502 2214 532 2233 ου
547 2214 599 2237 της
614 2202 755 2243 δαπάνης]
772 2213 842 2233 cor-

128 2245 198 2276 rexi
211 2244 277 2276 ἔστὶ
291 2244 316 2277 δ’
326 2246 356 2276 οὗ
369 2244 404 2276 ‘rb
414 2247 465 2280 τῆς
476 2246 610 2281 δαπάνης.
625 2256 682 2276 non
695 2247 843 2284 impendio

128 2289 252 2320 maxime
265 2290 402 2331 angitur,
416 2300 476 2319 non
492 2289 579 2319 dolet
593 2294 683 2329 atque
698 2288 843 2319 irascitur

128 2332 264 2364 maxime
284 2334 326 2363 ob
349 2337 480 2369 sumtus,
499 2332 553 2372 qui
569 2332 598 2362 ei
613 2336 678 2362 tum
694 2337 784 2362 erunt
798 2334 842 2362 fa-

126 2374 239 2406 ciendi.

172 2435 217 2442 -
231 2421 283 2450 11.
297 2418 328 2449 οὗ
342 2416 438 2456 τοίνυν,
452 2416 540 2460 ‹tf-J
553 2418 636 2449 Citat
652 2418 717 2448 11.1.
731 2417 842 2449 Aristi·

127 2460 183 2491 des
198 2459 281 2504 τέχν.
297 2472 329 2502 p.
346 2464 420 2493 ⁶208.

171 2521 215 2528 —
231 2508 284 2536 15.
299 2504 400 2539 λαβειν
419 2503 502 2546 τότε]
528 2508 695 2545 Argutatur
719 2505 783 2542 hic,
808 2509 841 2535 ut

127 2546 204 2578 alias
220 2559 341 2588 quoque
357 2548 438 2579 haud
452 2559 536 2585 raro,
545 2547 750 2580 Marklandus
761 2559 840 2588 prae·

128 2594 176 2620 ter
187 2600 263 2622 rem.
307 2591 467 2622 Sententia
482 2595 548 2622 est:
572 2592 624 2622 cui
639 2601 720 2621 nunc
737 2601 841 2631 perop-

124 2639 287 2672 pov-cunum
298 2635 425 2670 accidat,
434 2644 462 2665 se
475 2635 544 2665 olim
554 2635 723 2673 impetrasse
735 2635 842 2665 immu-

129 2677 262 2708 nitatem.
284 2688 345 2718 quo
358 2677 433 2717 qnid
448 2688 518 2708 esse
533 2682 639 2718 potest
652 2677 783 2717 planius.

171 2737 214 2744 —-
233 2725 284 2753 16.
306 2721 482 2762 Κεςιιυξαῖος]
502 2721 556 2751 alii
581 2721 736 2761 Κυρηναῖος.
779 2721 839 2751 Sed

128 2762 283 2804 vulgatam
297 2765 438 2803 praefero.
460 2764 649 2803 frequentior
664 2764 744 2793 enim
766 2774 841 2794 usus

128 2806 370 2837 Atheniensibus
385 2811 451 2837 erat
466 2816 534 2837 cum
551 2807 737 2846 Corcyraeis.
751 2817 839 2846 quam

129 2857 198 2879 cum
210 2849 378 2889 Gyrenaeis,
388 2855 496 2890 utpote
508 2850 560 2889 qui
572 2852 727 2891 Spartanae
739 2855 843 2880 essent

129 2891 269 2931 originis.

560 1125 581 1155 f.
592 1126 673 1155 ἅλλιὶ
683 1124 732 1154 καὶ
746 1124 848 1154 τοσοῦ-

1512 203 1591 245 123

927 323 970 330 -
985 308 1038 338 27.
1059 307 1086 337 ὲν
1100 308 1141 348 ’τῷ
1155 309 1276 350 πολέμῳ
1295 310 1338 349 τᾷῐ
1357 310 1417 351 ωςὸ
1440 312 1495 340 τῶν
1515 308 1596 349 τριά-

883 360 969 379 κοντα
992 350 1105 392 μικρὸν]
1128 352 1249 382 videtur
1263 355 1417 391 posterius
1432 353 1475 391 τῷ
1488 353 1595 382 deleu-

884 393 954 423 dum
970 404 1050 424 esse.
1077 396 1111 424 in
1135 394 1216 430 bello,
1234 396 1339 434 paullo
1360 402 1427 427 unte
1443 394 1595 434 XXXty-

883 446 999 466 rannus.
1021 437 1033 466 ὅ
1050 437 1188 478 πόλεμος,
1202 438 1320 474 bellum,
1332 438 1398 467 κατ’
1411 438 1519 480 ἐξοχὴν,
1539 448 1595 477 per

884 478 1088 516 eminentiam,
1103 480 1202 510 videri
1214 485 1305 519 queat
1315 486 1378 511 tum
1394 481 1509 512 dictum
1526 491 1594 511 esse

883 521 995 552 bellum
1008 523 1314 563 Peloponnesiacum.

925 566 1000 595 470.
1016 568 1046 597 ¹7.
1064 567 1112 596 καὶ
1134 565 1201 606 παρ’
1215 564 1252 600 οἷς
1270 564 1316 608 ην]
1338 570 1403 596 erat
1423 565 1503 595 enim
1519 566 1595 605 Epi-

881 607 994 638 kerdes
1010 614 1071 639 tum
1088 610 1118 639 in
1135 609 1252 640 Sicilia.

924 668 968 674 —
991 654 1022 683 9.
1048 652 1152 693 σώσοι]
1179 652 1301 682 correxi
1327 653 1426 682 σώσει.
1451 661 1511 681 11011
1535 661 1595 690 quo

882 694 1007 734 vulgata
1029 696 1108 726 male
1131 695 1253 732 habeat,
1277 695 1333 726 sed
1357 694 1441 734 quod
1466 692 1521 733 ἕξει
1548 704 1597 723 50-

880 743 1000 776 quatur.

923 798 967 803 -—
982 783 1034 811 10.
1048 780 1151 823 μηδὲν]
1168 782 1286 812 mavult
1307 779 1515 811 Marklandus
1536 790 1597 819 μη-

880 820 946 857 δείς.
967 825 1028 854 Sed
1045 825 1171 864 vulgata
1183 827 1262 855 bene
1275 824 1389 854 habet:
1404 833 1442 854 ne
1455 833 1515 863 qua
1525 832 1598 862 pars

881 867 981 903 vestri,
996 868 1072 907 quod
1087 878 1120 898 1η
1135 877 1164 898 se
1179 868 1294 908 quidem
1304 873 1384 903 esset,
1398 865 1517 907 defectu
1528 876 1597 907 quo-

881 908 950 938 dam
961 915 1155 948 premeretur.

924 969 969 975 —
982 954 1034 983 16.
1049 953 1127 993 ὑμῖν.
1142 949 1188 993 οὗ]
1204 958 1276 992 post
1289 953 1357 993 ὑμῖν
1372 952 1497 983 videtur
1512 952 1598 983 exci-

882 994 966 1025 disse
979 995 1068 1035 ὑμῖις.
1111 996 1174 1026 Sed
1190 996 1315 1035 ipsimet
1326 996 1414 1026 vobis
1427 995 1597 1026 detrahetis

880 1037 972 1068 fidem
996 1048 1070 1078 erga
1086 1049 1142 1069 vos
1166 1039 1307 1075 aliorum,
1329 1039 1472 1069 fiduciam
1494 1038 1597 1077 publi-

882 1090 959 1117 cam,
974 1079 1005 1110 in
1020 1081 1081 1111 fide
1094 1086 1125 1111 et
1140 1083 1312 1111 constantia
1323 1086 1426 1112 vestra
1436 1082 1597 1112 nitentem.

923 1139 967 1147 --
988 1125 1041 1155 23.
1061 1122 1264 1164 ψηφίσματα]
1292 1125 1414 1155 correxi
1440 1123 1598 1165 ψήφισμα.

880 1170 929 1196 est
942 1166 1021 1196 enim
1036 1177 1128 1197 uuum
1144 1167 1355 1198 tantummodo
1371 1168 1541 1203 decretum,
1557 1167 1599 1197 de

881 1209 983 1239 danda
1009 1209 1163 1250 Epikerdi
1192 1210 1394 1241 immunitate.
1430 1211 1470 1240 de
1500 1210 1597 1240 altero

879 1252 1042 1290 beneficio,
1068 1264 1128 1292 quo
1149 1253 1325 1294 Epikerdes
1354 1253 1501 1295 populum
1525 1263 1597 1292 pro—

879 1296 1003 1332 meruit,
1027 1296 1187 1336 largiendo
1212 1297 1341 1333 talento,
1368 1298 1411 1327 1111
1438 1297 1597 1326 decretum

879 1339 950 1370 fuit.
977 1339 1080 1370 nullus
1107 1340 1136 1370 ei
1163 1340 1242 1370 alins
1267 1340 1364 1370 honos
1389 1340 1514 1369 habitus
1539 1344 1598 1375 est,

879 1387 1084 1422 praeterquam
1100 1383 1313 1414 immunitatis.
1334 1383 1394 1413 Ille
1406 1393 1482 1413 vero
1498 1383 1596 1412 honos

880 1425 909 1456 ei
921 1427 985 1465 jam
998 1427 1039 1456 ob
1050 1427 1119 1457 illas
1131 1431 1252 1458 centum
1268 1426 1366 1456 minas
1379 1427 1478 1456 fuerat
1492 1425 1597 1455 datus.

880 1470 945 1500 Aut
958 1469 984 1500 si
998 1467 1184 1511 ψηφίσματα
1199 1480 1371 1506 servamus,
1384 1469 1433 1500 cui
1448 1473 1594 1509 quantum

881 1511 923 1542 sit
936 1512 968 1542 in
981 1515 1182 1554 sequentibus
1193 1513 1225 1544 ἐκ
1235 1515 1291 1544 τῶν
1306 1511 1508 1553 ψηφισμάτων
1518 1521 1597 1551 prae-

881 1555 1005 1593 sidium,
1022 1567 1071 1587 me
1086 1568 1145 1588 non
1160 1557 1252 1597 fugit,
1265 1557 1428 1596 legendum
1445 1556 1484 1586 sit
1500 1555 1596 1595 paulo

880 1601 1015 1630 81110.τᾶ
1023 1599 1109 1631 τοίνυν
1118 1599 1304 1642 ψηφίσματα
1312 1599 1389 1630 αὐτὰ
1400 1599 1467 1638 ὑμῖν
1476 1598 1597 1637 ἀναγνώ-

879 1652 964 1674 σεται
977 1644 1019 1674 τὰ
1033 1643 1102 1674 τότε
1115 1642 1306 1684 ψηφισθέντα
1321 1642 1366 1683 τῷ
1380 1640 1462 1683 ἀνδρί.
1498 1643 1597 1681 Optet

879 1687 961 1725 quod
983 1686 1115 1727 quisque
1131 1688 1226 1718 volet.
1270 1686 1426 1717 Pluralem
1444 1686 1470 1715 si
1485 1686 1596 1724 prael'e·

878 1729 986 1765 rimus,
1001 1730 1099 1761 altero
1121 1731 1248 1761 decreto
1272 1731 1344 1760 data
1363 1729 1422 1759 fuit
1442 1728 1595 1768 Epikerdi

878 1771 1066 1810 immunitas,
1081 1774 1178 1805 altero
1193 1773 1299 1814 gratiae
1313 1773 1342 1803 ei
1357 1772 1397 1802 de
1409 1771 1525 1802 13101110
1540 1772 1596 1802 do-

878 1821 950 1847 nato
965 1821 1053 1847 30130.

922 1862 996 1890 4¹71.
1012 1862 1044 1892 3.
1058 1860 1101 1900 τῷ
1117 1860 1202 1891 ποιεῖν
1217 1860 1295 1900 ὖμῖις
1309 1856 1354 1900 εὖ]
1368 1858 1472 1889 delevi
1485 1867 1594 1888 vocem

877 1903 1087 1942 penultimam.
1133 1903 1293 1934 Sententia
1314 1903 1394 1932 enim
1409 1906 1457 1931 est
1473 1902 1511 1931 ad
1529 1901 1596 1930 uni·

878 1956 986 1976 versos
1010 1947 1168 1986 pertinens
1190 1946 1340 1979 homines,
1363 1955 1422 1974 11011
1449 1945 1488 1973 ad
1512 1943 1594 1973 solos

878 1989 1096 2018 Athenienses.
1126 1990 1300 2028 quicunque
1320 1989 1396 2017 bene
1424 1987 1463 2017 de
1491 1987 1594 2026 aliquo

877 2036 1043 2066 merentur,
1060 2032 1117 2061 1100
1134 2041 1190 2061 5110
1206 2031 1356 2060 beneficio
1371 2030 1403 2060 id
1426 2034 1597 2065 merentur,

878 2078 912 2102 ut
927 2074 1025 2103 ornati
1047 2074 1105 2104 illo
1127 2073 1277 2104 beneficio
1293 2083 1402 2103 rursus
1417 2072 1447 2102 ei
1464 2072 1592 2112 gratiam

876 2115 1018 2146 reddant.

919 2176 963 2183 --
978 2163 1030 2190 11.
1047 2158 1119 2190 ἀλλ’
1132 2158 1204 2190 ain&
1228 2158 1258 2189 3³1
1279 2159 1366 2190 τοῧτο
1389 2157 1437 2188 καὶ
1461 2157 1495 2188 *rb
1517 2158 1596 2189 δεινὸν

875 2199 958 2242 ἐστι]
982 2203 1059 2233 bene
1080 2203 1184 2233 habet.
1206 2202 1259 2232 hoc
1274 2203 1319 2232 vel
1333 2204 1427 2241 ipsum
1442 2208 1481 2233 est
1497 2203 1593 2242 inpri-

875 2246 930 2275 mis
942 2256 1033 2286 grove
1045 2250 1183 2276 elatrat.
1227 2245 1261 2275 Si
1284 2245 1358 2285 quid
1380 2245 1463 2275 aliud
1490 2245 1520 2275 in
1537 2247 1593 2275 1130

875 2298 909 2317 re
932 2292 982 2318 est
1004 2299 1099 2328 grave
1123 2294 1154 2319 et
1177 2292 1282 2325 atrox,
1305 2289 1363 2318 hoc
1386 2293 1433 2318 est
1458 2289 1592 2318 omnium

874 2331 1057 2370 pessimum,
1072 2332 1154 2371 quod
1177 2342 1246 2366 nos,
1264 2332 1317 2371 qui
1343 2333 1516 2361 auferamus
1538 2331 1592 2361 ho-

874 2384 966 2405 nores
985 2375 1089 2411 datos,
1110 2375 1289 2407 differamus
1304 2376 1342 2404 ab
1358 2375 1410 2410 iis,
1427 2374 1480 2414 qui
1497 2375 1594 2404 dede—

874 2423 957 2448 runt.

918 2478 961 2485 —-
977 2463 1029 2492 12.
1045 2460 1177 2502 εἶδόντες]
1194 2461 1314 2491 correxi
1334 2458 1445 2495 εἰδότες.
1468 2460 1551 2498 (sine
1568 2460 1596 2499 ν)

874 2505 924 2544 qui
951 2511 1076 2541 noriam,
1105 2505 1286 2544 Epikerden
1315 2508 1400 2543 puta.
1441 2503 1593 2537 παθόντες

873 2557 994 2587 quoque
1009 2558 1112 2582 servo,
1136 2547 1316 2577 subauditur
1330 2550 1369 2576 εὑ.

916 2609 960 2614 -
974 2591 1051 2621 ibid.
1064 2590 1186 2632 τούτων]
1203 2591 1286 2620 redit
1301 2591 1338 2619 ad
1356 2590 1592 2624 immunitatem,

875 2637 906 2664 et
922 2634 948 2664 si
966 2634 1017 2673 qui
1034 2634 1157 2664 fuerunt
1173 2634 1223 2663 alii
1245 2634 1376 2663 honores
1399 2633 1551 2672 Epikerdi
1573 2644 1591 2662 a

873 2677 991 2717 populo
1011 2676 1193 2707 Atheniensi
1217 2676 1332 2707 collati.
1356 2682 1386 2706 et
1409 2677 1438 2706 in
1464 2677 1592 2716 πάσχειν

875 2720 1083 2750 subauditur'
1075 2719 1200 2755 εαυτοῦς.
1238 2719 1397 2750 Sententia
1412 2724 1477 2749 est:
1504 2719 1591 2752 Quod

874 2763 898 2792 si
921 2763 983 2799 illi,
1001 2765 1052 2804 qui
1077 2769 1188 2794 nossent
1206 2763 1383 2802 Epikerden
1400 2767 1429 2791 et
1453 2762 1592 2794 tinctum

875 2806 1078 2839 beneficiorum
1103 2808 1303 2845 percepissent,
1324 2806 1391 2846 qui!
1395 2816 1429 2834 us
1453 2805 1490 2833 ab
1519 2803 1590 2841 Ε’ρι-

876 2848 964 2880 kevde
985 2855 1074 2880 essent
1094 2859 1126 2878 m
1130 2851 1203 2884 nati,
1226 2850 1372 2878 esistimuv
1377 2853 1442 2881 unt,
1464 2847 1592 2879 honores,

875 2902 943 2932 quos
965 2893 1019 2931 ipsi
1042 2893 1277 2940 compensationis
1299 2903 1347 2931 ενι
1342 2903 1366 2919 ο
1384 2890 1524 2928 Epikerdi
1540 2890 1591 2917 «le,

172 2937 279 2967 —24.
294 2935 429 2978 τοιαύτη]
446 2940 529 2967 tanta
544 2936 730 2971 calamitate,
746 2946 840 2974 quan·
866 2934 1126 2985 J'errejaet,⁷11crita
1148 2936 1210 2973 ejus
1237 2935 1316 2964 Laud
1339 2944 1398 2963 en
1391 2934 1484 2961 Acie
1528 2933 1588 2962 Sed

129 2980 190 3007 tam
206 2978 273 3008 scil.
295 2984 328 3009 et
342 2989 400 3010 vos
416 2979 531 3016 nostis,
551 2983 582 3009 et
603 2990 693 3010 nemo
717 2985 763 3008 est
789 2978 842 3020 qui
875 2979 1015 3017 suspicor
1040 2979 1140 3007 adhuc
1164 2978 1252 3006 aliam
1278 2977 1307 3005 in
1332 2976 1417 3004 libri
1439 2980 1589 3004 versatam

127 3019 262 3060 ignoret.

877 3031 946 3051 esse
962 3021 1140 3057 iectionem,
1156 3022 1222 3050 scil.
1244 3021 1351 3049 τοῖτον.
1376 3029 1465 3057 qnam
1490 3019 1592 3058 reperi
