1931 3323
332 192 418 235 456
450 190 916 235 AMERSFORDTII
949 191 1023 236 ET
1056 189 1402 235 SOHAEFERI
1437 188 1696 235 ANNOTT.

332 296 443 330 melius
467 298 633 338 respondet
660 298 794 338 simplici
819 297 957 330 ωοιῆο-ων.
983 299 1046 328 Sae-

333 341 403 379 pius
419 345 519 373 autem
533 342 619 371 ποιεῖν
630 345 661 371 et
672 341 819 380 ωςίιττειν
834 346 865 371 ut
879 351 1047 382 synonyma

332 387 496 422 ponuntur,
526 394 586 422 quo
615 384 748 414 varietur
773 384 885 414 oratio.
936 384 987 414 Sic
1013 394 1046 423 p.

334 429 408 455 114.
426 429 479 457 20.
501 424 595 457 καίτοι
611 428 712 457 ταῦτα
736 427 871 466 πξάττοον
885 425 917 457 τί
939 425 1046 465 ἐποίει;

333 478 366 506 p.
381 471 456 501 115.
472 470 506 499 5.
524 469 573 498 καὶ
589 468 671 501 πάνθ’
687 468 740 500 ὅσα
760 471 883 509 πςάττει
898 472 980 510 μετὰ
995 470 1047 504 'ric

332 510 476 550 δυνάμεως
492 513 635 542 ποιοῦντα.
680 512 763 550 Quid
779 513 860 552 quod
873 514 961 542 ambo
974 513 1045 550 jun·

331 559 456 591 guntur,
467 564 524 584 non
542 560 682 594 tanquam
697 556 828 586 diversae
840 556 934 585 verba
951 555 1044 594 signi-

331 596 496 632 ficationis,
508 597 562 627 sed
577 601 609 626 ut
619 598 750 628 oratoria
760 598 944 628 abundantia
954 608 1045 629 aures

331 638 500 677 impleant?
524 639 576 670 Sic
595 650 626 679 p.
647 641 721 672 245.
743 642 796 671 27.
812 639 843 669 τί
863 641 996 680 προσ-ἧκον
1016 638 1048 670 ’ἦν

332 680 454 711 ἑλέσθαι
470 682 610 721 πράττειν
622 682 669 712 καὶ
687 684 774 712 ποιεῖν
789 684 838 713 τῆν
849 682 943 713 πόλιν.
956 692 1045 721 quem

333 724 446 759 locum,
468 725 662 755 Boissonado
682 730 834 760 monente,
856 725 981 754 videtur
996 735 1044 753 re·

332 767 477 806 spexisse
493 767 635 799 Tiberius
650 778 681 806 p.
699 769 751 798 53.
768 767 820 796 ubi
837 777 905 806 quae
920 767 960 796 de
976 767 1047 796 tali-

331 810 390 839 bus
414 810 600 849 pleonasmis
616 814 648 840 et
663 820 681 840 a
695 809 851 839 Technico
869 814 900 839 et
916 819 933 838 a
952 809 1047 841 Bois-

332 853 448 882 sonado
470 853 643 889 traduntur,
659 862 809 892 compone
831 862 899 882 cum
915 856 987 883 nota
1007 852 1048 886 ad

332 904 364 934 p.
376 896 429 926 99.
442 897 472 925 8.
496 894 602 926 IDEM,

375 954 419 960 —
433 939 464 967 5.
485 935 733 978 παρωξυμμένων]
759 937 920 972 Absolute,
937 941 970 967 ut
984 936 1046 972 hic,

332 980 446 1017 legitur
468 980 552 1018 apud
570 981 809 1010 Demosthenem
829 990 857 1009 c.
883 981 1000 1018 Everg.
1016 985 1048 1009 et

332 1022 468 1052 Mnesib.
490 1032 521 1060 p.
539 1025 633 1053 1124.
651 1025 706 1054 37.
730 1022 779 1053 ed.
802 1023 913 1053 Reisk.
930 1021 944 1054 ἢ
961 1034 1047 1061 παρο-

332 1064 472 1103 ξυνόμενον
493 1064 548 1096 ὑπὸ
578 1064 677 1101 ἡδονῆς,
699 1066 902 1096 exacerbatum
927 1071 1048 1104 propter

332 1108 457 1146 aliquid,
473 1108 548 1147 quod
561 1114 692 1139 nostrum
706 1114 827 1148 uterque
843 1114 933 1138 amat.
963 1108 1048 1138 Alibi

330 1149 487 1180 invenitur
502 1160 571 1179 cum
588 1150 664 1190 πρός.
710 1152 865 1181 lsocrates
878 1150 1003 1182 Archid.
1017 1162 1047 1190 p.

333 1196 406 1224 237.
430 1192 633 1232 παξοξυνθῆναι
656 1191 722 1232 πρὸς
745 1194 793 1225 τὸν
813 1193 949 1234 πόλεμον.
992 1194 1048 1224 AE-

334 1236 455 1267 schines
471 1246 497 1265 c.
511 1236 663 1267 Timareh.
678 1247 708 1275 p.
725 1238 778 1268 35.
794 1237 874 1267 med.
891 1236 1047 1277 παρωξυμ-

332 1276 416 1317 μένος
429 1277 457 1308 δὲ
473 1277 540 1317 πρὸς
551 1278 583 1308 τὸ
597 1281 741 1320 ωξῖιγμα.
768 1283 799 1309 et
812 1290 881 1310 cum
897 1279 954 1310 ἐπί.
979 1282 1047 1310 Iso-

333 1326 435 1351 crates
455 1321 491 1350 ad
519 1322 655 1361 Philipp.
679 1333 710 1361 p.
733 1324 805 1352 141.
828 1320 900 1353 οὗτοι
922 1322 978 1362 μὲν
993 1325 1047 1363 γαξ

333 1364 490 1403 παρώξυνον
519 1363 567 1394 ἐπὶ
594 1364 640 1394 τᾶν
667 1364 801 1404 πόλεμον.
831 1365 905 1395 item
933 1366 1048 1396 omisso

334 1406 401 1445 πξός
412 1407 459 1437 vel
473 1405 530 1436 ἐπί.
553 1408 710 1438 Isocrates
721 1409 757 1438 ad
775 1408 912 1447 Philipp.
927 1419 959 1447 p.
975 1411 1048 1439 175.

334 1449 380 1483 τίς
405 1450 456 1480 οὐκ,
479 1449 511 1479 ἂν
534 1467 576 1474 -·-
602 1450 784 1490 παςοξυνθείη
810 1452 954 1490 πολεμεῖν
983 1450 1050 1490 orgi:

335 1492 430 1521 αὐτόν.
450 1493 485 1521 ad
511 1492 640 1523 Demon.
661 1504 693 1532 p.
719 1496 771 1525 16.
794 1492 867 1523 οὕτω
887 1492 910 1522 δ’
933 1494 966 1524 ἂν
985 1495 1048 1533 μέν·

332 1540 425 1565 λιστα
445 1534 628 1568 Βουλεύεσθαι
645 1535 852 1576 παροξυνθείης.
881 1537 1049 1567 Panatlren.

334 1588 369 1617 p.
383 1580 457 1608 415.
473 1581 587 1610 πολλῶν
599 1579 801 1618 παροξυνόντων
816 1580 940 1619 γράφειν.
964 1580 1049 1609 'rhu-

333 1621 463 1660 cydides
482 1622 507 1650 1.
521 1624 573 1651 67.
600 1623 665 1656 τοὺς
680 1622 785 1655 ἄλλους
796 1620 932 1655 ἐάσαντες
942 1624 1051 1661 πρῶτον

336 1663 491 1702 παξοξύνειν
506 1665 571 1697 τοὺς
586 1664 829 1703 Λακεδαιμονίους.
875 1665 950 1694 Plus
966 1668 1051 1694 notat

334 1716 423 1743 quam
437 1705 612 1744 πςοτςὲπειν,
627 1706 670 1735 uti
683 1711 768 1744 patet
778 1717 817 1736 ex
830 1707 1049 1736 Demosthenis

333 1750 431 1778 Serm.
453 1750 553 1778 Amat.
579 1759 608 1786 p.
636 1751 729 1780 1415.
756 1750 808 1778 21.
830 1748 975 1786 ἡγούμενος
995 1751 1051 1782 τὰς

335 1791 472 1825 ’τοιαύτας
495 1790 691 1830 παξακλήσεις
714 1791 779 1824 τοὺς
804 1789 859 1829 μὲν
888 1792 1050 1828 ἀγνοοῦντας

335 1832 511 1873 ergon-gemm,
527 1834 591 1867 τοὺς
607 1832 631 1863 δ’
649 1832 757 1867 εἰδότας
772 1832 939 1872 παροξύνειν.
961 1835 1049 1865 ite-n-

333 1887 394 1915 que
422 1878 492 1914 plus
523 1887 611 1914 quam
643 1876 804 1914 ἐποτρύνειν.
849 1876 1050 1915 Thucydides

336 1921 363 1949 l.
385 1922 437 1949 84.
457 1921 511 1948 τῶν
525 1929 558 1948 τε
575 1919 622 1958 ξὺν
637 1917 739 1957 ἐπαίνῳ
762 1917 959 1958 ἔποτρυνᾶντων
974 1921 1051 1958 ἡμᾶς

335 1962 385 1992 ἐπὶ
402 1964 441 1991 τὰ
463 1962 545 1996 δεινὰ,
565 1964 644 2001 παρὰ
663 1961 696 1991 τὸ
713 1962 801 1991 δοκοῦν
817 1962 885 1999 ἡμῖν
904 1962 952 1991 οὐκ
967 1961 1051 1992 &naa-

334 2005 448 2045 ςόμεθα
466 2005 550 2044 ἡδονῇ,
571 2005 618 2035 καὶ
639 2004 667 2034 ἥν
687 2016 733 2038 τις
755 2004 810 2043 ἄξοι.
830 2003 878 2042 ξὺν
896 2005 1051 2045 κατηγορίᾳ

333 2048 480 2089 παροξύνῃ,
495 2059 523 2077 κ.
541 2059 571 2077 τ.
589 2053 618 2076 λ.
642 2048 920 2080 AMERSFOQRDT.

379 2109 423 2114 —-
444 2093 474 2120 6.
499 2091 563 2124 τοὺς
583 2088 736 2124 διακοσίους
759 2090 807 2120 καὶ
829 2090 956 2131 χιλίους]
981 2092 1050 2129 Quo

337 2133 524 2164 luculentius
550 2133 644 2163 totius
670 2133 749 2172 legis
765 2133 898 2163 ambitus
919 2137 1050 2173 pateret,

336 2188 426 2215 quam
448 2176 519 2206 tulit
543 2176 780 2211 Demosthenes,
795 2176 896 2208 lubuit
915 2177 964 2206 bic
985 2177 1049 2215 pri·

336 2231 417 2250 nrum
434 2230 499 2249 eam
518 2219 688 2249 universam
707 2219 824 2249 Latinis
840 2220 944 2249 verbis
960 2230 1050 2250 exse-

335 2264 400 2301 qui,
410 2273 470 2302 quo
485 2267 608 2301 peracto
620 2262 658 2291 ad
669 2262 859 2301 singulorum
871 2262 1051 2301 interpreta-

336 2307 450 2336 tionem
461 2305 656 2340 accedemus,
666 2305 761 2334 multa
772 2310 871 2335 tamen
884 2306 920 2335 ad
933 2310 1050 2344 partem

336 2350 426 2388 hujus
438 2348 666 2387 Disputationis
679 2347 815 2383 alteram,
826 2358 884 2387 qua
895 2353 958 2378 tota
968 2359 1050 2387 syrn-

335 2393 499 2422 moriarum
522 2391 600 2421 ratio
622 2391 703 2430 apud
725 2390 929 2421 Athenienses
952 2391 1050 2431 expli·

336 2435 467 2470 cabitur,
488 2433 624 2464 dilaturi.
670 2435 696 2463 1.
722 2435 875 2464 Numerus
890 2433 1050 2474 symmori·

338 2483 447 2512 tarum,
477 2477 548 2515 quia
575 2477 741 2507 identidem
768 2476 947 2507 imminutus
973 2483 1049 2513 erat,

335 2531 434 2559 neque
450 2521 526 2549 adeo
543 2519 600 2549 hoc
617 2525 754 2558 tempore
770 2520 879 2558 plenus
896 2521 1049 2557 exstabat,

335 2563 518 2595 assumendo
528 2562 605 2591 alios
621 2573 659 2593 ex
672 2562 835 2594 ditissimis
851 2563 966 2594 civium
979 2564 1049 2593 red-

335 2605 483 2645 integrari
516 2605 659 2634 debebat.
710 2606 801 2642 Quod
835 2605 957 2644 quidem
993 2607 1050 2637 hac

336 2649 455 2680 ratione
471 2648 548 2676 bene
570 2648 739 2686 perfectum
755 2649 793 2677 iri
813 2648 1050 2680 existimandum

336 2697 398 2728 est,
413 2692 439 2722 si
462 2693 526 2721 800
550 2690 636 2720 cives
657 2691 903 2729 symmoritarnm
925 2702 1051 2723 numero

335 2734 557 2767 adscribantur.
604 2733 678 2762 Veri
694 2733 772 2764 enim
796 2733 897 2764 simile
911 2739 958 2765 est
975 2735 1050 2772 fore,

1081 295 1108 326 si
1137 307 1176 327 ex
1207 296 1352 327 universo
1384 295 1626 335 symmoritarum
1659 305 1788 327 numero.

1080 339 1161 379 (qui,
1174 339 1199 369 si
1210 342 1274 370 800
1283 339 1328 369 illi
1342 339 1439 370 additi
1454 343 1557 369 essent
1565 338 1786 378 antiquioribus

1081 384 1177 417 1200,
1199 382 1251 421 qni
1274 382 1384 413 adesse
1402 381 1594 421 dicebantur,
1610 392 1666 411 nec
1686 384 1787 411 tamen

1080 425 1216 455 universi
1233 429 1345 464 praesto
1361 429 1457 460 erant,
1471 424 1625 457 efficerent
1642 424 1704 453 duo
1719 422 1789 453 mil-

1079 467 1152 508 lia‚)
1178 468 1205 497 si
1233 468 1328 506 igitur
1352 477 1393 497 ex
1416 467 1559 500 universo
1581 466 1636 498 illo
1660 475 1786 496 numero

1080 520 1184 540 omues
1204 509 1257 540 isti
1280 509 1396 541 exemti
1415 510 1540 546 fuerint,
1555 508 1666 548 quibus
1685 509 1788 547 legum

1079 553 1244 583 auctoritas
1267 553 1344 584 illud
1370 551 1560 584 concesserit
1582 551 1632 581 vel
1659 555 1790 590 propter

1080 596 1255 632 orbitatem,
1272 596 1322 628 vel
1339 596 1419 634 quod
1436 594 1622 626 coloniarum
1639 597 1708 623 sunt
1723 603 1793 632 par-

1079 638 1202 678 ticipes,
1219 639 1269 668 vel
1291 638 1373 677 quod
1393 638 1424 668 in
1440 648 1534 667 unum
1559 636 1681 666 collatis
1702 635 1794 665 bonis

1080 685 1214 716 utuntur,
1227 686 1260 711 ut
1273 690 1432 710 numerum
1448 683 1532 711 1200
1548 678 1796 718 symmoritarum

1079 733 1139 752 non
1163 724 1321 753 excessuri
1347 723 1420 753 sint.
1443 733 1474 762 p.
1499 724 1574 752 182.
1597 731 1628 751 v,
1654 723 1794 752 12-18,

1081 765 1145 795 Hic
1157 765 1251 804 igitur
1267 766 1428 795 universus
1445 767 1529 795 1200
1547 763 1793 804 symmoritarum

1080 817 1224 838 numerus
1248 818 1288 837 ex
1305 808 1403 837 veteri
1419 818 1503 838 more
1517 817 1574 846 per
1594 809 1636 839 20
1659 816 1794 848 symmo-

1079 851 1139 880 rias
1152 850 1383 880 distribuendus
1398 855 1458 885 est,
1471 859 1598 888 quarum
1612 859 1739 888 quaeque
1751 859 1793 879 ex

1081 895 1123 924 60
1142 894 1334 932 λειτουργοῢσι
1355 893 1394 923 sit
1417 891 1600 932 composita.
1646 892 1709 921 Sed
1730 891 1792 921 sin-

1081 937 1218 976 gularum
1249 936 1480 976 syrnmoriarum
1513 935 1626 965 iterum
1658 933 1793 973 quinque

1081 980 1193 1009 debent
1210 989 1277 1008 esse
1296 983 1413 1018 partes,
1428 988 1469 1008 ex
1486 976 1636 1008 duodenis
1651 977 1729 1008 viris
1749 976 1795 1006 ita

1081 1021 1275 1062 compositae,
1290 1026 1324 1051 ut
1334 1021 1506 1060 quibusque
1516 1019 1676 1052 ditissimis
1688 1029 1795 1049 eorum

1080 1064 1271 1105 pauperrimi
1287 1064 1401 1104 quique
1418 1064 1580 1099 addantur,
1596 1073 1656 1102 qua
1674 1063 1793 1092 ratione

1082 1108 1195 1147 ubique
1206 1108 1322 1146 justam
1337 1105 1570 1146 proportionem
1587 1110 1727 1135 constare
1743 1115 1796 1134 ne-

1081 1161 1170 1181 cesse
1194 1151 1264 1181 erit.
1286 1160 1319 1189 p.
1345 1153 1419 1181 182.
1441 1160 1470 1180 v.
1495 1150 1635 1179 18—23.
1679 1149 1720 1178 Et
1744 1147 1794 1178 his

1082 1194 1205 1233 quidem
1223 1193 1468 1233 symmoritarum
1483 1191 1597 1223 divisio
1613 1190 1794 1225 absolvitur,

1081 1247 1149 1276 quae
1173 1247 1227 1267 cur
1242 1237 1286 1266 ita
1306 1236 1386 1266 facta
1401 1235 1455 1271 sit,
1474 1245 1513 1266 ex
1530 1234 1728 1274 sequentibus
1743 1244 1797 1272 pa·

1081 1279 1170 1310 tebit.
1182 1281 1229 1310 ΙΙ.
1244 1279 1389 1318 Sequitur
1398 1278 1520 1314 modus,
1529 1278 1697 1309 secundum
1706 1287 1797 1316 quem

1081 1323 1222 1353 triremes
1244 1322 1390 1352 aedifioari
1405 1325 1538 1361 oportet.
1583 1320 1712 1355 Classis,
1726 1329 1795 1359 quae

1082 1365 1215 1396 maxima
1234 1375 1253 1395 a
1271 1364 1459 1404 symmoritis
1474 1362 1604 1403 praeberi
1628 1363 1732 1398 debet,
1748 1366 1797 1392 est

1082 1411 1146 1439 300
1167 1407 1301 1438 navium.
1347 1408 1456 1446 Neque
1471 1412 1572 1437 tamen
1588 1416 1665 1446 opus
1687 1410 1745 1440 est,
1760 1409 1797 1434 ut

1082 1451 1133 1481 hic
1150 1451 1313 1481 universus
1328 1460 1472 1481 uumerus
1487 1449 1681 1482 exhibeatur,
1697 1448 1725 1477 si
1739 1448 1796 1477 mi-

1083 1504 1139 1524 nor
1158 1495 1225 1532 ejus
1247 1504 1320 1523 usus
1339 1494 1492 1524 affuturus
1513 1497 1573 1523 est.
1617 1491 1716 1530 Igitur
1737 1500 1795 1529 pro

1083 1537 1169 1568 varia
1188 1536 1265 1575 reip.
1281 1536 1457 1566 conditione
1471 1536 1520 1565 vel
1530 1535 1626 1573 major
1636 1534 1685 1566 vel
1697 1533 1796 1565 minor

1082 1589 1225 1610 numerus
1247 1588 1349 1608 earum
1370 1578 1550 1613 instruatur,
1569 1577 1657 1614 isque
1681 1575 1723 1606 eit
1744 1575 1797 1606 vel

1084 1621 1288 1656 centenarius,
1301 1621 1348 1650 vel
1364 1620 1537 1658 hujusmodi
1547 1618 1657 1650 classis
1668 1618 1796 1657 duplum

1084 1664 1133 1694 vel
1158 1663 1458 1702 triplum.—Verum
1478 1667 1509 1692 et
1532 1662 1590 1692 alia
1617 1661 1798 1692 instituatur

1084 1709 1148 1736 300
1160 1705 1280 1735 illarum
1294 1705 1418 1735 navium
1430 1704 1557 1740 divisio,
1567 1714 1608 1734 ex
1618 1714 1677 1743 qua
1687 1704 1798 1743 cuique

1084 1747 1314 1787 symmoriarum
1330 1758 1474 1778 numerus
1489 1747 1659 1778 triremium
1673 1757 1691 1777 a
1707 1757 1740 1778 se
1755 1757 1797 1777 ae-

1083 1791 1300 1821 dificandarnm
1330 1790 1495 1820 indicetur.
1540 1790 1716 1820 Secundum
1742 1800 1798 1820 uu-

1083 1844 1199 1864 merum
1217 1836 1259 1865 20
1283 1833 1515 1872 symmoriarum
1536 1832 1608 1863 item
1631 1835 1673 1864 ΞΟ
1692 1837 1798 1872 partes

1084 1877 1234 1906 universae
1251 1877 1361 1906 elassis
1373 1876 1606 1911 constituantur.
1615 1886 1720 1906 omnes
1730 1876 1799 1915 pari

1084 1930 1209 1949 numero
1231 1920 1271 1951 15
1288 1919 1409 1949 navium
1432 1919 1622 1959 compositae.
1668 1919 1710 1949 Et
1726 1918 1798 1958 quia

1084 1973 1213 2002 quaeque
1243 1962 1408 2002 symmoria
1433 1964 1453 1993 5
1479 1962 1667 1993 sectionibus
1695 1960 1798 1992 divisa

1085 2005 1138 2041 sit,
1154 2016 1279 2045 quarum
1297 2015 1337 2035 ex
1353 2007 1394 2037 12
1410 2005 1488 2036 viris
1502 2008 1641 2035 constent
1657 2004 1797 2044 siugulae,

1082 2048 1127 2081 ita
1136 2049 1228 2079 etiam
1243 2048 1305 2079 iuae
1321 2048 1450 2088 singulis
1466 2048 1640 2087 symmoriis
1653 2047 1798 2086 injunctas

1087 2094 1126 2122 15
1151 2102 1247 2123 naves
1275 2091 1381 2122 eadem
1407 2092 1526 2123 ratione
1553 2090 1741 2126 dividantur,
1763 2094 1798 2120 ut

1085 2134 1157 2164 fiant
1172 2136 1191 2166 5
1211 2138 1327 2173 partes,
1349 2135 1477 2174 singulae
1492 2144 1585 2165 naves
1600 2136 1620 2165 3
1641 2134 1798 2164 habentes.

1087 2177 1152 2207 Illae
1168 2183 1266 2208 autem
1282 2180 1304 2209 3
1325 2187 1421 2208 naves
1437 2188 1456 2208 a
1475 2177 1650 2217 quibusque
1666 2186 1798 2215 symmo-

1085 2220 1198 2250 riarum
1214 2220 1401 2251 sectionibus
1415 2219 1584 2251 minoribus
1606 2220 1664 2252 hoc
1688 2219 1797 2249 ordine

1084 2263 1207 2294 civitati
1222 2263 1395 2302 praebendae
1412 2267 1494 2298 sunt,
1510 2268 1543 2294 ut
1559 2272 1618 2293 una
1630 2261 1717 2293 navis
1728 2272 1799 2300 per-

1085 2310 1181 2345 petuo
1203 2311 1310 2346 parata
1333 2306 1374 2336 sit
1393 2306 1479 2345 reip:
1505 2305 1552 2337 sin
1573 2306 1670 2345 majus
1692 2315 1797 2337 acces—

1086 2350 1163 2379 serit
1185 2349 1366 2388 periculuru.
1389 2349 1474 2379 duae:
1497 2348 1529 2378 in
1551 2358 1669 2379 summa
1695 2351 1797 2380 amem

1085 2392 1193 2431 patriae
1208 2392 1390 2422 necessitate
1405 2391 1498 2422 trium
1508 2391 1637 2422 navium
1653 2401 1798 2421 numerus

1085 2436 1194 2474 plenus
1209 2445 1277 2466 esse
1294 2435 1415 2465 debeat.
1462 2434 1533 2471 Quo
1554 2434 1648 2470 facto,
1667 2433 1798 2472 singulae

1085 2478 1270 2517 symmoriae,
1287 2478 1407 2508 collatis
1423 2476 1563 2517 singulis,
1576 2487 1652 2516 quas
1666 2476 1799 2509 minores

1085 2531 1190 2552 earum
1213 2521 1368 2552 sectiones
1391 2520 1593 2557 aedificarunt,
1612 2519 1799 2555 triremibus,

1085 2567 1105 2595 5
1129 2574 1221 2594 naves
1247 2565 1363 2594 dabunt
1384 2564 1423 2593 ad
1447 2562 1654 2594 centenarium
1674 2563 1797 2594 navium

1085 2617 1243 2637 numerum
1261 2607 1468 2646 implendum3
1493 2609 1535 2638 10
1556 2610 1670 2641 autem,
1687 2605 1714 2636 si
1734 2607 1798 2636 200

1085 2651 1213 2688 navibus
1235 2660 1314 2690 opus
1339 2655 1405 2688 est;
1435 2652 1475 2681 15
1502 2659 1588 2685 vero,
1615 2647 1644 2679 si
1667 2650 1743 2680 300.
1763 2657 1796 2687 p.

1087 2696 1161 2725 182.
1173 2696 1204 2724 2.
1221 2703 1251 2724 v.
1269 2695 1320 2724 25.
1338 2693 1376 2723 ad
1393 2703 1425 2732 p.
1443 2693 1516 2724 183.
1533 2703 1564 2723 v.
1577 2694 1610 2723 4.

552 2791 745 2831 Symmoritae
763 2794 847 2822 1200
862 2803 956 2824 naves
971 2793 1122 2825 aedificant
1138 2793 1188 2824 vel
1203 2796 1278 2830 300,
1294 2793 1346 2825 vel
1361 2795 1437 2830 200,
1446 2793 1496 2824 vel
1511 2794 1583 2824 100.

789 2837 918 2865 60—-

791 2881 919 2909 12-

336 2947 400 2978 111.
423 2945 483 2977 Sed
499 2944 570 2985 quia
583 2949 675 2976 tantae
685 2944 778 2975 classi
793 2946 975 2977 fabricandae
987 2957 1050 2978 ma-

333 2991 418 3028 jores
435 2993 552 3021 sumtus
572 2990 610 3020 ab
627 2987 817 3029 symmoritis
833 2989 898 3021 fieri
919 3000 1047 3032 necesse

1320 2839 1507 2873 -1o‚—
1549 2835 1582 2865 5.

1318 2896 1362 2903 —
1405 2881 1507 2916 2,-
1550 2881 1581 2908 1.

1134 2855 1177 2860 —
1222 2838 1276 2873 15,

1242 2882 1273 2916 3,

1087 2950 1164 2983 erat,
1173 2957 1263 2986 quarn
1279 2945 1403 2985 quidem
1415 2945 1561 2977 continue
1571 2948 1700 2984 possent
1709 2945 1798 2980 serre,

1084 2990 1256 3022 cavendum
1278 2993 1354 3026 erat,
1369 2993 1404 3020 ut
1419 2999 1459 3020 ex
1478 2988 1588 3031 aernrio
1600 2987 1668 3021 illis
1689 2997 1798 3028 magna
