1931 3322
641 176 1129 221 PROLEGOMENA.

151 295 219 314 rum
248 288 375 314 numero
404 283 560 314 recenseri
589 293 682 323 posse
712 285 864 316 videatur.

148 327 255 357 Facile
277 327 400 366 quidem
427 332 475 357 est
498 327 530 356 in
553 327 728 357 definiendo
754 328 865 358 afferre

150 370 278 409 aliquid,
293 370 374 408 quod
396 369 516 408 generis
541 374 572 399 et
595 371 776 401 differentiae
797 371 864 400 loco

149 422 220 442 esse
229 413 316 442 velis.
341 413 425 442 Illud
436 423 509 443 vero
523 414 746 450 difficillimum,
756 424 862 444 verum

148 465 255 494 genus,
272 455 500 495 legitimamque
516 457 722 488 differentiam
746 457 864 487 attulis-

147 507 191 527 se.
237 498 324 527 Idem
347 498 406 528 hoc
430 500 469 529 de
497 500 619 530 caeteris
644 500 863 539 quaestionibus

147 539 237 570 etiam
252 540 454 580 intelligatur.

186 584 245 613 IV.
268 584 376 614 Causae
394 585 529 614 humauae
545 584 704 624 sapientiae
719 584 804 625 (nain
822 585 861 614 de

143 626 201 656 hac
215 627 350 665 loquitur
365 627 537 668 Isocrates)
553 628 705 658 numerari
720 633 861 667 possunt,

142 668 269 710 εὖμοιξία
294 669 417 709 φύσεως,
440 671 580 701 liberalis
608 670 774 708 institutio,
797 682 861 701 ma-

141 723 220 751 gnus
235 723 336 742 rerum
359 724 442 750 usus,
467 718 498 744 et
518 715 712 744 consuetudo
739 715 860 754 sapien-

140 758 216 790 tum,
238 756 424 787 continentia
439 760 471 786 et
490 757 693 797 temperantia
714 757 744 787 in
762 758 859 794 victu,

141 798 275 838 diligens
297 802 328 828 et
350 800 475 830 assidua
490 800 672 831 meditatio:
696 811 731 830 ac
753 801 858 840 potins

140 840 194 882 (ut
213 841 377 881 propiores
403 848 435 873 et
458 843 556 883 magis
580 844 723 883 proprias
748 854 858 873 causas

140 884 340 926 attingamus)
356 891 389 916 ut
405 887 626 917 demonstratio
647 888 679 917 in
695 888 787 917 rebus
803 888 857 917 hu·

138 928 247 962 manis,
270 928 315 958 sic
338 930 504 968 patefactio
528 930 560 960 in
581 930 697 960 divinis
714 941 786 961 vera
809 940 858 960 sa-

137 971 263 1010 pientiae
284 982 376 1002 causa
400 977 563 1004 statuetur.
608 973 699 1004 Felix
723 974 855 1004 siderum

138 1014 261 1053 positus
276 1014 307 1044 in
329 1015 462 1046 hominis
477 1022 557 1047 ortu.
573 1022 734 1056 parentum
758 1017 856 1058 εὐκρα-

137 1055 189 1086 σία
208 1058 346 1097 σώματος
365 1059 414 1088 καὶ
429 1058 538 1102 ψυχῆς.
560 1059 766 1099 ῶαιδομαθία,
783 1071 855 1090 con-

137 1101 269 1130 suetudo
286 1102 470 1141 sapientum.
514 1103 660 1141 Cognitio
676 1103 855 1143 Theologiae

135 1148 168 1173 et
185 1143 409 1183 Philosophiae,
423 1144 549 1183 μελέτη,
563 1146 779 1187 ωαρατήξηα-ις,
792 1158 856 1186 μα-

134 1184 292 1226 κξοβιὸτης,
308 1186 374 1217 θεία.
389 1187 520 1218 ἐπίπνοια
535 1188 567 1228 ἐξ
582 1187 770 1225 ἐπικλήσεως.
799 1190 856 1219 Sa-

133 1230 252 1268 pientia
266 1235 314 1260 est
327 1231 360 1260 in
372 1236 473 1262 mente
489 1233 631 1269 humana,
643 1233 738 1263 totius
749 1233 856 1263 mundi

133 1272 305 1303 machinam
331 1275 568 1314 contemplante.
601 1277 632 1306 αἱ
659 1276 856 1316 mgis-uicem.

135 1315 238 1352 Quis?
259 1315 429 1347 instructus
445 1318 597 1357 expositis
610 1319 753 1349 vocibus.
776 1320 855 1350 Ubi?

132 1358 214 1388 inter
226 1360 363 1389 eruditos
378 1365 409 1390 et
422 1361 590 1399 sapientes,
602 1361 635 1391 in
652 1372 721 1392 aere
738 1363 855 1393 salubri

133 1407 164 1432 et
178 1403 275 1437 tenui,
287 1408 321 1432 ut
329 1403 469 1433 Athenis.
488 1406 532 1435 00
553 1405 688 1435 Boeotia.
705 1406 855 1441 Quando?

133 1445 185 1475 vel
200 1445 232 1475 in
245 1449 415 1476 senectute.

176 1489 216 1518 V.
239 1489 361 1518 Formae
376 1498 430 1518 seu
446 1489 568 1528 species
584 1498 640 1518 seu
661 1493 766 1527 partes
783 1495 855 1519 sunt

131 1532 247 1572 (neque
263 1531 346 1561 enim
362 1531 438 1566 haec,
453 1531 604 1562 Cicerone
620 1537 746 1562 auctore
767 1533 853 1569 freti,

133 1579 275 1604 accurate
298 1573 534 1615 distinguimus)
556 1574 708 1614 sapientia
735 1575 852 1611 divina,

131 1617 297 1653 diabolica,
313 1618 453 1653 humana,
471 1623 502 1648 et
515 1618 562 1659 (si
575 1617 749 1658 videbitur)
761 1618 852 1648 etiam

130 1661 311 1690 bestiarum.
357 1661 495 1691 Possunt
511 1666 542 1691 et
556 1662 594 1691 ab
611 1661 742 1700 objectis
759 1662 851 1691 variae

131 1703 212 1733 susni
227 1703 361 1743 species,
377 1709 412 1734 ut
427 1703 470 1733 sit
484 1704 544 1734 alia
555 1703 710 1741 militaris,
723 1704 783 1734 alia
795 1715 851 1744 po-

131 1746 236 1777 litica:
261 1747 321 1777 alia
347 1746 380 1776 in
404 1747 552 1777 doctrinae
578 1747 704 1783 studiis,
730 1748 790 1778 alia
818 1748 849 1777 in

131 1789 258 1820 aliarum
283 1790 393 1820 artium
410 1791 555 1829 operibus
569 1795 723 1822 versetur.
769 1792 850 1821 Nam

131 1832 180 1862 his
194 1833 298 1870 etiam,
314 1834 373 1864 etsi
397 1833 529 1865 fortasse
552 1834 653 1864 minus
681 1833 849 1874 exquisite,

132 1876 314 1914 sapientiam
340 1877 511 1907 communis
533 1877 684 1916 loquendi
705 1887 778 1907 usus
794 1878 849 1908 tri-

131 1919 211 1953 buit,
227 1924 261 1948 ut
277 1923 324 1948 est
339 1920 378 1948 ab
393 1919 559 1950 Aristotele
574 1921 783 1950 observatum.

176 1962 234 1991 Vl.
257 1961 367 1992 Officia
383 1963 543 2001 sapientiae
559 1972 629 1993 esse
648 1967 762 1999 statuo,
778 1973 849 1992 con-

131 2005 275 2043 templari
286 2005 457 2041 veritatem,
469 2010 659 2037 constantem
671 2011 762 2045 atque
779 2016 848 2045 per-

131 2053 276 2086 petuam:
300 2053 433 2078 mentem
456 2049 625 2085 illustrare,
652 2049 805 2079 hominem
831 2059 850 2079 a

130 2091 223 2121 terris
237 2091 277 2121 ad
298 2091 409 2121 coelum
431 2102 593 2129 revocare,
609 2096 641 2122 et
657 2093 696 2122 ad
713 2093 848 2132 qualem-

130 2144 249 2173 cunque
260 2135 320 2164 Dei
331 2134 561 2166 similitudinem
571 2136 742 2174 perducere
756 2147 762 2166 :
780 2146 848 2175 quae

129 2177 160 2208 in
181 2178 238 2207 hac
254 2178 329 2213 vita,
347 2183 501 2218 utcunque
523 2179 677 2215 inchoata,
692 2179 723 2208 in
740 2179 846 2215 altera,

128 2220 224 2260 ipsius
243 2220 303 2250 Dei
317 2222 539 2252 consuetudine
550 2222 740 2261 perficiatur.

171 2264 250 2294 vll.
272 2264 409 2304 Cognata
430 2269 514 2301 sunt,
535 2270 620 2295 recta
643 2265 758 2305 opinio,
775 2270 847 2304 pru-

128 2307 244 2343 dentia,
265 2307 434 2347 ingenium,
460 2309 613 2344 doctrina,
641 2308 847 2348 philosophia,

129 2352 218 2389 eujus
235 2350 302 2380 finis
317 2356 365 2381 est
377 2351 528 2390 sapientia
552 2353 649 2382 forma
671 2352 724 2382 illa
745 2352 847 2383 excel-

127 2393 196 2424 lens
218 2392 249 2422 in
275 2393 365 2424 Deo:
389 2394 491 2425 tenuis
505 2400 536 2425 et
551 2396 683 2425 obscura
697 2395 728 2425 in
749 2395 848 2426 homi-

127 2447 178 2468 ne.
222 2437 449 2478 Contemplatio
471 2443 598 2475 uaturae,
614 2439 756 2469 doctriua
781 2449 846 2469 mo-

127 2490 205 2516 rum,
222 2480 375 2519 expolitio
398 2481 562 2517 sermonis,
578 2481 653 2512 vitae
675 2482 847 2512 necessitas

127 2529 159 2554 et
174 2523 390 2559 commoditas,
402 2533 509 2554 omnes
525 2526 613 2555 bonae
628 2529 724 2561 artes,
738 2525 768 2555 in
781 2525 846 2566 pri-

127 2566 188 2598 mis
200 2566 345 2600 εὐβουλία.

169 2611 270 2640 VIII.
294 2609 466 2640 Contraria.
499 2611 651 2647 Stultitia,
673 2611 753 2642 falsa
779 2612 845 2651 opi-

127 2653 190 2689 nio,
202 2653 336 2689 inscitia,
352 2652 475 2690 inertia,
490 2654 585 2684 fraus.

168 2697 236 2727 lx.
261 2697 423 2736 Exempla.
456 2697 600 2728 Perfecta
624 2697 773 2737 sapientia
797 2703 846 2728 est

1534 178 1619 220 315

898 281 928 311 in
946 283 1027 318 Deo,
1044 282 1104 312 Dei
1119 283 1194 319 tilio,
1209 284 1310 315 beatis
1323 284 1430 323 geniis.
1453 285 1617 315 Celebran-

899 331 949 355 tur
971 331 1070 355 tamen
1096 332 1214 364 septem
1237 327 1295 363 illi,
1310 329 1518 368 Pythagoras,
1533 329 1616 358 Ana-

898 378 1041 407 xagoras,
1062 370 1217 404 Socrates,
1234 371 1424 406 Aristoteles,
1441 373 1530 407 Cato,
1548 372 1616 401 Lae-

897 411 965 447 lius,
983 412 1103 446 Cicero,
1121 412 1249 447 Seneca,
1266 412 1324 442 ἃς.
1363 414 1520 453 Sapientia
1535 414 1618 443 Tha-

897 454 980 494 letis,
996 454 1145 490 Platonis,
1164 456 1202 485 D.
1219 456 1317 491 Pauli,
1334 456 1392 486 διο.
1425 458 1501 486 Haec
1514 457 1615 486 omnia

897 498 949 537 (ut
969 498 1085 527 dictum
1109 496 1173 536 est)
1194 508 1365 537 quanquam
1384 500 1478 529 variis
1504 501 1614 537 agitari

897 540 1120 579 quaestionibus
1149 546 1180 570 et
1210 542 1428 571 controversiis
1461 543 1615 580 implicari

896 583 1114 622 possunt,aliis
1124 584 1184 613 alia
1196 585 1490 622 reprehendentibus
1504 586 1570 615 sive
1583 591 1616 615 ut

896 627 983 663 falsa,
999 627 1067 656 sive
1084 632 1118 656 ut
1132 627 1277 657 methodo
1302 627 1381 657 male
1403 628 1614 658 accommoda-

895 673 944 699 ta:
969 681 1024 700 nos
1038 675 1137 699 tamen
1151 680 1188 699 ea
1203 671 1350 709 fingamus
1367 681 1437 700 esse
1453 676 1548 705 certa,
1567 682 1615 700 re-

894 718 1004 752 cteque
1030 713 1182 752 exposita,
1205 715 1329 753 jamque
1351 723 1369 743 a
1385 713 1519 752 simplici
1535 723 1613 743 voce

894 757 930 785 ad
948 757 1148 796 quaestionem
1166 758 1382 796 compositam,
1402 767 1455 786 seu
1471 757 1615 796 proposi-

892 799 1006 829 tionem
1023 805 1223 829 transeamus.

1059 866 1133 902 Quae.
1145 872 1186 897 est
1198 867 1356 907 propositio
1371 866 1448 897 ista?

891 926 1088 966 Categorica.
1133 927 1276 965 Quanta?
1322 927 1498 957 Indefinita.

1135 970 1268 1007 Qualis?
1324 970 1443 1001 Verane
1460 981 1498 1000 an
1514 969 1612 1000 falsa?

935 1012 1081 1043 Dubitari
1103 1017 1210 1053 potest
1231 1014 1270 1044 de
1285 1014 1426 1044 veritate.
1472 1015 1612 1044 Primum

890 1055 969 1085 sitne
984 1057 1101 1095 κτῆμα,
1110 1067 1178 1086 cum
1191 1058 1247 1087 sub
1260 1058 1441 1096 adspectum
1455 1058 1614 1088 oculorum

889 1109 948 1129 non
964 1101 1077 1130 cadat?
1101 1100 1180 1130 sitne
1200 1100 1397 1137 immortalis,
1413 1111 1481 1130 cum
1507 1106 1538 1131 et
1557 1101 1613 1130 ho-

890 1142 988 1172 mines
1012 1143 1190 1178 moriantur,
1207 1148 1240 1173 et
1260 1154 1300 1173 ex
1325 1144 1516 1184 sapientibus
1538 1153 1613 1173 non-

890 1186 967 1215 nulli
984 1186 1069 1216 stulti
1091 1186 1184 1216 fiant?
1208 1186 1295 1216 Sitne
1321 1188 1385 1217 sola
1410 1186 1614 1217 immortalis?

890 1239 926 1258 ac
939 1240 998 1259 non
1014 1230 1120 1269 potius
1135 1229 1409 1267 immortalitatem,
1422 1230 1488 1261 sive
1506 1234 1614 1260 natura

891 1275 969 1312 ejus,
997 1273 1064 1303 sive
1089 1273 1170 1303 fama
1194 1278 1226 1303 et
1250 1274 1397 1303 memoria
1422 1273 1614 1313 posteritatis

891 1321 1058 1355 spectetur,
1093 1317 1124 1346 id
1154 1316 1269 1347 bonum
1300 1327 1369 1347 cum
1397 1317 1523 1352 virtute,
1549 1316 1612 1346 imo

891 1359 983 1389 etiam
1000 1370 1068 1389 cum
1084 1359 1229 1396 stultitia,
1246 1364 1277 1390 et
1289 1360 1368 1390 vitio
1384 1370 1544 1390 commune
1559 1360 1614 1389 ha·

891 1403 983 1432 beat?
1005 1403 1187 1434 celebratur
1200 1403 1281 1433 enim
1294 1414 1353 1433 non
1366 1404 1467 1434 minus
1480 1402 1614 1433 stultitia

891 1445 1031 1482 Coroebi,
1042 1457 1131 1485 quam
1145 1446 1296 1486 sapientia
1309 1447 1492 1477 Salomonis.
1516 1446 1612 1476 Plura

891 1488 1069 1518 discrimina
1084 1489 1308 1528 propositionis
1321 1490 1478 1528 persequi,
1492 1500 1551 1518 non
1565 1493 1614 1519 est

891 1528 1023 1560 instituti
1040 1532 1149 1566 nostri,
1165 1533 1247 1570 quod
1269 1533 1414 1562 monendi
1430 1542 1525 1562 eausa
1545 1537 1613 1562 tan-

888 1576 953 1602 turn
972 1574 1176 1612 suscepimus.

933 1614 1112 1646 Observatio.
1136 1616 1326 1655 Hujusmodi
1348 1614 1457 1653 θέο-εις,
1481 1615 1612 1658 Θέματα,

889 1657 1101 1698 προβλήματι,
1130 1658 1306 1699 ζητήματα,
1338 1660 1525 1700 διαπορήσεις,
1555 1671 1611 1690 seu

887 1711 1071 1741 quocunque
1099 1702 1160 1732 alio
1187 1702 1310 1732 nomine
1336 1704 1493 1743 appellare
1521 1703 1609 1739 libet,

885 1743 1016 1784 gignunt
1028 1743 1219 1785 ἀνθυποφορᾶς
1233 1744 1280 1774 καὶ
1293 1745 1540 1786 organa-tamisim,
1551 1746 1612 1776 hoc

885 1792 945 1823 est,
959 1787 1119 1821 ἀντιθέσεις
1133 1788 1182 1818 καὶ
1198 1788 1307 1825 λύσεις,
1322 1790 1389 1820 sive
1403 1790 1564 1823 ἀνασκευάς
1577 1799 1612 1820 τε

884 1829 933 1860 καὶ
948 1831 1145 1864 κατασκευάς.
1190 1831 1240 1861 Re
1262 1833 1324 1871 jam
1349 1834 1491 1871 probata,
1508 1834 1610 1862 firma-

884 1884 944 1912 que
956 1875 1086 1904 materia
1099 1879 1292 1913 comparata:
1319 1875 1500 1912 Rhetorica,
1515 1876 1610 1906 dissi-

885 1917 1010 1947 mulatis
1023 1922 1055 1947 et
1068 1918 1284 1947 Grammaticae
1296 1921 1328 1947 et
1343 1918 1526 1949 Dialecticae
1542 1929 1609 1949 mu-

884 1959 1021 1995 neribus,
1038 1959 1160 1998 sibique
1175 1960 1348 1990 vendicatis
1369 1966 1512 2001 tauquam
1535 1972 1608 2002 pro-

884 2003 974 2041 priis,
1001 2003 1168 2033 ornandam
1196 2003 1332 2042 suscipit
1360 2004 1543 2044 sapientiam
1566 2015 1608 2035 ex

885 2045 949 2075 suis
978 2046 1069 2083 locis,
1096 2051 1200 2085 partes
1226 2047 1373 2077 orationis
1397 2048 1549 2084 oratoriae,
1576 2053 1609 2079 et.

884 2090 1047 2119 verborum
1073 2087 1354 2130 sententiarumque
1383 2091 1490 2130 figuris
1519 2092 1608 2122 adhi—

884 2132 995 2163 hendo.
1039 2133 1126 2163 Hinc
1150 2139 1291 2172 apparet,
1313 2134 1550 2164 Grammaticam
1572 2146 1607 2164 o-

883 2176 1048 2215 ptimorum
1073 2177 1239 2206 verborum
1266 2176 1385 2216 sylvam
1416 2187 1606 2217 congerere:

883 2220 1010 2249 eandem
1028 2229 1045 2249 a
1061 2219 1237 2250 Dialectica
1251 2220 1283 2249 in
1297 2230 1369 2250 suas
1385 2221 1503 2251 classes
1519 2220 1608 2260 dige-

883 2263 928 2292 ri:
959 2263 1159 2293 Rhetoricam
1185 2263 1359 2302 elegantem
1382 2264 1457 2294 inde
1480 2264 1607 2295 domum

883 2311 915 2336 et
930 2305 1023 2337 variis
1040 2306 1136 2346 signis
1156 2306 1354 2346 picturisque
1373 2307 1525 2337 illustrem
1550 2318 1607 2338 ex-

883 2354 1014 2380 struere.
1061 2351 1097 2379 Id
1116 2351 1199 2390 quod
1215 2350 1279 2380 fieri
1296 2350 1380 2379 nullo
1393 2351 1486 2380 modo
1503 2355 1608 2390 potest

879 2393 1013 2434 (saepius
1037 2393 1117 2423 enim
1145 2398 1206 2423 tam
1232 2393 1405 2423 necessaria
1435 2394 1607 2425 admonitio

881 2436 1050 2475 repetenda
1072 2434 1148 2476 est),
1165 2436 1224 2466 nisi
1247 2442 1277 2466 et
1300 2436 1390 2475 copia
1405 2439 1571 2467 verborum
1588 2448 1607 2468 a

881 2479 1103 2514 Grammatica,
1120 2484 1152 2509 et
1177 2479 1276 2509 solida
1299 2479 1437 2519 cognitio
1461 2491 1565 2511 rerum
1589 2490 1607 2511 a

880 2522 1046 2562 multiplici
1071 2523 1223 2559 doctrina,
1242 2523 1395 2562 judicium
1419 2527 1451 2554 et
1474 2534 1607 2555 censura

880 2567 950 2597 veri
966 2576 984 2595 a
1000 2565 1175 2595 Dialectica
1188 2567 1417 2607 suppeditetur.
1462 2568 1524 2597 Sed
1540 2569 1604 2598 haec

881 2610 1027 2640 hactenus
1056 2609 1172 2650 (ωλείω
1197 2611 1252 2651 γὰρ
1277 2609 1380 2650 σχεδὸν
1406 2612 1447 2640 τὰ
1476 2611 1603 2652 πάρεςγι

879 2655 936 2683 τῶν
949 2652 1060 2693 ἔργων),
1072 2662 1142 2692 quae
1157 2653 1238 2683 bono
1255 2654 1358 2683 studio
1370 2653 1400 2683 in
1412 2653 1547 2684 medium
1560 2659 1605 2683 at-

879 2696 947 2726 tuli.
980 2697 1071 2726 Nunc
1093 2695 1130 2725 ud
1148 2696 1323 2727 institutum
1339 2703 1387 2727 est
1402 2698 1603 2728 redeundum.

193 2827 676 2876 ANNOTATIONES
710 2833 776 2875 IN
810 2831 1045 2875 LIBANII
1079 2830 1542 2874 ARGUMENTUM.

169 2923 209 2953 P.
223 2924 255 2956 ⁹7.
274 2927 304 2955 1.
323 2926 511 2967 ΛῐΒΑΝιοΎ]
529 2924 542 2955 ὅ
558 2923 727 2960 λιθανωτδς,
744 2924 793 2954 vel
811 2922 845 2953 τὸ

124 2964 275 2997 Mearm-av
297 2968 443 3008 (utroque
459 2970 541 2998 enim
564 2979 675 3009 genere
699 2967 845 3008 dicitur),

125 3009 202 3041 thus.
227 3007 348 3048 λίβανος,
363 3012 449 3043 arbor
473 3011 571 3043 thuris
595 3017 654 3049 est,
673 3016 702 3042 et
719 3010 843 3043 Arabiae

881 2933 980 2960 mous,
997 2923 1050 2964 qui
1066 2934 1135 2954 cum
1152 2923 1329 2954 Antilibano
1346 2922 1436 2952 κοίλην
1452 2921 1556 2961 Συρίαν,
1570 2922 1602 2953 id

881 2972 939 3003 est,
954 2978 1053 2998 cavam
1066 2966 1183 3009 Syriam
1195 2965 1337 2995 includit.
1363 2965 1445 2994 Hinc
1462 2964 1602 3001 Λιβάνιος,

882 3010 949 3041 sive
967 3021 984 3041 a
999 3015 1101 3041 monte
1118 3010 1246 3045 Libano,
1265 3008 1331 3038 sive
1349 3018 1365 3037 a
1382 3008 1469 3038 thure
1494 3018 1600 3039 nomen
