1997 3323
353 169 408 210 26

357 274 462 314 πρᾶξαι
479 277 595 312 Ιανολλιὶ,
611 288 644 306 ων
659 277 730 309 οὐδὲν
744 277 876 311 ἐβούλετο
889 280 973 320 [scil.
990 281 1063 320 πςῖι-

356 317 413 354 ξαι.
437 319 519 357 quod
536 320 627 349 tacite
642 327 744 360 potest
762 323 888 362 lepetiJ.

399 377 441 382 —
458 363 487 390 8.
512 363 589 401 ἡμῶν
602 365 707 405 αὐτῶν]
734 369 804 403 post
823 366 900 403 ἡμῶν
914 364 1005 394 αὐτῶν
1017 365 1063 395 vi-

355 402 445 432 «tetur
456 404 565 434 deesse
578 406 643 436 sive
658 407 696 448 τῇ
710 408 790 447 signvp
802 406 983 445 ἐμμένοντες,
998 409 1064 438 sive

354 444 374 473 ἃ
390 447 505 482 κελεύω,
520 459 675 483 ’ποιουν-τες
698 450 764 479 scil.
786 456 1018 489 perseverantes
1033 452 1063 481 in

356 498 442 539 pace,
460 501 558 529 neque
573 493 661 522 facile
675 503 698 520 e
693 503 738 522 am
752 493 810 522 nisi
822 493 1012 532 gravissimis
1025 495 1064 524 de

355 533 456 562 causis
472 540 639 564 moventes.
664 536 725 564 Sed
739 546 822 568 ecce.
833 537 898 565 haec
913 547 1065 567 commen-

356 579 436 609 tans,
459 576 561 606 incido
585 578 614 606 in
642 578 770 608 schedas
791 579 923 618 Taylori,
948 579 1001 609 ubi
1024 591 1064 610 ex

357 618 534 658 Harleyano
556 620 618 649 haec
637 626 685 650 est
700 622 791 651 lectio
805 626 964 652 annotata:
987 624 1065 661 ἡμῶν

357 661 448 690 αὐτῶν
463 662 484 691 εἰ
501 663 548 691 οὐκ
564 662 622 693 οὔτ’
641 663 726 694 ἔσται
743 665 876 704 πόλεμος.
901 666 974 695 tolle
990 667 1065 702 οὔτε,

357 709 387 732 et
404 704 540 740 habebis,
557 708 586 735 ni
604 707 703 743 fallor,
721 718 840 738 manum
858 708 996 739 orator-Is.
1020 710 1065 738 vi-

356 747 432 776 deor
454 748 527 777 mihi
551 749 707 786 docuisse,
731 761 829 790 neque
844 762 908 782 rem
924 762 979 782 nos
996 762 1064 783 esse

734 172 767 214 Ι.
791 172 826 213 Ι.
846 171 1069 214 REISKE
1091 169 1419 213 ANNOTATA

1096 281 1229 311 facturos
1242 281 1330 311 nobis
1342 282 1508 320 indignam,
1519 280 1542 311 εἶ
1557 281 1605 311 οὐκ
1615 278 1700 311 ἔσται
1711 275 1805 308 wetm-

1096 335 1162 363 μος,
1180 325 1207 353 si
1219 335 1341 363 operam
1357 325 1477 361 demus,
1495 331 1528 354 ut
1543 324 1656 354 bellum
1673 321 1806 361 sopitum

1097 372 1226 396 maneat.

1140 427 1183 432 —
1200 412 1230 440 9.
1253 409 1360 450 δείξειν]
1389 409 1489 439 malim
1513 409 1610 448 δειξαι,
1634 408 1664 438 ἰη
1689 416 1751 436 aor.
1774 407 1805 434 1.

1098 453 1155 482 hoc
1166 452 1271 482 videor
1282 452 1355 482 mihi
1366 463 1432 482 mea
1443 453 1498 482 hac
1507 453 1640 482 oratione
1651 449 1807 482 docuisse,

1099 496 1148 525 vel
1165 496 1286 534 planum
1305 495 1426 525 fecisse.

1140 556 1183 561 —
1200 542 1250 568 10.
1274 537 1433 579 ὑπομένειν]
1449 538 1480 567 h.
1491 537 1513 567 1.
1529 541 1577 566 est
1591 547 1650 566 non
1665 535 1805 568 tolerare,

1099 582 1266 620 sustinere;
1285 582 1337 610 sed
1356 582 1479 616 audere,
1490 580 1604 616 subire,
1617 580 1731 614 conari,
1743 587 1810 606 sus-

1099 625 1216 664 cipere,
1230 623 1366 663 aggredi.

1141 684 1183 689 —
1208 670 1260 698 18.
1290 664 1541 706 καταλαμζάνειν]
1578 674 1675 694 aunon
1705 663 1810 702 potius

1098 709 1244 751 κατέχειν.
1271 720 1337 740 nam
1356 711 1418 749 jam
1445 709 1561 739 dudum
1585 712 1654 738 ante
1677 716 1810 745 occupa-

1100 758 1196 782 verat.

620 893 704 934 AD
744 893 1149 936 PHILIPPICAM
1185 893 1546 936 SECUNDAM.

403 998 455 1026 66.
472 999 501 1028 6.
523 997 612 1028 αἴτιον
632 998 660 1029 δὲ
678 999 798 1040 τούτων]
822 1000 895 1032 citat
909 1000 939 1030 h.
955 1001 977 1030 l.
1000 1001 1068 1030 Sto-

360 1040 445 1069 baeus
462 1051 492 1078 p.
510 1043 583 1070 270.
599 1043 652 1071 30.

402 1085 512 1114 -93-
535 1083 607 1123 μηδ’
621 1083 831 1134 ἒπιστησεται]
857 1087 876 1116 l'.
897 1086 970 1126 μηδὲ
994 1096 1069 1126 ‘negt—

361 1125 515 1156 στησεται.
533 1127 594 1157 sibi
604 1127 816 1168 circumponat
828 1130 1070 1169 amplitudinem.

362 1179 428 1197 sese
445 1169 533 1207 quasi
550 1170 643 1201 vallet
656 1181 692 1201 ea
704 1182 794 1211 opum
810 1173 1027 1211 magnitudine.

404 1213 456 1240 67.
474 1215 525 1243 026.
543 1213 609 1254 §mg
621 1214 737 1254 συνέβη]
754 1215 881 1245 malim‘l
865 1226 937 1255 ‹am-eg
948 1216 994 1245 καὶ
1008 1226 1071 1245 συν-

361 1252 419 1283 ken.
443 1255 473 1284 id
491 1257 570 1294 quod
588 1257 678 1286 etiam
695 1258 808 1287 evenit.

405 1300 456 1328 68.
477 1301 507 1328 2.
530 1298 626 1329 ταῦτα
653 1299 829 1341 υπειληφὼς]
852 1301 979 1331 subaudi
1003 1299 1072 1340 «περὶ

360 1340 461 1370 αὐτῶν.
477 1351 544 1371 nam
562 1342 636 1372 alias
656 1344 716 1382 leg.
735 1344 790 1373 sit.
818 1345 915 1374 ταύτὰ
941 1344 1073 1379 vomo-w,

363 1383 459 1413 ταύτὰ
473 1385 624 1420 γινώσκειν,
640 1386 811 1425 ὑπειληφώς.

404 1445 446 1449 -
469 1430 518 1457 14.
542 1428 658 1470 τούτου]
687 1431 808 1468 praetuli
833 1429 948 1459 τούτων.
983 1429 1073 1467 hujus

361 1469 497 1499 universi
519 1471 651 1508 generis,
675 1477 749 1510 puta
769 1483 873 1512 regum
892 1472 1073 1502 Macedoni-

361 1523 480 1548 corum,
490 1513 639 1553 Philippi,
651 1514 832 1551 Alexandri,
845 1520 873 1544 et
885 1515 1073 1554 reliquorum

362 1560 572 1594 cognatorum.
595 1562 626 1586 et
646 1557 690 1587 sic
711 1568 833 1598 quoque
849 1559 903 1587 dat
918 1559 1072 1596 Harpocr.

361 1598 489 1628 laudans
503 1600 531 1629 h.
545 1600 566 1629 l.
580 1611 608 1630 v.
621 1599 810 1642 Ἀλέξανδρος,
827 1602 889 1638 ubi,
904 1601 955 1640 qui
968 1600 1073 1636 fuerit,

361 1642 463 1671 docet.

405 1702 448 1707 —-
460 1687 511 1715 21.
529 1684 684 1727 προγόνους]
699 1687 766 1717 scil
775 1685 880 1728 εὑςίσκε
883 1700 890 1717 ι
906 1686 953 1718 καὶ
971 1686 1071 1717 ἀκούει.

362 1727 394 1757 id
410 1729 491 1767 quod
509 1739 525 1758 e
543 1740 634 1759 versu
648 1733 699 1759 11
717 1731 776 1760 huc
788 1731 880 1760 tacite
896 1735 943 1760 est
956 1735 1073 1769 pertra-

362 1771 505 1800 hendum.
528 1773 680 1813 comperit
693 1773 821 1811 legens'
813 1785 844 1803 ιη
860 1774 1032 1809 annalibus,
1045 1777 1075 1803 et

364 1814 479 1853 accipit
498 1816 534 1844 ab
551 1815 705 1845 hominum
722 1817 810 1846 fama.

404 1874 447 1880 ——
471 1859 522 1887 93.
552 1857 607 1898 ἰδίᾳ,
641 1858 674 1887 τδ
703 1859 883 1900 λυσιτελοῦν]
914 1859 1073 1898 probarem

363 1900 462 1939 magis
479 1912 511 1929 το
527 1900 581 1940 ἰδία
597 1907 696 1931 λ.υσιτ
714 1903 901 1942 transposito
916 1902 1055 1932 articulo.

406 1961 449 1965 ——
465 1953 535 1982 pen.
558 1955 604 1973 και
622 1944 704 1984 τότε]
729 1946 795 1975 scil.
807 1945 909 1986 ᾑρεῖτο.

405 1989 458 2017 69.
469 1990 499 2018 2.
515 1986 561 2017 επὶ
575 1987 612 2028 τῇ
626 1986 777 2029 Θαλάττη]
796 1987 916 2018 malim
907 1999 952 2018 επι
965 1999 1016 2021 της
1026 1985 1076 2016 Θα-

363 2029 476 2064 λάττης
490 2031 538 2070 (in
551 2030 705 2071 genitivo)
720 2032 780 2061 ob'
772 2042 936 2071 insequens
951 2033 1007 2060 τῶν
1021 2029 1076 2070 ἐμ.-

363 2072 469 2112 ποςίων.
480 2074 535 2103 sed
548 2074 640 2103 video
650 2084 729 2103 nunc
741 2074 770 2104 in
783 2075 954 2114 appendice
963 2074 1077 2104 Franc-

364 2116 482 2145 furtana
498 2117 555 2146 hoc
574 2118 636 2156 jam
654 2127 671 2146 a
686 2118 790 2147 nescio
807 2128 866 2156 quo
882 2123 1076 2156 occupatum.

406 2176 450 2181 —
460 2161 489 2189 9.
505 2160 562 2200 νῦν]
588 2165 751 2199 postquam
764 2160 1005 2190 Lacedaemoniis
1018 2160 1076 2189 im-

364 2202 494 2242 peravit,
515 2207 548 2232 ut
572 2203 759 2233 Messeniam
784 2203 948 2233 remittant.
994 2202 1077 2232 Citat

364 2246 443 2275 hunc
458 2245 557 2275 locum
576 2245 725 2286 Hermog.
737 2258 766 2285 p.
777 2249 851 2277 310.
874 2247 924 2276 τοῦ
941 2244 964 2276 δ’
977 2243 1014 2275 αὖ
1024 2257 1076 2275 κα-

365 2289 405 2317 τὲι
428 2290 587 2329 συστροφὴν
609 2288 768 2330 σχήματος
791 2288 816 2320 ἓν
837 2289 929 2327 τούτῳ
952 2288 995 2328 τῷ
1015 2289 1077 2319 εἴδει

362 2331 549 2370 παράδειγμα
564 2330 659 2361 redas-<3
675 2334 728 2372 γὰρ
737 2332 971 2363 Μεσσήνην-εὶ
982 2333 1077 2362 Scho-

365 2374 470 2404 liastes
491 2376 639 2413 Hermog.
659 2376 697 2405 ad
713 2376 744 2405 h.
759 2376 780 2406 l.
804 2377 901 2406 πολλὰ
920 2375 975 2414 μὲν
997 2376 1077 2416 ἰω-ξά-

364 2428 472 2454 γματα
499 2417 560 2458 ἔχει
583 2417 722 2454 ἐνταῦθα,
745 2418 959 2458 συνεσφιγμὲνα
982 2418 1011 2448 δὲ
1030 2418 1077 2449 καῖ

366 2460 510 2499 σύντομα,
535 2461 570 2494 ὡς
591 2463 633 2501 μὴ
652 2462 737 2491 δοκεῖν
754 2462 821 2492 εἶναι
837 2462 946 2492 πολλοὶ.
969 2472 1076 2492 rursus

366 2503 515 2543 Hermog.
531 2514 562 2557 p.
575 2506 650 2534 366.
663 2506 803 2544 μάλιστα
816 2504 843 2535 δὲ
859 2503 995 2539 τηςῖδέας
1007 2505 1077 2535 ταύ-

365 2557 417 2579 της
439 2557 487 2575 καί
511 2558 545 2576 TO
568 2549 646 2577 κατα
669 2550 828 2589 ἴυστροφῆν
844 2560 953 2589 σχῆμα
972 2548 1076 2578 Οἶκεῖῡν-

365 2588 481 2628 δυνάμει
497 2591 551 2629 γᾶς
566 2589 683 2632 μεγαλῃ
687 2591 787 2644 φύσει
807 2601 840 2620 τε
860 2591 1008 2632 κέχρηται,
1027 2591 1077 2620 καὶ

366 2630 494 2670 φαίνεται
509 2633 659 2674 χρώμενον.
675 2630 732 2663 οιον·
747 2634 758 2662 ὁ
773 2635 827 2674 γὰρ
839 2640 915 2663 Μεσ.

409 2692 452 2697 -—
468 2679 518 2706 11.
543 2675 675 2715 νομίζειν]
700 2676 771 2706 dedi
794 2678 833 2706 de
856 2687 925 2707 meo
949 2676 1075 2716 νομίζων.

366 2718 563 2748 Constructio
574 2729 685 2758 nempe
699 2720 764 2749 haec
781 2725 844 2749 est:
866 2719 1013 2757 cumbam-o
1025 2729 1076 2749 πε-

365 2760 505 2791 ποιηκέναι
529 2760 644 2801 νομίζων
665 2761 711 2802 [id
738 2766 796 2798 est,
822 2761 867 2791 διὰ
886 2761 920 2791 τὸ
942 2761 1075 2803 νομίζειν]

365 2806 463 2834 ταῦτα
483 2803 550 2834 εῖναι
565 2803 668 2834 δίκαια.
692 2804 744 2844 qui
768 2805 938 2844 praetendat
961 2816 994 2835 se
1017 2806 1076 2835 ista

366 2847 436 2876 ideo
452 2847 578 2884 fecisse,
599 2848 681 2887 quod
701 2847 866 2877 arbitratus
889 2852 972 2877 esset
990 2858 1076 2887 aequa

365 2895 397 2920 et
410 2892 492 2929 justa
507 2901 584 2920 esse.

407 2950 450 2956 --
466 2936 518 2964 21.
541 2934 620 2963 ἀλλὰ
627 2932 700 2986 καὶ]
723 2932 805 2963 idem
820 2938 868 2963 est
882 2943 918 2962 ac
937 2933 962 2962 si
978 2932 1076 2962 dixis-

365 2980 428 3005 set:
446 2974 516 3006 ἀλλ
531 2976 577 3008 ήδη
587 2976 635 3007 καὶ
650 2975 851 3016 ξένους-εισι]
863 2981 948 3016 parat
961 2976 1074 3012 faeere,

1104 1011 1161 1031 non
1179 1000 1309 1030 minatur
1325 1000 1474 1029 facturum
1485 1016 1528 1021 —
1540 998 1594 1028 sed
1606 999 1669 1037 jam
1685 997 1770 1028 facit.

1147 1061 1188 1066 ——
1205 1045 1256 1073 ⁶26.
1280 1042 1336 1072 οὐδ’
1359 1043 1391 1072 ἂν
1408 1041 1545 1082 ἡγοῦμαι]
1572 1041 1692 1080 praetuli
1716 1041 1764 1070 οὐκ.
1783 1040 1816 1070 ἃν

1104 1088 1150 1125 iay.
1193 1085 1351 1115 Sententia
1366 1087 1430 1115 haec
1447 1091 1512 1114 est:
1538 1085 1611 1115 Sive
1627 1088 1767 1114 coactum
1785 1088 1816 1114 et

1104 1129 1234 1159 invitum
1251 1129 1428 1168 Philippum
1443 1128 1519 1157 illud
1535 1127 1620 1167 prius
1635 1127 1681 1157 ais
1695 1127 1815 1161 secisse,

1106 1177 1140 1201 ut
1166 1172 1398 1202 scil.'l'hebanis¹
1422 1171 1647 1200 Orchomenum
1668 1174 1699 1199 et
1721 1170 1817 1200 Coro-

1106 1225 1192 1244 neam
1208 1215 1406 1249 condonaret,
1423 1214 1488 1243 sive
1504 1224 1581 1242 nunc
1593 1213 1630 1242 de
1643 1212 1818 1242 constantia

1106 1263 1137 1287 et
1148 1258 1206 1288 lide
1216 1258 1429 1287 Thebanorum
1442 1257 1606 1296 desperare
1620 1267 1626 1285 :
1644 1266 1702 1285 non
1713 1259 1817 1295 potest

1106 1301 1248 1340 exputat-i
1265 1310 1355 1330 causa
1376 1300 1437 1330 ulla
1457 1299 1640 1339 probabilis,
1661 1309 1716 1328 cur
1734 1299 1817 1329 The-

1107 1345 1252 1374 banorum
1279 1343 1430 1378 inimicos,
1459 1341 1704 1372 Lacedaemonios
1728 1346 1819 1381 atque

1108 1387 1294 1422 Phocenses,
1318 1386 1398 1416 odiis
1421 1393 1481 1415 tam
1504 1384 1752 1424 implacabilibus
1772 1385 1817 1414 in-

1108 1434 1260 1466 sectetur3
1278 1429 1309 1458 id
1326 1429 1406 1467 quod
1425 1428 1504 1458 facit.
1529 1429 1614 1467 Ergo
1631 1437 1728 1466 neque
1745 1427 1819 1457 olim

1108 1477 1232 1503 coactus
1255 1471 1383 1501 indulsit
1404 1470 1571 1507 Thebanis,
1591 1480 1658 1509 quae
1677 1470 1819 1506 indulsit,

1108 1526 1205 1555 neque
1221 1524 1300 1544 nunc
1317 1514 1467 1544 malevolo
1487 1523 1560 1552 erga
1576 1523 1629 1543 eos
1644 1518 1693 1542 est
1709 1513 1820 1550 animo,

1109 1562 1310 1597 suspectosve
1326 1557 1426 1586 habet.
1471 1556 1561 1586 Falsa
1582 1566 1655 1595 ergo
1679 1561 1749 1586 sunt
1771 1567 1818 1593 ea,

1108 1612 1175 1640 quae
1198 1605 1348 1630 nostrates
1367 1601 1405 1629 de
1421 1599 1558 1639 Philippi
1582 1609 1650 1628 cum
1666 1599 1819 1630 Thebanis

1109 1643 1280 1673 rationibus
1297 1643 1491 1682 suspicantur
1507 1647 1537 1672 et
1549 1642 1677 1680 jactant.

1150 1689 1203 1717 70.
1219 1689 1249 1716 Ξ.
1266 1685 1327 1727 ὅτι]
1344 1686 1429 1715 uncis
1439 1684 1562 1720 inclusi,
1579 1686 1659 1724 quod
1671 1695 1688 1714 e
1699 1689 1821 1724 postre-

1108 1730 1166 1759 mis
1182 1728 1281 1760 literis
1297 1739 1365 1759 voc.
1383 1727 1485 1769 Θεωςοίη
1509 1733 1611 1758 natum
1634 1738 1715 1764 esse,
1738 1727 1819 1758 ultro

1109 1777 1203 1813 paret.
1229 1771 1470 1812 πραγματεύεται
1489 1771 1571 1801 idem
1592 1776 1639 1801 est
1655 1776 1746 1810 atque
1762 1778 1821 1810 φω-

1108 1817 1192 1857 ρᾶται
1207 1815 1489 1855 πραγματευόμενος,
1504 1815 1554 1844 vel
1567 1813 1645 1849 δῆλός
1658 1813 1723 1844 ἔστι
1737 1825 1818 1855 πρα-

1108 1858 1332 1898 γματευόμενος.
1354 1857 1606 1898 deprehenditur,
1622 1861 1674 1887 aut
1688 1862 1820 1892 constat,

1110 1903 1135 1932 si
1165 1901 1234 1941 quis
1263 1906 1348 1931 recte
1377 1904 1509 1940 reputet,
1536 1911 1606 1930 eum
1634 1899 1736 1930 omnia
1756 1910 1821 1930 ma-

1109 1944 1235 1979 chinari,
1258 1955 1448 1984 quaecunque
1471 1943 1671 1979 machinatur,
1686 1943 1718 1973 in
1737 1943 1820 1973 frau-

1109 1989 1180 2018 dem
1196 1987 1274 2026 reip.
1298 1988 1468 2018 συντάττειν
1487 1986 1525 2016 de
1547 1985 1680 2022 callidis,
1696 1986 1821 2016 fraudu-

1109 2031 1202 2061 lentis
1227 2031 1500 2061 machinationibus
1526 2034 1701 2069 usurpatur,
1726 2029 1820 2059 simili

1111 2075 1204 2104 ducto
1229 2074 1268 2104 de
1298 2084 1393 2113 opere
1420 2072 1591 2108 tessellato,
1609 2072 1805 2102 vermiculato
1812 2094 1821 2108 ‚

1111 2116 1242 2151 musivo,
1253 2115 1305 2146 ubi
1317 2116 1452 2146 tessellae
1462 2115 1628 2145 innumerae
1644 2119 1675 2144 et
1687 2115 1821 2145 multifa-

1110 2159 1165 2189 riae
1181 2159 1374 2189 multifariam
1390 2163 1462 2189 sunt
1475 2163 1540 2189 arte
1554 2157 1681 2188 mirifica
1694 2168 1820 2198 compo-

1111 2202 1188 2232 sitae.

1153 2263 1196 2268 -—
1213 2247 1243 2276 6.
1267 2243 1438 2286 ὑπείληφεν]
1462 2245 1501 2275 de
1523 2255 1592 2275 meo
1613 2243 1687 2275 dedi
1705 2244 1820 2275 ὑπειλη-

1111 2289 1178 2328 φώς.
1194 2289 1264 2328 quia
1280 2289 1337 2318 sibi
1353 2288 1517 2328 persuasit.

1154 2349 1195 2355 —-
1213 2334 1242 2361 8.
1266 2330 1328 2372 ἔχει
1346 2330 1491 2373 χρῆσθαι]
1515 2341 1585 2361 num
1609 2329 1683 2372 ἔχων
1702 2331 1820 2372 χρῆται.

1111 2380 1163 2406 aut
1177 2374 1241 2416 ἔχει
1256 2375 1304 2404 καὶ
1314 2376 1430 2416 χρῆται.
1445 2385 1520 2413 quas
1534 2375 1624 2404 urbes
1639 2379 1671 2404 et
1683 2384 1760 2413 quos
1772 2374 1819 2404 lo-

1112 2429 1176 2454 cos,
1193 2429 1249 2458 per
1263 2418 1325 2447 vim
1341 2422 1372 2447 et
1384 2417 1470 2447 nefas
1479 2417 1568 2447 vobis
1579 2421 1715 2456 ereptos,
1727 2421 1821 2453 tenet,

1110 2461 1211 2501 iisque
1227 2465 1333 2491 contra
1348 2471 1404 2491 vos
1419 2459 1524 2490 utitur.

1152 2522 1197 2528 —-
1214 2508 1263 2534 10.
1287 2502 1409 2545 πςόειτο]
1432 2503 1536 2533 malim
1553 2500 1662 2543 πρόοιτο
1679 2502 1712 2532 in
1731 2505 1819 2541 opta-

1111 2547 1188 2579 tivo.

1153 2607 1197 2614 -—·
1213 2592 1264 2620 14.
1284 2587 1406 2630 νομίζοι]
1431 2588 1551 2619 correxi
1566 2586 1682 2628 νομίζει.
1704 2598 1772 2617 nam
1788 2587 1821 2618 ἂν

1111 2644 1210 2673 neque
1224 2633 1262 2663 ad
1276 2632 1370 2668 istud,
1385 2643 1483 2672 neque
1494 2632 1531 2661 ad
1546 2631 1603 2661 hoc
1615 2631 1820 2667 refertur,sed

1111 2677 1149 2706 ad
1160 2677 1268 2716 μισεῖν.
1286 2675 1455 2712 existimat,
1467 2685 1535 2711 vos,
1548 2684 1581 2704 se
1598 2673 1624 2703 si
1639 2673 1727 2704 exosi
1741 2674 1822 2710 sitis,

1110 2720 1250 2750 meritum
1268 2718 1382 2748 odisse.

1153 2780 1196 2785 -—
1220 2763 1272 2792 16.
1302 2761 1347 2791 διὰ.
1369 2758 1458 2790 ταῦτ’
1474 2758 1625 2800 ἐγρήγορεν]
1649 2759 1724 2790 citat
1746 2760 1776 2789 h.
1798 2759 1820 2790 1.

1110 2805 1304 2835 Minucianus
1328 2803 1390 2843 περι
1414 2801 1665 2856 ἐπιχειςηματων,
1688 2813 1720 2842 p.
1746 2804 1820 2833 146.

1111 2849 1149 2878 de
1177 2848 1399 2885 enthymemate
1421 2843 1484 2874 ἄναγ’
1501 2844 1606 2879 αἰτίας.
1629 2845 1681 2875 uhi
1697 2845 1742 2875 sic
1758 2845 1819 2875 ait.

1110 2889 1248 2920 σύνοιδεν“
1240 2889 1333 2928 εαυτῷ
1348 2888 1489 2923 Φίλιππος
1504 2890 1602 2919 πολλὰ
1612 2887 1762 2924 ἠδικηκότι,
1772 2888 1822 2918 καὶ

1109 2933 1154 2963 διὰ,
1169 2934 1254 2962 τοῦτο
1263 2932 1420 2971 μισοῦντας
1433 2931 1511 2970 υμέἱς
1525 2929 1633 2967 ἑαυτὸν,
1645 2941 1705 2966 και,
1721 2931 1744 2961 εἲ
1758 2942 1822 2961 και-

1109 2977 1153 3016 go?
1180 2974 1333 3012 λάβοισθε,
1366 2972 1621 3015 τιμωρησαμένους.
1657 2973 1703 3005 διὸ,
1733 2973 1822 3006 ταῦτ’
