1931 3323
98 2719 127 2739 ᾖ]

328 213 418 255 324
587 213 644 254 Η.
669 213 887 255 WOLFII
920 213 983 255 ΙΝ
1018 213 1052 254 I.

340 319 483 358 γμάτωνς
500 320 578 350 item
595 321 848 351 considerandum
863 318 900 350 οἷν
914 319 1045 358 plurale,

341 373 378 391 an
392 372 451 402 pro
459 360 488 392 οὗ
501 363 646 402 singulari
659 365 700 394 sit
714 365 860 404 positum,
872 362 935 393 καθ’
948 361 1046 401 ἑτέρω-

342 415 386 434 σιν
401 405 529 441 numeri,
546 407 685 437 usitatam
698 409 825 438 Graecis.

386 465 430 470 -—
444 448 522 478 ibid.
538 449 598 489 περὶ
611 448 663 492 οἷν]
680 451 740 490 περὶ
755 449 854 480 ἐκείνων
869 448 898 484 ἃ,
914 448 975 483 vel,
986 446 1047 486 περὶ

342 487 455 527 ἐκείνων,
479 492 540 533 περὶ
564 491 609 523 οἷν.
657 494 774 524 Dicitur
789 493 866 522 enim
888 496 1047 528 utrumque

342 536 442 564 σκοπῶ
463 536 558 572 τοῦτο,
581 540 612 566 et
633 539 732 567 σκοπῶ
754 536 814 575 περὶ
837 535 946 564 τούτου.
992 534 1048 563 Est

344 583 397 606 aut
414 576 545 618 ἑτέρωσις
564 581 691 614 numeri,
706 583 757 609 aut
778 576 907 615 ἔλλειψις
927 581 1048 606 antece-

344 620 458 656 dentis,
480 620 506 650 ἐν
526 621 635 656 τούτοις
656 622 717 662 mg?
737 619 782 650 οἷν.
828 622 890 650 Sed
916 621 942 650 si
966 620 1050 657 legas

344 663 406 702 περὶ
430 661 470 697 οὗ,
494 665 612 695 scilicet
631 666 679 694 τοῦ
704 663 872 697 συνοίσοντος
898 663 936 704 τῇ
958 662 1049 697 πόλει,

343 705 417 735 nihil
434 717 511 746 opus
529 714 574 737 est
589 708 724 747 argutias
741 717 889 746 qumrere.
923 707 1050 734 Senten-

344 748 389 778 tia
409 755 475 779 est:
499 751 662 780 deliberari
680 761 756 779 nunc
775 750 845 788 quid
863 749 902 778 sit
917 749 1048 777 futurum

344 800 362 821 c
374 792 553 831 republica;
570 793 618 822 cui
633 792 755 832 privata
766 792 877 822 lucella
893 792 954 820 sint
967 795 1051 829 post-

343 836 496 873 ponenda.
541 837 589 866 Ad
605 835 860 865 constructionem
880 832 1050 873 qund'atti-

344 882 414 907 net:
447 879 629 908 antecedens
655 879 684 908 in
712 877 885 918 hujusmodi
907 877 1050 916 loquendi

346 921 446 949 modis
462 921 631 959 omittitur3
653 922 728 951 etin
748 923 815 960 ejus
831 931 915 957 casu,
931 921 982 959 qui
1003 930 1050 949 ca·

347 973 399 992 sus
416 963 453 992 ad
471 965 652 995 antecedens
669 965 795 994 verbum
819 964 962 1003 pertinet,
976 964 1051 992 rela-

346 1006 441 1035 tivum
466 1006 598 1046 ponitur,
626 1008 745 1037 etiamsi
769 1009 896 1037 verbum
922 1016 1053 1045 sequens

346 1048 438 1077 alium
453 1059 556 1080 casum
574 1050 724 1089 postulet:
749 1054 780 1080 ut
794 1053 913 1092 χρῶμαι
925 1046 961 1084 οἷς
972 1048 1054 1079 ἕκτη·

347 1091 445 1130 σάμην
460 1091 592 1129 etenim,
608 1105 662 1132 pro
682 1096 797 1135 χρῶμαι
816 1093 925 1126 τούτοις
938 1091 1055 1126 Βιέλίοις

347 1133 367 1162 ἃ
380 1133 556 1174 ἐκτησάμην.
600 1138 676 1167 Nam
692 1140 810 1178 χρῶμαι
823 1136 969 1172 dativum,
981 1138 1054 1165 κτῶ-

348 1188 406 1215 μαι
422 1180 643 1215 accusativum,
654 1181 800 1220 postulat.

392 1238 435 1243 —
449 1221 525 1252 ibid.
537 1222 598 1263 mg}
611 1221 646 1253 ὢν
659 1223 709 1253 νυνὶ
722 1222 875 1263 σκοπεῖτε]
895 1220 940 1250 De
955 1222 1057 1261 quibus

348 1273 430 1294 nunc
444 1265 619 1297 deliberatis.
656 1269 713 1297 Est
724 1272 755 1296 et
770 1267 828 1296 hoc
845 1269 971 1304 propter
989 1266 1055 1294 bre-

349 1306 476 1337 vitatem
492 1309 664 1339 obscurius.
710 1310 777 1347 Ego
793 1309 885 1347 igitur
901 1307 1054 1337 converti:

349 1348 390 1378 In
414 1350 466 1380 hoc
486 1353 611 1391 negotio,
630 1354 666 1382 de
686 1363 741 1392 quo
761 1352 934 1381 deliberatis.
983 1351 1056 1387 Ejus

350 1392 429 1422 enim
464 1395 692 1433 superstitionis
723 1395 855 1433 legibus,
887 1398 920 1422 ut
949 1393 1058 1422 Latina

350 1435 468 1466 Graecis
483 1438 683 1467 commatibus
697 1442 728 1467 et
741 1436 817 1466 cotis
828 1437 1000 1470 verborum,
1014 1440 1058 1464 at-

351 1489 410 1517 que
433 1480 510 1509 adeo
525 1481 708 1519 syllabarum
730 1489 855 1509 numero
871 1484 901 1508 et
920 1487 1059 1508 mensura

350 1523 623 1562 respondeant,me
641 1524 773 1553 solutum
788 1533 856 1552 esse
870 1522 950 1551 volo.
997 1522 1058 1551 Ne-

351 1576 411 1604 que
439 1567 517 1595 enim
544 1566 685 1597 Ciceroni
707 1567 864 1606 probatur,
885 1565 974 1595 nimis
998 1574 1060 1594 ma-

351 1618 443 1645 gnum
459 1609 592 1639 studium
616 1611 800 1649 multamque
822 1619 944 1648 operam
964 1609 992 1637 in
1009 1617 1060 1637 res

352 1652 501 1682 obscuras
510 1657 600 1692 atque
609 1653 748 1683 difficiles
760 1653 908 1686 conferre,
923 1651 1061 1681 easdem-

352 1704 412 1732 que
423 1705 481 1724 non
493 1696 691 1726 necessarias.
716 1694 927 1735 Reprehendit
938 1698 970 1724 et
986 1693 1077 1723 Dio--

353 1736 462 1776 nysius
490 1738 746 1769 Halicarnasseus
777 1739 809 1768 in
840 1739 990 1772 Isocrate,
1019 1735 1063 1766 δ’τι

353 1779 472 1811 δουλεύει
494 1782 508 1811 ἦ
534 1782 635 1812 διάνοια,
657 1782 807 1816 «πολλάκις
831 1781 875 1821 τῷ
896 1779 992 1822 ῥυθμῷ
1014 1780 1065 1813 τῆς

356 1821 467 1862 λέξεως,
481 1824 531 1854 καὶ
547 1826 597 1855 τοῦ
606 1823 720 1865 κομψοῦ
732 1825 873 1855 λείπεται
887 1823 921 1854 τὸ
932 1821 1065 1854 ἀληθινόν.

357 1866 462 1903 Quare
482 1877 537 1897 nos
560 1869 768 1898 dimensiones
788 1869 863 1898 istas
879 1867 1066 1906 syllabarum

355 1910 395 1939 iis
412 1910 632 1950 relinquemus,
654 1912 705 1951 qui
724 1912 876 1941 abundant
895 1909 973 1939 otio:
998 1919 1067 1939 sen-

358 1953 469 1984 tentias
485 1955 564 1984 bona
582 1954 640 1984 fide
661 1954 848 1995 appendisse
869 1958 960 1993 atque
976 1961 1069 1982 annu-

358 2006 490 2027 merasse
505 1998 652 2028 contenti.

401 2057 445 2063 —
470 2039 544 2070 ibid.
583 2040 647 2081 ὅ’τε]
684 2039 877 2070 Adverbium
910 2038 1069 2078 temporis,

359 2093 461 2124 quum,
473 2084 604 2123 quando.-
622 2084 670 2113 cui
684 2093 893 2122 nonnunquam
906 2082 1071 2122 respondet

359 2125 440 2162 τότε,
454 2131 529 2155 tum.
575 2126 651 2161 Hic,
666 2137 722 2166 pro
738 2125 840 2162 ἐπειδὴ,
855 2131 889 2156 ut
905 2125 996 2155 etiarn
1013 2127 1071 2155 La-

361 2169 423 2199 tina
435 2169 487 2198 illa
502 2179 582 2209 saepe
595 2170 719 2200 videtur
734 2170 813 2209 oapi.
837 2168 980 2208 Sequitur
991 2168 1070 2199 enim

360 2210 456 2248 τοῦθ’,
472 2213 551 2251 quod
566 2214 745 2243 sententiam
761 2223 820 2243 non
834 2211 1002 2250 generalem
1020 2215 1072 2241 aut

362 2253 532 2285 ὒποθετικῆν
547 2265 614 2286 esse
628 2256 711 2291 sinit,
727 2257 780 2285 sed
798 2255 1007 2285 affirmativam
1029 2255 1072 2284 t'a-

361 2298 416 2334 cit,
428 2302 460 2328 et
475 2299 513 2327 ad
530 2308 664 2337 praesens
676 2299 828 2337 negotium
845 2297 1019 2336 adstringit.

406 2359 449 2364 —
462 2341 538 2371 ibid.
561 2341 608 2372 ὅτε
623 2341 709 2375 οὕτως
722 2341 798 2383 ἔχει]
820 2343 917 2381 Supra
931 2340 1072 2370 dubitan-

365 2390 412 2415 ter
434 2385 608 2424 proposuit,
627 2387 720 2415 verbo
743 2383 862 2424 νομίζωτ
887 2394 966 2414 nunc
988 2393 1071 2413 asse-

363 2432 507 2458 veranter
524 2429 691 2463 concludit,
711 2432 742 2458 et
761 2428 885 2457 arduam
908 2436 977 2457 esse
998 2427 1074 2456 deli-

366 2470 563 2505 berationem,
587 2478 618 2502 et
640 2476 756 2502 attente
781 2471 909 2500 consilia
932 2480 1000 2499 esse
1021 2480 1073 2499 au-

365 2513 488 2544 dienda.
532 2515 583 2544 Sic
610 2514 640 2544 in
662 2524 826 2554 progressu
854 2514 888 2544 fit
912 2513 1075 2544 animosior

368 2556 476 2586 oratio.

409 2616 453 2622 —
468 2601 498 2628 41.
525 2599 672 2641 προσήκει]
689 2599 790 2631 Officii
811 2599 906 2630 vestri
927 2603 986 2636 est,
1001 2609 1074 2639 ergo

368 2641 552 2672 faciendum.

410 2702 452 2708 --
467 2684 543 2714 ibid.
559 2684 729 2727 προθύμως]
746 2686 829 2725 Ergo
842 2696 899 2715 non
912 2686 1075 2715 adversan-

367 2728 441 2759 dum
457 2728 588 2762 suasori,
602 2738 660 2757 non
678 2729 843 2759 oscitanter
859 2729 1053 2759 audiendum.

411 2770 542 2800 —ibid.
564 2768 679 2812 ἐθέλειν]
709 2773 757 2801 Ex
776 2772 875 2801 animo
897 2772 1002 2812 igitur,
1018 2782 1074 2801 non

367 2813 554 2853 defungendi
572 2814 670 2852 gratia
688 2814 868 2844 faciendum.

411 2876 454 2880 -—
468 2857 543 2887 ibid.
570 2857 673 2886 ἀκούειν
687 2859 743 2887 τῶν
763 2855 949 2899 Βουλομένων]
976 2858 1077 2888 Verba

368 2911 512 2931 sensuum
534 2899 622 2939 jungi
645 2899 802 2939 genitivis,
823 2904 925 2929 notum
950 2905 1008 2936 est,
1032 2901 1075 2931 in-

368 2945 486 2974 terdum
502 2943 592 2973 etiam
608 2942 790 2973 accusativis
805 2940 953 2975 Ἀττικῶς.

410 3005 452 3010 —
463 2987 538 3016 ibid.
555 2988 610 3015 τῶν
624 2985 810 3027 βουλομένων]
826 2987 908 3022 Ergo
923 2986 1013 3016 etiam
1025 2998 1077 3016 vo-

367 3030 466 3061 luntas
479 3029 547 3060 boni
562 3030 749 3061 consulenda
763 3035 821 3067 est,
831 3035 860 3060 et
872 3039 958 3059 nenio
971 3030 1075 3060 exclu-

1084 211 1528 255 OLYNTHIACAM

1079 320 1208 350 dendus.

1121 380 1162 386 —-
1178 363 1234 393 ult.
1249 362 1465 405 συμβουλεύειν]
1481 364 1575 394 Sacra
1589 373 1638 393 res
1650 367 1698 394 est
1711 373 1784 394 con-

1079 406 1190 441 silium,
1206 411 1236 435 et.
1250 416 1317 435 cum
1334 406 1481 445 religione
1494 407 1621 446 quadam
1635 410 1698 437 tum
1709 407 1783 436 dan-

1080 450 1165 485 dum,
1181 453 1243 479 tunt
1259 449 1484 487 accipiendum.

1124 511 1165 515 —-
1179 492 1256 522 ibid.
1269 491 1485 532 συμβουλεύειν]
1503 492 1648 523 Absolute
1662 491 1711 522 hic
1727 502 1784 531 po-

1082 535 1170 565 nitur.
1196 535 1269 564 alias
1295 536 1431 573 jungitur
1456 536 1573 573 dativo,
1596 536 1785 570 accusativo,

1080 578 1247 608 infinitivo:
1278 582 1311 607 ut
1335 577 1521 618 συμβουλεύω
1543 578 1587 609 σοὶ
1611 579 1710 614 τοῦτο,
1733 578 1784 607 vel

1082 620 1266 661 συμίξουλεύω
1282 621 1324 650 σοὶ
1338 623 1453 652 ποιῆσαι
1469 623 1563 651 τοῦτο.

1126 682 1166 687 —
1182 664 1258 694 ibid.
1283 664 1310 693 οὐ
1335 666 1388 706 γὰρ
1410 663 1503 704 μόνον]
1531 661 1700 702 αἰτιολογία,
1724 662 1787 692 Cur

1083 717 1186 737 omnes
1211 707 1357 737 audiendi
1384 708 1453 737 sint.
1496 708 1715 747 Argumentum
1746 715 1787 736 ex

1086 751 1152 786 tine,
1163 750 1243 789 quod
1257 755 1403 780 tractatur
1418 750 1631 780 distributione
1645 748 1787 789 partium.

1084 793 1144 822 Sed
1162 794 1190 822 in
1203 794 1375 822 oratoribus
1391 798 1516 823 nontam
1532 793 1728 832 spectandum
1742 796 1789 821 est

1085 835 1170 875 quid,
1188 845 1274 874 quam
1292 846 1346 865 cur
1360 837 1491 875 quicque
1505 837 1617 867 dicant.

1127 895 1169 901 --
1182 878 1258 908 ibid.
1274 877 1302 908 οὐ
1314 878 1393 918 μόνον
1403 896 1445 902 -
1458 880 1538 909 ἀλλὰ
1552 878 1615 918 καὶ]
1632 877 1789 908 Distribu-

1085 920 1127 951 tio
1152 920 1294 960 bipertita
1317 922 1525 957 consiliorum,
1547 921 1735 952 immeditata
1760 924 1792 950 et

1086 965 1195 994 subita.

1128 1025 1171 1030 —-
1186 1008 1259 1037 ibid.
1275 1018 1303 1036 τι
1319 1007 1458 1048 χρήσιμον
1470 1004 1660 1046 ἐσκεμμένος]
1677 1007 1794 1036 Semet-

1086 1051 1186 1089 ipsum
1209 1050 1316 1086 innuit,
1337 1051 1388 1090 qui
1408 1050 1585 1090 diligentior
1600 1060 1687 1089 quam
1708 1049 1794 1087 inge-

1088 1094 1202 1123 niosior
1221 1094 1400 1123 habebatur.
1416 1098 1446 1123 et
1462 1093 1634 1123 verecunde
1650 1093 1795 1128 ostendit,

1089 1148 1122 1166 se
1139 1137 1212 1166 utile
1228 1137 1389 1166 consilium
1405 1136 1524 1172 afferre,
1538 1145 1649 1175 magna
1665 1135 1794 1175 diligen-

1089 1180 1131 1209 tia
1147 1181 1329 1219 ,quaesitum
1360 1180 1413 1209 sed
1436 1179 1584 1218 judicium
1611 1189 1669 1208 uon
1693 1188 1793 1213 suum,

1090 1224 1143 1252 sed
1160 1223 1266 1262 populi
1281 1233 1349 1252 esse
1364 1222 1539 1262 profitetur:
1563 1227 1595 1252 et
1615 1221 1683 1251 aliis
1705 1221 1795 1251 etiam

1090 1266 1211 1295 dicendi
1229 1269 1411 1305 potestatem
1427 1266 1489 1296 dat.
1534 1265 1586 1294 Sic
1602 1264 1796 1303 neque-alios

1091 1313 1227 1338 oratores
1257 1308 1380 1343 alienat,
1412 1313 1443 1338 et
1472 1309 1619 1347 populum
1650 1307 1741 1337 simul
1765 1310 1797 1336 et

1091 1351 1244 1385 conciliat,
1261 1356 1291 1380 et
1306 1356 1453 1381 attentum
1467 1351 1549 1381 facit.
1594 1351 1726 1380 Notabis
1746 1350 1796 1380 hic

1092 1395 1200 1430 obiter,
1217 1393 1421 1424 meditationis
1436 1394 1523 1424 finem
1546 1404 1614 1423 osse
1637 1393 1709 1423 utile
1725 1403 1798 1423 con-

1092 1437 1211 1466 silium:
1234 1437 1327 1475 quod,
1348 1437 1468 1467 tametsi
1491 1447 1549 1466 non
1572 1446 1694 1476 semper
1715 1446 1800 1466 asse·

1093 1480 1213 1518 quimur
1227 1480 1349 1519 (multis
1371 1480 1450 1509 enim
1469 1490 1552 1519 saepe
1572 1481 1664 1509 rebus
1678 1478 1800 1509 honesti

1093 1527 1221 1552 conatus
1238 1521 1458 1562 impediuntur)
1470 1523 1540 1562 plus
1551 1526 1649 1553 tamen
1665 1527 1714 1552 est
1728 1532 1801 1552 con-

1094 1566 1214 1595 stantiae
1229 1566 1356 1596 rationis
1377 1565 1583 1604 tribuendum,
1597 1576 1686 1605 quam
1705 1566 1801 1595 fortu-

1094 1620 1141 1640 nae
1158 1609 1334 1638 temeritati.

1137 1670 1181 1675 —
1192 1652 1267 1681 ibid.
1281 1649 1473 1691 ἐσκεμμένος]
1483 1662 1501 1681 a
1514 1650 1704 1691 σκέπτομαι.
1725 1650 1804 1681 Aca-

1096 1695 1294 1730 demicorum,
1305 1694 1356 1734 qui
1369 1694 1519 1725 σκεπτικοὶ
1530 1694 1720 1730 dicebantur,
1734 1704 1804 1724 ver-

1097 1738 1182 1774 bum,
1193 1735 1293 1779 ἐπέχω
1308 1737 1368 1779 περὶ
1384 1737 1495 1772 τούτου,
1506 1737 1553 1767 καὶ
1569 1736 1803 1777 διασκέπτομαιε
1828 1732 1833 1738 ’

1098 1781 1130 1810 id
1151 1786 1211 1816 est,
1232 1781 1362 1811 nondum
1383 1779 1436 1810 hac
1458 1782 1492 1811 de
1513 1790 1545 1810 re
1564 1781 1735 1819 pronuntio,
1758 1780 1806 1810 sed

1098 1824 1225 1863 amplius
1240 1824 1459 1854 deliberandum
1474 1833 1528 1854 esse
1541 1830 1645 1853 censeo.

1142 1885 1185 1890 -
1200 1867 1274 1896 ibid.
1291 1867 1363 1908 ἥκει]
1376 1865 1519 1896 Dubitari
1530 1871 1644 1905 potest,
1653 1876 1689 1896 an
1700 1866 1807 1904 legeu-

1101 1910 1172 1940 dum
1190 1910 1229 1939 sit
1242 1909 1311 1941 ἥκοι.
1326 1920 1382 1949 per
1397 1920 1431 1944 οι,
1441 1914 1493 1939 aut
1506 1909 1568 1951 ἥκῃ,
1581 1919 1638 1948 per
1652 1921 1678 1950 ῃ.
1702 1909 1806 1945 Quan-

1102 1963 1190 1992 quam
1207 1953 1285 1983 enim
1299 1963 1381 1992 saepe
1396 1952 1572 1982 indicativis
1584 1956 1709 1982 utuntur
1721 1953 1808 1982 Grae-

1103 1997 1132 2026 ci
1149 1996 1408 2035 subjunctivorum
1427 1996 1509 2031 loco,
1524 1999 1576 2025 aut
1591 1995 1810 2034 optativorum,

1103 2050 1139 2069 ea
1161 2050 1211 2069 res
1234 2045 1333 2069 tamen
1356 2049 1414 2069 non
1436 2049 1505 2069 raro
1528 2038 1661 2068 librariis
1683 2044 1811 2078 accepta

1103 2083 1209 2113 referri
1224 2087 1336 2121 potest.
1375 2082 1459 2119 Quid
1473 2081 1690 2112 enimfacilius
1706 2081 1809 2122 (indo-

1104 2125 1164 2155 ctis
1179 2125 1361 2165 praesertim,
1377 2130 1427 2155 aut
1441 2135 1547 2165 parum
1567 2124 1704 2159 attentis,
1719 2128 1809 2163 atque

1104 2168 1328 2209 petulantibus)
1341 2178 1430 2207 qnam
1448 2168 1581 2203 vocales,
1593 2167 1809 2207 diphthongos,

1105 2217 1260 2247 accentus,
1276 2211 1488 2241 distinctiones
1503 2211 1582 2240 inter
1597 2221 1630 2240 se
1646 2210 1809 2249 permisce-

1105 2265 1150 2291 re,
1164 2264 1349 2294 crucemque
1364 2254 1456 2291 figere
1471 2255 1523 2294 (ut
1538 2253 1690 2292 Virgilius
1706 2253 1810 2283 dicere

1105 2297 1240 2337 solebat)
1255 2297 1477 2337 grammaticis?

1149 2351 1179 2380 p.
1197 2344 1249 2371 10.
1268 2345 1296 2370 1.
1321 2341 1405 2371 τοῦτο
1425 2339 1473 2380 ἂν]
1496 2340 1653 2374 Fortasse,
1667 2337 1748 2369 τοῦτ’
1768 2338 1810 2369 ἄν.

1106 2384 1196 2422 Saepe
1217 2383 1297 2413 enim
1319 2384 1484 2413 oscitantes
1508 2387 1560 2412 aut
1578 2381 1663 2412 scioli
1683 2381 1811 2417 librarii,

1107 2427 1228 2457 vocales
1249 2437 1306 2466 pro
1327 2425 1535 2466 apostrophis,
1554 2428 1585 2455 et
1603 2429 1720 2460 contra,
1738 2425 1812 2454 scri-

1108 2471 1200 2499 bunt:
1217 2470 1249 2500 id
1264 2470 1345 2510 quod
1361 2469 1390 2499 in
1407 2468 1591 2499 carminibus
1605 2468 1693 2498 facile
1702 2469 1812 2506 depre-

1108 2513 1259 2543 henditur.

1150 2556 1277 2586 —ibid.
1294 2553 1374 2585 τοῦτ’
1386 2554 1418 2586 ἄν
1433 2554 1601 2587 ἀκούσαντες
1612 2552 1746 2594 λάβοιτε]
1760 2553 1814 2582 λα’.-

1109 2599 1187 2633 Βοιτε
1206 2599 1238 2629 ἂν
1257 2599 1351 2635 τοῦτο,
1365 2598 1544 2632 ἀκούσαντες.
1587 2597 1665 2627 Nam
1690 2596 1813 2635 partici-

1109 2643 1194 2681 pium
1205 2642 1268 2677 hic,
1279 2652 1334 2681 pro
1350 2640 1459 2672 ἐπειδὰν
1473 2640 1622 2675 ἀκούσητε,
1636 2639 1755 2669 scilicet
1765 2640 1815 2668 τοῦ

1108 2685 1288 2725 ἐσκεμμένον
1308 2683 1447 2726 χρήσιμόν
1459 2695 1490 2713 τι
1509 2682 1627 2718 ἥκοντος,
1642 2683 1675 2712 id
1686 2683 1816 2721 accipere

1110 2729 1216 2764 licebit,
1232 2728 1282 2758 ubi
1301 2738 1367 2758 enm
1381 2727 1554 2757 audieritis.-
1575 2725 1714 2755 absolute
1729 2725 1817 2765 poni-

1110 2777 1170 2807 tur,
1186 2775 1239 2802 aut
1253 2771 1451 2804 ἐλλειπτικῶς.
1498 2770 1606 2799 Potest
1626 2773 1657 2798 et
1677 2769 1762 2798 τοῦτο
1776 2768 1815 2798 ad

1112 2820 1273 2854 utrumque
1298 2813 1405 2844 referri
1427 2812 1562 2846 verbum,
1584 2809 1699 2841 λάέοιτε
1721 2812 1817 2846 τοῦτο,

1110 2857 1282 2891 ἀκούσαντες
1309 2857 1410 2887 τοῦτοε
1443 2865 1530 2894 quam
1560 2856 1687 2895 figuram
1717 2855 1818 2884 Graeci

1112 2899 1308 2931 Grammatici
1323 2897 1387 2929 ἀπὸ
1402 2899 1486 2929 κοινοῦ
1504 2903 1623 2935 vocant,
1641 2897 1738 2928 Latini
1755 2897 1817 2937 ζεῦ-

1111 2955 1190 2984 γμα,
1203 2944 1310 2972 Graeco
1325 2942 1416 2972 verbo
1429 2947 1460 2971 et
1476 2941 1547 2981 ipsi.

1154 3004 1196 3010 --
1213 2986 1289 3016 ibid.
1317 2984 1487 3019 ἀκούσαντες
1511 2982 1642 3025 λάζοιτε]
1674 2983 1818 3014 ἀκούσαιτε

1111 3030 1158 3060 καὶ
1175 3027 1300 3066 theom,
1317 3029 1449 3059 audiaris
1464 3034 1490 3059 et
1502 3028 1733 3067 amplectamini:
1758 3026 1818 3061 vel,
