1931 3322
460 202 546 245 AD
579 198 949 244 ORATIONEM
983 198 1337 244 FUNEBREM.

170 321 238 342 mec
253 309 423 341 collocavi:
446 309 514 344 ταῖς
526 309 619 339 αὑτοῖν
637 309 754 347 ἇςεταις
775 307 824 337 καὶ
845 319 881 337 τη

170 356 221 384 τοῦ
234 352 436 394 προεστηκότος
451 353 542 382 αὐτῶν
556 351 696 392 εμωειρίᾳ
710 352 756 381 καὶ
774 352 883 391 τόλμῃ,

171 396 187 428 ἢ
194 398 242 448 τῇ
255 395 402 436 παξαδόξῳ
415 395 463 425 καὶ
485 395 614 436 χαλεων
629 395 706 436 τύχη
725 393 883 434 κατώρθω·

170 438 245 470 κέναι
259 438 361 473 οὐδένα,
373 437 431 468 οὔτ’
445 439 690 480 ἀναίσχυντον-.

211 499 255 506 ——
270 484 322 512 23.
343 480 390 511 ἐπὶ
404 482 511 523 τούτω]
536 485 565 511 h.
578 483 599 512 l.
619 487 665 512 est
686 480 766 510 idem
789 484 881 519 atque

167 524 240 554 καθ’
253 525 365 560 ἑαυτοῦ,
379 530 481 555 contro
492 535 530 554 se.
548 526 577 554 in
591 524 701 554 castris
713 523 771 553 sibi
785 534 880 563 oppo-

168 567 246 598 sitis.
268 568 333 607 pari
351 569 442 598 modo
457 568 606 608 accipitur
622 578 652 598 v.
667 569 719 598 96.

209 629 252 634 —
268 613 320 642 24.
343 609 459 651 ἐκείνοιν]
484 621 588 641 eornm
607 615 693 651 puta,
715 609 813 650 quiin
830 619 880 639 ca-

167 655 242 685 stris
257 654 397 694 Philippi
413 654 593 685 militarunt.

210 699 306 730 1396.
321 699 352 728 3.
376 696 442 727 ἐστὶ
459 696 580 738 τούτων]
604 695 705 728 malim
730 694 796 726 ἐστὶ
820 694 880 736 περὶ

166 740 282 770 τούτων.
305 741 342 770 de
357 741 468 781 reliquo
487 741 552 771 licet
571 742 674 781 cuique
689 740 732 770 his
747 739 782 769 de
796 740 881 769 rebus

163 793 219 823 pro
231 793 316 814 sensu
330 794 382 813 sno
395 784 554 814 arbitrari.

210 843 253 849 -—-
267 828 298 858 5.
320 825 445 868 φανερὸν]
467 826 649 857 subauditur
663 824 749 857 τοῦτο’
765 824 842 856 ἐστι.

208 886 252 893 -
266 871 317 903 26.
330 871 530 912 ἁσχημονηση
541 871 598 912 --]
622 871 725 900 malim
741 870 878 911 ἀσχημο-

164 911 242 954 νήσῃ,
256 912 294 946 εἰς
306 905 401 943 osser*
389 926 404 944 η
419 913 516 954 μικρὸν
530 913 631 948 ὄνειδος.
654 919 708 944 aut
720 913 810 949 nulli,
826 917 880 942 out

164 957 276 995 exiguae
291 957 459 996 ignominie
474 958 505 987 id
519 957 571 987 sibi
583 967 729 987 cessurum
745 966 813 986 esse.

211 1001 305 1030 1397.
322 1002 352 1029 2.
368 999 498 1034 τάληθὲς
513 1000 622 1040 δηλοῦν]
639 1001 665 1030 si
681 1001 760 1030 bene
775 1000 878 1034 habet,

163 1040 247 1071 idem
269 1047 318 1072 est
340 1047 431 1081 atque
450 1044 500 1072 τοῦ
520 1043 644 1078 τάληθῆς
659 1043 685 1073 δ.
700 1044 753 1073 sed
772 1042 878 1072 addidi

163 1086 216 1119 τοῦ
231 1085 270 1116 de
285 1096 362 1115 meo.
385 1091 413 1115 et
434 1086 496 1115 alia
521 1085 619 1114 multa
640 1087 783 1124 praeclara
798 1085 879 1121 jura

164 1127 271 1158 habent
283 1129 427 1163 civitates.
441 1134 470 1158 et
483 1129 514 1157 in
526 1128 570 1158 his
580 1127 641 1163 hoc,
655 1127 730 1167 quod
742 1126 816 1157 nihil
828 1133 878 1162 est,

165 1172 239 1210 quud
255 1171 375 1202 dicendi
389 1171 534 1203 licentiam
550 1170 671 1200 ieritate
686 1171 784 1199 nixam
795 1179 879 1201 urer-

165 1219 211 1244 ωε
225 1219 312 1255 atque
326 1214 476 1254 prohibeat
490 1225 509 1242 α
524 1215 584 1244 veri
595 1215 843 1253 pronuntiatione.

208 1275 252 1281 —
274 1260 323 1288 16.
348 1256 394 1288 τὸν
417 1256 574 1298 ἐπώνυμον]
611 1257 676 1287 haec
707 1267 722 1286 e
754 1257 878 1286 casibus

161 1300 291 1332 heroum
314 1311 536 1342 eponymorum
561 1302 653 1330 ducta
675 1300 714 1330 ad
735 1300 877 1330 virtutem

164 1345 332 1377 acuendam
356 1349 520 1379 momenta,
545 1344 745 1384 sophisticum
766 1348 797 1373 et
818 1343 878 1382 Ly-

164 1397 312 1425 curgenm
327 1389 448 1427 sapiunt
462 1388 627 1427 ingenium.
653 1387 878 1417 Demosthenes

163 1431 296 1460 fortibus
315 1436 344 1461 et
362 1431 503 1461 virilibus
520 1431 615 1460 utitur
632 1431 735 1466 armis,
757 1441 815 1460 non
831 1429 878 1459 his

164 1474 352 1505 umbraticis.

207 1534 250 1541 —
267 1520 319 1549 18.
340 1516 528 1557 Ὑακινθίδας]
554 1516 714 1557 [Valesius
736 1517 772 1546 ad
797 1517 878 1546 Har-

163 1570 249 1600 pocr.
265 1572 294 1591 v.
310 1560 496 1594 Ὑακινθίδες.
505 1561 694 1614 TAYLon.]

208 1621 252 1627 —
269 1607 321 1634 27.
343 1607 423 1645 wag&
439 1605 499 1638 τοῖς
505 1602 644 1657 ἽΞλληο-ι]
660 1603 810 1634 sententia
824 1613 876 1642 po-

164 1647 258 1678 stulat
268 1650 348 1688 παρὰ
363 1659 412 1679 την
422 1647 529 1678 ἑαυτῶν
540 1646 654 1685 δειλίαν,
666 1653 787 1687 propter
795 1657 879 1676 suom

165 1692 327 1732 ignaviam.

209 1736 305 1765 1398.
323 1749 353 1765 ο.
377 1732 426 1774 ὑφ’
439 1731 491 1775 οἷς]
515 1734 588 1764 dedi
605 1732 650 1773 εφ’
665 1731 804 1768 οῖς-ἰὰ
820 1738 879 1767 est,

164 1775 213 1808 ἐπὶ
226 1777 348 1813 τούτοις,
364 1776 389 1806 ἐν
403 1776 452 1812 οἷς,
469 1777 519 1808 vel
535 1775 625 1813 διὀἷν,
641 1787 728 1816 super
740 1778 799 1807 illis
811 1787 879 1807 con-

166 1822 305 1857 tumeliis,
319 1821 542 1862 quibusj'oednri
559 1820 703 1851 Graeciam
719 1821 864 1851 viderent.

208 1881 252 1886 —
276 1868 329 1895 11.
359 1864 491 1904 στεῖλαι]
519 1865 658 1898 subaudi,
689 1869 742 1893 aut
770 1864 878 1899 ἑαυτὸν,

165 1907 248 1945 quod
265 1907 445 1937 vocabulum
462 1907 630 1946 saepissime
644 1907 795 1937 omittitur
807 1909 879 1936 sub·-

166 1949 364 1984 audiendum‚
388 1954 442 1983 aut
464 1949 510 1979 τόν
533 1949 645 1980 στόλον.
669 1955 703 1979 nt
722 1950 805 1980 idern
830 1950 880 1980 hic

166 1992 317 2032 significet
340 1998 431 2032 atque
455 1992 639 2022 στείλασθαι.
662 1993 737 2022 alias
758 1993 879 2032 supple-

164 2041 298 2066 mentum
311 2036 502 2074 Lessingiani
513 2035 607 2067 Θησέα
618 2034 817 2077 ροςι“ομηρος
827 2037 879 2066 ad-

165 2079 268 2110 dentis
285 2079 325 2109 sit
340 2079 586 2110 adsciscendum.
633 2081 735 2110 Locus
751 2079 880 2110 Homeri

164 2121 238 2152 mihi
261 2133 360 2162 neque
379 2122 543 2158 succurrit,
563 2133 662 2162 neque
682 2123 880 2161 investiganti

164 2165 310 2196 occurrit.
338 2165 455 2201 nescio,
485 2177 522 2196 an
546 2166 776 2196 Atheniensium
807 2167 879 2196 libri

164 2207 224 2243 hoc
239 2208 269 2239 iu
281 2209 350 2242 loco
363 2209 493 2239 Homeri
505 2209 544 2240 ad
558 2210 694 2239 Athenas
708 2209 879 2250 pertinente

165 2261 184 2281 a
199 2251 331 2282 lectione
349 2252 506 2287 librorum,
521 2253 633 2292 quibus
648 2263 704 2282 nos
718 2253 807 2283 bodie
821 2253 879 2284 uti-

166 2305 246 2331 mur,
262 2296 343 2326 baud
358 2305 466 2335 parum
482 2296 736 2336 discrepaverint.

209 2356 252 2362 --
265 2341 316 2370 13.
340 2351 404 2374 τους
418 2350 440 2368 οι
431 2338 481 2369 ”noi
493 2339 694 2381 σύμπαντας]
711 2339 795 2369 dedi.
821 2340 878 2370 Le—

165 2380 229 2411 ctio
249 2374 341 2412 codd.
360 2382 400 2412 al.
421 2382 446 2411 si
472 2388 609 2422 optetur,
632 2387 697 2413 tum
719 2383 757 2413 le
751 2393 780 2420 g.
801 2383 879 2413 erit:

165 2425 232 2459 τοὺς
245 2425 309 2456 οἴκοι
324 2425 502 2464 σύμπαντας
516 2424 627 2462 οἰκείους
640 2425 689 2456 καὶ
705 2425 810 2465 γονέας.

210 2485 252 2491 —
269 2471 322 2500 16.
343 2467 395 2499 υἱὸν
419 2467 502 2510 ὄντα]
525 2469 625 2500 malim
653 2470 772 2506 abesse,
800 2474 833 2499 ut
862 2481 878 2500 e

167 2511 286 2542 scholio
300 2518 379 2542 nata.
402 2511 433 2541 in
452 2511 562 2552 Σεμέλη
579 2518 610 2543 et
624 2514 675 2548 τῆς
691 2511 719 2543 δὲ
733 2513 878 2543 subaudi-

166 2558 217 2584 tur
233 2564 251 2584 a
265 2554 428 2590 communi,
444 2560 477 2584 ut
492 2556 586 2590 aiunt,
599 2567 616 2585 e
633 2556 783 2596 proximis
799 2557 878 2586 inse-

167 2598 331 2636 quentibus
356 2598 537 2628 vocabulum
568 2598 686 2637 γέγονεν,
715 2605 746 2629 et
774 2598 878 2634 ἐκεῖνος.

167 2641 303 2673 Semelam
318 2652 376 2672 esse
390 2647 490 2671 natam
507 2651 522 2672 e
541 2641 660 2678 Cadmo,
675 2652 690 2672 e
702 2642 810 2674 Semele
824 2654 880 2673 nu·

166 2688 224 2714 tem
236 2690 342 2717 natum
354 2685 519 2721 essentum,
532 2685 675 2726 quemfas
690 2696 748 2716 non
758 2692 797 2716 est
806 2704 857 2716 —.

209 2745 255 2750 —
271 2731 323 2760 23.
345 2728 448 2769 αὑτοῦ]
473 2728 544 2758 dedi
568 2728 651 2759 αὐτὸν
673 2729 712 2759 de
734 2739 802 2760 meo
824 2739 879 2768 pro

166 2770 293 2811 vulgato
321 2771 419 2808 αὖτοῧ,
446 2771 528 2810 quod
554 2772 750 2802 nihilominus
780 2777 880 2802 tamen

167 2814 324 2845 subaudiri
339 2815 433 2846 debet
448 2815 486 2848 ad
502 2814 610 2848 σύιεσιν
624 2820 656 2846 et
670 2816 767 2845 ἀλκήν.
794 2817 882 2855 ipsius

166 2857 310 2895 supientia
334 2868 401 2891 eum
427 2857 538 2889 homini
562 2859 684 2890 similem
706 2858 879 2895 reddiderit,

158 2897 314 2940 fortitudo
326 2908 424 2933 autem
439 2902 571 2933 draconi.

1545 202 1622 244 291

961 323 1004 329 —
1020 316 1089 345 pen.
1105 305 1154 348 ὗν]
1174 309 1318 345 cohaeret,
1329 319 1386 339 non
1404 318 1470 338 cum
1488 308 1631 348 proximo

917 348 950 379 τδ
966 348 1080 389 vrgia-ov,
1097 352 1152 380 sed
1169 362 1237 381 cum
1251 352 1405 382 remotiori
1418 351 1451 381 τὸ
1467 351 1571 390 σαφές.

961 395 1054 424 1399.
1071 395 1100 423 6.
1126 394 1231 434 αὑτῶν]
1258 395 1452 434 semetipsis,
1467 400 1501 425 ut
1516 406 1533 425 a
1546 400 1629 425 tanto

915 436 1008 465 heroe
1024 437 1196 475 prognatis,
1214 438 1381 477 indignum.
1404 439 1472 472 fuit,
1497 449 1565 468 cum
1581 448 1632 468 su-

915 479 1053 517 spicarer
1078 480 1164 509 αὗτοῦ
1187 480 1248 519 leg.
1266 490 1346 510 esse.
1373 491 1415 516 eo,
1432 482 1526 520 Ajace
1541 487 1629 521 puta,

915 533 970 552 suo
987 533 1151 562 eponymo.

956 583 999 587 ——
1016 569 1046 596 8.
1070 568 1125 596 τῶν
1141 564 1337 606 ὑπαςχᾶντων]
1361 565 1469 595 dubito
1492 570 1592 596 utrum
1612 577 1629 596 a

913 610 954 638 τὰ
970 609 1135 650 ὑπάρχοντα
1152 614 1299 647 repetam,
1311 619 1346 638 an
1360 610 1397 638 ab
1409 609 1431 638 οἱ
1443 610 1630 650 ὑπάρχοντες.

915 652 941 681 si
959 652 1047 688 illud,
1064 653 1163 692 dignae
1179 652 1310 682 fortunis
1326 651 1399 688 illis,
1415 662 1483 691 quae
1503 653 1561 681 sibi
1577 658 1630 683 ant

913 696 1106 725 nascentibus
1121 697 1158 726 ab
1174 696 1242 734 ipsa
1257 696 1378 733 generis
1397 695 1558 725 nobilitate
1575 696 1629 725 ad-

913 739 997 774 ditae,
1012 745 1065 769 aut
1079 741 1225 778 majorum
1242 739 1355 768 virtute
1373 743 1404 768 et
1419 738 1516 776 gloria
1533 744 1629 777 partae
1670 766 1674 771 ,

913 782 1053 813 fuissent.
1091 783 1143 813 Sin
1157 782 1226 818 hoc,
1241 782 1343 821 dignae
1355 782 1566 812 conditoribus
1581 782 1630 812 sui

914 826 1044 865 generis
1060 826 1204 868 ὑπάρχειν
1213 824 1328 864 τὸγένος
1339 830 1386 856 est
1395 826 1490 856 ordiri
1498 825 1630 864 stirpem,

912 870 1032 899 condere
1042 880 1147 910 genus.

955 930 998 935 —
1013 916 1064 943 12.
1087 912 1201 953 ωλήςη]
1226 918 1297 952 post
1310 911 1401 953 πλήρη
1418 911 1542 942 videtur
1553 911 1630 952 ὁςῶν-

912 966 959 989 τες
974 957 1095 986 deesse.

954 1017 997 1023 —
1011 1003 1062 1030 14.
1080 999 1127 1030 καὶ
1148 997 1193 1028 τᾶν
1209 998 1344 1039 ἅπαντα]
1361 997 1462 1028 malim
1479 995 1528 1026 καὶ
1545 997 1629 1035 μᾶλ-

913 1047 958 1071 λον
973 1041 1020 1073 τὸν
1035 1042 1161 1072 ἅπαντα.
1186 1042 1306 1082 longum
1319 1052 1372 1082 per
1387 1047 1510 1081 tempus,
1525 1040 1569 1071 vel
1576 1051 1630 1080 po·

914 1085 973 1114 tius
986 1095 1038 1123 per
1054 1096 1165 1115 omnem
1176 1091 1300 1115 natatem.

958 1131 1052 1157 1400.
1069 1131 1100 1158 2.
1125 1129 1184 1158 οὐδὲ
1203 1128 1264 1167 περὶ
1281 1125 1398 1169 ἐκείνων]
1422 1132 1494 1166 post
1508 1125 1566 1156 οὐδὲ
1584 1125 1630 1155 vi-

913 1169 1005 1198 detur
1029 1170 1144 1209 aliquid
1171 1171 1340 1200 excidisse.
1365 1182 1392 1200 e.
1409 1180 1436 1200 e.
1462 1170 1630 1208 ἀφικέμενος

912 1211 1032 1243 ἐκεῖθεν.
1055 1219 1088 1242 ut
1104 1214 1149 1243 sic
1164 1214 1330 1242 distinctus
1347 1217 1378 1242 et
1395 1220 1493 1242 sartus
1509 1212 1630 1252 legatur

913 1261 943 1285 et
959 1256 1106 1286 reddatur
1122 1257 1231 1286 Latine
1247 1261 1330 1285 totns
1344 1256 1393 1285 hic
1409 1256 1495 1285 locus
1509 1266 1516 1284 .-
1532 1255 1560 1284 οὗ
1575 1257 1631 1295 γὰρ

913 1298 972 1328 ἰδών
988 1311 1043 1335 τις,
1059 1299 1119 1329 οὐδὲ
1135 1299 1302 1339 ἀφικόμενος
1316 1297 1433 1335 ἐκεῖθεν,
1446 1299 1514 1338 περὶ
1526 1297 1630 1327 ἐκείνων

912 1341 999 1372 ταῦτ’
1025 1343 1224 1381 ἀπήγγελκεν.
1245 1344 1281 1373 de
1302 1344 1337 1373 iis
1362 1344 1439 1372 enim
1463 1341 1523 1372 haec
1547 1352 1630 1371 nemo

912 1386 1029 1422 retulit,
1045 1387 1095 1426 qui
1112 1387 1151 1416 ibi
1171 1387 1297 1422 vidisset,
1313 1392 1366 1416 aut
1390 1387 1441 1427 qui
1459 1386 1543 1415 illinc
1561 1386 1631 1415 mis-

912 1439 960 1459 sus
971 1430 1010 1459 ad
1028 1440 1076 1459 nos
1092 1428 1149 1459 hnc
1163 1431 1293 1460 venisset.

955 1490 996 1494 -—
1013 1474 1044 1503 3.
1059 1475 1114 1502 τῶν
1128 1473 1196 1514 ἄνω]
1213 1473 1314 1503 malim
1329 1483 1335 1501 :
1357 1474 1413 1502 τῶν
1436 1473 1631 1511 προσηκουσῶν

913 1517 973 1550 τοῖς
994 1516 1048 1545 ἄνω
1068 1519 1173 1555 τιμῶν.
1196 1526 1262 1556 qnos
1278 1517 1379 1556 dignos
1394 1515 1559 1550 honoribus,
1576 1515 1632 1545 diis

912 1561 1022 1598 superis
1044 1560 1288 1595 convenientibus,
1303 1559 1480 1598 judicamus
1500 1568 1561 1594 nos,
1580 1559 1631 1599 qui

912 1612 1107 1642 supersumus.

956 1663 999 1668 ——-
1014 1649 1044 1676 4.
1069 1646 1192 1688 τούτοις]
1211 1644 1325 1679 τούτους
1339 1645 1422 1674 dedi.
1439 1644 1487 1674 hos
1499 1645 1632 1683 opinione

913 1695 999 1728 atque
1021 1689 1226 1729 predicatione
1247 1694 1343 1718 nostra
1359 1688 1526 1719 divinantes
1541 1687 1586 1728 [b.
1600 1699 1630 1718 e.

913 1743 971 1761 non
997 1741 1082 1762 certo
1108 1732 1230 1772 cognita
1253 1737 1344 1771 atque
1364 1731 1527 1771 explorata
1552 1731 1632 1760 affir-

914 1780 1040 1811 mantes,
1074 1777 1130 1806 sed
1167 1776 1374 1814 conjectantes
1410 1774 1630 1815 solummodo],

912 1829 1057 1849 censemus
1072 1820 1179 1849 eosdem
1199 1819 1321 1858 adipisci
1341 1818 1457 1848 honores
1476 1819 1564 1848 etiam
1580 1818 1631 1852 ibi,

913 1862 944 1891 in
963 1864 1121 1892 beatorum
1136 1863 1258 1897 insulis,
1280 1872 1357 1901 quos
1379 1861 1424 1891 illi
1442 1861 1555 1891 vetusti
1579 1861 1630 1890 he-

914 1916 983 1935 roes
999 1906 1143 1935 dicuutur
1158 1911 1189 1935 et
1199 1904 1414 1935 existimantur
1429 1905 1535 1943 adepti
1550 1915 1629 1934 esse.

913 1947 1187 1988 καταμαντεύεσθαί
1207 1959 1278 1981 τινος
1300 1953 1359 1982 est,
1381 1947 1496 1986 atiquid
1520 1948 1558 1977 de
1575 1947 1631 1976 ali—

913 2002 974 2030 quo
990 1992 1169 2032 praedicare,
1185 2002 1243 2021 non
1262 2002 1301 2020 ex
1318 1995 1402 2020 certa
1417 1990 1558 2026 scientia,
1575 1991 1630 2020 sed

914 2045 953 2064 ex
970 2036 1114 2074 opinione
1129 2046 1145 2065 e
1164 2034 1316 2074 probabili
1335 2035 1511 2072 conjectura
1526 2035 1631 2064 ducta.

914 2079 1048 2108 cohaeret
1063 2079 1121 2108 hoc
1137 2078 1251 2112 τούτους
1267 2088 1333 2107 cum
1348 2077 1510 2118 τυγχάνειν.

955 2140 998 2145 —
1015 2123 1048 2151 5.
1070 2121 1188 2162 αὐτοὺς]
1212 2121 1285 2151 dedi
1312 2120 1420 2156 αὐτοῖς,
1443 2121 1523 2159 quod
1547 2118 1631 2150 redit

913 2165 952 2195 ad
974 2165 1067 2195 modo
1089 2165 1189 2195 dictos
1211 2165 1276 2198 τοὺς
1300 2163 1366 2200 ἅνω,
1388 2164 1463 2193 deos
1487 2173 1630 2203 superOS.

911 2209 1021 2238 eosdem
1037 2208 1166 2245 honores,
1181 2209 1236 2248 qui,
1245 2207 1389 2237 habentur
1399 2207 1469 2243 illis,
1481 2207 1543 2236 diis
1556 2211 1631 2246 puta

913 2253 1044 2291 superis.
1069 2253 1098 2282 αἱ
1114 2251 1202 2281 αὐταὶ
1221 2251 1317 2284 αὐτοῖς
1332 2250 1422 2290 τιμαὶ
1450 2254 1519 2280 sunt
1535 2250 1564 2279 αἱ
1580 2249 1631 2279 αὖ·

913 2294 963 2324 ταὶ
986 2295 1087 2336 τιμαὶ,
1103 2292 1140 2325 ὅν
1154 2295 1344 2336 τυγχάνουσιν
1359 2294 1451 2330 αὐτοὶ,
1471 2294 1494 2323 οῖ
1515 2294 1570 2323 ἄνω
1585 2292 1631 2324 δη-

913 2337 1014 2369 λονότι.

956 2399 996 2405 —-
1013 2385 1044 2413 8.
1067 2381 1103 2414 ὡς
1117 2392 1182 2414 τους
1197 2379 1336 2413 τοιούτους
1347 2397 1389 2402 —-
1399 2377 1513 2420 ἑτέρων]
1538 2379 1632 2408 Esset

914 2425 1020 2464 utique
1044 2423 1277 2455 convenientior
1303 2422 1451 2453 orationis
1475 2427 1630 2469 structura

912 2468 998 2498 haec:
1023 2469 1056 2501 ὡς
1073 2479 1138 2501 τους
1153 2466 1254 2500 αὐτούς
1268 2476 1302 2496 τε
1318 2465 1457 2499 τοιούτους
1469 2463 1630 2504 γεγονότας,

912 2511 961 2541 καὶ
977 2510 1152 2550 πεφυκότας
1173 2508 1204 2539 ἐκ
1225 2509 1356 2539 τοιούτων
1371 2508 1477 2549 {rigam
1500 2518 1555 2544 eos,
1577 2509 1630 2549 qui

912 2560 940 2586 et
954 2555 1011 2594 ipsi
1022 2555 1081 2583 sint
1097 2555 1179 2589 tales,
1195 2559 1222 2583 et
1238 2554 1303 2583 nati
1322 2554 1380 2583 sint
1395 2563 1410 2583 e
1425 2552 1533 2582 talibus
1550 2552 1630 2582 aliis.

912 2598 987 2634 Aut,
1016 2597 1075 2627 nisi
1097 2598 1154 2627 hoc
1175 2596 1296 2627 admitti
1317 2595 1406 2632 velis,
1428 2595 1629 2625 adsciscenda

914 2642 1006 2671 lectio
1022 2641 1168 2679 marginis
1183 2638 1397 2690 γεγεννηκότας.
1409 2649 1463 2674 eos,
1474 2640 1525 2679 qui
1538 2645 1566 2669 et
1578 2648 1631 2679 ge·

913 2686 1041 2715 fluissent
1058 2686 1131 2714 tales
1146 2685 1231 2719 vivos,
1253 2689 1279 2713 et
1302 2693 1336 2713 ex
1356 2683 1422 2713 aliis
1445 2682 1553 2712 talibus
1576 2681 1630 2720 ipsi

913 2737 1023 2768 quoque
1046 2728 1110 2757 nati
1132 2728 1202 2758 sint.
1225 2727 1280 2757 sed
1304 2725 1479 2765 transposui
1498 2725 1536 2754 de
1560 2734 1630 2754 meo

914 2781 1003 2801 sensu
1021 2770 1169 2801 vocabula
1181 2770 1247 2801 sic:
1270 2768 1418 2810 γεγονότας
1439 2769 1551 2802 αυτοίις,
1583 2765 1634 2796 καῖ

914 2813 1080 2855 πεφυκὸτας
1095 2812 1138 2844 ἔκ.

958 2875 1001 2882 —-
1017 2861 1068 2889 ΞΟ.
1085 2856 1190 2899 πασιν]
1213 2855 1289 2888 dedi
1305 2852 1412 2889 παισίν.
1430 2862 1522 2895 graie
1535 2859 1573 2883 est
1594 2852 1630 2883 li-

916 2901 989 2931 beris
1004 2900 1181 2943 infantibus.

811 3020 982 3039 Ξ
