1931 3322
443 209 510 251 IN
544 208 955 252 PHILIPPICAM
989 208 1073 250 DE
1103 209 1281 252 PACE.

139 314 264 346 virtutis
286 315 388 346 studia
409 316 595 347 ducuntur.'’
637 317 759 354 Quibus
779 315 853 346 addi

138 363 245 397 potest
257 359 334 389 illud
351 358 490 400 ejusdem
505 359 561 400 [de
575 361 707 390 Oratore
722 361 786 390 111.
803 359 852 400 4.]

138 404 164 418 “
179 401 270 438 Quod
287 402 313 432 si
329 403 396 441 quis
412 407 471 438 est,
487 403 539 441 qui
554 403 697 434 inductus
709 403 853 443 opinione

138 444 238 484 vulgi,
252 450 304 474 aut
315 445 478 475 Antonium
489 447 686 485 jejuniorem,
702 452 754 476 aut
764 446 854 475 Cras·

138 496 206 516 snm
228 487 399 526 pleniorem
421 489 517 519 fuisse
536 494 636 528 putet,
657 490 854 519 vehementer

137 529 252 558 errat.''
268 529 307 571 τῇ
321 530 384 572 δόξῃ
400 533 456 561 τῶν
473 535 586 562 πολλῶν
601 530 750 573 ὑπαχθείς.
779 532 854 561 Cor-

136 571 256 602 nificius
273 573 327 613 [ad
349 574 486 605 Herenn.
510 576 566 605 lv.
586 575 651 615 17.]
675 578 697 592 “
715 574 776 612 Qui
792 575 853 604 for-

136 615 221 645 tunis
236 617 367 656 alicujus
383 617 514 654 inducti,
538 617 705 647 amicitiam
721 619 788 656 ejus
805 628 853 647 se-

137 657 202 688 cuti
227 665 309 696 sunt,
343 660 385 696 hi,
409 660 500 690 simul
526 670 560 689 uc
584 661 707 690 fortuna
730 661 855 700 delapsa

136 706 196 737 est,
211 701 384 732 devolant.''
427 703 552 733 Caesar:
577 707 599 720 “
616 705 649 734 Is
664 704 750 744 regni
767 704 852 743 cupi-

134 743 231 774 ditate
246 745 402 782 inductus,
422 745 666 787 conjurationem
683 746 854 777 nobilitatis

135 787 242 823 fecit‚'’
257 787 416 829 ὑπαχθείς.
439 789 508 819 Cic.
523 789 570 829 [in
587 791 680 820 Catil.
704 791 759 820 lV.
777 802 804 820 c.
823 794 854 820 1.

136 829 236 871 extu]
259 834 282 848 “
299 832 334 861 Si
355 833 392 861 P.
410 833 561 863 Lentulus
577 844 665 864 suurn
682 844 791 863 nomen
806 832 854 864 iu-

134 873 248 903 ductus
265 884 283 904 a
299 875 435 912 vatibus,
450 876 544 906 fatale
560 877 599 906 ad
611 877 780 917 perniciem
795 878 854 907 rei-

133 917 209 956 pub.
222 917 288 947 fore
297 918 455 958 putavit.'’
485 920 626 950 Tibullus
640 921 684 962 [1.
698 923 729 951 6.
745 924 775 951 1.
789 921 830 962 s.]
846 932 852 950 z

133 987 156 1001 ‘¹
173 985 304 1025 Semper
318 986 509 1059 utlinducas‚
525 988 656 1019 blandos
673 989 764 1019 offers
780 989 854 1019 mihi

307 1040 347 1059 vu
364 1035 424 1060 tus.

179 1070 259 1101 Post
273 1076 375 1103 tamen
398 1085 432 1129 es
454 1074 568 1105 misero
590 1075 691 1105 tristis
710 1080 742 1106 et
762 1086 855 1115 asper

306 1126 402 1146 amor.

134 1172 311 1213 Cyprianus
329 1173 384 1214 [de
408 1176 541 1207 vanitate
557 1177 709 1208 idolorum
731 1189 761 1218 p.
779 1179 854 1209 450.

134 1217 183 1247 ed.
213 1217 336 1259 Baluz.]
359 1223 381 1236 “
396 1219 519 1250 Horum
543 1222 677 1251 omniurn
701 1222 779 1252 ratio
806 1227 855 1252 est

132 1258 197 1296 illa,
212 1271 280 1300 quae
295 1261 376 1292 fallit
386 1267 418 1293 et
429 1263 558 1303 decipit,
570 1269 602 1294 et
614 1265 784 1305 praestigiis
795 1276 853 1295 cae-

134 1303 278 1334 cantibus
296 1305 469 1343 veritatem,
491 1308 619 1337 stultum
641 1314 674 1338 et
695 1309 853 1339 credulum

135 1346 250 1385 vulgus
267 1348 419 1379 inducit.”
463 1350 521 1381 Est
540 1355 571 1381 et
587 1350 701 1389 ἐνάγειν,
714 1353 853 1388 incitare,

131 1392 320 1428 persuadere,
357 1391 490 1433 ἐρεθίζειν.
549 1395 720 1434 Synesius:
755 1397 855 1426 ταῦτα

133 1430 225 1471 ἐνῆγεν
263 1434 365 1470 αὐτοὺς
393 1435 461 1477 πςός
485 1436 520 1467 τό
548 1439 744 1469 καταδικάσαι
786 1451 855 1478 μου.

133 1476 318 1508 Herodotus
342 1480 416 1520 [IV.
441 1481 553 1522 145.]:
575 1482 718 1521 μάλιστα
741 1482 765 1513 δ’
779 1482 855 1521 ἐνῆγε

134 1518 228 1559 σφέας
241 1521 319 1552 ὥστε
335 1522 435 1554 ποιέειν
456 1525 557 1555 ταῦτα
570 1528 626 1555 τῶν
640 1525 824 1567 Τυνδαριδέων
840 1528 854 1558 ἦ

135 1563 262 1596 ναυτιλίη
289 1564 316 1596 ἐν
339 1564 448 1607 Ἀςγοῖ.
472 1568 519 1609 [p.
538 1571 590 1600 98.
612 1570 662 1598 ed.
679 1569 737 1609 D.]
763 1571 854 1601 Dem-

136 1604 209 1646 [pro
226 1608 349 1640 Phorm.
366 1621 398 1649 p.
414 1611 505 1652 955]
523 1610 591 1643 ὅταν
605 1612 635 1642 δὲ
651 1612 704 1643 ὑπὸ
720 1615 775 1643 τῶν
788 1613 855 1644 τού-

133 1660 187 1680 του
218 1651 407 1694 ὑποσχέσεων
442 1654 606 1694 ὑπάγεσθαι
644 1657 698 1698 4³2?-
765 1657 854 1687 Idem

133 1690 291 1742 {Philippu
305 1697 351 1726 ΙΙ.
364 1708 396 1737 p.
407 1699 429 1728 ‘7
430 1698 478 1739 3]
493 1698 568 1728 οὕτω
576 1697 682 1733 τελέως
691 1699 854 1741 ὑπήχθητε.

132 1741 178 1786 tta
190 1747 312 1776 prorsus
325 1740 409 1771 ducti
418 1740 536 1783 fuistis.
581 1743 780 1774 Herodianus
802 1754 854 1774 ac-

135 1783 200 1810 tive
225 1780 310 1821 [libr.
327 1784 374 1813 ΙΙ.
399 1794 428 1814 c.
445 1788 496 1816 14.
520 1785 546 1825 ᾗ.
571 1786 619 1827 8.]
645 1787 768 1817 τοιαῦτά
790 1798 855 1817 τινα

135 1821 237 1862 λέγων,
251 1825 417 1864 ὑπηγάγετο
430 1830 495 1862 τοὺς
517 1829 674 1864 πλείστους
695 1831 733 1864 εἷς
756 1829 855 1860 εὔνοιαν

135 1865 185 1895 καὶ
206 1865 306 1898 πίστιν
334 1867 370 1899 οἷν
395 1870 578 1913 ὑπισχνεῖτο.
600 1874 687 1903 Idem
709 1873 780 1913 [lib.
806 1875 853 1904 II.

138 1910 168 1959 9.
185 1911 253 1951 17.]
279 1912 426 1950 μεγάλαις
441 1914 470 1944 δὲ
485 1915 597 1949 πάντας
610 1916 791 1957 ὑποσχέσεσι
807 1917 854 1946 καὶ

136 1950 251 1982 ελπίσιν
277 1954 438 1986 ἀναπείθων
459 1958 634 1997 ὑπηγάγετο.
670 1960 856 1996 PolitianuS,

136 1998 252 2036 magnis
265 1997 360 2029 illex-it
373 2002 511 2038 praemiz‘s.
553 2003 709 2042 Josephus
731 2004 770 2033 de
784 2003 854 2032 filiis

137 2038 204 2075 Eli,
228 2042 283 2075 τὰς
297 2043 432 2079 γυναῖκας
448 2043 610 2085 διέφθειραν,
633 2047 702 2081 ταῖς
716 2045 770 2086 μὲν
791 2046 857 2080 βίαν

137 2081 347 2124 προσφέξοντες,
358 2088 414 2121 τὰς
422 2086 450 2117 δὲ
463 2088 552 2128 δώροις
564 2087 746 2129 ὑπαγόμενοι.
791 2091 854 2129 Αρ-

135 2126 246 2163 planus
273 2126 343 2167 [τῶν
358 2128 504 2170 ἐμφυλίων
519 2144 550 2161 α.
574 2143 601 2162 c.
626 2136 678 2163 ⁹22.
702 2144 732 2172 p.
762 2134 815 2163 31.
831 2138 854 2163 t.

133 2168 178 2198 11.
197 2170 245 2200 ed.
261 2172 508 2215 Schweighiius]
537 2175 662 2214 ὑπήγετο
677 2175 706 2206 δὲ
723 2177 788 2210 τοὺς
801 2187 852 2205 κα-

135 2211 285 2251 λουμένους
306 2214 415 2250 ἱππέας
439 2217 486 2247 διὰ.
503 2219 607 2248 τοιοῦδε
625 2219 853 2260 πολιτεύματος.

132 2256 311 2294 perducebat
333 2258 374 2287 ud
398 2269 425 2289 se
448 2261 484 2289 C.
513 2262 672 2292 Gracchus
698 2269 853 2302 equestrem

135 2298 277 2330 ordinem.
323 2302 385 2331 Sed
411 2303 470 2332 hoc
486 2303 589 2343 potius
606 2309 656 2334 est
680 2305 851 2345 προσήγετο.

134 2341 313 2382 Xenophon
341 2344 518 2386 [Agesilao‚
541 2358 568 2378 c.
588 2351 618 2378 1.
641 2347 668 2387 ξ.
693 2348 763 2389 ⁶20.]
787 2347 852 2379 ἐπε-

135 2383 247 2423 μέλετο
270 2385 298 2416 δὲ
317 2387 345 2416 οὗ
366 2388 446 2428 μόνον
460 2391 511 2420 τοῦ
535 2389 585 2430 βία
603 2391 772 2432 χειξοῧσὲιαι
788 2394 854 2428 τοὺς

135 2426 280 2470 ἐναντίους,
288 2431 368 2461 ἄλλα
377 2433 426 2462 καὶ
437 2434 486 2463 τοῦ
495 2433 634 2473 πραότητι
646 2435 852 2475 προσάγεσθαι.

136 2470 262 2503 Studuit
283 2483 343 2504 non
363 2475 455 2505 solum
475 2478 503 2506 vi
529 2477 663 2518 subigere
684 2478 785 2514 hostes,
805 2481 859 2510 sed‘

134 2516 225 2544 etiam
261 2519 487 2549 mansuetudine
521 2520 650 2551 allicere.
714 2523 853 2553 Verbum

136 2558 216 2588 enim
233 2560 375 2598 superius
390 2568 440 2592 est
451 2562 574 2599 illicere,
594 2563 627 2593 id
644 2569 702 2601 est,
724 2565 756 2594 in
771 2566 852 2596 frau-

134 2601 204 2632 dem
214 2602 372 2634 inducere.
419 2606 592 2643 AEschines,
602 2607 854 2647 ὑπεξθεραπεύσας

134 2644 220 2675 αὑτὸν
244 2647 294 2677 καὶ
321 2649 539 2687 προσαγόμενος.
594 2651 779 2681 Plutarchus
806 2652 852 2692 [in

136 2688 234 2725 Sulla,
251 2700 279 2720 c.
295 2692 328 2722 5.
341 2691 369 2730 ᾗ.
381 2692 429 2733 1.]
445 2691 564 2731 ἐνιαυτῷ
575 2695 630 2734 γὰρ
644 2694 774 2724 κατόπιν
786 2695 851 2726 ἔτυ-

134 2741 174 2773 χε
188 2733 240 2766 τῆς
253 2735 443 2775 στρατηγίας,
465 2735 512 2765 τὸν
526 2737 622 2775 δῆμον,
645 2735 678 2767 τὸ
694 2737 750 2778 μὲν
765 2738 852 2777 θερά-

136 2773 239 2811 mlum,
264 2776 298 2807 τὸ
321 2777 350 2808 δὲ
363 2779 502 2820 χρήμασι
528 2779 748 2820 προσαγόμενος.
775 2793 853 2812 anno

132 2823 199 2855 post
212 2825 373 2857 proeturum
387 2822 511 2862 adeptus
526 2830 577 2859 est,
586 2825 729 2863 populum
741 2827 856 2863 purtim

135 2859 283 2901 obsequiis,
316 2866 428 2903 partim
465 2867 624 2907 largitione
663 2868 852 2906 promeritus.

136 2903 294 2936 Isocrates
319 2906 478 2946 [Nicocle,
501 2921 530 2950 p.
562 2912 636 2941 116.
652 2916 674 2940 t.
699 2911 725 2940 1.
750 2912 850 2953 Aug]

135 2945 187 2975 καὶ
213 2949 278 2982 τοὺς
301 2949 357 2989 μὲν
380 2953 503 2988 «πεῖσαι,
528 2954 594 2988 τοὺς
617 2952 645 2983 δὲ
668 2953 850 2992 βιάσασθαι,

137 2990 203 3024 τοὺς
217 2989 242 3041 ξ’
255 2990 443 3033 ἐκπρίασὸαι,
465 2997 531 3030 τοὺς
546 2995 576 3027 δὲ
598 2997 665 3029 ταῖς
685 2997 791 3031 ἄλλαις
806 2997 849 3028 θε-

138 3043 273 3072 pavetur:
307 3037 529 3078 «προσάγεσθαι.
575 3040 740 3071 Sallustius
778 3039 849 3081 [Ju-

1514 211 1598 252 389

887 314 989 354 gurth.
1002 313 1034 343 b.
1058 324 1086 344 c.
1101 315 1175 355 76.]
1199 319 1219 333 “
1238 315 1338 356 Regis
1360 315 1480 346 Bocchi
1498 316 1605 356 proxi·

887 367 953 387 mos
975 357 1093 396 magnis
1118 358 1296 389 muneribus
1322 364 1353 389 et
1376 360 1541 398 promissis
1565 360 1604 389 ad

888 400 1023 430 studium
1054 399 1102 430 sui
1129 401 1313 439 perduxit.''
1370 404 1475 433 Caesar
1507 402 1606 443 [Bell.

888 443 970 473 Gall.
996 443 1053 472 VI.
1077 454 1105 472 c.
1130 445 1199 484 12]
1234 449 1255 462 “
1274 446 1407 483 Sequani
1435 447 1605 476 Germanos

887 492 978 525 atque
995 485 1189 516 Ariovistum
1213 487 1275 517 sibi
1295 490 1512 527 adjunxerant,
1535 499 1606 519 eos-

887 539 947 568 que
968 531 1005 558 ad
1028 539 1059 558 se
1083 529 1204 567 magnis
1222 531 1353 568 jacturis
1371 531 1607 570 pollicitationi-

887 574 1007 611 busque
1031 572 1276 612 perduxerant.'’
1301 575 1417 603 Seneca
1440 574 1493 614 [ad
1512 576 1607 605 Luci-

886 615 961 645 lium
989 616 1088 656 Epp.]
1119 619 1140 633 “
1156 615 1291 646 Difficile
1323 622 1372 645 est
1401 620 1534 648 animum
1566 620 1605 648 ad

887 664 1098 698 contemptum
1109 658 1216 688 animae
1228 659 1435 699 perducere.'’
1451 661 1605 691 Horatius

887 703 927 732 de
954 702 1116 741 Penelopa
1141 701 1257 743 [Serm.
1281 703 1327 732 11.
1354 704 1384 733 5.
1408 703 1478 744 77.]
1500 708 1521 721 ‘⁴
1540 705 1604 733 Pu-

888 751 987 782 tasne,
1010 746 1141 784 perduci
1156 746 1272 785 poterit
1292 751 1355 776 tam
1377 746 1460 785 frugi
1482 750 1606 785 tamque

888 788 1038 828 pudica.''
1069 790 1235 819 Suetonius
1253 789 1300 830 [in
1317 789 1472 828 Caligula,
1490 801 1520 819 c.
1536 790 1606 830 95]

888 837 910 850 “
929 833 1058 863 Lolliam
1076 832 1248 863 Paulliuam
1268 833 1408 863 Memmii
1424 833 1606 872 perductam

888 886 905 905 a
920 877 1029 906 marito
1046 875 1107 906 sibi
1123 874 1316 915 conjunxit.'’
1340 876 1507 906 Terentius
1525 876 1606 916 [An-

888 920 954 949 dria
965 920 993 949 Ι.
1011 923 1041 949 1.
1057 918 1128 959 54.]
1153 925 1175 938 ¹⁵
1192 919 1256 956 Qui
1271 924 1335 949 tum
1351 919 1436 949 illam
1452 920 1608 955 amabant,

890 962 941 1002 [p.
954 964 1006 994 99.
1024 962 1073 992 ed.
1090 962 1147 1003 D.]
1165 963 1245 993 forte
1258 962 1302 993 ita
1311 967 1346 992 ut
1362 963 1407 998 fit,
1423 963 1519 993 filium
1534 973 1607 1002 per-

888 1007 1008 1035 duxere
1024 1006 1100 1035 illuc
1116 1016 1232 1041 secum,
1245 1012 1278 1036 ut
1288 1016 1347 1035 uua
1362 1010 1457 1042 esset,
1474 1006 1608 1036 meum.”

889 1050 980 1079 Dem.
996 1047 1067 1079 ἦσαν
1088 1048 1290 1082 ἀπιστοῦντές
1304 1059 1376 1083 τινες
1390 1049 1536 1088 Φιλίππῳ,
1558 1049 1608 1079 καὶ

886 1093 942 1122 νοῦν
978 1091 1102 1133 ἔχοντες.
1137 1089 1212 1122 οὗτοι
1249 1092 1394 1123 πιστεύειν
1423 1092 1607 1134 ὑπήχθησαν.

888 1137 1042 1174 Quorsum
1064 1136 1131 1165 haec
1154 1143 1216 1166 tarn
1242 1136 1358 1166 multa?
1394 1136 1477 1173 Quia
1500 1137 1531 1166 in
1548 1137 1606 1166 hoc

888 1179 985 1208 verbo
1010 1179 1094 1208 fraus
1112 1180 1233 1209 occulta
1254 1180 1346 1213 inest,
1370 1184 1404 1209 ut
1419 1179 1604 1219 praepositio

888 1222 1044 1252 declarat:
1069 1223 1100 1252 in
1113 1222 1167 1252 illo
1184 1224 1263 1252 bona
1275 1222 1361 1252 fides.
1405 1224 1514 1262 ltaque
1529 1223 1606 1252 illud

888 1265 1051 1301 vertimuS,
1066 1265 1195 1301 allicere,
1208 1266 1371 1306 perducere
1385 1267 1418 1295 in
1431 1272 1542 1306 partes,
1554 1266 1608 1296 ubi

887 1309 965 1338 nihil
983 1309 1055 1339 dolo
1071 1309 1152 1339 malo
1166 1310 1211 1345 fit,
1226 1309 1285 1338 hoc
1299 1309 1422 1340 illicere.
1448 1310 1510 1339 Sed
1527 1310 1605 1339 illud

887 1353 919 1382 iu
934 1354 1061 1383 Terent.
1078 1353 1262 1383 Phormione
1278 1352 1322 1393 [I.
1339 1355 1370 1383 2.
1387 1353 1457 1394 18.]
1481 1357 1502 1370 “
1519 1352 1547 1382 is
1559 1364 1606 1383 se-

887 1406 958 1426 nem
982 1406 1040 1435 per
1066 1396 1217 1436 epistolas
1240 1395 1405 1436 pellexit‚''
1428 1401 1476 1426 est
1497 1394 1609 1434 ἐπηγά-

887 1450 966 1478 γετο.
1003 1439 1056 1469 Sic
1093 1439 1220 1469 Tacitus
1258 1439 1355 1479 [Ann-
1393 1440 1450 1470 lV.
1489 1450 1518 1469 c.
1557 1440 1605 1481 3.]

888 1487 911 1500 “
936 1484 1038 1518 Hanc,
1067 1487 1103 1512 ut
1131 1493 1233 1513 amore
1263 1483 1423 1519 incensus,
1453 1483 1607 1513 adulterio

888 1524 1056 1566 pellexit.''
1102 1528 1161 1557 Pro
1189 1537 1226 1556 eo
1254 1527 1337 1565 quod
1363 1531 1412 1556 est
1433 1527 1464 1556 in
1489 1527 1609 1557 adulte-

888 1570 968 1600 rium
985 1574 1117 1599 octavus
1134 1580 1234 1603 casus,
1260 1570 1299 1603 εἷς
1313 1568 1447 1612 μοιχείαν
1463 1568 1609 1608 ἐπηγάγε-

887 1625 932 1643 το.
949 1613 1104 1643 Luciauus
1130 1613 1177 1655 [in
1194 1613 1249 1643 vit.
1275 1619 1356 1643 auct.
1376 1619 1418 1642 to.
1435 1615 1463 1644 Ι.
1484 1624 1515 1652 p.
1533 1615 1610 1645 540.

889 1657 941 1686 ed.
960 1656 1082 1697 Reitz]
1100 1657 1182 1686 ἀλλὰ.
1196 1655 1345 1696 κόσμησον
1360 1656 1499 1697 πρότεςον,
1514 1657 1549 1690 ὡς
1565 1657 1610 1687 εὖ·

887 1698 1042 1740 ωςόσωποι
1057 1702 1221 1739 φανοῦνται,
1235 1700 1283 1729 καὶ
1299 1698 1343 1729 δ’τι
1365 1699 1521 1733 πλείστους
1535 1698 1610 1730 ἐπά-

887 1742 996 1782 ξονται.
1041 1744 1144 1781 Quum
1170 1743 1253 1773 euim
1275 1744 1396 1782 objecta
1417 1749 1465 1773 est.
1488 1743 1610 1781 species

887 1787 1035 1824 formosa,
1049 1791 1101 1817 aut
1117 1798 1168 1817 res
1181 1787 1330 1826 jucunda,
1346 1797 1402 1816 nos
1416 1785 1610 1817 commoveri

888 1840 1016 1861 necesse
1044 1835 1104 1861 est.
1157 1830 1242 1861 Hinc
1272 1829 1444 1868 ἐπαγωγὸς,
1476 1828 1608 1866 πιθανὸς,

889 1874 1027 1909 blandus,
1041 1873 1151 1914 pellax,
1166 1872 1515 1912 illecebrosusjmywyh.
1531 1873 1608 1903 leno-

889 1918 1014 1952 cinium,
1044 1917 1181 1956 pellacia.
1208 1917 1303 1947 Plato
1335 1917 1390 1957 [de
1419 1917 1530 1956 repub.
1560 1918 1607 1946 ΙΙ.

890 1961 954 1990 vol.
970 1961 1027 1990 VI.
1043 1971 1075 1999 p.
1094 1963 1168 1991 220.
1187 1960 1238 1990 ed.
1254 1959 1342 2000 Bip.]
1360 1960 1398 1988 de
1414 1960 1608 1990 circulatori-

888 2003 947 2033 bus
962 2003 1091 2042 loquens
1116 2009 1147 2034 et
1161 2003 1328 2033 maleficis:
1353 2002 1523 2042 ἐπαγωγαῖς
1543 2002 1608 2032 τισῖ

888 2047 936 2075 καὶ
951 2046 1150 2089 καταδέσμοις
1164 2048 1229 2082 τοὺς
1244 2045 1329 2081 Θεοίις,
1344 2047 1380 2080 ὥς
1394 2054 1482 2085 φασι,
1497 2044 1608 2075 πείθον-

889 2100 938 2124 τες
965 2090 1064 2129 σφίσιν
1093 2091 1257 2129 famer-retia.
1301 2090 1345 2119 At
1374 2090 1526 2129 Synesius
1553 2089 1608 2130 [de

888 2133 1038 2175 divinat.]
1064 2132 1125 2164 ὅσον
1145 2133 1199 2172 ἔξω
1222 2134 1272 2163 τοῦ
1296 2131 1407 2173 κόσμου
1422 2133 1497 2163 θεῖόν
1517 2132 1609 2168 ἐστιν,

889 2176 968 2207 ἅπαν
982 2175 1062 2206 ἐστὶν
1077 2177 1259 2215 ἇγοίιτευτον.
1272 2187 1371 2215 eoque
1385 2177 1513 2206 adducit
1528 2176 1609 2206 illud

887 2225 988 2259 poetae
1004 2221 1044 2250 de
1070 2221 1171 2251 Jove:
1195 2220 1207 2249 ὅ
1223 2219 1245 2249 δ’
1261 2220 1402 2259 ἀφήμενος
1417 2221 1465 2250 οὐκ
1479 2218 1606 2259 ἀλεγίζει

886 2262 941 2292 οὐδ’
956 2262 1060 2292 ὄθεται.
1078 2265 1091 2293 ἦ
1104 2266 1158 2304 γᾶς
1173 2265 1214 2293 νοῦ
1229 2263 1317 2302 φύσις
1331 2261 1511 2302 ἀμείλικτος.
1528 2261 1560 2292 τὲ
1577 2262 1608 2293 δὲ

887 2304 1042 2337 παθητικόν
1066 2305 1132 2337 ἐστι
1163 2305 1197 2336 τὸ
1226 2306 1399 2346 θελγόμενον·
1432 2305 1605 2345 cujusmodi

888 2354 961 2379 suut
975 2351 1141 2386 daemones,
1156 2350 1208 2389 qui
1223 2351 1337 2380 mundo
1353 2350 1557 2385 continentur,
1574 2354 1608 2379 ut

887 2393 981 2423 docet
995 2394 1191 2432 Augustinus
1211 2392 1264 2433 [de
1282 2394 1410 2423 civitate
1427 2394 1477 2424 dei
1493 2393 1605 2434 vl11.]

887 2436 927 2466 Et
943 2436 988 2472 hi,
1003 2436 1031 2466 si
1046 2437 1137 2473 forte,
1155 2438 1319 2476 capiuntur
1334 2437 1409 2471 illis,
1423 2447 1499 2476 quas
1516 2437 1607 2466 Plato

886 2484 1048 2513 memorat,
1078 2480 1337 2510 allectatiouibus.
1383 2481 1462 2510 Nam
1491 2484 1510 2497 ‘⁶
1528 2490 1607 2510 vana

886 2533 942 2562 spe
965 2523 1079 2553 laetare
1099 2522 1270 2553 amantem³⁹
1298 2528 1345 2553 est
1361 2524 1442 2562 apud
1466 2523 1606 2554 Terenti-

888 2577 949 2602 um,
967 2566 1089 2596 Budaeo
1104 2571 1197 2602 teste,
1215 2565 1376 2605 ἐπάγεσθαι
1389 2568 1437 2596 καὶ
1460 2566 1606 2599 διαβουκο-

886 2610 955 2640 λεῖν.
1000 2611 1110 2640 Festus
1126 2621 1133 2639 ε
1158 2614 1178 2627 ¹‘
1198 2611 1298 2646 Lacit,
1315 2610 1437 2641 inducit
1453 2611 1605 2645 fraudem,

887 2653 968 2682 unde
983 2653 1090 2688 lactat,
1113 2653 1244 2688 illectat‚
1268 2654 1415 2690 delectat,
1439 2652 1608 2683 oblectat.”

887 2696 975 2725 Hinc
990 2695 1127 2734 ἐπαγωγὴ
1146 2696 1265 2737 [itaque
1280 2697 1416 2728 inductio
1431 2697 1537 2728 Latine
1559 2696 1607 2725 di-

887 2739 977 2768 citur.
994 2739 1119 2781 Bnem]
1131 2741 1229 2770 forma
1239 2739 1524 2780 argumentationis,
1536 2749 1605 2768 cum

887 2783 1001 2812 sensim
1013 2787 1044 2813 et
1059 2784 1249 2822 pedetentim
1261 2782 1478 2822 interrogando
1491 2783 1530 2811 de
1544 2782 1608 2811 sin-

887 2825 969 2865 gulis
983 2836 1020 2856 eo
1035 2827 1176 2857 ducimus
1192 2827 1417 2860 adversarium,
1434 2831 1467 2854 ut
1483 2825 1606 2854 univer-

887 2869 950 2899 sale
977 2871 1128 2900 concedat
1147 2871 1275 2900 invitus.
1299 2869 1345 2909 [p.
1372 2871 1447 2898 100.
1471 2868 1521 2896 ed.
1544 2868 1603 2908 D.]

886 2913 980 2950 Quod
1011 2919 1119 2953 aperte
1149 2913 1356 2952 Philosophus
1386 2911 1520 2941 ostendit
1556 2911 1605 2941 his

886 2956 990 2985 verbis
1009 2956 1154 2997 [Aristot.
1177 2959 1233 2985 τῶν
1248 2955 1369 2995 [artiga-v
1391 2956 1475 2983 άναλ.
1491 2955 1519 2983 Ι.
1536 2964 1608 2993 cap.

886 2999 998 3040 XIV-J
1022 2998 1195 3040 ἐπαχθῆναι
1221 2998 1249 3028 δὲ
1266 2999 1308 3037 μὴ
1332 2998 1453 3038 ἔχοντας
1467 2997 1614 3027 αἴσθησιν

885 3042 1029 3073 ἀδύνατον.
1077 3044 1194 3072 Sensus
1217 3042 1297 3072 enim
1314 3049 1372 3076 est,
1395 3051 1455 3080 quo
1471 3040 1606 3081 percipi-
