1964 3323
340 174 419 216 170
718 181 752 223 Ι.
775 183 806 226 Ι.
828 183 1054 226 REISKE

339 283 451 320 eripuit
466 285 540 315 vobis
551 296 609 316 rem
624 297 715 326 poencc
730 299 848 321 sumere.
864 293 894 322 ln.
905 303 932 323 e.
950 293 1047 332 ipsam

339 334 462 372 poeuam
480 338 611 360 sumere.
636 332 751 372 eripuit
769 336 857 364 vobis
873 335 1047 365 facultatem

341 377 438 418 ipsam
451 380 570 409 poenam
582 376 751 414 repetendi.
769 388 861 416 quare
873 379 969 407 satius
982 388 1049 407 esse

342 412 424 460 duxi
437 415 563 462 uerbum
577 417 634 447 hoc
650 419 832 458 relinquere,
846 422 899 450 sed
914 431 983 450 cum
998 420 1051 450 ad-

343 460 523 493 monitione,
538 469 556 488 a
571 461 674 491 multis
687 463 719 492 id
735 463 845 492 omitti.

366 539 374 547 .
386 516 430 522 ·—
446 503 498 531 18.
514 500 670 545 ἐγγυητὰς]
688 509 756 544 post
778 505 921 544 ἐγγυητὰς
943 507 1053 537 deesse

343 541 469 590 videtur
483 543 566 575 εἰπὼν
579 548 628 577 vel
651 547 750 585 λέγων.
774 559 817 586 eo,
834 551 909 589 quod
928 550 1055 581 dictione

344 594 386 623 τῳ
405 588 628 619 καταστήσαντι
653 593 717 625 τοὺς
743 590 888 630 ἐγγυητὰς
910 604 980 623 usus
1003 597 1055 629 est,

346 627 395 676 yel
411 631 523 666 utitur,
543 634 690 673 siguificat
711 645 814 666 omnes.
839 647 905 666 nam
922 636 1057 671 ἅπαντας

345 680 376 723 ¹0¹¹
393 681 519 703 numero
535 676 648 714 plurali
670 683 796 716 praestat
816 679 905 709 alteri
921 680 1057 716 lectioni,

346 724 476 752 απαντα,
497 717 527 746 ἰη
552 719 709 758 singulari,
730 732 819 760 quam
837 723 928 753 Wolf
937 734 978 753 ex
994 724 1057 753 Au-

348 763 477 796 gustano
491 761 637 792 adscivit.

390 819 434 824 -—
449 806 501 834 22.
523 804 630 846 χξόνον]
652 811 722 845 post
745 806 836 847 χρόνον
851 808 974 838 videtur
993 819 1058 838 σκο-

347 844 431 874 πεῖτε
449 846 497 875 vel
511 847 593 886 ὁρᾶτε
610 849 656 878 vel
673 850 730 879 tale
747 851 818 888 quid
841 851 960 881 deesse.
984 851 1060 881 Uni—

350 896 440 917 verse
458 888 506 917 hic
524 890 610 919 loeus
629 901 718 930 asper
734 898 764 922 et
781 893 911 932 hiulcus,
924 893 998 923 mihi
1015 893 1060 922 vi-

350 929 452 966 detur,
477 936 510 960 ut
533 933 673 972 suspicer
697 939 748 964 aut
764 936 802 964 ab
819 940 942 964 auctore
958 936 1060 965 minus

350 973 541 1003 elaboratum
563 986 632 1006 esse
649 977 800 1012 relictum,
817 983 869 1007 aut
885 979 968 1008 aliud
985 979 1060 1017 quid

349 1015 428 1045 labis
451 1016 501 1046 hic
525 1017 586 1048 loci
604 1020 691 1049 libris
709 1021 958 1052 Demosthenicis
981 1022 1062 1052 inse-

351 1058 447 1095 disse,
464 1070 481 1089 a
498 1060 621 1092 sinistra
637 1063 757 1093 fortuna
772 1064 900 1094 illatum.

394 1120 437 1125 -ψ
450 1105 501 1134 23.
525 1104 570 1140 τᾴἶ
589 1107 813 1137 καταστήσαντι
835 1109 899 1141 τοὺς
921 1107 1064 1147 ἐγγυητὰς

351 1142 443 1186 λέγει]
462 1146 590 1177 subaudi
607 1149 654 1178 καὶ
670 1148 745 1188 μόνῳ
758 1150 862 1189 τούτῳ,
873 1152 954 1181 ἀλλὰ
966 1153 1008 1192 μὴ
1021 1151 1067 1191 τςῖῑ

352 1187 459 1226 μηδένα
475 1191 697 1222 καταστήσαντι
713 1192 857 1231 ἐγγυητήν.

397 1248 441 1254 —-
457 1232 511 1262 ult.
529 1234 664 1276 ἀνάγκην]
681 1237 750 1266 scil.
764 1238 813 1266 τοῦ
828 1236 1001 1267 καθιστάναι
1016 1236 1064 1275 ἔγ-

353 1276 474 1311 γυητας,
490 1275 504 1306 ἢ
519 1275 656 1308 δεδέσθαι.
681 1281 871 1310 necessitatem
887 1286 941 1311 aut
958 1280 1064 1311 consti-

354 1317 459 1347 tuendi
472 1320 568 1356 vades,
584 1327 638 1350 aut
651 1323 681 1350 in
693 1332 835 1352 carcerem
851 1324 1011 1363 migrandi.

399 1363 474 1392 729.
491 1365 521 1392 4.
542 1362 587 1403 ἐφ’
608 1364 700 1406 ὑμῶν]
725 1366 846 1396 correxi
871 1366 917 1405 ὑφ’
938 1367 1025 1406 ὑμῶν.
1047 1377 1066 1395 a

355 1404 441 1439 vobis,
456 1410 507 1434 aut
524 1416 540 1434 a
555 1407 772 1438 decessoribus
786 1409 907 1439 vestris.
931 1416 1067 1439 oratores

357 1447 437 1476 enim
454 1449 556 1478 Graeci
572 1451 611 1479 de
635 1457 788 1481 conventu
810 1452 949 1490 judicum
972 1458 1007 1482 nt
1027 1453 1068 1482 de

357 1500 487 1528 corpore
505 1493 636 1530 quodam
661 1494 824 1524 immortali
848 1495 933 1535 loqui
958 1495 1067 1525 solent.

357 1533 391 1562 Si
418 1534 491 1572 quid
518 1536 693 1574 superiores
714 1538 896 1576 judicarint,
926 1539 958 1568 id
986 1538 1067 1568 idem

357 1575 450 1606 etiam
471 1584 641 1616 praesentes
659 1590 784 1611 censere
799 1585 830 1611 et
845 1586 943 1612 ratum
959 1581 1070 1611 habere

359 1619 585 1652 existimantur.

400 1680 442 1684 --
452 1664 483 1693 7.
499 1663 589 1704 ἄκυρα
599 1667 639 1695 τὰ
655 1667 893 1707 προστιμήματα
905 1668 995 1709 ποιεῖ’]
1007 1668 1069 1697 elu-

363 1705 464 1735 dendo
487 1708 717 1738 exsecutionem
744 1711 972 1745 sententiarum,
997 1721 1071 1750 quas

355 1748 480 1787 judices
502 1750 639 1787 tulerint,
663 1761 826 1791 earumque
844 1753 904 1783 vim
929 1754 992 1783 suis
1016 1764 1070 1783 ex-

362 1792 560 1831 ceptionibus
577 1800 607 1823 et
623 1794 770 1824 clausulis
786 1797 941 1836 frangens.

404 1852 448 1857 —
464 1839 514 1866 10.
532 1837 697 1877 τιμῶντας]
723 1839 750 1867 h.
768 1839 788 1868 l.
813 1840 893 1868 idem
911 1844 959 1869 est
980 1844 1070 1879 atque

361 1881 594 1918 προστιμῶντας.
618 1881 759 1910 mulctum
776 1883 948 1921 irrogantes.

406 1923 481 1952 730.
496 1926 545 1953 14.
557 1922 680 1963 θήσετε]
700 1925 799 1954 malim
813 1924 945 1955 θήσεσθε
963 1925 992 1955 in
1007 1936 1072 1955 me-

362 1963 428 2000 dio,
453 1966 476 1994 si
499 1967 652 2003 patiemini
677 1967 750 2007 leges
766 1968 840 1996 vobis
854 1968 950 2008 ferri,
971 1978 1072 2009 easque

361 2012 442 2037 ratus
458 2007 606 2039 habebitis.
653 2010 792 2049 Populus
807 2012 899 2047 enim,
922 2021 978 2040 non
1004 2012 1072 2051 ipse

363 2050 451 2089 leges
479 2049 580 2087 ἐτίθει,
607 2052 662 2081 sed
689 2054 879 2083 solummodo
901 2052 1020 2085 ἐτίθετο.
1043 2060 1074 2085 et

364 2093 455 2123 video
471 2104 550 2124 nunc
566 2095 716 2125 Wolfium
739 2097 784 2126 sic
809 2097 959 2133 edidisse,
977 2103 1009 2128 ut
1024 2109 1073 2128 su-

364 2136 499 2175 spicatus
516 2148 582 2167 sum
597 2148 666 2168 esse
679 2140 840 2170 edendum.

407 2197 451 2202 —-
466 2182 516 2211 15.
533 2180 719 2223 δυνήσεσθαι]
737 2187 840 2221 aptum
856 2187 904 2213 est
919 2194 958 2213 ex
980 2183 1075 2213 οἴεσθε

363 2232 394 2252 v.
411 2226 463 2253 11.

407 2283 451 2288 —
468 2269 518 2296 18.
535 2267 601 2300 ταῖς
623 2266 739 2307 ὀξύτησι
749 2268 806 2309 ——]
835 2274 935 2310 potest
951 2270 1076 2309 vulgata

365 2308 501 2344 defendi,
513 2314 566 2339 aut
582 2309 638 2347 sic,
651 2315 683 2340 ut
702 2314 828 2351 trajecto
845 2316 1006 2349 statuatur,
1018 2323 1075 2352 pro

365 2351 484 2391 vulgari
497 2353 586 2391 plana
594 2355 754 2384 verborum
764 2355 990 2385 constructione
1001 2357 1073 2385 hac:

365 2396 433 2428 ταῖς
445 2394 559 2434 ὀξύτησι
574 2396 623 2425 καὶ
635 2399 695 2432 τοῖς
706 2399 809 2439 καιροῖς
824 2399 874 2428 τοῦ
889 2397 1030 2438 πολέμου,
1042 2403 1076 2428 ut

364 2438 416 2466 τοῦ
432 2438 560 2477 πολέμου
576 2440 704 2478 perinde
721 2443 757 2470 ad
774 2443 841 2476 ταῖς
862 2441 979 2481 ὀξύτησι
995 2442 1076 2472 refe-

365 2484 460 2515 ratur,
477 2486 568 2520 atque
584 2483 623 2512 ad
646 2485 705 2518 τοῖς
728 2486 831 2524 καιροῖς
852 2486 1002 2524 refertur3
1025 2490 1078 2515 aut

367 2521 424 2559 sic,
443 2528 474 2552 ut
491 2523 515 2553 ἓν
532 2524 577 2554 διὰ
593 2526 662 2555 δυοῖν
677 2532 837 2564 statuatur,
859 2538 916 2567 pro
932 2528 999 2562 ταῖς
1014 2527 1077 2566 ὀξύ·

367 2576 435 2595 τησι
451 2567 506 2596 τῶν
521 2568 571 2596 τοῦ
588 2568 718 2608 πολέμου
728 2573 833 2610 καιρῶν.
859 2571 963 2601 malim
977 2577 1077 2601 tamen

367 2607 428 2647 legi
442 2619 448 2637 ε
472 2611 538 2644 ταῖς
554 2613 607 2639 τῶν
621 2614 802 2651 πραγμάτων
812 2613 940 2653 ὀξύτησι.

412 2669 453 2673 -
465 2651 519 2681 ult.
532 2653 674 2684 διοικεῖται
688 2658 726 2685 τα
742 2656 832 2696 κοιναὶ]
848 2662 1002 2696 postrema
1012 2657 1077 2687 baeo

368 2694 430 2723 duo
444 2696 536 2724 verba
548 2696 686 2727 absnnta
696 2699 786 2728 codd.
800 2701 991 2738 quibusdam.
1009 2711 1078 2739 quae

369 2737 462 2767 verba
482 2738 506 2767 si
524 2739 712 2775 omittuntur,
728 2751 854 2772 necesse
876 2747 923 2772 est
939 2743 1000 2783 legi
1016 2744 1079 2773 διοι-

367 2779 472 2810 κεῖσθε.
498 2780 555 2810 nisi
569 2782 718 2812 malumus
735 2785 748 2814 ἦ
764 2784 891 2820 διοίκησις
901 2786 1078 2817 subaudire.

412 2825 484 2853 731.
503 2825 532 2854 3.
549 2826 822 2867 προσευπορεῖσθαι]
843 2829 964 2858 correxi
986 2839 1081 2869 πς-οευ-

368 2865 627 2906 πορεῖσθαι,Ρνὶιιε
648 2872 822 2907 comparari,
845 2882 934 2910 quam
960 2872 1080 2903 scilicet

369 2919 476 2939 eorum
498 2920 570 2940 usus
585 2910 635 2947 sit,
651 2922 667 2941 e
683 2913 870 2951 conjectura,
886 2924 975 2953 quam
990 2920 1079 2953 ,post-

369 2952 491 2981 modum
515 2953 552 2982 ab
574 2954 754 2992 Augustano
777 2956 982 2987 confirmatam
1002 2957 1076 2988 vidi.

413 3011 455 3017 —
471 2997 498 3026 9.
509 2993 602 3031 ἐνδεεῖς
616 2999 744 3040 πολλῶν]
758 2999 822 3030 sine
838 3000 933 3030 dubio
949 3006 1078 3039 praestat

1084 182 1412 225 ANNOTATA

1083 289 1174 324 ἐνδεεῖς
1197 290 1306 329 πολλῷ.
1330 295 1361 320 et
1382 290 1428 320 sio
1443 288 1514 319 dedi
1530 289 1569 318 de
1586 298 1665 319 meo.
1689 288 1765 318 illud
1782 299 1794 319 ν

1083 338 1186 362 natum
1214 344 1283 363 esse
1303 338 1408 373 potest
1429 343 1446 362 e
1468 332 1530 362 iota
1556 332 1629 362 olim
1660 331 1794 362 adscribi

1085 377 1186 406 solito.
1210 376 1262 405 Sic
1278 377 1392 406 dudum
1409 375 1527 411 censui,
1543 379 1700 414 antequam
1714 375 1794 414 'ray-

1085 419 1144 449 lori
1161 419 1199 449 ad
1216 419 1246 448 h.
1259 419 1279 448 l.
1290 419 1586 449 animadversionem
1600 418 1795 457 inspicerem,

1086 463 1139 502 qui
1157 462 1238 492 idem
1256 462 1386 492 censuit.
1402 461 1500 501 possit
1511 472 1632 501 quoque
1647 461 1710 499 legi
1724 459 1795 502 ἐνδέῃ

1086 505 1197 544 πολλῷ,
1215 505 1261 535 vel
1286 505 1394 536 πολλά.
1417 515 1477 544 quo
1493 504 1580 534 ducit
1600 504 1692 534 lectio
1717 504 1796 534 Bav-

1088 547 1160 590 ἔνδεῇ
1175 550 1296 578 πολλῶν.

1131 610 1174 614 -
1184 593 1226 621 ib.
1239 589 1310 621 ἀλλ’
1324 590 1354 633 ἢ]
1373 591 1475 622 malim
1490 589 1586 624 ἄλλως
1601 588 1627 620 η’.
1650 595 1677 620 et
1693 600 1728 620 ne
1740 589 1799 621 haec

1089 636 1204 676 quidem
1218 636 1317 671 aliter,
1328 646 1476 674 quam—.

1133 695 1177 702 --
1191 682 1241 708 11.
1256 679 1322 712 τοὺς
1336 680 1378 717 μῆ
1394 676 1530 711 τιθέντας
1545 674 1622 718 κυρία
1639 673 1655 717 ᾖ
1670 676 1684 706 ἦ
1701 675 1800 710 Βουλῆ.

1090 720 1164 761 μηδὲ
1181 723 1221 751 τα
1239 722 1407 761 δικαστήρια
1423 720 1520 760 δῆσαι]
1543 730 1600 749 non
1617 719 1708 758 culpo
1725 720 1800 748 hanc

1091 764 1266 800 lectionem,
1281 775 1349 804 quae
1366 764 1522 794 sexcentis
1535 762 1633 802 possit
1648 761 1801 800 exemplis

1092 808 1265 847 approbari.
1312 807 1418 836 Solent
1431 806 1543 840 Graeci,
1560 815 1685 845 prorsus
1702 810 1734 834 ut.
1748 815 1803 834 no-

1093 851 1150 880 stri
1175 850 1374 885 Gallofranci‚
1396 850 1528 889 primum
1552 847 1626 886 μηδὲ
1650 848 1803 884 omittere,

1094 893 1274 931 insequente
1293 903 1351 922 uno
1368 892 1503 922 alterove
1526 890 1612 930 μηδέ.
1635 896 1665 920 et
1689 891 1801 929 hospes

1095 936 1125 965 in
1140 935 1260 965 Graeois
1276 935 1316 964 sit
1331 935 1369 970 is,
1382 944 1470 973 quem
1485 935 1541 963 hoc
1557 934 1665 973 fugiat,
1676 944 1802 964 necesse

1096 983 1155 1008 est.
1178 977 1319 1016 quoniam
1342 982 1441 1007 tamen
1464 977 1588 1006 codices
1606 977 1667 1007 h.l.
1684 977 1805 1006 dissen-

1095 1022 1186 1057 tiunt,
1205 1020 1305 1050 visum
1323 1025 1371 1051 est
1389 1020 1550 1050 lectionem
1563 1019 1735 1058 Augustani
1751 1021 1804 1049 ad-

1096 1065 1241 1098 sciscere,
1259 1074 1325 1103 quae
1345 1064 1409 1093 haec
1429 1068 1495 1093 est:
1519 1064 1584 1096 τοὺς
1601 1065 1643 1102 μὴ
1667 1061 1805 1097 τιθέντας

1097 1110 1139 1147 μὴ
1157 1106 1175 1138 ἱῖ
1188 1105 1267 1147 κυςία
1283 1107 1337 1137 δεῖν
1353 1108 1366 1137 ἦ
1380 1106 1479 1143 βουλῆ,
1492 1105 1567 1147 μηδὲ
1581 1109 1622 1137 τὰ
1638 1106 1803 1147 δικαστήρια

1096 1151 1177 1193 (sine
1194 1150 1305 1191 δῆσαι).

1140 1212 1183 1216 -—
1199 1196 1250 1225 2⁶2.
1277 1194 1346 1235 χξῆν
1372 1192 1500 1234 yae—J
1525 1193 1714 1223 constructio
1737 1193 1806 1224 h.1.

1098 1236 1279 1276 impeditior
1294 1238 1378 1266 haec:
1401 1239 1469 1278 χρῆν
1488 1238 1542 1277 γαρ
1563 1235 1749 1276 προσγράψαι
1771 1247 1805 1266 σε

1099 1279 1167 1310 εῖναι
1180 1279 1227 1309 καὶ
1239 1281 1320 1309 κατὰ
1332 1279 1439 1310 τούτων
1448 1282 1504 1314 τὰς
1519 1278 1630 1320 πράξεις
1647 1278 1693 1319 [Ιι.
1708 1290 1735 1309 e.
1750 1279 1807 1308 εἶσ-

1100 1322 1235 1363 ωράξεις]
1250 1325 1330 1352 κατὰ,
1344 1324 1408 1358 τοὺς
1423 1323 1604 1364 ὑπάρχοντας
1615 1321 1723 1360 νόμους,
1740 1322 1806 1362 ὄντες

1100 1365 1208 1400 ἐποίεις
1224 1366 1272 1406 [id
1288 1370 1348 1402 est,
1370 1365 1465 1406 ὥσπες
1489 1363 1706 1406 προσέγραψας]
1727 1368 1807 1396 κατα

1101 1412 1155 1439 τῶν
1183 1411 1317 1439 τελωνῶν.
1351 1410 1514 1448 oportebat.
1539 1408 1618 1438 enim
1646 1414 1688 1444 te,
1716 1419 1808 1447 quatu

1102 1453 1270 1482 clausulam
1286 1455 1389 1482 contra
1406 1451 1586 1491 publicanos
1600 1450 1809 1490 adscripseras

1102 1499 1162 1524 tuae
1178 1495 1252 1534 legi,
1268 1495 1394 1525 eandem
1410 1495 1585 1524 adscribere
1598 1493 1688 1523 etiam
1705 1500 1810 1525 contra

1103 1538 1159 1567 hos
1181 1538 1431 1579 (Androtionem,
1455 1538 1643 1572 Glaucetam,
1671 1537 1811 1568 Melano-

1104 1591 1188 1620 pum,
1203 1581 1305 1620 iisque
1322 1579 1467 1619 similes),
1483 1580 1552 1610 scil.
1566 1579 1745 1610 exactiones
1758 1582 1811 1611 de-

1103 1624 1237 1653 bitorum
1255 1625 1293 1653 ab
1309 1624 1349 1654 iis
1371 1623 1493 1663 legibus
1511 1624 1575 1662 jam
1598 1623 1809 1654 obtinentibus

1105 1668 1349 1697 accommodatas
1365 1677 1443 1697 esse.

1147 1727 1191 1732 -
1205 1712 1257 1740 24.
1274 1710 1320 1739 καὶ
1336 1712 1390 1740 τῶν
1403 1708 1559 1749 ἐγγυητῶν]
1576 1708 1678 1739 malim
1695 1709 1810 1740 καὶτῶν

1104 1752 1209 1783 τούτων
1222 1751 1374 1791 ἐγγυητῶν,
1386 1753 1418 1782 id
1431 1757 1489 1787 est,
1501 1754 1579 1782 κατὰ
1591 1755 1645 1782 τῶν
1656 1751 1812 1791 ἐγγυητῶν,

1105 1795 1147 1830 οὓς
1162 1796 1194 1826 ἂν
1207 1793 1280 1827 οὗτοι
1296 1795 1521 1835 καταστήσωσι.
1545 1801 1576 1824 ει
1589 1800 1694 1825 contra
1708 1797 1823 1833 vades,

1105 1839 1129 1868 si
1148 1849 1225 1878 quos
1241 1839 1271 1869 hi
1287 1839 1444 1879 publicani
1459 1838 1665 1869 exhibuerint.
1712 1840 1811 1869 Recte

1103 1892 1210 1921 porro,
1223 1893 1292 1912 meo
1305 1882 1438 1921 judicio,
1455 1881 1564 1911 suadet
1581 1882 1672 1912 Wolf
1683 1883 1720 1911 ad
1738 1883 1813 1922 ‘ngui-

1105 1925 1161 1964 ξεις
1176 1926 1247 1955 addi
1261 1925 1339 1956 εῖναι.
1361 1925 1444 1965 quod
1459 1925 1533 1955 mihi
1545 1935 1666 1964 quoque
1682 1925 1712 1955 in
1730 1937 1814 1956 men—

1106 1975 1165 1998 tem
1183 1969 1281 2000 venit.

1149 2029 1192 2034 —
1209 2014 1260 2043 ⁶27.
1277 2011 1312 2047 ἃς
1333 2011 1411 2052 περὶ]
1436 2011 1538 2041 malim
1561 2011 1627 2041 haeo
1650 2011 1711 2042 duo
1725 2023 1815 2043 voca-

1108 2055 1180 2085 bula
1191 2055 1219 2084 iu
1234 2065 1326 2085 unum
1339 2054 1432 2095 ἅσπερ
1444 2054 1595 2084 contrahi.
1618 2060 1669 2084 aut
1681 2055 1716 2090 ἃς
1726 2057 1814 2097 παρά.

1108 2109 1175 2128 narn
1192 2099 1272 2138 παρά
1287 2109 1357 2132 τινος
1378 2098 1562 2139 εἰσπράττειν
1577 2104 1750 2137 usurpatur.
1775 2101 1813 2129 ab

1109 2141 1211 2181 aliquo
1221 2141 1372 2180 redigere.

1152 2186 1226 2215 732.
1250 2186 1302 2215 19.
1328 2182 1446 2224 δεσμὸν]
1470 2183 1584 2222 'raylor
1605 2183 1671 2213 vult
1696 2183 1816 2225 δεσμοῦ.

1110 2228 1172 2257 Sed
1189 2228 1265 2257 bene
1281 2228 1371 2258 habet
1388 2227 1523 2264 vulgata.
1557 2226 1685 2262 Dubito,
1700 2228 1816 2259 satisne

1111 2275 1176 2300 tuto
1194 2269 1298 2309 colligi
1314 2270 1426 2309 possit,
1436 2279 1475 2299 ex
1494 2279 1542 2304 oa,
1559 2270 1639 2309 quod
1656 2269 1713 2310 δ’τῳ
1729 2283 1817 2312 ”2⁰0-

1110 2311 1268 2353 τετίμηται
1280 2313 1386 2352 δεσμοῦ
1403 2312 1528 2348 dicitur,
1549 2313 1614 2342 dici
1629 2313 1719 2343 etiam
1732 2319 1817 2345 recte

1111 2367 1213 2395 posse,
1238 2361 1290 2387 aut
1313 2356 1428 2386 dictum
1454 2365 1524 2386 esse
1548 2357 1714 2397 vrgofflrtfaeq'lv
1739 2357 1820 2399 αὐτῷ’

1110 2399 1227 2438 δεσμοῦ.
1251 2410 1320 2429 nam
1335 2399 1366 2429 in
1381 2399 1435 2429 illa
1455 2399 1523 2438 ipsa
1537 2399 1671 2429 dictione
1695 2410 1819 2440 προστε-

1111 2438 1236 2482 τίμηται
1265 2443 1345 2482 αὐτῷ’
1373 2442 1481 2482 δεσμοῦ
1507 2447 1608 2472 tamen
1638 2443 1818 2474 subauditur

1110 2486 1195 2524 τιμή.
1219 2491 1261 2521 et,
1287 2491 1371 2516 recte
1396 2485 1422 2515 si
1443 2485 1563 2515 dicatur
1587 2486 1751 2526 προστιμᾷν
1765 2487 1819 2517 τινῖ
1860 2519 1868 2522 ,

1111 2529 1230 2568 δεσμοῦ,
1247 2534 1347 2559 tamen
1363 2529 1602 2559 subaudiendum
1619 2528 1661 2557 sit
1676 2530 1775 2568 τιμήν.

1153 2589 1197 2594 --
1213 2575 1266 2603 21.
1277 2570 1365 2613 ὄφλῃ]
1382 2571 1448 2601 scil.
1463 2571 1577 2611 ζημίαν,
1592 2571 1641 2600 vel
1656 2570 1819 2608 καταδίκην,

1112 2615 1161 2644 vel
1184 2615 1333 2656 τιμωρίαν,
1351 2615 1401 2644 vel
1423 2614 1483 2644 tale
1506 2614 1593 2653 qnid.
1624 2613 1655 2642 in
1677 2615 1749 2644 aliis
1772 2621 1819 2646 est

1112 2658 1184 2688 ἁλὰἷ.
1207 2659 1249 2688 nil
1263 2658 1366 2689 refert.
1389 2661 1435 2686 est
1448 2657 1568 2687 varians
1583 2655 1688 2686 lectio.

1155 2691 1230 2732 ²733.
1245 2705 1275 2732 4.
1290 2699 1346 2738 δ’,τι
1363 2699 1424 2739 ἐὰν]
1441 2700 1523 2730 idem
1535 2703 1584 2729 est
1598 2704 1691 2738 atque
1702 2698 1760 2735 δ’,τι
1776 2701 1819 2732 ἄν.

1111 2744 1302 2784 quodcunque
1313 2744 1439 2773 tandem.

1155 2805 1198 2810 —-
1212 2787 1288 2817 ibid.
1304 2785 1374 2816 αὐτὸ
1395 2784 1487 2826 λάβῃ]
1512 2785 1581 2815 scil.
1597 2783 1630 2814 τὸ
1653 2783 1783 2825 κλέμμα
1806 2788 1819 2817 ὃ

1112 2830 1315 2863 ἀπολωλεκώς.
1337 2829 1373 2864 si,
1383 2828 1436 2868 qui
1448 2828 1585 2867 perdidit
1600 2827 1716 2867 aliquid
1726 2830 1820 2867 furto,

1111 2874 1210 2913 ipsam
1236 2873 1319 2902 illam
1343 2881 1408 2902 rem
1439 2871 1520 2902 furto
1546 2871 1677 2902 ablatam
1703 2873 1820 2912 reperit

1111 2917 1192 2957 apud
1207 2916 1315 2946 furem.
1605 2926 1607 2928 ·
1709 2945 1710 2948 ,
1821 2940 1824 2945 .

1154 2977 1198 2982 --
1213 2961 1244 2990 5.
1264 2960 1313 2989 τῆν
1335 2956 1490 2988 διπλασίαν
1512 2955 1724 2998 καταδικάζειν]
1753 2957 1820 2988 scil.

1113 3002 1156 3033 δεῖ
1166 3003 1230 3037 τοὺς
1246 3001 1388 3035 δικαστὰς
1401 3001 1450 3032 τοῦ
1466 3000 1552 3042 φωρές
1568 2999 1668 3041 ζημία·
1692 3001 1819 3042 duplum

1956 2599 1964 2618 a„
1958 2543 1964 2591 ——4-
1962 2517 1964 2537 -.
1957 2323 1964 2512 ,ιᾙ--Δ
1960 2274 1964 2317 -m
1960 2088 1964 2268 ...—-.—...
1961 2037 1964 2077 sm*
1962 2003 1964 2029 ⁴-
1963 1972 1964 1996 ⁴⁴
