1931 3322
458 189 523 232 IN
556 189 964 233 PHILIPPICAM
999 190 1081 231 DE
1113 191 1285 232 PACE.

138 294 312 334 intelligere
330 305 391 326 non
413 306 590 335 possumus,
606 307 694 336 quam
706 307 761 336 pro
779 296 853 326 civi-

139 343 198 368 tate
220 337 441 369 Atheniensium
464 345 590 379 propter
614 339 775 370 articulum
799 339 852 369 ad-

139 381 250 411 ditum.
264 381 295 411 id
312 382 394 421 quod
409 381 573 412 AEschines
588 384 746 413 confirmat
762 383 852 423 [con-

138 427 187 458 tra
201 424 338 476 Ctesiph.
352 437 382 464 p.
397 425 471 455 517.
475 425 490 466 ]
506 425 552 455 τᾶν
564 426 616 456 δὲ
591 437 789 479 Ιιερομνημονα
798 427 853 455 τῶν

134 464 300 503 Aburnium,
320 468 370 497 καὶ
393 479 459 502 τους
483 477 596 507 πυλαγο
588 469 657 522 ι’ξους
678 481 743 503 τους
763 468 853 498 εἷο-αεὶ

138 511 367 549 πυλαγοροῦντας
385 511 555 552 πορεύεσθαι
575 513 612 547 εἷς
626 512 725 545 Πύλας
746 511 796 541 καὶ
814 511 853 545 εἷς

137 553 268 592 Δελφοὺς
277 552 303 583 ἐν
317 566 378 589 τοις
390 554 580 594 τεταγμένοις
595 555 709 596 χςόνοις.
724 555 807 593 quod
825 554 851 584 si

137 605 244 625 verum
258 601 318 634 est,
329 598 408 627 male
417 598 528 627 Suidas
544 599 703 628 confundit
716 597 782 627 haec
797 608 851 627 no-

135 638 231 675 mina,
256 645 291 669 ut
311 639 398 669 initio
421 641 590 670 retulimus.
617 647 650 671 at
673 642 852 680 Harpocra-

135 681 219 711 tion:
243 682 266 712 οἱ
278 682 458 722 πεμπόμενοι
473 683 511 716 εἶς
526 683 559 712 τὸ
572 686 627 713 τῶν
637 683 853 724 Ἀμφικτυόνων

135 723 268 764 σύνέδξιον
293 724 345 764 ἀφ’
368 725 497 759 ἑκάστης
519 725 637 761 πόλεως,
663 728 837 767 ἱεςομνημονε
840 740 852 762 ς

136 765 298 798 ἔκαλοῐῖντο.
319 768 381 798 Sed
398 769 437 798 ab
453 768 569 798 Atticis
583 769 694 803 solum,
707 770 738 798 ni
751 771 852 807 fallor,

135 805 184 851 [p.
191 813 266 841 171.
277 811 327 841 ed.
341 812 382 841 D.
385 811 464 852 ]qui
475 822 525 841 res
537 812 647 841 multas
659 811 748 841 aliter
760 818 852 851 atque

133 853 188 884 alii
203 854 372 885 nominant·
413 856 483 886 Jam
495 855 609 884 Πυλαία
622 854 670 884 καὶ
682 852 852 904 ὅχλοιγωγῖα

134 899 264 929 nazara&
287 907 346 936 pro
372 898 486 928 triviali
517 898 691 938 loquacitate
716 898 852 937 ponitur,

134 941 216 979 quod
230 941 312 980 apud
327 941 404 970 hunc
416 941 517 971 locum
530 941 682 971 colluvies
697 941 851 972 hominum

134 984 312 1020 conflueret,
325 994 403 1023 quos
415 984 529 1014 Suidas
544 985 752 1019 ωυλαιαστάς.
776 984 853 1014 Plu-

134 1027 260 1057 tarchus
278 1027 326 1068 [in
351 1028 484 1067 Pyrrho,
500 1039 528 1057 c.
549 1030 601 1059 29
618 1038 649 1067 p.
669 1030 746 1058 788.
764 1032 786 1057 t.
807 1028 854 1058 11.

135 1069 195 1111 R.]
213 1082 311 1100 ταυτα
327 1069 384 1110 μέν
402 1068 468 1101 ἔστι
490 1072 634 1104 πυλαϊκῆς
653 1069 854 1112 ὀχλαγωγίας.

136 1108 197 1143 haec
214 1112 331 1154 futilia
356 1119 438 1144 sunt.
470 1114 580 1144 Idem.
604 1113 732 1150 Κτησίις
756 1113 854 1154 μυθων

134 1154 284 1186 ἀπιθάνων
301 1156 351 1187 καὶ
370 1156 536 1198 παραφόρων
558 1155 735 1198 ἐμβὲξληκεν
756 1157 794 1191 εἷς
812 1156 853 1187 τὰ

133 1197 238 1233 βιβλία
253 1199 442 1231 (παντοδαπὴν
451 1199 590 1231 Πυλαίαν.
602 1200 649 1241 [in
666 1202 852 1236 Artaxerxe,

136 1253 166 1273 c.
185 1246 216 1272 1.
230 1253 262 1281 p.
278 1245 353 1274 447.
369 1248 392 1273 t.
404 1244 446 1272 V.
462 1244 521 1284 R.]
555 1244 620 1274 Hic
637 1244 718 1274 enim
734 1244 852 1274 fabulo-

136 1296 188 1316 sus
202 1290 232 1316 et
242 1286 342 1316 sutilis
356 1291 404 1316 est
419 1291 536 1322 auctor,
552 1292 644 1327 atque
660 1288 761 1317 omnia
777 1298 852 1326 pene

134 1329 174 1365 de
187 1329 352 1360 Persarum
367 1330 510 1370 imperio,
522 1336 628 1361 contra
640 1341 731 1371 quam
748 1332 851 1361 Hero-

136 1373 244 1409 dotus,
260 1373 397 1412 scripsit.

178 1418 262 1446 ——7.
274 1416 323 1446 καὶ
335 1419 390 1446 τῶν
404 1415 430 1447 ἓν
440 1418 562 1457 Δελφοῖς
573 1417 851 1457 ’τι-πλεονεκτημάτων,

136 1458 207 1490 δυοῖν
219 1459 303 1500 κύξιοι
313 1459 466 1500 γενέσθαι]
482 1462 620 1491 Subaudi
634 1460 746 1501 ψήφων,
758 1462 853 1492 duum

134 1501 351 1543 suffi·agiorum
380 1503 462 1534 inter
496 1505 752 1544 Amphictyones.
796 1504 851 1535 AE-

134 1547 257 1576 schiues
272 1547 437 1577 duodecim
452 1553 608 1577 enumerat
620 1548 760 1578 nationes
772 1545 851 1588 Ἀμ·

134 1589 323 1629 φικτυονίδας,
353 1590 383 1620 iu
414 1591 528 1629 quibus
564 1591 680 1631 primos
717 1591 852 1622 omnium

135 1632 314 1663 Thessalos.
330 1632 372 1673 [ἐν
386 1634 430 1672 τῷ
441 1645 501 1674 περι
514 1647 566 1668 της
580 1646 716 1675 παρειαῖς.
728 1645 759 1674 p.
777 1637 851 1666 285.

135 1677 241 1707 t.111.
258 1676 384 1717 Reisk.]
401 1676 446 1707 δύο
464 1676 493 1707 δὲ
512 1677 649 1718 ψήφους“
637 1689 758 1708 emo-‘rm‘
777 1678 813 1717 φὲ
815 1689 852 1719 ζει

135 1717 217 1755 ἔθνος,
231 1719 342 1759 inquit.
388 1720 463 1757 Sed,
479 1722 633 1760 quomodo
648 1721 852 1762 Thes„a113us

133 1763 194 1793 hoc
217 1763 391 1799 amiserant,
415 1765 497 1803 quod
517 1771 748 1804 recuperarent,
770 1776 852 1804 quae-

133 1810 203 1836 rant
217 1806 291 1836 alii:
314 1806 392 1837 mihi
410 1807 488 1837 enim
505 1808 556 1838 hic
574 1809 720 1838 tenebrae.
742 1814 748 1818 “
763 1808 852 1838 Wol-

134 1849 193 1880 fius
211 1849 278 1879 haec
296 1849 357 1880 duo
375 1850 522 1890 suffragia
544 1852 754 1891 praetermisit,
770 1853 852 1891 quod

134 1892 187 1923 hic
201 1892 248 1922 illi
269 1893 414 1929 fortasse,
428 1898 463 1923 ut
484 1895 585 1930 nobis,
606 1905 685 1934 aqua
704 1895 851 1925 haerebat.

134 1935 221 1968 Illud
246 1935 339 1966 etiam
361 1947 421 1966 non
442 1937 543 1968 minus
568 1939 600 1968 in
622 1939 755 1968 obscuro
778 1939 854 1968 latet

135 1980 346 2020 quaerendum,
363 1980 389 2010 si
406 1979 520 2020 singuli
536 1981 618 2012 binis
636 1987 724 2012 eraut
744 1982 853 2012 suffra-

134 2023 205 2064 giis,
223 2033 292 2063 quae
306 2025 513 2063 praerogativa
529 2030 611 2055 esset
628 2025 723 2055 duum
745 2026 854 2055 suffra-

132 2067 267 2106 giorum.
311 2067 392 2097 Nam
407 2068 626 2107 Geographus,
642 2068 796 2106 Acrisius,
807 2069 853 2098 in-

131 2109 212 2150 quit,
235 2109 352 2150 primus
376 2109 502 2141 videtur
526 2109 658 2151 ἀφορίσαι
680 2111 778 2146 πόλεις
799 2114 855 2148 τὰς

132 2153 350 2195 μετσισχούσ-οις
358 2155 409 2184 τοῦ
420 2154 570 2194 συνεδρίου,
581 2166 630 2185 και
641 2153 751 2195 ψῆφον
743 2155 854 2197 sudo-757

134 2195 236 2234 δουναι,
247 2197 287 2239 τῇ
299 2196 356 2238 μὲν
367 2196 440 2227 καθ’
455 2199 551 2235 αὐτὴν,
564 2199 602 2240 τῇ
612 2199 641 2229 δὲ
656 2199 731 2238 μεθ’
743 2198 854 2239 ἑτέρας,

135 2252 151 2271 n
166 2242 250 2280 μετὰ
261 2240 404 2271 πλειόνων.
419 2242 498 2271 nulli
514 2242 602 2272 duas.
648 2243 690 2272 At
705 2242 854 2273 Libanius

133 2282 166 2313 ἰιι
191 2286 393 2322 argumento.
418 2286 469 2316 τῆν
490 2287 546 2314 τῶν
569 2284 683 2315 Φωκέων
698 2284 724 2315 ἐν
746 2284 854 2325 Ἀμφι-

133 2325 235 2357 '‘ww'‘
251 2327 357 2379 χώραν,
372 2326 422 2356 καί
437 2330 494 2362 Τὰς
508 2325 611 2358 Εκξίνων
631 2339 658 2359 ἓν
672 2329 716 2368 Τῷ
730 2327 855 2369 συνὲδξίῳ

135 2368 256 2409 ψήφους,
269 2369 412 2404 Φίλιππος
427 2373 515 2410 ‘araga
526 2374 582 2402 τῶν
596 2371 733 2402 Ἐλλήνων
746 2372 852 2412 εἴληφε.

134 2413 313 2443 Phocenses
335 2414 413 2443 enim
436 2419 566 2454 propter
587 2416 783 2456 sacrilegium
803 2419 854 2455 jus

134 2466 224 2493 suum
241 2456 417 2493 amiserant,
434 2462 466 2487 et
479 2457 580 2487 locum
604 2469 708 2488 eorum
725 2460 855 2499 Amphi-

134 2504 282 2539 ctyonum
300 2510 452 2530 consensu
469 2501 637 2541 Philippus
656 2502 765 2539 tenuit,
785 2504 856 2541 quia

132 2543 250 2574 bellum
267 2543 454 2579 confecerat,
466 2549 497 2573 et
513 2545 583 2574 Deo
599 2555 650 2574 res
667 2555 738 2574 suas
753 2546 856 2576 vindi-

134 2592 250 2624 casset.
270 2586 320 2627 [p.
343 2589 419 2616 172.
443 2587 493 2618 ed.
517 2587 574 2628 D.]
598 2588 661 2618 Sed
684 2588 743 2618 hoc
764 2590 856 2619 etiam

92 2631 95 2634 '
132 2630 279 2661 Thessali
297 2629 360 2666 sibi
380 2631 537 2669 petebant,
555 2641 591 2661 eo
607 2632 689 2670 qnod
706 2633 856 2670 potentis-

134 2672 211 2704 sima
227 2683 304 2714 gens
321 2677 419 2709 erant,
435 2678 466 2703 et
482 2684 607 2714 operam
630 2674 660 2704 in
679 2675 760 2705 bello
778 2681 856 2705 stre-

132 2726 224 2747 nuom
253 2720 457 2747 navaverant.
483 2723 513 2746 at
541 2717 598 2747 hos
627 2718 773 2748 habuisse
800 2719 856 2749 AE-

134 2759 262 2792 schines
277 2759 323 2790 ait
337 2759 410 2791 bina
423 2759 582 2800 suffragia.
601 2761 652 2790 hic
666 2761 740 2791 mihi
757 2763 857 2792 nodus

133 2801 337 2834 insolubilis:
361 2803 422 2833 nisi
437 2804 519 2843 quod
536 2809 652 2833 certum
670 2809 729 2839 est,
747 2806 860 2835 multas

135 2845 223 2876 circa
254 2846 419 2877 concilium
444 2847 544 2877 factas
572 2857 642 2877 esse
666 2848 859 2878 mutationes.

137 2889 320 2925 Phocenses
343 2894 449 2920 tamen
471 2891 565 2929 paulo
588 2894 660 2929 post
683 2901 768 2921 suam
795 2892 860 2931 pri-

138 2931 253 2968 stinam
267 2931 447 2972 dignitatem
464 2939 496 2964 et
511 2934 612 2964 locum
625 2935 859 2973 recuperabant,

137 2974 241 3011 ἄλλοις
269 2973 296 3005 ἐν
321 2974 434 3012 ἐσθλοῖς
459 2975 532 3008 τόνδ’
558 2977 744 3012 ἀπαυδῶντες
767 2977 860 3017 ψόγον.

134 3017 308 3065 {nasaniae
322 3017 372 3060 [in
384 3021 480 3052 rebus
492 3021 713 3067 Rhocensium,
730 3021 774 3053 X.
788 3033 816 3052 c.
830 3024 859 3053 8.

1519 190 1597 233 411

885 295 928 336 ᾗ.
929 295 958 324 2.
963 294 978 335 ]
1010 293 1059 334 Βςέ
1062 306 1116 324 ννου
1131 295 1159 326 δὲ
1176 308 1208 325 το
1210 308 1222 326 ν
1237 298 1375 326 Γαλατῶν
1390 305 1499 336 crem-o
1489 293 1512 324 ὶν
1526 296 1602 333 ἀγα,-

885 349 917 375 γο
907 337 980 371 ι’ντος
994 335 1022 370 ἐς
1044 340 1183 378 Δελφους,
1198 338 1376 379 προθυμία-ι’
1366 351 1394 373 ες
1413 337 1469 368 τὶν
1475 350 1512 369 πο
1506 338 1602 378 ’λεμον

885 382 907 410 οἳ
916 382 1019 414 Φωκεῖς
1030 380 1168 410 melma
1179 384 1229 411 τοῦ
1238 382 1398 412 (Ελληνικοῧ
1407 381 1540 433 ‘trapis-xv
1532 392 1601 411 ι.ντο

884 435 932 453 και
949 423 1006 454 ἀπὸ
1024 435 1057 451 το
1060 437 1073 452 υ
1089 423 1149 463 ἐ’ξγε
1152 436 1167 453 υ
1181 425 1283 455 τούτου
1301 427 1470 466 μετασχεῖν
1484 423 1599 463 Ἀμφι-

884 468 1009 501 κτυονίας
1019 463 1097 500 αυθις
1100 478 1163 499 ,και
1179 466 1207 500 ἐς
1222 471 1261 497 τὰ
1272 469 1351 497 ἄλλα.
1350 468 1473 519 ..ἐγένετο
1482 466 1600 509 ἀξίωμα

884 509 981 544 αὐτοῖς
994 509 1208 539 ἀνασώσασθαι
1223 509 1256 539 τὸ
1271 512 1396 552 ἀρχαῖον.
1421 512 1462 540 At
1477 510 1599 550 quando

883 554 996 583 factum
1014 558 1061 583 est
1082 552 1162 583 hoc?
1186 558 1239 582 aut
1257 564 1317 592 quo
1341 560 1478 592 tempore
1504 556 1600 584 Bren-

884 607 941 627 nus
956 595 1128 626 exercitum
1142 596 1170 625 in
1184 596 1336 626 Graeciam
1353 597 1495 635 trajecit?
1526 598 1602 627 Gel-

884 640 945 669 lius
961 644 1068 670 auctor
1083 644 1130 670 est
1147 639 1217 679 [lib.
1236 640 1348 669 XVII.
1367 650 1434 678 cap.
1451 640 1551 669 XXI.
1568 650 1600 679 p.

884 685 959 714 41‘2.
973 688 995 713 t.
1006 684 1050 714 11.
1066 684 1115 714 ed.
1128 682 1280 724 Conrad.]
1310 683 1472 712 “Romam
1487 686 1602 721 praeter

885 726 1070 766 Capitolium
1083 737 1100 756 a
1110 726 1281 757 Senonibus
1294 730 1425 765 captam,
1437 735 1496 754 non
1508 725 1600 763 longo

883 776 958 809 post
973 776 1124 810 tempore,
1141 780 1232 809 quam
1252 770 1397 799 Socrates
1417 767 1529 807 capitis
1546 768 1601 797 da-

885 818 1004 842 mnatus
1020 819 1080 850 est,
1096 819 1127 843 et
1140 814 1170 843 iu
1187 823 1309 843 carcere
1325 822 1444 842 veneno
1460 815 1602 846 necatus,

886 865 947 894 qua
961 860 1146 893 tempestate
1158 857 1291 886 nondum
1302 856 1470 894 Philippus
1486 854 1604 894 Amyn·

887 902 926 927 tae
938 898 1020 927 filius
1035 908 1160 937 regnum
1174 899 1368 929 Macedoniae
1380 899 1510 938 adeptus
1521 896 1604 927 est.’'

888 940 951 977 Qui
979 940 1063 970 bello
1097 941 1248 972 Phocensi
1279 943 1433 977 confecto,
1463 951 1524 971 non
1558 939 1602 971 ita

886 984 983 1014 multo
998 987 1070 1023 post
1094 994 1267 1023 supremum
1283 985 1364 1015 diem
1386 985 1475 1015 obiit.
1491 994 1601 1023 regna-

886 1027 932 1057 vit
947 1031 1049 1057 autem
1065 1037 1160 1056 annos
1178 1027 1287 1066 viginti
1304 1038 1371 1057 sex.
1417 1029 1490 1060 Hoc
1507 1027 1603 1066 igitur

886 1070 1040 1100 accidisse
1076 1069 1175 1100 Gallis
1211 1080 1338 1100 necesse
1371 1076 1421 1100 est
1455 1075 1603 1110 regnante

886 1113 1075 1143 Alexandro.
1103 1123 1173 1143 nam
1198 1113 1321 1153 longius
1350 1124 1409 1143 non
1442 1124 1603 1154 possumus

887 1156 1047 1197 suspicari.
1069 1161 1101 1186 et
1125 1162 1189 1187 tum
1210 1167 1331 1196 quoque
1355 1158 1510 1187 Brennum
1532 1162 1605 1187 natu

887 1201 1036 1239 grandem
1059 1199 1157 1229 fuisse
1181 1206 1316 1239 oportet,
1332 1211 1400 1229 cum
1423 1200 1532 1239 pulsus
1556 1204 1606 1230 est

887 1244 1030 1283 Delphis.
1075 1244 1186 1283 Itaque
1213 1244 1295 1282 quod
1322 1254 1396 1274 vero
1427 1244 1604 1282 proximum

887 1287 937 1321 sit,
951 1291 985 1317 ut
1000 1287 1174 1317 Phocenses
1188 1287 1310 1317 duobus
1327 1288 1389 1317 suis
1400 1287 1516 1326 privati
1532 1291 1605 1316 sunt

886 1331 1056 1371 suffragiis,
1071 1331 1137 1359 haec
1153 1331 1285 1369 primum
1302 1330 1473 1365 Thessalis,
1490 1330 1604 1360 deinde

886 1374 1036 1413 Philippo
1053 1379 1222 1404 cesserunt.
1239 1384 1307 1413 quae
1332 1373 1474 1403 Thess-ali
1495 1373 1558 1403 suis
1572 1373 1605 1402 in

886 1428 990 1457 regem
1017 1417 1175 1457 obsequiis
1201 1418 1386 1447 studuerunt
1411 1427 1490 1447 nunc
1515 1426 1604 1446 recu-

885 1471 1007 1501 perare.
1033 1462 1073 1491 ob
1096 1471 1224 1500 eamque
1246 1471 1365 1491 causam
1386 1460 1606 1500 permittebant

886 1505 914 1534 ei
927 1509 1090 1544 penetrare
1106 1505 1276 1543 angustias.
1307 1506 1409 1543 Atque
1427 1504 1485 1534 boc
1500 1503 1604 1539 modo,

886 1552 920 1578 ut
942 1548 1040 1588 potui,
1056 1548 1125 1578 loco
1144 1548 1233 1577 valde
1259 1548 1411 1587 perplexo
1430 1547 1529 1576 lucem
1550 1547 1605 1576 ali-

886 1602 977 1630 quem
1001 1591 1101 1622 attuli.
1128 1591 1224 1631 [Quae
1248 1592 1353 1620 Doun.
1374 1591 1412 1620 de
1436 1590 1607 1625 Thessalis,

886 1635 1000 1674 quibus
1022 1646 1041 1665 a
1066 1634 1166 1674 prima
1188 1633 1312 1664 concilii
1335 1633 1454 1673 origine
1477 1633 1535 1663 fuit
1553 1634 1606 1672 jus

887 1678 1028 1718 suffragii
1037 1678 1116 1708 inter
1125 1678 1422 1717 Amphictyones,et
1431 1677 1469 1707 de
1481 1677 1606 1706 Brenno

886 1722 1038 1761 disputat,
1055 1721 1222 1761 castigavit
1236 1721 1429 1760 YVesseling.
1450 1721 1488 1750 ad
1509 1719 1605 1750 Diod.

886 1766 918 1795 S.
935 1770 957 1795 t.
972 1766 1018 1795 ΙΙ.
1034 1775 1066 1804 p.
1079 1767 1154 1796 129.
1166 1765 1217 1795 25.
1236 1764 1341 1806 Beck]

933 1808 988 1849 [P.
1010 1810 1086 1839 173.
1107 1809 1156 1838 ed.
1174 1808 1233 1848 D.]
1250 1826 1293 1830 --
1309 1811 1339 1838 8.
1359 1809 1414 1836 τῶν
1428 1805 1515 1837 τοίνυν
1536 1804 1607 1836 ἰδίων

887 1849 966 1881 ἕνεκα,
997 1851 1118 1882 ἕκαστον
1145 1851 1276 1891 εὑρήσετε
1319 1849 1503 1891 προηγμένον]
1538 1861 1608 1889 pro·

887 1895 1023 1931 ductum,
1039 1900 1072 1925 ut
1094 1895 1280 1925 Cornificius
1303 1895 1342 1924 ad
1363 1895 1489 1924 verbum
1515 1893 1608 1922 inter-

886 1942 1038 1977 pretatur,
1053 1938 1145 1968 sicuti
1162 1938 1312 1968 diximus.
1349 1938 1409 1967 Est
1423 1942 1525 1967 autem
1541 1937 1607 1966 haec

889 1982 978 2021 hujus
993 1982 1055 2011 loci
1071 1982 1241 2017 conclusio,
1258 1991 1317 2020 qua
1332 1980 1504 2020 propositio
1517 1990 1608 2018 repe-

889 2025 976 2061 titur,
1004 2025 1058 2055 illa
1081 2025 1235 2059 nimirum,
1262 2025 1291 2054 οὖ
1316 2026 1357 2054 τὰ,
1382 2024 1459 2054 αὐτὰ
1488 2022 1606 2053 ἕκαστοι

888 2067 1105 2104 ἐσπουδακότες,
1121 2071 1161 2099 τὰ
1175 2068 1253 2098 αὐτὰ
1263 2069 1378 2102 πάντες
1388 2066 1523 2107 ἐ’πξαξαν.
1546 2067 1607 2096 Ea·

889 2113 957 2142 dein
973 2112 1052 2142 enim
1066 2113 1147 2152 apud
1160 2116 1298 2142 oratores
1313 2112 1486 2150 propositio
1504 2115 1551 2139 est
1563 2115 1608 2140 at-

888 2166 947 2195 que
957 2156 1126 2186 conclusio.
1138 2159 1312 2195 proponunt
1322 2154 1399 2185 enim
1413 2154 1513 2194 primo
1524 2153 1608 2193 quod

889 2200 1033 2239 probent,
1048 2199 1161 2229 deinde
1177 2198 1260 2228 idem
1276 2198 1313 2227 ad
1330 2202 1502 2227 extremum
1520 2197 1609 2226 colli-

888 2247 974 2282 gunt,
985 2248 1077 2282 atque
1093 2243 1150 2272 hoc
1163 2242 1254 2272 modo
1271 2242 1357 2281 quasi
1370 2241 1399 2270 in
1410 2243 1515 2271 orbem
1529 2241 1611 2270 redit

888 2286 987 2316 oratio
1003 2289 1153 2321 κυκλικῶς.
1201 2286 1353 2314 Lucianus
1373 2283 1414 2324 [ἐν
1434 2290 1501 2314 Φιλο
1490 2288 1542 2322 ψε
1546 2283 1610 2319 ὕδει,

888 2329 954 2359 init.
971 2340 1002 2368 p.
1018 2332 1071 2360 (ΖΟ.
1087 2335 1109 2359 ι.
1130 2329 1194 2359 111.
1220 2328 1358 2368 Reiz.]'='
1347 2339 1424 2368 εχεις
1445 2339 1484 2366 μ
1477 2340 1507 2362 ι
1524 2332 1544 2356 ὠ
1562 2334 1609 2357 Φι-

889 2379 920 2401 λο
910 2373 1010 2408 ’κλεις,
1035 2373 1133 2408 εἰπεῖν,
1158 2370 1188 2401 τί
1211 2383 1284 2402 ποτε
1306 2372 1360 2410 εἷς-α.
1382 2369 1497 2400 τοῖτέ
1488 2382 1579 2406 εστιν,
1599 2383 1611 2399 ο

889 2417 954 2450 τοὺς
978 2417 1101 2450 πολλους
1128 2415 1166 2449 ε’ςι
1189 2413 1351 2454 ἐπιθυμίαν
1382 2415 1432 2443 τοῦ
1456 2412 1539 2450 ψεύδε
1530 2413 1610 2444 εσθαι

889 2460 1059 2499 προάγεται,
1080 2460 1114 2492 ὡς
1132 2457 1234 2493 <ziz-1⁴:155
1250 2468 1282 2487 τε
1302 2455 1409 2498 χοάς-ειν
1425 2457 1513 2497 μηδὲν
1535 2456 1611 2495 ὑγιὲς

889 2502 1040 2540 λέγοντας,
1056 2503 1102 2531 καὶ
1123 2504 1184 2537 τοῖς
1199 2503 1239 2531 τὰ
1256 2503 1381 2531 τοιαῦτα,
1402 2500 1531 2539 &egentem
1547 2502 1611 2540 μά-

891 2553 984 2576 λιστα
1001 2544 1159 2586 «ἵζου-ἐχειν
1179 2544 1225 2574 τὶν
1241 2546 1307 2574 τοῖν.
1352 2545 1413 2575 Sed
1434 2545 1473 2574 de
1493 2545 1550 2574 hac
1569 2545 1609 2574 si-

891 2590 1086 2629 gnificatione
1109 2590 1200 2627 hujus
1225 2588 1312 2618 verbi
1336 2588 1410 2618 satis
1429 2589 1493 2626 jani
1517 2598 1611 2626 supra

890 2633 1018 2662 dictum.
1034 2632 1123 2662 aliam
1144 2642 1224 2662 nunc
1240 2632 1449 2661 observemus.
1474 2631 1521 2660 M.
1537 2630 1611 2660 Tul-

892 2677 952 2706 lius
966 2675 1019 2715 [de
1034 2676 1144 2705 linibus
1157 2676 1217 2705 111.
1232 2686 1259 2705 c.
1275 2676 1326 2705 15.
1342 2681 1383 2705 et.
1400 2675 1467 2715 16.]
1488 2676 1610 2703 “liem-

892 2730 951 2757 que
975 2719 1044 2749 hinc
1067 2730 1136 2749 esse
1154 2718 1230 2748 illud
1256 2723 1410 2749 exortum.
1425 2718 1505 2756 quod
1527 2718 1612 2746 Zeno

892 2761 1072 2803 προηγμένον,
1086 2767 1255 2802 contraque
1271 2762 1354 2801 quod
1369 2759 1616 2799 ἐτοωξοηγμὲνον

891 2806 1074 2841 nominavit,
1099 2816 1192 2845 quum
1215 2810 1353 2835 uteretur
1376 2804 1405 2833 in
1430 2804 1535 2842 lingua
1559 2814 1611 2832 co-

894 2848 984 2888 piosa
1005 2849 1095 2879 factis
1119 2854 1218 2879 tamen
1247 2847 1420 2877 nominibus
1447 2851 1477 2876 et
1500 2846 1610 2875 noris:

894 2892 974 2931 quod
990 2893 1080 2923 nobis
1095 2892 1125 2922 in
1141 2893 1198 2922 hac
1212 2892 1297 2931 inopi
1313 2891 1416 2929 lingua
1429 2899 1487 2918 non
1503 2900 1614 2919 conce-

894 2935 989 2966 ditur.
1023 2946 1192 2975 quanquam
1228 2940 1261 2963 tu
1293 2935 1370 2963 hanc
1408 2932 1614 2970 copiosiorem

895 2979 986 3009 etiam
1003 2981 1108 3010 dicere
1126 2980 1220 3009 soles.
1266 2977 1325 3006 scd
1340 2986 1397 3005 non
1413 2975 1544 3006 alienum
1558 2980 1616 3011 est,

896 3033 958 3062 quo
986 3022 1107 3054 facilius
1138 3021 1186 3051 vis
1217 3020 1304 3050 verbi
1340 3018 1539 3058 intelligatur,
1568 3029 1615 3048 ra-
