1931 3322
275 217 358 258 AD
394 213 765 257 ORATIONEM
793 213 858 254 IN
875 212 1385 258 ARISTOGITONEM
1420 216 1454 258 Ι.

184 341 226 346 --
248 322 325 352 ibid.
354 320 464 360 τοῦτον]
493 320 573 350 hunc
601 320 852 360 Aristogitonem.

143 367 179 400 ὣς
192 365 314 396 hio‘loci
328 364 409 394 idem
426 368 517 403 atque
531 363 574 393 δ’τι
589 363 751 402 significat.

185 411 260 440 797.
275 410 304 437 4.
318 406 428 447 ὥσπερ]
445 407 567 436 correxi
583 407 670 442 ὥστε,
682 405 715 435 τὸ
730 407 780 439 τῆς
795 417 852 436 πα-

141 449 259 491 ροιμίας.
274 456 319 486 ut,
335 450 472 490 quomodo
486 449 762 488 vulgariprovcrbio
781 449 853 478 ‹lici-

143 501 206 528 ταν,
221 494 347 524 videntes
367 493 412 523 nil
433 493 562 528 videant,
585 498 614 523 et
636 492 790 522 audientes
810 492 855 521 nil

139 537 276 566 audiant.

183 597 227 602 -—
242 582 274 610 6.
291 577 364 608 ὥστ’
375 577 440 609 εῖναι
453 577 558 618 φανεροὶ
570 578 618 608 καὶ
633 576 854 618 φυλαττόμενοι,

141 621 191 653 καὶ
213 621 423 663 αἰσχυνόμενοι]
449 622 579 661 primum
604 622 653 651 καὶ
679 620 794 650 addidi.
819 626 855 650 ut

140 665 267 696 moribus
287 666 347 695 suis
365 665 506 704 prodant,
523 674 550 694 se
568 674 636 694 cum
658 673 768 698 cavere,
792 669 856 694 tum

138 709 260 748 pudere.
275 717 394 743 cavere,
411 718 447 737 ne
468 708 731 746 deprehendantur
747 707 776 736 in
800 706 856 736 ali-

141 761 202 790 qua
217 762 261 787 re,
278 761 346 790 quae
361 751 438 781 vitio
454 751 533 790 ipsis
548 756 702 787 vertatur3
726 750 854 789 pudere,

141 805 211 824 cum
221 794 406 833 deprehensi
420 794 542 824 fuerint.

184 855 227 860 —
245 840 297 868 14.
319 837 349 866 οὗ
371 836 515 877 πρύτανις,
538 836 566 866 οὐ
589 835 687 877 κήρυξ]
712 835 857 865 videntur

142 881 210 910 haec
232 881 368 910 membra
393 880 630 919 transponenda,
657 880 685 909 οὐ
709 878 805 918 κῆρυξ,
827 879 855 909 οὗ

142 923 286 964 πρύτανις.
299 923 437 953 ascendit
448 923 528 953 enim
540 924 578 953 ab
593 922 792 952 inferioribus
807 921 857 951 di-

144 967 262 1006 gnitate
277 967 316 996 ad
337 966 528 1006 superiores.
547 976 565 996 a
587 975 727 1006 praeoone
749 965 858 994 transit

142 1010 181 1040 ad
197 1015 378 1045 senatorem,
395 1010 432 1038 ab
448 1010 506 1039 hoc
526 1009 563 1039 ad
580 1008 749 1048 principem
766 1018 855 1038 sena-

143 1057 205 1089 tus,
223 1057 377 1092 postremo
389 1052 460 1082 loco
472 1056 614 1082 cunctum
630 1051 793 1091 collegium
809 1061 857 1081 se-

144 1097 294 1126 natorium
310 1095 537 1134 complectitur.

186 1157 231 1162 -—
247 1141 299 1169 17.
313 1137 419 1169 ’τουτονὶ
436 1137 465 1168 δὲ
481 1139 580 1168 ταῦτα
593 1138 688 1168 ποιεῖν
708 1137 788 1178 εἴπῃ]
807 1148 856 1167 se-

143 1183 273 1212 cundam
284 1192 392 1212 vocem
401 1181 519 1211 addidi.
535 1181 630 1211 verba
643 1181 697 1210 itta
708 1180 815 1210 τουτονὶ
827 1179 856 1210 δὲ

143 1226 243 1255 ’ταῦτα
260 1226 355 1255 ποιεῖν
370 1229 440 1254 sunt
455 1224 651 1254 materialiter
666 1223 856 1264 accipienda,

143 1277 201 1306 pro
216 1267 325 1298 fictitia
338 1268 474 1297 oratione
488 1267 568 1297 civis
584 1266 715 1308 alicujus
731 1267 858 1296 Atheni-

144 1311 226 1341 ensis
245 1311 379 1350 antiquis
399 1310 547 1346 mmibus,
570 1310 768 1349 indignantis,
789 1309 858 1339 Ari-

144 1353 329 1393 stogitonem
350 1353 394 1384 ita
413 1353 446 1383 in
471 1363 567 1393 remp.
593 1353 735 1393 grassari,
757 1357 790 1383 et
813 1353 858 1383 sic

144 1397 383 1427 stomachantis:
418 1395 506 1427 Itane
525 1398 616 1427 vero?
633 1397 758 1426 istumne
781 1396 859 1426 istoec

143 1440 318 1481 designare?
339 1439 470 1470 subaudi
484 1438 618 1479 ἐάσομεν,
633 1438 784 1469 sinemus?
807 1443 859 1468 aut

143 1482 256 1514 ἀνεκτόν
271 1482 349 1519 ἔστι,
366 1483 550 1513 tolerandum
570 1481 632 1513 est?
656 1486 708 1511 aut
730 1480 861 1520 ἔξεο-ται,

146 1526 262 1557 licebit?
284 1530 336 1557 aut
350 1526 398 1556 οὒκ
413 1524 520 1565 ἀνάξιόν
534 1524 611 1563 ἔστι,
626 1535 685 1555 non
701 1526 859 1565 indignum

143 1569 210 1600 est?
232 1573 286 1599 aut
300 1569 360 1600 tale
375 1569 460 1609 quid.
476 1569 526 1599 cui
541 1569 619 1599 alius
631 1568 754 1607 aliquis,
769 1569 859 1598 homo

145 1613 240 1653 paulo
259 1612 438 1652 improbior,
455 1612 581 1651 flagitiis
599 1611 802 1650 Aristogitoni
818 1611 859 1641 si-

144 1656 240 1691 milis,
263 1661 296 1686 et
320 1656 414 1696 culpa
436 1659 594 1694 cognatus,
621 1655 765 1685 occurrit.
788 1655 860 1694 q'uid

146 1703 182 1730 tu
199 1699 253 1729 tibi
273 1700 325 1735 vis,
336 1700 378 1729 mi
398 1698 503 1729 homo?
524 1709 583 1728 non
601 1699 654 1728 iste
672 1704 700 1728 et
716 1698 768 1728 iste
790 1699 859 1728 item

146 1743 272 1773 oerarius
293 1742 357 1772 est?
383 1742 494 1781 quibus
509 1752 580 1771 cum
601 1740 703 1772 verbis
725 1751 784 1771 una
805 1751 860 1770 no-

146 1786 242 1816 minat
256 1786 335 1815 hune
350 1786 400 1816 vel
414 1785 512 1821 illum,
528 1784 686 1815 inimicum
703 1783 777 1820 sibi,
796 1787 860 1814 stu-

147 1829 212 1865 dio,
229 1829 282 1858 sed
301 1828 354 1858 illo
376 1829 468 1868 paulo
491 1828 673 1863 incautiore,
697 1827 736 1857 de
753 1827 860 1857 amicis

148 1877 181 1902 et
202 1872 385 1902 necessariis
401 1873 480 1902 bene
500 1871 638 1902 merendi
656 1870 797 1901 aerarium
815 1871 860 1900 fa-

149 1919 244 1945 ctum.
425 1928 427 1930 ·

156 1981 160 1984 .
192 1975 237 1980 —-
253 1960 302 1988 19.
319 1965 412 1998 φησιν,
427 1956 547 1999 ὀφείλει]
562 1961 648 1987 recte
663 1957 756 1987 habet
765 1956 860 1995 φησὶν,

148 1999 181 2030 in
194 2001 421 2031 constructione
433 2012 502 2031 cum
517 1999 638 2034 ἕκαστος
645 2000 862 2039 copulandum.

149 2044 303 2084 Taylorus
326 2043 387 2074 loci
412 2045 501 2083 hujus
524 2043 705 2074 sententiam
731 2053 792 2073 non
815 2046 864 2072 est

150 2087 347 2122 consecutus,
363 2090 395 2116 et
414 2091 514 2117 tamen
536 2087 568 2116 in
585 2087 697 2116 bonum
713 2086 864 2117 Wolfium

148 2129 316 2160 invehitur.
330 2131 411 2169 qnod
421 2140 489 2160 eum
501 2130 639 2169 profecto
652 2139 712 2159 non
722 2129 866 2164 decebat,

150 2172 204 2213 qui
218 2172 315 2202 nihilo
330 2173 467 2209 meliora,
481 2183 572 2212 quam
594 2173 633 2208 is,
655 2182 744 2211 quem
760 2181 866 2211 repre-

149 2216 268 2252 hendit,
282 2221 312 2245 et
325 2216 373 2245 vel
389 2218 494 2256 pejora
509 2216 601 2246 etiam
616 2216 748 2246 afferret.
784 2215 865 2245 Mihi

150 2259 275 2299 quidem
289 2259 396 2289 Wolfii
412 2259 557 2289 memoria
573 2266 676 2289 sancta
691 2264 751 2294 est,
768 2263 798 2288 et
818 2269 864 2288 es-

152 2313 186 2333 se
198 2303 291 2333 debet
305 2303 455 2339 omnibus,
467 2308 618 2342 quotquot
631 2306 732 2332 amant
747 2302 864 2332 Demo-

152 2346 300 2382 sthenem,
317 2346 358 2376 de
370 2357 430 2386 quo
444 2347 496 2376 ille
513 2352 560 2376 est
575 2346 788 2376 immortaliter
801 2355 866 2375 me-

152 2389 242 2419 ritus.
261 2389 384 2419 tametsi
407 2390 593 2428 caeteroquin
613 2388 738 2428 'raylori
756 2388 867 2427 merita

154 2432 194 2462 de
210 2435 325 2468 nostro,
344 2433 452 2463 nescio
469 2443 506 2463 an
523 2433 690 2464 Wolfianis
705 2432 801 2462 multo
820 2432 866 2462 in-

154 2475 277 2511 feriora,
302 2485 370 2506 oum
393 2486 540 2515 agnosco,
563 2487 623 2516 qua
642 2486 699 2516 par
721 2481 779 2511 est,
802 2479 865 2506 tum

155 2523 262 2559 gratus
277 2518 316 2548 iis
331 2522 412 2549 ntor.
455 2520 595 2550 Reddam
617 2520 708 2558 hujus
721 2519 783 2549 loci
799 2530 867 2549 sen-

154 2562 281 2592 tentiam
291 2562 379 2602 paulo
391 2562 520 2592 liberius
531 2574 538 2593 :
555 2562 580 2592 si
592 2563 761 2601 contingat,
771 2567 804 2593 nt
813 2573 867 2592 ve-

155 2605 252 2636 strum
264 2604 376 2644 aliquis
388 2606 426 2635 ab
439 2605 603 2636 insolentia
614 2610 645 2636 et
656 2606 783 2636 audacia
797 2606 868 2636 Ari-

155 2648 320 2688 stogitonis
327 2650 534 2679 commotusin
545 2649 868 2688 ejusmodiorationem

155 2691 304 2722 stomachi
316 2692 437 2731 plenam
449 2698 602 2732 erumpat:
618 2693 706 2722 Itane
717 2702 801 2727 vero,
811 2702 867 2722 nos

155 2735 310 2774 patiemur
325 2736 404 2765 hunc
420 2741 503 2766 tanta
518 2736 653 2766 facinora
668 2736 868 2775 perpetrare?

157 2782 223 2808 turn
238 2784 379 2809 occurret
390 2779 469 2809 alius
484 2784 574 2818 atque
590 2779 668 2808 alius
680 2778 708 2809 ei
719 2779 777 2808 sic:
796 2780 867 2809 Non

156 2820 232 2850 item
246 2821 306 2851 iste
316 2827 348 2852 et
362 2822 422 2852 iste
436 2822 529 2853 debet
540 2822 665 2860 aejrario?
690 2826 720 2851 et
733 2827 796 2852 tum
816 2832 867 2852 no-

158 2863 252 2894 minat
261 2864 471 2905 unusquisque
480 2876 596 2902 eorum,
606 2866 656 2905 qui
667 2865 722 2896 hac
734 2865 869 2896 oratione

1519 217 1596 259 183

885 324 1024 354 utuntur,
1041 319 1174 359 aliquem
1191 322 1249 351 sibi
1266 323 1430 354 inimicum.

929 380 972 385 —·
985 363 1060 392 ibid.
1073 363 1170 404 εἴτι-ῶν]
1184 366 1304 394 correxi
1316 367 1449 402 ὑπειπὼν,
1461 368 1541 407 qnod
1551 367 1600 398 hic

886 406 947 436 loci
965 406 1127 443 significat,
1144 407 1326 445 addensjam
1341 409 1433 439 dictis.

931 467 973 471 -——
990 451 1042 479 2⁹4.
1066 448 1269 489 παξάδειγμα]
1291 451 1368 480 bene
1390 452 1490 482 habet.
1507 463 1600 483 erem-

884 491 1204 532 plum‚‹iocumentum‚
1213 493 1292 522 unde
1303 501 1513 531 cognoscatur,
1526 507 1603 536 quo-

888 535 979 565 modo
1003 534 1032 564 in
1057 544 1150 563 causa
1170 545 1289 574 quaque
1312 536 1406 565 dubia
1427 543 1458 566 et
1477 544 1598 568 contro-

888 588 978 607 versa
1003 578 1238 612 decernendum,
1263 579 1534 618 pronunciandum,
1562 592 1594 611 a-

889 621 1021 661 gendum
1046 619 1096 656 sit,
1112 625 1143 650 et
1167 621 1251 660 quod
1273 631 1429 661 poenarum
1452 633 1546 661 genus
1569 625 1598 653 in

890 668 994 694 sontes
1011 664 1216 693 statuendum.

931 725 974 729 --
987 707 1038 737 25.
1054 706 1086 736 ἐκ
1096 709 1151 736 τῶν
1165 706 1268 747 νόμων]
1285 706 1352 736 scil.
1368 708 1535 745 repetitum.

932 752 1007 782 798.
1019 752 1051 780 7.
1068 751 1123 784 ’τάς
1138 760 1171 779 τε
1186 749 1351 789 συμφορὰς]
1368 751 1488 780 correxi
1503 752 1557 786 τάς
1569 763 1601 790 γε

889 793 1048 834 συμφοξάς.
1072 794 1153 833 quod
1174 803 1206 831 γε
1227 793 1307 823 foret
1329 793 1535 824 necessarium
1558 801 1602 824 ta-

888 847 970 873 men,
981 837 1101 866 etiamsi
1113 838 1206 867 verba
1215 836 1263 866 καῖ
1276 837 1330 870 τὰς
1339 836 1480 877 τιμωςίας
1493 849 1509 867 e
1524 848 1603 868 mar-

890 880 958 920 gine
976 880 1135 910 addantur.

932 940 974 947 --
1002 926 1053 954 13.
1089 922 1257 960 αἷτιέίσὲαι,
1295 921 1396 962 λέγειν,
1426 922 1603 960 διαβάλλειν,

889 966 976 1005 ἄγειν,
992 966 1196 1007 Βλασφημεῖν]
1214 966 1313 996 minus
1330 976 1402 996 sana
1416 966 1481 996 haec
1497 967 1602 997 viden-

889 1016 948 1040 tur.
973 1010 1046 1049 qnid
1065 1009 1144 1039 enim
1161 1009 1220 1039 sibi
1242 1010 1347 1039 volunt
1366 1008 1456 1047 λέγειν
1477 1014 1508 1039 et
1526 1010 1603 1048 ἄγειν

889 1052 922 1082 in
949 1053 1006 1082 hoc
1033 1052 1218 1091 flagitiorum
1243 1053 1416 1082 consortio?
1455 1053 1603 1093 Suspicor

889 1095 966 1134 ἄγειν
979 1100 1080 1126 natum
1096 1106 1113 1125 e
1129 1094 1231 1132 λέγειν,
1243 1100 1274 1125 et
1286 1096 1379 1125 fnisse
1391 1096 1421 1125 in
1431 1097 1522 1126 codd.
1536 1096 1605 1136 qui-

891 1139 1028 1174 busdam,
1051 1149 1109 1168 non
1134 1137 1305 1174 αἰτιᾶσθαι,
1324 1139 1406 1177 quod
1428 1145 1476 1169 est
1497 1140 1529 1169 in
1550 1151 1605 1170 no-

890 1183 974 1218 stris,
998 1183 1051 1212 sed
1076 1179 1172 1215 αἷτίας
1195 1181 1295 1220 λέγειν.
1318 1182 1478 1212 deleantur
1499 1182 1603 1221 itaque

889 1225 949 1255 ista
971 1226 1035 1255 duo
1056 1224 1206 1255 vocabulo
1224 1235 1279 1263 per
1301 1235 1350 1255 me
1374 1225 1459 1255 licet.
1476 1229 1507 1255 et
1528 1226 1604 1264 ἄγειν

890 1268 1016 1308 quidem
1027 1269 1088 1307 jam
1101 1268 1188 1297 uncis
1205 1267 1324 1298 inclusi.

932 1329 976 1335 --
991 1314 1044 1342 21.
1059 1309 1178 1347 ἀνίατον,
1191 1309 1214 1340 65
1228 1310 1336 1351 ἄνδςες]
1349 1311 1470 1341 correxi
1485 1309 1605 1348 ἀνίατον,

890 1352 1012 1391 ἀνίατον,
1036 1354 1127 1394 ἄνδςες
1145 1371 1189 1377 —-
1207 1364 1308 1384 acrem
1335 1359 1367 1384 et
1395 1355 1604 1385 vehementem

892 1408 1078 1437 gravemque
1093 1398 1196 1427 reddit
1211 1397 1391 1435 orationem,
1403 1408 1472 1427 oum
1483 1399 1606 1428 iteratio

892 1441 1028 1479 ejusdem
1044 1441 1128 1471 verbi
1144 1441 1329 1481 gravissimi,
1344 1445 1410 1471 tum
1425 1441 1539 1472 omisso
1552 1452 1607 1472 ex·

892 1484 1082 1514 clamationis
1095 1482 1128 1513 οἳ.

934 1544 978 1550 -
1003 1529 1056 1558 24.
1085 1525 1268 1568 ἀπέκαυσαν]
1300 1527 1402 1557 malim
1432 1525 1605 1558 ἓπέκαυσ-αν.

891 1580 960 1600 nam
976 1570 1016 1600 de
1031 1570 1219 1600 ambustione
1233 1576 1364 1606 artuum,
1380 1581 1447 1609 quae
1462 1571 1495 1601 fit
1511 1581 1529 1600 a
1544 1582 1608 1601 me—

893 1613 983 1649 dicis,
1002 1623 1059 1643 non
1080 1612 1231 1643 ἄωοκαίειν
1250 1618 1425 1653 usurpatur,
1441 1614 1524 1653 quod
1544 1624 1608 1644 me-

892 1656 1045 1691 minerim,
1061 1657 1115 1686 sed
1131 1654 1275 1686 ἐπικαίειν.

935 1701 1010 1731 799.
1027 1702 1079 1730 23.
1099 1698 1185 1733 ποίοις
1199 1700 1368 1738 προσώποις,
1382 1698 1397 1730 ἢ
1413 1697 1488 1730 τίσιν
1500 1698 1608 1739 ὀφθαλ-

892 1743 975 1784 μοῖς]
993 1741 1052 1772 tria
1072 1746 1229 1782 postrema
1245 1744 1339 1772 verba
1353 1743 1508 1777 videntur,
1524 1748 1576 1773 aut
1591 1754 1609 1774 e

893 1787 979 1816 varia
992 1784 1134 1820 lectione,
1148 1789 1201 1815 aut
1216 1795 1232 1815 e
1248 1785 1366 1816 scholio
1379 1786 1550 1825 irrepsisse.

938 1831 1011 1860 800.
1026 1832 1057 1859 1.
1078 1828 1204 1869 εὔξεται]
1229 1829 1330 1859 malim
1348 1828 1470 1868 εὔξεσθε.
1492 1839 1558 1859 nam
1575 1830 1607 1859 id

894 1873 1030 1912 postulat
1045 1872 1236 1912 praemissum
1251 1872 1453 1906 ἀναβαίνοντες.

937 1933 981 1938 -
997 1918 1028 1947 9.
1051 1914 1121 1944 ἀλλ’
1145 1915 1193 1945 οὐκ.
1214 1915 1300 1951 αὐτὸς
1319 1914 1608 1957 καταψηφίσασθαι]

895 1959 1019 1988 correxi
1034 1963 1219 1998 postremam
1234 1968 1352 1995 vocem,
1373 1963 1403 1988 et
1418 1969 1474 1998 pro
1490 1969 1526 1988 ea
1538 1960 1611 1988 ἀπο-

896 1999 1088 2041 ψηφίσασθαι
1103 2001 1262 2031 substitui.
1279 2002 1404 2041 vulgata
1419 2002 1446 2032 si
1459 2007 1610 2038 servetur,

896 2055 1025 2074 necesse
1041 2045 1121 2074 soret
1135 2044 1197 2084 legi
1211 2054 1218 2072 :
1243 2043 1313 2074 ἀλλ’
1329 2045 1378 2074 οὐκ,
1403 2043 1489 2079 αὐτὸς
1514 2044 1612 2084 φήσων

896 2086 1179 2126 καταψηφίσασθαι.
1195 2088 1301 2127 ecquis
1320 2098 1379 2117 non
1399 2088 1496 2118 multo
1516 2089 1614 2128 magis

898 2136 979 2161 esset
989 2131 1199 2167 affirmaturus,
1211 2131 1451 2170 Aristogitonem
1465 2141 1482 2160 a
1495 2141 1528 2160 se
1541 2142 1612 2162 esse

898 2176 1144 2205 condemnatum.
1189 2174 1251 2203 Sed
1266 2176 1390 2214 praestat
1405 2174 1449 2210 id,
1466 2175 1548 2214 quod
1564 2185 1614 2205 re-

898 2218 989 2257 posui
1001 2229 1010 2256 5
1033 2217 1080 2248 sed
1092 2216 1176 2257 [scil.
1190 2217 1309 2256 φήσετε,
1324 2217 1356 2247 id
1368 2218 1450 2257 quod
1463 2228 1479 2248 e
1494 2218 1614 2258 superi-

899 2262 1005 2291 oribus
1020 2261 1115 2291 tacite
1133 2261 1224 2291 debet
1244 2261 1358 2302 repeti]
1376 2261 1478 2292 dicetis
1499 2261 1615 2301 singuli

897 2305 1004 2345 quique
1025 2314 1084 2341 vos,
1107 2315 1125 2334 a
1147 2304 1235 2334 vobis
1259 2315 1328 2334 eum
1350 2315 1411 2334 non
1433 2314 1501 2334 esse
1524 2306 1616 2334 abso-

896 2348 1005 2378 lutum.
1030 2347 1242 2387 unusquisque
1268 2353 1403 2377 vestrum
1429 2347 1557 2377 seorsim
1581 2352 1614 2378 et

898 2390 1015 2422 viritim
1027 2391 1231 2430 interrogatus
1243 2390 1365 2430 negabit
1373 2390 1613 2430 Aristogitonem

898 2445 916 2464 a
936 2445 969 2464 se
985 2445 1055 2464 esse
1073 2435 1255 2464 absolutum.
1302 2434 1407 2464 Possit
1424 2444 1544 2474 quoque
1561 2444 1613 2463 va-

897 2477 980 2507 rians
1002 2478 1096 2508 lectio
1118 2488 1135 2507 e
1158 2477 1294 2515 margine
1318 2477 1439 2507 codicis
1462 2479 1540 2507 Bav.
1560 2478 1615 2507 ad·

900 2520 992 2551 scisci
1007 2532 1052 2561 yg.
1064 2519 1186 2553 ἕκαστος
1200 2521 1283 2558 φήσει
1298 2518 1559 2560 ἀποψηφίσασθαι.

942 2582 985 2587 -——
1001 2568 1051 2594 10.
1066 2563 1272 2605 καταρᾶσθαι]
1289 2563 1347 2593 hoc
1358 2563 1384 2593 si
1395 2569 1546 2598 servetur,
1561 2574 1613 2593 ne-

900 2618 987 2638 cesse
1005 2607 1047 2637 sit
1061 2608 1167 2645 ἀνάγκη
1184 2607 1268 2636 addi.
1283 2606 1373 2637 οὐκοῦν
1391 2608 1499 2645 ἀνάγκη
1519 2618 1613 2636 κατα·

900 2650 1019 2691 ςᾶσθαι.
1038 2660 1106 2692 ergo
1124 2659 1230 2680 necesse
1249 2649 1326 2680 vobis
1341 2651 1398 2680 erit
1421 2650 1501 2681 diras
1521 2651 1553 2679 in
1570 2659 1614 2680 eos

898 2694 1104 2733 pronunciare,
1127 2694 1150 2723 si
1173 2694 1223 2732 qni
1244 2693 1468 2733 Aristogitonem
1490 2693 1613 2722 absolve-

900 2738 971 2767 rint.
1017 2737 1078 2767 Sed
1101 2737 1222 2766 correxi
1242 2736 1459 2776 καταράσεσθε,
1478 2736 1557 2775 quod
1576 2736 1614 2765 ad

900 2780 1077 2810 sententiam
1094 2780 1175 2809 idem
1191 2784 1250 2810 est.

943 2841 986 2846 -
1003 2827 1052 2854 12.
1074 2819 1166 2863 οὗτος]
1189 2824 1255 2852 scil.
1277 2821 1571 2861 ὁᾶποψηψισάμενος.
1590 2830 1617 2850 se

901 2877 959 2898 non
974 2876 1028 2897 esse
1042 2877 1118 2904 eum,
1131 2868 1181 2907 qni
1198 2866 1422 2907 Aristogitonem
1439 2864 1601 2895 absolverit.
