1997 3323
745 203 779 245 Ι.
803 202 837 245 Ι.
857 202 1083 246 REISKE

363 314 433 339 ctus
463 312 521 345 est,
549 307 698 352 δεδόχθαι,
725 313 759 339 ut
781 310 906 349 juvaret
935 309 1080 350 populum

362 353 442 391 Byz.
459 352 638 383 decernere.

404 412 447 417 —-
468 397 502 425 7.
528 394 561 425 ἐκ
588 396 644 431 τὶἔς
666 396 720 434 γᾶς
744 395 792 426 καὶ
815 394 929 436 οἰκείαν]
957 395 1078 425 correxi

359 436 498 476 ἔγκτασιν
509 440 565 476 γᾶς
573 439 620 469 καὶ
636 439 730 469 οἰκιᾶν.
742 440 792 479 jus
805 440 967 470 emendiet
981 438 1079 478 possi-

361 481 456 511 dendi
474 482 563 512 villas
589 487 620 512 et
643 493 733 522 agros
756 483 924 522 domosque
951 482 979 512 in
1006 483 1079 512 urbe

361 523 511 564 ipsorum,
525 525 675 564 Byzantio
692 530 776 565 puta.

403 585 447 591 —
461 568 538 598 ibid.
555 568 623 607 περὶ
639 571 698 603 τοῖς
712 571 790 609 παρὰ
807 570 847 598 τὰ
862 569 937 610 ἱεραὶ]
961 569 1079 599 correxi

360 610 397 641 ad
414 615 547 641 mentem
564 612 696 648 Valesii,
713 612 785 642 item
801 613 837 641 T.
858 612 896 641 R..
918 612 1078 647 Brittanni,

360 654 477 694 πράτοις
493 654 591 695 [quod
605 655 716 685 Dorice
734 656 815 685 idem
831 659 879 684 est
895 659 986 694 atque
998 656 1080 696 ’πρώ-

359 697 433 738 τοις]
458 700 541 737 μετὰ
561 700 602 728 ’τὰ
623 699 689 738 tegat.
713 704 785 737 post
806 699 885 727 facta
907 709 1003 734 sacra,
1027 698 1079 729 vel

360 741 511 780 auspicia,
528 741 557 770 in
574 746 694 776 senatu,
711 747 762 772 aut
777 742 807 770 iu
830 742 990 775 concione.
1015 741 1078 780 pri-

359 784 418 813 mis
435 784 528 813 liceto
542 789 610 814 ante
627 795 732 814 omnes
749 784 825 814 alios
838 785 971 824 populos
986 785 1078 814 Athe-

359 826 519 856 niensibus
537 828 575 857 ad
590 832 728 858 senatum
752 827 914 863 accedere,
934 832 986 857 aut
1009 838 1078 858 cum

359 870 475 909 populo
492 880 593 909 agere.

403 931 446 935 -—-
460 915 512 943 10.
529 915 636 943 ’πᾶσαν
646 912 711 954 πρδς
726 915 778 943 τάν
788 912 975 954 λειτουργίαν]
990 912 1078 943 facile

361 960 427 986 erat
443 957 651 987 difficultatem
675 957 735 986 loci
758 955 877 985 mollire
903 955 970 995 πρὸς
989 956 1079 986 omit-

360 1000 466 1033 tendo,
481 1000 562 1039 quod
587 1005 655 1029 sunt
678 999 814 1034 codices,
836 999 889 1038 qui
914 998 1076 1029 omittant.

361 1042 416 1072 sed
429 1043 592 1072 videbatur
607 1042 721 1082 aliquid
737 1043 909 1072 abstrusius
921 1047 954 1072 et
968 1042 1079 1082 exqui-

361 1085 452 1115 sitius
468 1086 497 1115 in
514 1085 569 1115 illo
587 1085 652 1126 πρὸς
664 1088 719 1116 τιὶν
734 1086 841 1121 latere,
852 1085 933 1124 quod
949 1086 1078 1116 medita-

359 1129 471 1158 tionem
486 1129 647 1158 intendens
665 1129 787 1159 tandem
803 1129 890 1159 visus
914 1139 980 1158 sum
1003 1129 1079 1159 mihi

359 1171 528 1202 invenisse.
575 1173 646 1203 Non
671 1172 858 1202 invidiosum
886 1171 1077 1202 solummodo

358 1214 436 1255 ipsis
450 1214 703 1251 Atheniensibus,
716 1226 814 1255 neque
826 1214 951 1245 incivile
963 1216 1077 1245 factum

359 1262 483 1288 senatus
509 1258 671 1297 Byzantini
701 1269 774 1298 erga
799 1259 883 1288 cives
906 1268 990 1294 suos,
1022 1259 1077 1288 sed

359 1301 450 1331 etiam
466 1301 555 1340 plane
567 1303 706 1338 noxium,
718 1308 748 1332 et
761 1301 916 1336 illicitum,
932 1301 1076 1341 omnique

359 1348 450 1382 pacto
478 1349 633 1383 negatum,
658 1346 875 1381 Athenienses,
898 1349 930 1374 ut
955 1345 1077 1384 Byzan-

359 1387 437 1416 tium
459 1388 626 1418 habitatum
647 1389 858 1428 commigrent,
886 1388 943 1417 hac
972 1389 1077 1418 condi-

359 1429 443 1460 tione
459 1432 619 1471 proposita
642 1431 771 1466 illicere,
793 1437 826 1461 ut
843 1431 933 1460 liberi
957 1431 1019 1461 sint
1039 1433 1077 1462 ab

360 1473 442 1502 omni
459 1474 697 1511 contributione,
712 1485 771 1514 quo
785 1476 823 1504 ab
837 1485 929 1504 onere
943 1474 1078 1514 reliquo-

360 1527 426 1546 rum
444 1517 682 1556 Byzautinorum
700 1519 801 1548 nullus
825 1522 907 1547 esset
923 1524 1077 1548 exemtus.

360 1560 498 1590 Necesse
522 1571 597 1599 ergo
620 1566 679 1597 est,
696 1572 793 1591 novos
816 1561 958 1600 Byzantii
981 1561 1079 1598 cives,

360 1603 490 1633 Athenis
515 1604 673 1639 oriundos,
700 1615 759 1634 non
788 1605 826 1634 ab
857 1605 937 1634 omni
964 1615 1077 1643 genere

360 1647 619 1677 contributionum
633 1647 848 1682 civilium,sed
865 1648 903 1677 ab
919 1657 978 1677 nno
995 1652 1078 1678 certo

361 1690 492 1729 quodam
533 1691 723 1720 solummodo
764 1691 918 1720 relevatos
956 1690 1055 1720 fuisse
1072 1704 1079 1730 3

360 1743 470 1772 nempe
495 1744 512 1762 a
534 1733 681 1772 liturgiis,
707 1744 761 1764 seu
783 1733 1000 1770 functionibus,
1028 1735 1078 1764 vel

360 1777 611 1816 praestationibus
626 1777 796 1816 impetam,
820 1777 849 1807 h.
868 1788 895 1807 e.
914 1787 974 1806 non
995 1777 1079 1806 ordi-

359 1819 466 1855 nariis,
493 1820 654 1859 encycliis,
682 1820 741 1850 ritu
768 1824 890 1850 vetusto
917 1825 948 1849 et
978 1820 1078 1859 patrio

361 1862 476 1892 dudum
493 1863 628 1898 sancitis,
647 1874 714 1903 quae
731 1863 806 1893 nulli
822 1874 880 1892 nou
898 1863 1014 1893 dudum
1031 1875 1079 1893 es-

362 1911 430 1935 sent
445 1910 537 1941 notae,
554 1906 610 1936 sed
626 1907 891 1942 extraordinariis,
908 1917 1034 1946 quarum
1052 1908 1078 1937 si

360 1950 561 1979 necessitates
592 1949 777 1985 inciderent,
808 1961 862 1989 per
893 1955 1078 1988 quaestorem

361 2003 566 2022 accensumve
586 1993 697 2032 cuique
724 1994 763 2022 de
785 2004 822 2023 eo
845 1993 1079 2031 significandum

360 2035 532 2065 identidem
555 2041 646 2066 esset.
694 2038 789 2066 Erant
812 2047 886 2076 ergo
912 2035 1080 2077 λειτουργίαι

362 2079 511 2117 geminae:
528 2080 597 2109 aliae
613 2079 734 2114 τακταῖ,
748 2085 823 2109 ratae
840 2084 940 2115 statae,
953 2091 1079 2119 quarum

361 2122 483 2151 veniam
500 2122 585 2163 leges
597 2123 712 2152 civium
728 2123 812 2158 nulli,
826 2133 1010 2162 quocunque
1026 2135 1080 2163 pa-

361 2168 425 2201 eto,
437 2165 592 2204 facerent3
616 2166 683 2195 aliae
700 2166 902 2205 νω-ξοστακταὶ,
920 2172 970 2196 aut
985 2166 1080 2207 rev-360·-

361 2219 477 2243 τακτοι,
509 2219 577 2247 quae
601 2214 690 2239 extra
713 2209 851 2239 ordinem
873 2219 929 2248 pro
957 2219 988 2240 re
1011 2215 1081 2240 nata

363 2250 584 2281 indicerentur.

405 2312 448 2317 -—
465 2297 516 2325 1⁶2.
542 2293 730 2336 Boo-wogz'xqu]
760 2295 789 2325 in
816 2295 1006 2326 obscuritate
1033 2295 1079 2325 rei

362 2341 394 2367 et
412 2338 553 2368 dissensu
576 2339 719 2368 codicum
742 2338 854 2378 reliqui
877 2349 984 2368 nomen
1009 2339 1080 2376 hoc,

363 2381 454 2420 quale
471 2382 660 2411 inveneram.

405 2442 449 2447 ——-
458 2427 508 2454 14.
524 2424 638 2466 δωρεὰς]
651 2423 843 2464 conspicitur
854 2425 979 2465 quidem
989 2423 1080 2455 hodie

362 2466 463 2507 δωςεέις
478 2468 509 2496 in
523 2469 688 2503 Bavarico,
706 2469 760 2498 sed
778 2478 865 2498 erasa
880 2473 1002 2498 vetusta
1017 2468 1080 2507 pri-

362 2511 496 2550 migenia
511 2511 658 2547 lectione,
682 2513 770 2550 cujus
793 2522 860 2542 cum
878 2511 951 2543 nihil
968 2516 1080 2551 praeter

361 2556 426 2583 tres
441 2554 555 2593 primas
570 2555 676 2586 literas
697 2555 842 2594 supersit,
866 2566 925 2584 non
946 2559 1079 2591 constat,

362 2596 433 2635 quis
455 2597 528 2626 olim
553 2598 646 2627 fuerit
670 2598 772 2628 exitus
797 2598 950 2629 vocabuli.
975 2599 1081 2638 inepta

361 2639 417 2669 illa
445 2647 476 2669 et
498 2641 651 2679 flagitiosa
678 2651 796 2677 manus,
823 2653 891 2684 quae
916 2642 1079 2672 allinendis

362 2683 479 2713 calamo
500 2694 646 2723 perquam
663 2685 774 2724 pingui
794 2690 825 2714 et
848 2690 1015 2716 atramento
1033 2685 1080 2714 di-

362 2726 440 2763 luto,
463 2732 494 2756 et
524 2727 669 2757 ductibus
697 2727 818 2757 inscitis
845 2734 876 2758 et
906 2728 1080 2764 inamoenis,

362 2770 562 2808 Moschopuli
597 2771 739 2800 absurdis
773 2771 899 2801 scholiis
939 2772 1078 2801 codicem

361 2813 444 2843 hunc
476 2813 713 2854 pulcherrimum
745 2814 927 2853 inquinavit,
953 2815 1076 2845 ultimas

361 2860 425 2886 tres
444 2857 551 2887 literas
575 2855 622 2891 εὶς
646 2857 822 2896 adscripsit.
868 2858 936 2897 Ego
956 2858 994 2888 de
1010 2869 1078 2888 meo

358 2900 478 2938 jndicio
494 2899 614 2941 θεωρίας
633 2900 752 2930 suffeci.
773 2906 921 2940 praeterea
944 2911 1078 2941 qnoque,

361 2947 395 2972 ut
419 2945 539 2973 nomine
561 2945 592 2974 S.
610 2944 647 2974 P.
665 2945 704 2982 Q.
724 2944 958 2984 Byzantinornm
982 2944 1077 2984 legati

363 2986 455 3022 sacri,
473 2986 569 3026 θεωροὶ
584 2987 670 3025 dicti,
686 2987 844 3019 mittantur
863 2989 902 3019 ad
919 2988 1011 3019 ludos
1031 2998 1078 3020 sa-

362 3039 443 3066 eros,
459 3040 509 3069 qul
520 3047 572 3060 -—.

369 206 426 247 70

1115 202 1444 247 ΑΝΝΟΤΑΤΑ

1159 326 1201 332 —-
1219 311 1270 340 16.
1303 309 1346 349 τῷ
1367 311 1512 350 στεφάνῳ,
1540 322 1561 349 ῳ
1589 310 1830 352 cuce-equivocus]

1115 352 1239 382 correxi
1263 353 1303 382 de
1327 363 1395 383 meo
1419 364 1509 384 sensu
1534 354 1592 388 τὼς
1612 354 1772 394 στεφάνως,
1795 354 1831 388 ὣς

1114 393 1324 434 ἐστεφάνωται,
1353 396 1386 426 id
1417 401 1476 434 est,
1501 408 1566 431 τους
1590 397 1758 436 στεφάνους,
1788 397 1831 432 οὓς

1114 436 1294 478 {crsss.1iam
1312 439 1365 469 isti
1382 445 1454 469 sunt
1464 439 1761 471 accusativiDorici.
1778 451 1831 471 co-

1114 492 1216 518 ronas,
1236 482 1349 522 quibus
1372 483 1504 524 populus
1523 482 1722 514 Atheniensis
1743 495 1831 515 coro-

1114 530 1202 556 natus
1218 530 1276 555 est.

1157 586 1199 591 ——
1214 571 1265 600 23.
1289 567 1543 610 Ἀλωπεκόννησον]
1567 569 1650 600 citat
1665 570 1694 599 h.
1710 570 1731 599 l.
1748 570 1831 600 Har-

1113 620 1198 650 pocr.
1214 623 1244 641 V.
1260 612 1501 646 ἀλωωεκόννησος.

1156 672 1195 677 —--
1217 657 1267 686 26.
1282 655 1325 686 ὅτι
1337 656 1449 686 πάντων
1460 654 1602 695 μέγιστον
1612 653 1725 694 ἀγαθῶν
1737 656 1830 696 πράτ-

1112 708 1170 727 τειν
1198 697 1319 749 γέγονε]
1336 699 1458 729 correxi
1488 699 1528 728 de
1555 709 1623 729 meo
1654 709 1758 735 seusu,
1788 697 1831 728 δ’τι

1112 740 1226 771 πάντων
1248 740 1392 780 μεγίστου
1409 741 1530 779 ἀγαθων
1551 739 1709 781 ιω·οιριιιι’·“ι·ιος·
1727 740 1832 780 γέγονε.

1114 783 1313 824 [quamquam
1337 785 1437 814 adhuc
1460 783 1577 814 rectius
1602 785 1680 814 soret
1707 783 1752 814 ὅτι
1780 785 1830 814 τοῦ

1113 826 1227 856 πάντων
1239 837 1309 857 curn
1319 827 1478 868 articulo]
1492 827 1574 866 quod
1585 827 1832 859 Cherrhonesitis

1113 870 1236 905 bonum,
1256 871 1403 901 bonorum
1424 871 1560 900 omnium
1577 881 1740 907 summum,
1758 881 1831 901 con-

1113 913 1270 948 scivisset,
1287 913 1337 944 vel
1357 914 1540 953 peperisset,
1553 914 1726 944 libertatem
1745 919 1830 953 puta.

1114 956 1140 984 E
1156 955 1290 985 lectione
1304 956 1496 995 quorundam
1515 956 1671 994 codicum,
1694 958 1833 999 πράττειν

1112 997 1202 1033 αἴτιος
1212 997 1336 1037 γέγονεν,
1345 999 1435 1029 effeci
1451 997 1597 1039 παραίτιος
1611 998 1725 1039 γέγονεν.
1752 1001 1832 1030 Haec

1113 1047 1159 1071 est
1171 1042 1303 1072 formula
1316 1042 1460 1078 titularis,
1477 1053 1535 1072 seu
1550 1043 1582 1072 in
1593 1043 1744 1082 ejusmodi
1757 1044 1832 1073 titu-

1111 1084 1151 1114 lis
1166 1089 1197 1115 et
1212 1085 1348 1116 decretis
1367 1086 1490 1116 usitata.
1537 1086 1587 1116 Ne
1607 1087 1698 1126 longe
1713 1096 1830 1122 eamus,

1111 1126 1231 1167 inspice
1245 1129 1337 1158 modo
1347 1128 1581 1168 inscriptionem
1588 1129 1832 1169 Agrigentinam,

1112 1182 1129 1200 e
1155 1171 1280 1202 Grnteri
1305 1173 1443 1212 Corpore
1466 1182 1484 1202 a
1503 1172 1630 1212 'Paylori
1656 1174 1831 1213 Apparatus

1112 1213 1214 1244 critici
1231 1215 1386 1246 volumine
1402 1216 1538 1246 secundo
1556 1226 1588 1255 p.
1604 1218 1659 1248 76.
1678 1216 1832 1246 iteratam.

1111 1257 1164 1287 nbi
1189 1259 1254 1288 haec
1267 1259 1431 1298 leguntur:
1456 1258 1615 1298 Δημῆτςιον
1640 1261 1760 1294 πολλὰς
1783 1259 1833 1289 καὶ

1110 1301 1245 1340 μεγάλας
1256 1300 1355 1342 χρείας
1366 1299 1569 1344 παρεσχησθαι
1581 1301 1624 1341 τῷ
1630 1302 1701 1342 οἱμᾷἱ
1713 1302 1759 1344 [id
1773 1307 1834 1338 est,

1111 1343 1254 1398 ἡμετέρῳ]
1275 1345 1360 1385 δάμῳ
1375 1346 1424 1376 και
1443 1345 1580 1385 μεγάλων
1594 1345 1714 1384 ἀγαθῶν
1728 1344 1833 1385 vagu-i-

1111 1398 1168 1422 τιος
1184 1388 1299 1426 γεγόνειν
1314 1389 1361 1429 [id
1378 1394 1438 1424 est,
1451 1386 1616 1429 γεγονέναι].
1636 1389 1709 1418 item
1725 1399 1759 1428 p.
1777 1390 1830 1419 77.

1112 1431 1199 1460 aliam
1211 1442 1228 1462 e
1238 1432 1300 1462 Gru
1307 1432 1363 1461 teri
1376 1444 1406 1472 p.
1421 1431 1536 1461 CCCC.
1550 1431 1728 1470 repetitam:
1741 1432 1832 1472 ὑπάξ-

1111 1484 1172 1514 χων
1185 1475 1244 1508 τοῖς
1259 1485 1292 1504 τε
1309 1474 1450 1515 δημοσίοις
1464 1475 1541 1513 ἡμῶν
1557 1475 1713 1515 πράγμασι
1730 1475 1778 1505 καὶ
1796 1475 1833 1505 ἑνὶ

1112 1516 1228 1556 ἑκάστῳ
1250 1519 1305 1547 τῶν
1327 1520 1450 1548 πολιτῶν
1467 1515 1616 1557 παραίτιος
1630 1518 1745 1556 ἀγαθοῦ
1760 1525 1833 1548 πολ-

1112 1560 1181 1589 λάκι
1194 1559 1353 1598 γεγένηται.
1365 1565 1396 1591 et
1406 1561 1556 1591 infinitum
1573 1571 1733 1591 numerum
1747 1561 1833 1592 sinri-

1112 1603 1185 1633 lium
1205 1604 1338 1634 locorum
1356 1604 1480 1634 aliunde
1496 1609 1681 1644 comportet,
1698 1605 1724 1635 si
1741 1615 1832 1645 quem

1113 1656 1150 1676 ea
1165 1657 1262 1686 opera
1276 1647 1419 1677 delectet.

1155 1707 1199 1712 —-
1220 1700 1289 1728 pen.
1313 1689 1345 1720 ἐκ
1368 1692 1421 1724 τῆς
1445 1689 1603 1731 Φιλίππου]
1636 1690 1704 1720 scil.
1729 1691 1832 1732 χειρὸς,

1114 1733 1194 1771 quod
1212 1734 1398 1763 vocabulum
1421 1734 1500 1764 solet
1520 1733 1633 1764 omitti.
1658 1734 1780 1770 δουλείας
1801 1739 1832 1764 et

1114 1775 1264 1816 τυραννίδος
1280 1777 1370 1807 etiam
1394 1778 1604 1808 convenirent.
1627 1787 1734 1807 verum
1765 1778 1832 1808 haec

1114 1820 1152 1848 ad
1170 1821 1416 1850 subaudiendum
1431 1831 1490 1850 non
1506 1821 1606 1851 solent
1623 1820 1735 1850 omitti.

1158 1864 1232 1893 257.
1247 1865 1277 1893 2.
1301 1862 1426 1901 ἐλλείψει
1448 1863 1626 1905 εὐχαριστῶν
1653 1875 1702 1894 και
1731 1875 1832 1899 ποιων,

1113 1903 1129 1935 δ’
1141 1918 1171 1936 τι
1188 1905 1219 1935 ἃν
1242 1906 1352 1937 δύνηται
1377 1906 1503 1947 ἀγαθὸν]
1528 1918 1596 1937 cum
1620 1907 1660 1936 de
1682 1907 1761 1946 δῆμῳ
1777 1909 1833 1936 τῶν

1114 1949 1311 1990 Χερρονησιτῶν
1326 1951 1410 1980 nulla
1425 1951 1541 1980 mentio
1557 1950 1764 1990 praecesserit,
1778 1960 1833 1979 ne-

1115 2002 1200 2022 cesse
1215 1993 1302 2028 foret,
1319 1994 1373 2023 hos
1386 1993 1559 2033 singulares
1570 2003 1713 2023 numeros
1726 2004 1833 2023 omnes

1115 2036 1286 2074 pluralibus
1297 2042 1428 2072 mutare,
1440 2037 1471 2066 id
1486 2037 1566 2077 quod
1579 2037 1743 2067 Lambinus
1757 2047 1833 2076 quo-

1116 2089 1176 2118 que
1187 2082 1251 2119 jam
1267 2091 1359 2110 ausus
1376 2085 1433 2115 est,
1451 2080 1478 2110 si
1494 2081 1558 2111 haee
1576 2081 1669 2110 verba
1682 2081 1721 2110 de
1737 2080 1834 2110 Clierss

1116 2123 1281 2153 rhonesitis
1292 2129 1396 2153 essent
1412 2123 1605 2163 accipienda.
1636 2123 1729 2160 Quod
1743 2133 1834 2161 nego.

1116 2166 1261 2195 Redeunt
1276 2167 1313 2196 ad
1333 2166 1419 2206 δῆμον
1435 2169 1489 2196 τῶν
1504 2163 1666 2196 Ἀθηναίων.
1688 2166 1833 2205 idemque

1116 2213 1173 2243 est,
1191 2219 1227 2238 ac
1252 2209 1278 2238 si
1302 2209 1348 2239 sic
1372 2209 1525 2239 dixisset:
1552 2213 1584 2239 et
1606 2213 1691 2239 certa
1711 2220 1832 2249 quoque

1115 2251 1228 2281 fiducia
1242 2252 1314 2282 freti
1327 2252 1515 2283 suntincolae
1527 2252 1747 2288 cherrhonesi,
1759 2253 1835 2289 sore,

1117 2299 1149 2324 ut
1173 2296 1307 2334 populus
1332 2295 1533 2336 imposterum
1557 2306 1679 2336 quoque
1699 2300 1832 2326 mentem

1115 2337 1193 2368 hanc
1211 2349 1284 2378 erga
1304 2349 1337 2369 so
1358 2343 1473 2376 servet,
1491 2349 1607 2369 memor
1626 2339 1751 2369 honoris
1773 2339 1832 2369 sibi

1115 2381 1223 2418 oblati,
1245 2392 1343 2421 neque
1359 2383 1447 2412 finem
1464 2393 1594 2422 unquam
1611 2382 1715 2419 saciat,
1731 2384 1832 2422 quoad

1115 2425 1225 2462 possit,
1249 2425 1288 2455 de
1311 2426 1556 2456 Cherrhonesitis
1580 2426 1658 2455 bene
1683 2426 1832 2456 merendi.

1116 2468 1216 2499 Recte
1226 2468 1320 2507 igitur
1332 2469 1444 2499 habent
1453 2470 1511 2499 h.l.
1522 2469 1641 2499 numeri
1651 2469 1833 2508 singulares.

1157 2529 1200 2534 ——
1216 2515 1266 2544 15.
1283 2513 1348 2547 τοὺς
1359 2511 1566 2554 ἀδικουμένους]
1583 2513 1684 2543 malim
1698 2513 1762 2545 τοὺς
1773 2513 1834 2542 ἀδι-

1114 2555 1232 2589 κοῦντας
1253 2555 1459 2596 ἀδικουμένους.
1487 2566 1542 2586 vos
1570 2566 1629 2585 non
1655 2555 1832 2594 prodidisse

1114 2597 1197 2628 hosti
1221 2603 1334 2634 vestro,
1358 2610 1375 2629 a
1397 2609 1458 2639 qno
1479 2598 1677 2634 laederemini,
1691 2599 1832 2638 quamvis

1115 2651 1133 2670 a
1148 2641 1238 2672 vobis
1254 2642 1380 2681 injurias
1397 2642 1600 2681 accepissent.

1157 2703 1200 2707 —
1216 2696 1286 2724 pen.
1309 2685 1498 2727 χρήσασθαι]
1515 2684 1616 2714 malim
1633 2685 1755 2714 abesse.

1159 2730 1232 2759 ‘258-
1249 2732 1281 2760 4.
1304 2729 1388 2768 ὑμεῖς
1398 2727 1483 2759 τοίνυν
1493 2728 1548 2769 Η]
1567 2727 1650 2757 Citat
1666 2728 1694 2757 h.
1712 2727 1732 2756 1.
1752 2728 1832 2757 Her-

1114 2781 1260 2808 mogenes
1281 2782 1314 2811 p.
1333 2774 1404 2803 173.
1421 2774 1494 2802 174.
1520 2776 1551 2801 et
1574 2781 1662 2810 paene
1688 2774 1753 2800 toto
1778 2770 1832 2800 illo

1115 2816 1216 2854 capite
1233 2826 1326 2855 super
1337 2825 1374 2845 eo
1390 2815 1540 2855 disputat,
1552 2824 1607 2844 cur
1623 2812 1754 2844 ἑοπλώσει
1770 2823 1833 2843 ma-

1115 2858 1208 2888 luerit
1220 2863 1332 2894 orator,
1345 2868 1432 2897 quam
1449 2858 1663 2897 στρογγυλώσει
1677 2857 1735 2892 uti,
1750 2862 1780 2886 et
1792 2857 1832 2886 de

1115 2905 1192 2935 arte,
1214 2912 1274 2940 qua
1296 2902 1372 2931 hanc
1395 2899 1675 2940 simplificationem
1695 2900 1829 2929 occulta-

1114 2945 1204 2979 verit,
1220 2949 1251 2974 et
1267 2945 1306 2974 de
1325 2943 1432 2974 ordine
1449 2942 1642 2979 narrationis,
1666 2947 1697 2973 et
1720 2944 1760 2972 de
1774 2943 1832 2973 im-

1112 2987 1258 3017 mistione
1272 2988 1543 3026 enthymematum,
1556 2997 1624 3028 quae.
1635 2987 1679 3018 ibi
1693 2986 1787 3026 legat,
1804 2986 1830 3016 si

1113 3040 1202 3070 quem
1215 3030 1275 3062 ista
1288 3031 1452 3070 juvabunt.
