1931 3322
423 408 508 449 AD
545 406 914 450 ORATIONEM
948 405 1012 447 lN
1046 405 1338 447 NEAERAM.

197 590 245 619 De
259 590 372 620 Neaera
389 602 418 621 v.
432 591 610 620 Athenaeum
629 601 660 629 p.
673 591 747 625 593,
765 591 839 620 594.

195 632 281 662 Nihil
295 633 387 663 video
403 643 514 668 causae,
530 644 584 662 cur
607 634 672 663 haec
689 633 786 663 oratio
800 635 861 663 De-

152 676 305 706 mostheni
336 677 538 714 abjudicetur,
562 687 659 716 neque
685 676 806 716 reperio
831 677 861 706 in

152 724 217 748 tota
231 719 287 748 hac
302 719 439 750 oratione
452 720 613 759 quicquam
625 724 744 749 oratore
755 724 862 749 nostro

152 761 320 801 indignum,
335 762 385 792 cui
402 773 466 792 eam
484 763 670 793 omnimodo
687 768 824 802 ereptum
838 762 862 793 it

151 805 313 846 Taylorus,
339 806 395 835 sed
420 816 521 836 meras
548 805 601 836 ille
629 817 724 845 nugas
754 817 860 846 agens.

150 848 248 878 Actor
272 858 372 878 causae
398 859 494 888 usqne
521 849 559 878 ad
587 861 616 889 p.
637 850 733 880 1350.
756 852 786 880 9.
815 855 862 879 est

150 891 383 927 Theomnestus,
398 892 500 922 Diniae
517 892 610 928 filius,
626 903 717 932 gener
731 892 859 932 Apollo-

151 934 230 969 dori,
246 934 317 964 inde
334 940 435 965 autem
450 936 660 975 Apollodorus
676 936 756 974 ipse.

194 978 290 1008 1345.
307 980 340 1008 5.
361 978 513 1019 κηδεστὴς]
530 978 597 1008 scil.
614 978 626 1008 ὅ
643 978 721 1019 ἐμός.
745 979 795 1019 qni
813 985 860 1009 est

151 1020 372 1060 Apollodorus,
391 1023 472 1052 filins
491 1021 646 1051 Pasionis.

193 1081 236 1087 --
250 1066 303 1095 13.
327 1062 390 1104 περί
411 1076 445 1095 τε
460 1066 512 1100 τῆς
527 1063 672 1106 πατρίδος]
696 1064 763 1094 scil.
780 1063 860 1098 ὅπως

150 1108 193 1146 μὴ
209 1105 379 1146 εκπὲσωμεν
394 1108 494 1142 αὐτης.

192 1168 235 1173 —-
249 1150 324 1180 ibid.
348 1150 396 1179 καὶ
409 1150 472 1190 mg?
486 1148 623 1191 ἀτιμίας]
640 1149 736 1180 sciL‘
726 1148 801 1184 ὅπως
816 1153 859 1189 μῆ

151 1191 348 1234 περιπέσωμεν
363 1192 449 1235 αὐτῇ.

191 1253 234 1258 -
259 1238 310 1265 17.
334 1237 444 1278 πατῆρ]
473 1236 540 1266 sci'l.
567 1235 579 1265 ὅ
606 1235 686 1277 ἔμᾶς.
723 1236 775 1276 qui
803 1237 861 1267 fuit

148 1279 268 1309 Dinias.

190 1340 234 1345 —-
247 1332 318 1361 pen.
342 1320 439 1363 ὄντας]
456 1322 557 1352 malim
573 1334 638 1357 τους
652 1322 742 1356 ὄντας.

191 1368 287 1397 1346.
302 1367 333 1396 3.
355 1364 538 1405 δοκιμασθεὶς
561 1370 591 1395 et
612 1365 738 1406 ὀμόσας]
757 1365 859 1395 coliae·

148 1415 216 1439 rent
230 1409 261 1438 hi
278 1409 457 1439 nominativi
472 1419 541 1439 cum
557 1407 664 1448 ἔγραψε
676 1419 705 1438 v.
721 1410 774 1438 14.

190 1469 234 1474 —
247 1454 299 1482 24.
315 1450 473 1493 Ἀθηναίων]
489 1456 561 1491 post
572 1451 725 1482 Ἀθηναίων
735 1451 859 1481 videtur

150 1493 287 1530 ἐποίησεν,
307 1498 359 1524 aut
382 1495 443 1525 tale
459 1495 534 1534 qnid
557 1495 677 1525 deesse.
701 1500 736 1525 ut
749 1495 859 1532 jurato

147 1537 343 1578 confirmavit,
366 1547 394 1568 se
416 1539 524 1576 optima
538 1538 661 1568 consilia
676 1539 749 1577 reip.
768 1537 857 1567 datu-

148 1590 227 1617 rum,
240 1582 282 1611 ita
293 1591 325 1612 re
339 1591 448 1621 quoque
463 1581 555 1612 verbis
569 1582 629 1612 suis
633 1580 730 1621 fidem
734 1579 824 1621 fecit.

191 1642 234 1646 —
263 1626 316 1655 93.
353 1623 485 1665 ἀντέχει]
517 1624 654 1654 Wolfius
693 1624 857 1653 lectionem

148 1667 294 1707 marginis
307 1668 408 1697 Lutet.
422 1668 500 1697 adeo
512 1667 667 1708 probavit,
682 1672 716 1696 ut
728 1667 858 1696 editioni

148 1721 212 1740 suae
237 1721 358 1750 qnoque
381 1711 517 1741 inferret.
540 1710 614 1740 mihi
639 1710 714 1740 nihil
741 1715 857 1740 mutan-

147 1754 220 1784 dum
235 1753 358 1784 videtur
372 1759 486 1794 praeter
496 1754 529 1784 id
542 1754 680 1790 verbum,
698 1753 779 1793 quod
792 1764 857 1783 mo-

147 1797 188 1827 do
203 1797 362 1836 proposui,
376 1807 433 1836 pro
447 1808 507 1836 quo
530 1797 672 1837 suspicor
697 1801 749 1826 aut
774 1796 856 1827 ἀντέ-

148 1845 238 1878 λεγεν,
268 1846 321 1871 ant
355 1841 485 1870 ἀντεῖπεν
514 1850 583 1870 esse
613 1840 674 1879 leg.
719 1840 856 1879 Colligas

148 1883 243 1912 ferme
266 1893 305 1913 ex
323 1884 388 1913 h.l.
403 1884 571 1913 orationem
594 1882 661 1923 περὶ
687 1883 857 1921 συντάξεων,

148 1936 217 1965 quae
233 1927 344 1957 suadet
358 1926 502 1965 pecunias
517 1926 681 1955 theatrales
696 1924 728 1954 in
744 1926 857 1956 milites

148 1969 283 2009 erogari,
297 1979 357 1999 non
373 1970 411 1999 ab
425 1969 493 2008 ipso
510 1969 729 2004 Demosthene,
746 1970 799 1999 sed
819 1971 856 1999 ab

149 2013 206 2042 hoc
223 2012 412 2051 Apollodoro
429 2022 498 2042 esse
515 2012 683 2047 recitatam,
700 2013 787 2051 cujus
803 2022 856 2042 no-

149 2054 228 2085 mine
254 2056 481 2086 Demosthenes
505 2055 579 2085 alias
601 2065 722 2094 quoque
746 2055 857 2085 multas

148 2098 304 2129 orationes
327 2099 464 2138 scripsit,
488 2108 615 2138 eamque
641 2097 814 2129 suasionem
840 2109 857 2128 a

147 2142 263 2181 populo
288 2152 347 2172 non
373 2143 545 2181 probatam,
571 2142 626 2171 sed
652 2142 855 2181 repudiatam,

149 2188 366 2225 auctoremque
383 2185 497 2214 talento
518 2185 696 2214 mulctatum
713 2195 791 2215 esse.

191 2230 287 2259 1347.
312 2231 341 2258 1.
367 2226 603 2268 ἐξαπατήσαντι]
629 2228 802 2267 Stephanus
829 2229 856 2259 is

147 2275 205 2307 est,
222 2271 273 2311 qui
289 2272 345 2301 hac
362 2276 425 2301 tota
440 2271 577 2301 oratione
591 2271 797 2311 impugnatur.

189 2331 233 2337 —-
249 2317 301 2345 27.
325 2315 394 2354 ἡμῖν
410 2313 515 2354 πᾶσιν]
534 2318 605 2354 post
623 2315 690 2354 ἡμῖν
706 2316 795 2345 πᾶσιν
811 2314 855 2345 vi-

148 2357 239 2387 detur
253 2355 334 2392 οἷιτος
346 2358 466 2388 deesse.
491 2357 537 2387 hic
553 2357 727 2396 Stephanus.

192 2403 288 2431 1348.
299 2403 328 2430 1.
353 2399 448 2440 αὐτὸν]
464 2400 694 2440 Apollodorum.

191 2461 233 2467 —
247 2446 278 2475 3.
295 2442 339 2473 τὸν
353 2443 436 2473 αὐτὸν
451 2442 549 2485 ἔρανον]
565 2443 696 2474 subaudi
708 2442 785 2484 δ’νπερ
799 2444 855 2474 εἶσ-

149 2485 239 2528 έφερεν
262 2487 339 2526 ἧμῗν.
363 2496 456 2526 quare
480 2486 666 2516 instituimus
682 2487 857 2526 aequissima

147 2529 215 2569 lege
229 2530 292 2560 suis
314 2533 419 2569 petere
436 2529 554 2559 artibus
569 2530 740 2569 iisdemque
757 2531 856 2560 modis

147 2572 266 2609 ulcisci,
292 2572 404 2612 quibus
431 2583 486 2602 nos
511 2573 668 2612 perditum
690 2573 759 2603 ivit.
779 2585 808 2603 v.
824 2584 855 2612 p.

150 2616 244 2647 1349.
260 2619 310 2646 10.
357 2615 508 2655 Proprius
524 2626 611 2655 piene
634 2615 778 2651 dixerim,
799 2618 858 2647 De-

147 2659 310 2695 mostheni,
328 2659 356 2688 in
373 2659 494 2689 deliciis
511 2662 595 2689 certe
611 2663 659 2688 est
671 2669 743 2689 usus
756 2671 785 2689 v.
797 2659 858 2701 ἔρα-

146 2711 198 2738 νος,
216 2709 248 2732 ut
263 2704 301 2732 ad
318 2701 377 2732 alia
392 2702 516 2741 majoris
532 2702 678 2732 momenti
699 2712 858 2739 argumen-

148 2749 190 2779 ta,
211 2745 322 2784 quibus
347 2745 527 2775 conficiatur
551 2745 716 2774 orationem
741 2745 818 2775 hanc
842 2756 858 2775 a

150 2787 357 2819 Demosthene
382 2789 549 2828 profectam
578 2798 660 2822 esse,
689 2788 781 2818 etiam
810 2789 857 2818 hic

148 2830 234 2860 locus
249 2832 385 2862 accedat.

191 2891 234 2896 -—
249 2876 279 2904 6.
298 2875 334 2908 ὡς
355 2871 435 2914 ὦφλε
458 2874 502 2914 τῷ
525 2871 665 2914 δημοσίῳ]
686 2873 789 2905 Jurini
807 2884 858 2904 su-

148 2916 246 2954 spicio
262 2917 355 2946 verba
370 2917 405 2952 ὡς
419 2914 498 2957 ὦφλε
520 2917 565 2956 τῷ
588 2915 712 2957 δημοσίῳ
728 2917 858 2947 delenda

149 2968 228 2994 esse,
253 2964 286 2989 ut
310 2961 489 2990 sententiam
505 2960 751 2994 interturbantia,
767 2966 798 2990 et
817 2971 856 2990 ex

149 3001 209 3031 alio
224 3002 291 3032 loco
307 3002 378 3038 huc,
394 3003 423 3032 in
439 3003 541 3033 locum
557 3003 778 3033 alienissimum
801 3003 856 3032 im-

149 3048 276 3082 portune
299 3045 455 3084 translata,
478 3045 550 3076 mihi
567 3046 689 3077 videtur
711 3056 855 3086 perquam

900 588 1080 629 probabilis.

943 650 984 654 —
1001 634 1031 661 8.
1067 630 1252 671 ἀφικόμενος]
1278 630 1358 660 redit
1380 630 1418 659 ad
1442 630 1610 668 Apollodo-

898 685 977 711 rum,
1003 674 1298 714 ωαςακελευσίιμενος
1322 679 1421 703 autem
1444 683 1474 702 v.
1497 676 1548 702 10.
1572 674 1609 703 ad

897 719 1095 758 Stephanum.

939 779 981 784 -—
1003 763 1056 791 10.
1079 759 1386 801 παρακελευσάμενος]
1413 769 1482 789 eum
1511 759 1609 798 gratia

897 808 928 834 et
942 798 1098 834 illecebris
1115 804 1278 834 verborum
1301 803 1485 833 adduxisset
1505 802 1609 832 nescio

897 858 985 887 quos,
1015 847 1138 877 servilis
1175 846 1362 877 conditionis
1395 845 1544 882 homines,
1574 849 1608 875 ut

896 895 1080 921 mercatores
1098 900 1165 920 sese
1182 891 1345 929 Cyrenaeos
1361 890 1484 919 ferrent.

937 952 981 957 --
997 938 1048 964 11.
1072 934 1203 974 προεῖπεν
1217 932 1296 973 αὐτῷ
1317 932 1364 962 τὸν
1380 931 1540 961 Παλλάδιον
1555 931 1607 972 φό-

895 978 947 1018 νον]
970 977 1114 1007 correxi:
1143 977 1271 1017 προεῖπεν
1293 975 1373 1015 αὐτῷ’
1390 974 1437 1005 ἐπὶ
1453 974 1607 1014 Παλλαδίῳ

895 1019 972 1059 φόνου
985 1019 1070 1060 [scil.
1084 1019 1190 1061 ἕνεκα]
1204 1030 1276 1050 usus
1290 1023 1336 1049 est
1349 1019 1523 1058 Stephanus
1534 1028 1608 1058 erga

894 1063 1117 1102 Apollodorum
1134 1063 1260 1101 eajuris
1276 1062 1409 1097 actione,
1426 1072 1493 1100 quae
1510 1073 1606 1102 ωςοει-

894 1107 969 1141 πεῖν,
986 1107 1034 1137 vel
1061 1105 1247 1146 προαγορεύειν
1267 1105 1491 1145 appellabatur,
1505 1106 1535 1135 in
1552 1105 1606 1134 illo

890 1149 1024 1187 judicio,
1040 1150 1121 1189 quod
1138 1147 1187 1178 ἐπὶ
1209 1148 1364 1187 Παλλαδίῳ
1379 1153 1554 1186 usurpatur,
1570 1149 1607 1178 ti-

895 1192 960 1222 tulo
990 1193 1095 1222 caedis.
1141 1192 1200 1222 Est
1228 1197 1328 1221 autem
1357 1193 1506 1231 προειπεῖν,
1537 1202 1605 1221 eum

895 1239 981 1266 actor
995 1246 1060 1271 reo,
1073 1241 1106 1265 nt
1121 1234 1295 1270 homicidae,
1309 1235 1479 1270 denuntiat,
1494 1239 1526 1264 ut
1538 1235 1606 1264 soro

894 1283 924 1308 et
936 1278 1081 1309 civilibus
1094 1279 1233 1308 omnibus
1247 1278 1349 1307 causis
1365 1288 1432 1308 sese
1443 1278 1605 1314 abstineat,

894 1320 968 1352 item
996 1321 1090 1352 sacris
1116 1321 1340 1356 communibus,
1361 1326 1391 1350 et
1420 1321 1458 1350 ad
1483 1331 1605 1351 causam

893 1365 987 1394 caedis
999 1365 1161 1394 dicendam
1177 1369 1261 1394 certa
1276 1364 1327 1394 die
1343 1363 1373 1393 in
1390 1364 1455 1395 foro
1472 1364 1561 1394 adsit.

935 1411 1040 1439 —12.
1058 1407 1154 1448 ἔλεγε]
1171 1407 1298 1447 Taylori
1313 1406 1405 1448 ἔλαχε
1421 1417 1480 1436 non
1496 1408 1605 1446 displi-

893 1456 943 1481 cet
958 1452 1093 1490 quidem,
1117 1450 1188 1490 qnia
1213 1455 1313 1480 tamen
1339 1451 1489 1489 sequitur,
1505 1451 1524 1480 ἃ
1540 1451 1603 1481 οὔτε

891 1492 1130 1534 ἐγένετο-ηοω
1151 1494 1312 1524 manifesto
1333 1494 1473 1532 probant,
1493 1495 1604 1524 Demo-

892 1538 1029 1568 sthenem
1053 1537 1103 1567 hic
1126 1536 1217 1575 ἔλεγε,
1234 1548 1292 1566 non
1318 1535 1411 1578 ἔλαχε
1427 1547 1602 1575 usurpasse,

891 1581 974 1617 ideo,
990 1591 1114 1611 servans
1130 1579 1222 1618 ἔλεγε,
1232 1580 1333 1610 malim
1345 1582 1395 1611 τὴν
1408 1580 1481 1610 δίκην
1492 1581 1603 1616 deleri,

892 1630 943 1653 aut
969 1624 1013 1654 sic
1040 1624 1119 1663 legi:
1152 1622 1231 1661 ἔλεγε
1255 1625 1355 1664 λαχὼν
1376 1625 1424 1653 τὶν
1446 1621 1529 1659 δίκην,
1552 1624 1603 1653 vel

891 1666 970 1706 ἐ’λεγε
989 1669 1068 1707 παρὰ
1084 1668 1132 1696 την
1144 1664 1226 1696 δίκην.

934 1728 976 1732 —
989 1713 1038 1740 14.
1051 1709 1201 1750 ἆςώμενος]
1212 1710 1334 1739 videtur
1352 1710 1408 1738 hoc
1425 1709 1602 1744 delendum,

891 1753 1029 1792 sequitur
1049 1753 1129 1782 enim
1151 1753 1251 1782 statim
1269 1751 1496 1792 ἐπαρασάμενος.
1521 1754 1603 1792 quod

892 1796 1012 1826 sufficit.
1036 1796 1107 1826 dedi
1123 1796 1162 1825 de
1178 1807 1245 1826 meo
1262 1794 1446 1836 ἐπαρώμενος.

934 1857 976 1862 --
992 1842 1044 1870 ⁶2⁶2.
1068 1839 1179 1880 ἀνδξῶν]
1197 1838 1249 1869 alii
1269 1839 1418 1879 δζαχμῶν.
1442 1838 1602 1868 manifeste

891 1882 948 1912 hoc
974 1883 1097 1922 quidem
1123 1883 1278 1916 vitiosum,
1307 1883 1361 1911 sed
1390 1885 1420 1910 et
1445 1882 1601 1920 vulgatum

891 1925 1013 1955 videtur
1034 1926 1208 1956 redundare
1233 1930 1323 1964 atque
1339 1925 1514 1959 delendum,
1538 1930 1569 1954 ut
1586 1936 1602 1954 e

891 1969 1007 1998 scholio
1025 1973 1137 1998 natum.

934 2029 974 2034 —
992 2011 1067 2041 ibid.
1091 2010 1123 2040 ἐκ
1138 2009 1341 2051 πεντακοσίων]
1360 2010 1426 2040 scil.
1446 2008 1555 2049 ψήφων.

932 2072 975 2077 -—
1000 2057 1052 2086 025.
1074 2054 1123 2083 καὶ
1148 2054 1186 2095 τῇ
1211 2054 1335 2095 ἀδελφῇ]
1364 2054 1431 2084 scil.
1457 2054 1507 2087 τῖς
1532 2051 1603 2092 ἓμνῗς

890 2097 1026 2134 γυναικός.

931 2159 974 2164 -—
990 2144 1042 2172 97.
1066 2139 1204 2180 προτέρῳ]
1223 2140 1275 2169 illo
1292 2139 1353 2179 περὶ
1369 2139 1538 2179 συντάξεως.

932 2201 975 2206 -—
998 2194 1067 2224 pen.
1102 2184 1145 2222 τῷ
1174 2182 1296 2225 ὑστέρῳ]
1327 2183 1379 2213 illo
1406 2183 1445 2212 de
1472 2182 1600 2212 muliere

890 2227 1043 2266 Aphidnis
1060 2227 1228 2256 interemta.

932 2288 975 2293 ——
999 2271 1054 2300 ult.
1089 2268 1332 2311 ωαρακαλουντων
1341 2268 1398 2308 ——]
1428 2269 1527 2298 malim
1557 2270 1601 2298 sic

890 2313 1038 2352 distingui
1065 2317 1095 2343 et
1120 2313 1203 2352 legi:
1239 2312 1477 2352 παρακαλούντων
1504 2312 1533 2341 δή
1560 2322 1600 2351 με

890 2357 1034 2393 ἁπάντων,
1049 2354 1130 2385 ἰδία]
1120 2366 1286 2396 ffgw’tWTnW
1302 2366 1377 2394 ἔμοι,
1394 2354 1440 2384 ἐπί
1464 2354 1602 2394 Τίμωξίᾶν

890 2417 930 2422 --
941 2410 1008 2429 cum
1024 2402 1123 2439 itaque
1137 2410 1181 2428 me
1197 2408 1300 2433 οιηηρε,
1318 2400 1350 2427 in
1363 2399 1484 2437 privatis
1499 2404 1526 2427 et
1543 2400 1602 2427 siu-

887 2443 1044 2483 guluribus
1053 2443 1248 2483 congressibus
1260 2441 1460 2477 hortarentur,
1469 2442 1602 2471 animum.

889 2487 928 2516 ud
944 2486 1083 2516 ultionem
1098 2486 1258 2515 advertere.

936 2532 1029 2560 1349.
1046 2532 1076 2559 4.
1100 2527 1256 2567 κηδεστῶν]
1274 2526 1371 2566 possit
1388 2528 1465 2557 bene
1490 2528 1601 2557 habere

892 2572 1002 2608 videri,
1019 2572 1075 2601 nisi
1100 2571 1261 2611 praecessit
1283 2571 1415 2610 ἀδελφῆς.
1440 2581 1505 2600 nam
1523 2571 1601 2600 κηδε-

892 2615 963 2644 σταὶ
979 2620 1049 2645 sunt
1072 2625 1159 2644 socer
1184 2619 1214 2644 et
1240 2624 1358 2643 socrus.
1404 2614 1467 2643 Sed
1495 2624 1601 2643 socrus·

892 2662 978 2687 actor
993 2663 1058 2688 erat
1073 2657 1171 2697 ipsius
1187 2668 1284 2687 soror.
1309 2661 1340 2687 et
1356 2657 1420 2686 11πο
1437 2667 1522 2686 soror
1539 2668 1600 2686 mo-

893 2702 932 2730 do
960 2706 1193 2731 commemorata
1220 2701 1279 2730 fuit
1306 2699 1474 2737 sigillatim.
1509 2710 1600 2738 qnare

893 2744 992 2774 malim
1014 2745 1162 2779 κηδεστοῦ,
1186 2748 1219 2773 ut
1244 2744 1283 2773 ad
1309 2743 1407 2772 solum
1431 2743 1599 2782 Apollodo-

893 2798 956 2816 rum
970 2788 1087 2817 redeat.

936 2849 976 2852 —
994 2834 1044 2861 10.
1068 2843 1114 2860 και
1141 2830 1249 2870 ὥσπερ]
1278 2830 1336 2868 leg.
1365 2839 1452 2857 esse:
1484 2827 1528 2855 καὶ
1559 2826 1600 2860 δη

892 2874 970 2903 εἴα-πε
973 2879 1078 2914 ς-θῑ
1102 2874 1146 2903 sic
1170 2874 1244 2903 dedi
1261 2873 1299 2901 de
1326 2881 1404 2900 meo.
1427 2871 1498 2899 hic
1493 2881 1538 2898 in«
1544 2870 1601 2909 ipit

892 2918 1166 2955 apodosis-—cum
1190 2916 1275 2945 multi
1297 2924 1344 2943 me
1361 2913 1471 2942 hortati
1490 2913 1600 2941 sint——

892 2971 939 2989 και
956 2959 984 2990 δη
994 2979 1036 2983 ·-
1046 2967 1111 2990 tum
1124 2970 1175 3000 ego
1178 2961 1288 3011 “itaque
1301 2957 1339 2985 ad
1358 2966 1400 2985 zos
1417 2965 1456 2985 rte
1459 2957 1514 2984 zio
1517 2974 1545 2976 ε-

933 3021 976 3025 —
1004 3005 1052 3033 15.
1077 3005 1131 3036 τας
1154 3005 1208 3032 τῶν
1232 3001 1277 3030 ἑτε
1281 3011 1327 3039 ρων
1352 2998 1523 3039 Θηατέςας]
1550 3004 1597 3028 aut

892 3046 1062 3077 tollendum
1079 3046 1137 3077 ciit
1156 3047 1221 3073 τὶν.
1246 3024 1373 3071 alioruin
1397 3042 1549 3072 hominum
1569 3044 1600 3069 ιὶ-

1238 3145 1264 3160 x*
