1931 3322
467 209 531 251 IN
565 208 738 252 ORAT.
770 208 852 250 DE
885 207 1246 250 SYMMORHS.

132 312 339 355 gumentum.)
360 313 418 354 [11.
434 319 465 343 Σ.
483 314 574 354 352]
592 312 658 353 ἑανᾷἱ
672 313 733 344 λιτὶ
748 314 836 344 κάλυ-

134 355 203 396 ψαν.
224 361 335 386 caetera
357 355 459 386 omnia
483 356 699 396 hyperdissyll.
722 357 753 387 in
779 369 839 392 ανος

133 400 246 431 habent
269 409 338 438 pen.
365 399 502 429 brevem.
525 399 595 429 dico
619 399 836 439 hyperdissyll.

134 452 203 478 uam
217 442 336 482 dissyll.
351 441 426 477 δανός
443 442 587 481 producit
601 454 632 477 α,
650 442 781 482 [Odyss.
802 447 838 473 Ο.

134 485 225 526 321]
248 484 293 515 διά
315 495 349 515 τε
368 484 443 524 ξύλα
465 484 530 514 δανὰ
551 485 687 515 κεάσσαι.
710 486 787 515 forte
808 489 838 514 et

131 527 232 567 μανὸς,
253 538 355 564 rarus,
376 529 480 563 tenuis,
503 537 674 567 quanquam
696 527 759 557 haec
776 537 838 556 vox

134 580 196 602 uon
211 571 344 601 occurrit
359 571 431 601 mihi
454 570 485 600 in
509 571 651 600 carmine.
697 570 752 610 (3)
775 569 838 599 Ad-

128 612 247 652 jeotiva
262 614 372 656 trisyll.
390 614 420 643 in
443 611 502 647 ανδς
518 613 692 643 derivantur
706 623 723 642 a
736 612 838 642 verbis

133 656 253 695 dissyll.
279 657 441 687 breviando
464 655 591 695 primam
616 655 687 694 syll.
710 654 737 685 si
752 655 838 694 prius

133 699 228 730 fuerit
239 700 339 738 longa,
354 705 385 729 et
399 699 543 728 mutando
562 710 584 727 ω
607 697 637 727 111
659 697 731 735 ανός,
745 698 789 728 ita
805 703 839 728 ut

133 741 209 773 illud
223 753 283 776 ανος
297 743 337 771 sit
352 752 434 771 mere
449 741 668 771 hermanticum
684 747 713 771 et
729 741 839 771 servile

133 785 184 826 (ut
205 785 368 824 loquuntur
390 783 504 823 Heb.),
522 785 570 814 vel
595 783 646 826 (ut
661 785 716 814 Gr.
734 786 837 814 Gram-

135 828 230 868 magis
251 828 336 867 loqui
361 827 478 867 amant)
503 838 585 858 mera
600 827 771 857 terminatio
786 827 838 857 ad·

130 869 315 911 jectivorum
338 871 529 910 paragogica.
553 881 583 901 e.
602 881 632 910 g.
657 881 674 900 a
697 869 782 901 πείθω
806 871 839 900 fit

136 912 260 947 πιθανός-ι
276 913 388 950 abilina,
401 913 491 948 ἓδανός
501 915 607 951 suavis,
609 914 786 952 jucundus:
800 915 838 943 ab

135 954 170 986 ἕω
180 956 364 993 ιἠἀιιο,ἑανδς
373 957 482 987 tunicae
495 967 590 996 genus
602 957 754 996 quoddam
768 957 839 986 sub-

135 999 200 1038 tile,
215 1001 338 1030 linteum
363 1005 416 1030 aut
441 1005 660 1040 tegumentum:
683 1010 700 1029 a
725 998 838 1030 σπεύδω

135 1042 280 1080 σπεδανός,
294 1042 438 1083 σφεδανός,
453 1042 608 1078 vehemens,
621 1042 758 1082 festivus,
769 1053 838 1081 pro-

133 1095 232 1124 sperus
239 1096 269 1116 :a
275 1085 365 1128 λείχω
375 1087 465 1127 lingo,
474 1085 590 1126 λιχανός
598 1086 673 1115 medi
677 1096 708 1116 us
715 1086 839 1127 digitus,

133 1129 216 1167 quod
232 1133 332 1160 tamen
347 1129 529 1160 substantivi
545 1129 670 1159 formam
686 1129 798 1160 induit:
822 1139 840 1158 a

132 1169 269 1213 p‘ioefluo,
285 1172 338 1213 ῥοὴ,
353 1171 451 1214 ῥοανδς,
467 1177 498 1202 et
511 1172 694 1202 assumendo
711 1173 727 1202 δ
738 1172 775 1202 ad
791 1182 840 1202 ro-

135 1215 299 1245 borandam
313 1219 346 1245 et
360 1215 578 1245 rotundandam
592 1225 712 1251 vocem,
725 1213 840 1256 ῥοδανός,

133 1258 237 1295 mollis,
254 1257 386 1299 fluidus,
415 1268 504 1299 quam
528 1268 635 1288 vocem
663 1258 694 1288 in
723 1259 840 1289 Lexieo

133 1299 249 1331 frustra
276 1301 447 1340 quaesieris,
475 1311 543 1331 cum
571 1305 670 1330 tamen
702 1306 843 1332 occurrat

134 1344 216 1383 apud
232 1344 326 1375 Hom.
343 1345 380 1375 ll.
403 1352 434 1375 Σ.
451 1343 557 1386 [576.]
581 1344 639 1384 παρ
653 1343 784 1385 ποταμὸν
797 1356 842 1375 κε-

134 1386 267 1425 λάδοντα,
303 1388 364 1427 περὶ
400 1385 501 1429 ῥοδανὸν
531 1386 659 1424 δονακῆα,
694 1392 725 1418 et
761 1389 841 1428 apud

133 1430 273 1470 Hesych.
297 1431 444 1470 optimum
467 1435 565 1470 poetae
587 1431 788 1470 glossatorem
801 1432 843 1473 ῥο-

133 1472 218 1504 aava·
248 1473 385 1515 τρυφερόν.
440 1474 556 1504 Auctor
581 1479 679 1504 tamen
703 1474 841 1505 brevium

133 1516 328 1553 scholiorum,
352 1517 402 1556 qui
430 1517 582 1556 Didymus
607 1527 675 1547 esse
697 1518 843 1554 creditur,

133 1558 244 1600 ῥοδανὸν·
268 1560 465 1597 εῦδιάσειστον,
488 1558 633 1596 εὐκίνητον,
656 1560 702 1590 διὰ
727 1561 792 1594 τοὺς
817 1559 843 1590 ἔν

134 1602 214 1642 αὐτῷ’
237 1602 411 1643 πεφυκότας
437 1603 598 1642 καλάμους,
624 1604 711 1642 quasi
740 1603 843 1645 ῥοδανός

134 1645 291 1677 diceretur
299 1657 355 1686 per
361 1647 537 1677 metathesin
548 1645 666 1687 ῥαδανός,
674 1657 690 1676 a
696 1646 840 1688 ῥαρειτῑίο.

134 1688 245 1719 intens.
268 1695 300 1720 et
321 1689 397 1720 δονέοι
418 1691 529 1730 quatio,
553 1690 593 1719 ob
613 1690 776 1720 arundines
798 1691 842 1721 ibi

134 1737 316 1769 crescentes,
333 1743 401 1771 quae
417 1733 477 1763 viz.
494 1732 639 1762 facillime
666 1738 756 1763 vento
778 1733 842 1773 agi-

133 1779 236 1806 tantur
251 1780 282 1806 et
295 1776 483 1815 quatiuntur.
497 1774 599 1817 ῥοδανόν
609 1775 736 1817 δονακῆα,
749 1785 842 1807 arun-

134 1818 266 1849 dinetum
274 1818 594 1854 tremulnmflnotubile,
596 1818 663 1858 faci
667 1819 690 1848 le
697 1819 842 1850 motabile.

136 1860 199 1891 Sed
216 1862 281 1891 haec
297 1866 387 1891 extra
400 1861 484 1891 oleas
501 1861 655 1900 παρέργως,
676 1861 734 1891 etsi
750 1862 842 1892 'vultis

134 1903 299 1945 περιέξγωςε
325 1914 394 1934 nam
411 1915 466 1934 nos
483 1903 572 1934 etiam
585 1904 694 1944 ῥοδανοὶ,
705 1908 740 1934 ut
755 1915 842 1935 aruu-

136 1947 224 1977 dines
249 1958 364 1984 sumus,
385 1952 416 1977 et
439 1947 526 1977 facile
551 1947 714 1983 fluitamus,
730 1952 760 1977 et
783 1949 842 1978 huo

135 1990 210 2026 illuc
221 1990 382 2030 agitamur,
396 1994 427 2020 et
440 1990 550 2029 quovis
560 1995 650 2020 vento
661 1991 765 2020 Gram.
778 2002 843 2021 mo-

136 2044 254 2071 vemur,
266 2034 375 2073 quovis
390 2039 517 2064 accentu
531 2039 584 2063 aut
600 2033 710 2072 spiritu
726 2034 842 2074 abripi-

137 2087 216 2114 mui·‚
239 2082 271 2107 et
296 2078 326 2107 in
354 2076 436 2106 nullo
460 2081 544 2107 certo
566 2077 636 2106 loco
659 2082 844 2107 constamus.

135 2121 197 2150 Sed
212 2120 372 2150 redeamus
392 2119 422 2149 in
440 2129 547 2160 gyrum
567 2124 709 2158 quantum
733 2130 843 2159 possu-

136 2175 214 2194 111115.
260 2164 304 2193 Ut
327 2163 419 2201 igitur
441 2173 458 2192 a
481 2160 566 2193 πείθω
593 2161 714 2199 πιθανὸς,
731 2165 768 2193 ab
790 2162 843 2194 ³430,

136 2206 239 2242 ἑδανός,
254 2217 271 2236 a
285 2205 399 2236 σπεύδω
414 2206 557 2244 σφεδανός,
573 2216 588 2234 a
612 2204 700 2246 λείχω
716 2206 843 2247 λιχανός,

136 2250 180 2282 sio
202 2251 241 2280 ab
261 2247 313 2279 ἵκω
329 2248 427 2284 ἱκανὸς,
443 2248 564 2287 ὁξύτονον
583 2249 629 2278 καὶ
650 2248 843 2290 &eaxan-agai-

137 2299 248 2324 ληκτον.
292 2294 334 2322 Et
356 2292 478 2331 quidem
505 2298 568 2322 tum
595 2291 633 2321 de
661 2293 717 2322 hac
741 2293 843 2332 phrasi

137 2335 223 2366 ἱκανὸν
252 2335 350 2371 δοῦναι,
386 2340 448 2365 tum
477 2335 516 2365 de
548 2336 604 2365 hac
636 2345 711 2364 voce
741 2334 843 2373 ἱκανὸς,

137 2379 246 2412 ἱκανῶς.

182 2424 217 2452 Ρ.
227 2424 300 2453 292.
317 2422 347 2452 5.
362 2418 462 2450 πλείων
472 2419 538 2450 ἐστὶ
552 2419 643 2459 γέλως
654 2421 704 2451 τοῦ
713 2420 842 2463 μηδενὸς]

139 2465 189 2496 Ad
207 2465 334 2494 verbum
353 2464 421 2502 plus
434 2465 490 2494 erit
508 2465 583 2494 risus
604 2463 697 2494 nullo.
718 2464 845 2495 mirifica

140 2518 211 2538 sane
226 2507 417 2549 βραχυλογία,
430 2511 461 2536 et
476 2506 611 2546 elliptioa
626 2507 778 2546 syntaxis,
794 2508 844 2538 cui

139 2551 269 2582 similem
281 2551 334 2581 vix
348 2549 421 2579 alibi
433 2549 630 2589 reperiemus.
645 2551 738 2590 major
749 2557 790 2581 est
802 2553 844 2582 ri-

137 2604 186 2625 sus
194 2594 297 2624 nihilo.
309 2592 486 2623 vultdicere
497 2593 590 2633 magis
600 2592 843 2634 ridiculumsue-

137 2639 192 2673 rit,
214 2647 302 2677 quam
320 2636 344 2665 si
365 2635 441 2666 nihil
465 2636 580 2666 omnino
601 2636 844 2667 contribueretur.

138 2678 241 2712 πλείων
255 2678 320 2710 ἐστὶ
335 2677 425 2716 γέλως
438 2679 489 2709 τοῦ
504 2677 754 2719 μ.-γελοιότερο’ν
767 2678 846 2710 ἔστιν

138 2721 154 2754 ἢ
168 2722 191 2752 εἲ
204 2722 292 2762 μηδὲν
306 2721 437 2762 meam,-
450 2720 606 2762 πορίσαιτε.
639 2722 721 2752 Usus
738 2727 786 2753 est
800 2728 845 2754 ta-

138 2775 208 2796 men
224 2766 299 2796 alias
316 2766 406 2795 Dem.
418 2765 474 2794 hae
491 2765 632 2804 loquendi
647 2765 786 2802 formula,
798 2767 844 2796 vel

139 2813 223 2844 certe
248 2819 308 2839 non
330 2807 486 2843 dissimili,
503 2807 580 2837 Phil.
604 2813 639 2838 Δ.
657 2807 699 2848 [§.
717 2807 755 2850 έ.]
776 2807 845 2839 {wei

138 2851 181 2881 νῦν
200 2862 233 2889 γε
255 2850 345 2890 γέλως
369 2849 459 2887 ἐστὶν,
475 2850 510 2884 ὡς
527 2849 675 2892 χρώμεθα
689 2852 749 2886 τοῖς
772 2853 845 2892 πρά-

139 2905 250 2934 γμασι.
271 2894 503 2935 quandoquidem
519 2903 597 2923 nunc
613 2893 777 2924 ridiculum
792 2901 845 2931 est,

137 2941 228 2976 prout
242 2947 291 2967 nos
304 2947 349 2967 res
367 2938 617 2967 administramus.
632 2947 664 2967 as
678 2946 719 2967 we
733 2947 783 2968 use
797 2938 846 2968 the

139 2985 255 3011 matter.
269 2979 360 3013 Γέλως
372 2980 464 3019 igitur
476 2980 507 3010 in
518 2981 573 3010 hac
587 2980 709 3019 syntaxi
722 2981 848 3020 ponitur

140 3032 197 3063 pro
216 3022 332 3062 γελοῖον,
348 3023 532 3055 abstractum
554 3033 610 3063 pro
631 3028 786 3061 concreto,
802 3025 849 3055 af-

1498 207 1580 250 499

871 311 967 340 fectus
996 312 1044 341 vel
1065 317 1151 343 actus
1177 322 1232 351 pro
1254 312 1388 353 objecto,
1416 311 1496 342 11513
1519 323 1576 351 pro

871 353 1000 383 ridiculo
1017 365 1068 383 seu
1092 355 1236 390 ludibrio,
1259 365 1314 393 pro
1331 365 1368 385 eo
1391 355 1474 394 quod
1496 355 1578 385 deri-

873 396 919 426 sui
934 407 986 426 seu
1002 397 1133 427 ludibrio
1149 399 1286 427 habetur.
1311 399 1507 428 Abstractum
1523 408 1577 428 au-

872 444 931 468 tem
943 449 997 478 pro
1008 445 1150 469 concreto
1161 441 1298 470 auxesim
1310 441 1383 470 facit
1395 441 1424 469 iu
1436 441 1577 471 omnibus

872 482 934 511 fere
952 481 1075 521 linguis,
1095 490 1245 521 augetque
1269 487 1299 512 et
1319 483 1446 512 intendit
1461 483 1578 523 signifi-

873 523 1039 553 cationem:
1063 525 1141 553 unde
1166 526 1258 554 verba
1282 526 1335 555 illa
1360 526 1438 556 Phil.
1460 534 1498 556 Δ.
1511 528 1578 565 jam

872 567 1013 596 laudata:
1038 566 1100 597 ἐπεὶ
1120 568 1162 596 νῦν
1177 577 1209 604 γε
1231 579 1259 596 κ.
1279 579 1309 598 τ.
1332 574 1362 598 λ.
1387 569 1433 598 vir
1454 569 1578 608 quidam

872 609 1081 645 doctissimus,
1103 609 1175 639 olim
1201 611 1289 649 hujus
1311 611 1372 640 loci
1392 611 1509 651 genius,
1533 612 1579 642 sio

872 651 1089 692 interpretatur
1115 653 1145 682 111
1165 653 1233 682 Lat.
1264 652 1405 683 versione
1430 660 1498 694 quae
1518 666 1577 694 pu-

874 695 952 725 blice
963 700 1081 726 exstat:
1097 700 1119 713 “
1130 696 1208 726 Nam
1225 702 1257 727 ut
1272 706 1352 726 nuno
1367 707 1416 726 res
1429 702 1488 733 est,
1502 702 1532 727 et
1545 701 1579 728 ut

873 749 890 768 a
905 738 993 768 nobis
1016 739 1143 778 geritur,
1166 739 1240 768 1111111
1264 743 1367 778 potest
1387 739 1486 778 magis
1505 740 1579 770 ridi-

873 781 974 811 culum
998 781 1201 821 excogita1·i.’'
1236 783 1276 813 Et
1292 787 1325 812 ut
1346 792 1396 812 res
1412 782 1514 821 aliqua
1529 783 1579 812 vel

873 834 1014 863 persona,
1048 836 1114 864 quae
1147 824 1315 861 deridetur,
1347 824 1460 863 dicitur
1489 823 1580 864 γέλως

873 866 952 903 εῖναι,
976 868 1020 898 sic
1045 868 1175 907 quirem
1194 868 1324 909 aliquam
1340 873 1392 898 aut
1416 878 1580 907 personam

873 911 989 940 derisui
1006 916 1036 941 et
1051 911 1184 941 ludibrio
1198 912 1298 948 habet,
1315 912 1369 941 Gr.
1381 911 1496 941 dicitnr
1511 921 1579 941 eam

872 952 989 991 γέλωτα
1027 952 1167 984 ποιεῖσθαι
1213 960 1244 984 et
1277 954 1393 994 γέλωτα
1435 953 1582 984 τίθεσθαι.

874 996 954 1027 Usus
968 1001 1015 1027 est
1029 998 1084 1026 hac
1100 997 1202 1036 phrasi
1218 998 1296 1028 inter
1311 998 1388 1027 alios
1401 997 1581 1027 Herodotus

873 1050 932 1070 non
949 1040 1054 1075 semel,
1074 1044 1107 1069 ut
1122 1039 1183 1080 [iii.
1208 1041 1275 1081 Q9,]
1300 1041 1375 1080 ἇτάς
1391 1051 1436 1070 τοι
1452 1041 1534 1080 ὑμεῖς
1549 1050 1583 1079 γε

874 1083 902 1112 οὐ
924 1081 1068 1124 χαίροντες
1093 1083 1211 1121 γέλωτα
1233 1082 1288 1123 ἐμὲ
1315 1082 1453 1114 θήσεσθε.
1480 1088 1511 1113 at
1534 1093 1583 1114 vos

873 1132 948 1155 certe
976 1137 1035 1156 non
1062 1127 1179 1166 impune
1207 1136 1251 1156 me
1279 1127 1405 1157 ludibrio
1433 1126 1580 1157 habebitis.

875 1170 926 1199 ubi
946 1170 1046 1199 obiter
1069 1173 1190 1199 notetur
1207 1169 1286 1199 illud
1310 1169 1338 1200 οὔ
1355 1168 1500 1210 χαίροντες
1524 1179 1582 1208 per

875 1212 1013 1242 meiosim
1024 1211 1138 1242 dictum
1148 1222 1204 1251 pro
1215 1212 1365 1252 οἰμώξετε,
1377 1223 1482 1253 magno
1493 1218 1583 1243 vestro

875 1256 951 1285 malo
967 1255 1156 1297 hocfecietiS.
1177 1255 1206 1286 οὔ
1225 1255 1329 1298 χαίρων
1344 1256 1428 1286 τοῦτο
1445 1255 1581 1291 ποιήσεις,

875 1309 932 1329 non
946 1299 1087 1340 gaudebis
1102 1298 1152 1329 hoc
1168 1305 1194 1329 te
1196 1297 1315 1340 fecisse,
1327 1309 1432 1340 magno
1448 1304 1499 1328 tuo
1508 1299 1584 1328 malo

875 1347 904 1371 et
918 1343 1014 1372 dolore
1035 1342 1085 1372 hoc
1093 1341 1219 1382 factum
1241 1343 1312 1373 lues.
1328 1348 1358 1373 et
1381 1342 1410 1372 οὖ
1423 1341 1583 1384 χαιρήσεις,

877 1384 1121 1416 comminationis
1161 1385 1300 1422 formula,
1335 1396 1393 1416 non
1429 1385 1582 1425 gaudebis,

875 1428 1016 1468 οἰμώξεις,
1032 1429 1096 1459 haec
1111 1439 1161 1458 res
1176 1429 1233 1459 tibi
1244 1428 1381 1459 laetitiam
1392 1438 1450 1458 non
1465 1427 1584 1464 afferet,

877 1472 932 1501 sed
948 1473 1079 1502 futurum
1101 1475 1148 1502 est
1166 1479 1199 1502 ut
1222 1477 1251 1502 te
1272 1472 1430 1512 poeniteat.
1466 1470 1583 1501 Verum

876 1515 934 1544 hoo
958 1515 989 1545 in
1010 1514 1118 1555 παρόδῳ
1149 1519 1179 1544 et
1203 1515 1233 1545 in
1258 1515 1398 1551 transitu,
1421 1515 1514 1544 redeo
1544 1514 1584 1543 ad

875 1557 1010 1596 phrasim
1026 1569 1091 1588 eam
1107 1559 1146 1588 de
1162 1569 1220 1597 qua
1235 1556 1506 1600 (1111111105,γέλωτα
1520 1567 1581 1586 ποι-

875 1600 971 1631 εῖσθαι
996 1602 1043 1632 vel
1067 1600 1183 1640 γέλωτα
1203 1601 1346 1631 τίθεσθαι
1358 1612 1367 1639 3
1390 1603 1477 1640 cujus
1499 1599 1583 1630 aliud

876 1645 1052 1684 exemplum
1076 1645 1195 1683 reperio
1217 1646 1298 1684 apud
1324 1645 1453 1675 eundem
1474 1642 1586 1673 histor.

876 1688 965 1717 etiam
984 1689 1089 1717 eodem
1105 1688 1158 1718 lib.
1178 1688 1238 1729 [iii.
1254 1688 1321 1728 38.]
1339 1688 1420 1718 οὔκων
1434 1685 1504 1719 οἰκός
1518 1684 1584 1714 ἐστι

875 1729 960 1760 ἄλλον
979 1741 1011 1769 γε
1036 1731 1064 1762 δὴ
1088 1730 1278 1771 ἢμαινόμενον
1300 1730 1382 1771 ἄνδρα
1406 1728 1524 1769 γέλωτα
1543 1729 1585 1759 τοὶ

874 1775 997 1804 τοιαῦτα
1025 1772 1165 1803 τίθεσθαι.
1195 1784 1276 1804 nemo
1304 1775 1360 1803 nisi
1391 1774 1509 1802 insanus
1539 1780 1586 1801 res

876 1815 1040 1855 hujusmodi
1070 1818 1225 1852 derideret,
1254 1827 1345 1857 neque
1375 1815 1502 1846 ludibrio
1530 1813 1583 1845 ha-

876 1859 961 1890 beret.

918 1919 960 1924 -
976 1901 1031 1930 ult.
1047 1900 1237 1943 καταθείητε]
1258 1902 1391 1940 Elegaus
1405 1910 1476 1930 usus
1491 1899 1584 1940 hujus

878 1945 962 1975 verbi
991 1944 1181 1974 κατατιθέναι
1212 1945 1261 1974 vel
1290 1943 1475 1980 καταθεῖναι,
1499 1943 1585 1982 depo-

876 1998 955 2024 nere,
970 1988 1136 2027 pemolvere,
1151 1988 1284 2026 pendere,
1303 1997 1469 2022 numerare,
1490 1996 1584 2025 pecu-

876 2031 955 2061 niam
966 2040 1021 2066 sc.,
1032 2041 1099 2070 quae
1109 2031 1289 2069 significatio
1299 2041 1356 2060 non
1369 2029 1424 2059 nisi
1435 2030 1517 2069 apud
1527 2030 1584 2059 At-

877 2073 957 2104 ticos
969 2080 999 2104 et
1012 2074 1151 2112 puriores
1167 2075 1222 2103 Gr.
1237 2074 1267 2103 in
1279 2083 1336 2103 usu
1351 2077 1407 2103 est.
1423 2072 1584 2111 Aristoph.

878 2116 958 2147 Ran.
973 2117 1078 2158 [176]
1097 2116 1118 2146 εἰ
1133 2118 1176 2156 μὴ
1188 2115 1360 2150 καταθήσεις
1374 2115 1418 2146 δύο
1434 2115 1584 2156 δραχμὰς,

876 2161 919 2200 μῆ
933 2160 1073 2198 διαλέγου,
1085 2161 1137 2189 nisi
1149 2160 1316 2199 persolveris
1327 2160 1409 2189 binas
1419 2159 1585 2194 drachmas,

877 2204 937 2233 noli
960 2205 1103 2234 disserere.
1130 2203 1291 2233 Demosth.
1313 2207 1416 2232 noster
1431 2201 1462 2231 in
1483 2203 1587 2233 Neaer.

879 2245 922 2286 [§.
938 2246 973 2287 ι’.]
998 2244 1153 2286 προσθέντα
1174 2245 1209 2276 τδ
1229 2244 1383 2281 ἐπίλοιπον,
1405 2242 1434 2275 οὗ
1456 2243 1584 2285 προσέδει

878 2289 917 2324 εἰς
938 2293 993 2324 τὰς
1019 2289 1105 2319 εἴκοσι
1131 2291 1217 2329 μνᾶς,
1240 2288 1410 2319 καταθεῖναι
1438 2298 1466 2318 κ.
1496 2300 1526 2318 τ.
1552 2294 1584 2318 λ.

878 2334 973 2363 oravit
989 2343 1067 2368 eum,
1087 2337 1134 2368 ut,
1155 2333 1257 2362 addito
1270 2332 1345 2372 quod
1363 2332 1462 2361 deerat
1481 2331 1520 2361 ad
1542 2333 1584 2362 ΞΟ

877 2377 970 2406 minas
980 2386 1030 2406 con
1055 2376 1181 2410 ciendos,
1190 2375 1374 2414 persolveret.
1395 2375 1457 2404 Sed
1473 2378 1503 2403 et
1520 2373 1585 2404 He-

877 2420 977 2448 rodot.
998 2418 1127 2457 Calliop.
1145 2417 1188 2458 [c.
1211 2417 1301 2457 111.]
1328 2416 1427 2447 ἑκατὸν
1449 2417 1583 2446 τάλαντα

877 2460 1047 2492 καταθεῖναι
1073 2461 1117 2500 τῷ
1144 2461 1205 2500 Θεᾷἱ.
1240 2463 1301 2491 100
1327 2460 1438 2491 talenta
1462 2460 1586 2499 pendere

876 2505 937 2535 deo.
960 2506 1069 2546 Synes.
1091 2505 1149 2543 Ep.
1176 2504 1324 2543 quadam:
1348 2503 1462 2538 πάντως
1485 2502 1529 2532 ὅτι
1553 2502 1586 2533 ἃν

878 2547 947 2588 ὑπὲρ
970 2550 1021 2582 τῆς
1042 2548 1131 2587 τιμῆς
1153 2546 1266 2588 κατάθῃ
1286 2557 1315 2577 κ.
1338 2557 1370 2576 τ.
1393 2551 1423 2576 λ.
1447 2547 1585 2587 quicquid

874 2601 929 2630 pro
942 2593 1035 2630 pretio
1051 2590 1174 2620 solveris.
1199 2590 1315 2620 Eodem
1331 2599 1422 2619 sensu
1438 2589 1584 2619 usitatum

877 2640 924 2664 est
945 2636 1071 2664 verbum
1094 2632 1304 2668 καταβάλλειν,
1325 2636 1357 2663 et
1377 2631 1500 2672 quidem
1523 2632 1584 2661 fre·

878 2676 1019 2717 queutius
1035 2687 1123 2716 quarn
1139 2675 1319 2711 καταθεῖναι,
1330 2680 1363 2705 ut
1378 2676 1406 2706 in
1428 2675 1512 2705 dicto
1528 2674 1583 2704 illo

878 2719 1087 2760 proverbiali:
1111 2719 1230 2750 αὐτόθεν
1251 2718 1437 2751 κατάβαλλε.
1456 2717 1586 2747 Aristot.

879 2763 988 2793 OEcon.
1011 2763 1044 2793 ii.
1071 2762 1113 2804 [ᾗ.
1138 2762 1184 2802 4.]
1209 2763 1248 2792 de
1276 2761 1433 2800 Byzantio.
1458 2759 1531 2793 ὄντος
1553 2759 1584 2790 δὲ

877 2805 961 2846 νόμου
981 2806 1078 2839 αὐτοῖς
1100 2807 1144 2836 Μὴ
1167 2805 1232 2836 εῖναι
1251 2803 1368 2835 πολίτην
1391 2803 1418 2838 ὃς
1439 2803 1472 2833 Ξιν
1493 2805 1534 2840 μὴ
1551 2801 1583 2842 ἐξ

878 2850 970 2879 αὐτῶν
998 2848 1165 2891 ἀμφοτέςοεν
1186 2847 1214 2888 ᾖ·
1246 2848 1406 2888 χξημάτων
1431 2845 1586 2882 δεηθέντες,

878 2891 1054 2931 ἐψηφίσαντο
1075 2891 1122 2922 τόν
1136 2891 1167 2931 ἐξ
1181 2890 1235 2925 ἑνός
1256 2890 1334 2926 ὄντα,
1349 2889 1435 2920 αὐτοῦ
1449 2888 1585 2922 καταβα-

880 2935 965 2965 λόντα
980 2937 1054 2975 μνᾶς
1069 2934 1107 2972 λ’,
1129 2934 1194 2964 εῖναι
1209 2932 1336 2964 πολίτην.
1359 2943 1426 2963 cum
1445 2932 1525 2970 apud
1541 2941 1585 2962 eos

883 2978 926 3009 lex
941 2985 1019 3015 esset,
1043 2978 1111 3009 Non
1135 2977 1299 3008 habendum
1315 2985 1370 3015 pro
1384 2977 1443 3006 cive
1457 2976 1508 3016 qui
1526 2984 1584 3004 non

882 3027 1002 3063 utroque
1022 3025 1140 3062 parente
1151 3022 1211 3052 cive
1225 3018 1450 3060 natus-ficisset:
1474 3023 1585 3059 egentes
