1931 3322
360 195 443 235 AD
478 192 848 234 ORATIONEM
881 193 946 232 IN
980 192 1421 236 MACARTATUM.

153 300 286 341 judicio,
311 299 428 334 τούτους
449 298 480 328 in
504 298 691 328 accusativo.
717 298 773 328 hos
797 308 870 328 vero

160 345 266 374 decem
282 343 441 383 phratoras
458 342 594 380 eligunto
611 341 656 371 illi
672 342 726 371 LI.
743 342 812 376 viri,
829 352 870 371 ex

159 387 360 426 optimatibus
387 384 542 424 phratriae.
573 384 651 414 vidit
678 385 707 414 h.
729 385 751 414 1.
779 385 871 414 etiam

159 431 204 460 H.
217 429 316 460 Wolf.
331 427 461 467 aliquid.
849 457 856 461 N

200 490 242 495 —
258 475 288 503 8.
311 469 449 511 πρότερον]
468 470 597 500 subaudi
613 469 627 500 ἢ
643 469 717 500 τόνδε
733 469 779 499 τὲν
793 469 872 508 νόμον

157 514 284 544 τεθῆναι.
307 520 376 544 ante
390 513 466 543 hanc
482 513 573 553 legem
590 513 689 542 latam.
710 523 777 542 nam
795 513 870 542 alias

157 557 258 595 solent
283 557 369 595 leges
396 557 427 586 in
453 561 592 596 tempora
614 556 728 592 futura,
752 566 812 585 non
839 556 871 585 in

156 599 312 640 praeterita
325 599 410 629 ferri.

199 661 244 666 —
254 646 307 672 10.
319 640 549 681 ἄπαγινομένους]
565 652 623 671 non
637 646 792 681 peremtus
807 652 872 671 mo-

158 686 210 721 do,
225 686 281 716 sed
296 685 387 716 etiam
402 690 500 715 morte
515 685 674 724 repentina
688 686 870 720 exstinctos,

156 728 186 758 in
201 728 251 759 via
260 729 383 768 publica
393 730 545 767 jacentes.
562 727 781 758 existimabant
793 728 871 757 enim

157 775 280 802 veteres
304 782 323 801 a
343 772 493 801 cadavere
523 773 662 811 projecto
691 772 815 801 semitas
841 776 873 800 et

158 814 225 845 vias
241 814 379 855 publicas
395 814 506 854 pollui.
544 815 661 844 Locum
677 814 757 844 hunc
777 814 873 844 inter-

156 862 295 897 pretatur
311 858 493 888 Valkenaer.
515 858 553 887 ad
574 858 727 888 Herodot.
750 868 782 897 p.
798 859 871 887 270.

157 904 189 930 et
201 901 299 931 Petiti
314 911 446 931 errorem
464 901 604 940 castigat.

199 961 243 966 —
260 946 312 974 17.
336 945 398 979 τοῖς
413 944 591 984 ωςοσήκουσι
612 944 662 973 τοῦ
681 943 873 978 ἀποθανόντος

156 985 362 1028 ἐπαγγέλλειν]
386 987 454 1016 scil.
472 987 514 1016 δεῖ
526 986 598 1017 οὐδὲν
610 984 705 1018 ἧττον.
726 987 872 1017 nihilomi-

158 1039 215 1059 nus
229 1035 326 1060 tamen
340 1030 421 1060 debet
437 1031 590 1069 imperare.

201 1090 244 1095 —-
259 1075 311 1103 21.
336 1073 480 1115 δύνωνται]
505 1074 531 1103 si
547 1074 622 1103 bene
640 1074 743 1109 babet,
760 1074 872 1103 subau-

158 1115 244 1145 ditur
268 1115 444 1156 μισθοῦσθαι
472 1116 494 1146 οἱ
521 1115 750 1156 μισθωσάμενοι,
773 1117 824 1146 vel
850 1117 873 1146 οἳ

159 1159 312 1189 ποιοῦνται.
345 1159 518 1190 demarchus
542 1160 695 1190 conducite
721 1160 872 1200 quosdam,

157 1202 208 1241 qai
224 1201 275 1232 hoc
284 1201 419 1243 jaciant,
441 1203 488 1232 sed
511 1209 573 1233 tam
592 1204 690 1241 parvi,
715 1214 802 1243 quam
814 1202 873 1244 fa-

157 1254 220 1274 cere
231 1250 382 1284 poterunt.
400 1247 580 1276 conveniret
594 1251 706 1283 tamen,
720 1256 789 1276 mea
803 1247 872 1285 qui-

156 1287 227 1317 dem
243 1289 404 1324 sententia,
424 1289 534 1319 melius
557 1288 681 1323 δύνηται,
700 1295 735 1319 ιιι
756 1290 794 1320 ad
820 1290 873 1320 de-

108 1368 110 1374 ,
157 1331 314 1361 marchum
322 1333 438 1368 redeat,
448 1333 602 1363 conducite
610 1338 671 1362 tam
679 1333 777 1372 parvi,
786 1344 873 1373 quam

158 1374 318 1404 conducere
331 1377 428 1413 possit.
443 1381 474 1405 et
490 1375 536 1405 sic
553 1386 673 1415 quoque
690 1376 791 1407 Wolf.
804 1377 873 1406 red-

158 1416 250 1446 didit.
265 1417 298 1447 in
312 1417 460 1456 ὀλιγίστου
475 1418 657 1448 subauditur
670 1418 786 1456 μισθοῦ.

201 1477 244 1482 ——
256 1462 309 1490 26.
319 1460 492 1502 μισθώσεις]
511 1465 583 1500 post
592 1459 750 1500 μισθώσεις
763 1463 873 1492 deesse

159 1502 284 1532 videtur
299 1502 413 1538 ταύτας
428 1504 477 1533 καὶ
492 1505 559 1538 τοῖς.
580 1514 648 1534 nam
665 1504 738 1534 alias
754 1515 814 1534 non
829 1504 874 1533 vi-

159 1546 230 1581 deo,
252 1546 324 1585 quid
350 1547 404 1577 illa
423 1548 461 1577 de
483 1547 636 1576 locatione
659 1547 798 1577 fanorum
812 1547 875 1576 Mi-

158 1599 263 1618 nervae
278 1590 468 1629 deorumque
486 1590 674 1628 reliquorum
692 1595 728 1620 et
747 1591 874 1620 heroum

159 1641 380 1672 eponymorum
391 1633 442 1662 hic
453 1632 513 1662 loci
524 1633 584 1662 sibi
597 1633 703 1663 velint.

200 1692 245 1697 ·——-
256 1685 326 1714 pen.
342 1675 390 1705 καὶ
406 1676 521 1717 αὐτοὺς]
539 1676 645 1706 addidi
661 1676 710 1705 καὶ
725 1674 810 1714 γένος.

202 1721 298 1748 1070.
315 1722 367 1750 23.
389 1718 488 1761 τοίνυν]
513 1719 585 1749 dedi
607 1719 741 1759 simplex
757 1721 807 1749 νῦν.
830 1718 875 1748 vi-

160 1760 254 1791 detur
269 1762 299 1791 in
312 1763 381 1793 aliis
396 1762 483 1793 libris
498 1762 595 1793 fnisse
605 1763 667 1803 mg?
678 1761 781 1792 τούτου
788 1762 875 1792 τονῦν.

160 1805 241 1834 unde
257 1805 402 1836 vitiosum
416 1804 501 1836 τοίνυν
515 1811 562 1835 est
573 1810 687 1836 natum.

203 1865 247 1870 -
261 1850 314 1879 25.
335 1849 384 1878 καὶ
399 1848 431 1879 ἐκ
444 1849 522 1879 τοῦδε
537 1851 588 1879 τοῦ
602 1848 702 1891 νόμου]
726 1848 818 1879 etiam
835 1859 875 1879 ex

161 1891 218 1920 hao
232 1892 314 1931 lege,
331 1903 419 1931 quam
435 1886 538 1922 sfatim
554 1892 702 1923 recitabo.

205 1936 300 1965 1071.
315 1937 345 1965 2.
361 1935 516 1975 Βούληται]
533 1936 662 1965 subaudi
676 1947 732 1971 τις,
744 1938 797 1965 aut
809 1933 874 1964 ἕκα-

162 1988 244 2011 στος.
267 1982 298 2008 et
313 1978 384 2018 quia
398 1979 464 2008 haec
479 1983 550 2008 sunt
565 1978 688 2009 nomina
703 1978 875 2009 multitudi-

161 2020 220 2057 nis,
236 2021 307 2051 ideo
323 2021 427 2051 statim
443 2021 569 2061 subjicit
584 2021 755 2061 προθῶνται.

205 2081 248 2086 —-
262 2066 294 2096 3.
317 2064 348 2106 ἢ]
372 2065 495 2095 correxi
516 2062 544 2106 ᾖ.
567 2065 649 2095 idem
664 2070 712 2095 est
734 2075 770 2094 ac
786 2064 812 2094 si
829 2063 876 2093 di-

162 2106 279 2137 xisset:
297 2108 335 2150 τῇ
349 2107 484 2148 ὑστεραίᾳ.
499 2108 609 2142 ταύτης
618 2109 670 2142 τῆς
684 2107 802 2148 ἡμέρας,
818 2105 874 2147 ἕνῇ

161 2149 195 2179 ἂν
215 2150 386 2191 προθῶνται.
407 2151 558 2191 postridie,
581 2162 669 2191 quam
687 2150 876 2189 spectandum

162 2199 313 2224 mortuum
326 2195 542 2234 proposuerint.
574 2195 693 2224 Verum
709 2194 823 2233 Taylor
838 2195 876 2223 ad

165 2236 304 2276 Lysiam,
328 2239 416 2268 Lect.
435 2240 509 2277 Lys.
529 2247 598 2277 cap.
621 2242 652 2268 1.
673 2247 704 2276 p.
730 2240 803 2268 224.
828 2238 878 2267 ed.

164 2290 241 2309 meae
256 2281 323 2311 vult
337 2280 352 2312 ἢ
367 2278 427 2322 ᾖὲιν
437 2292 494 2322 ωρ.
509 2286 539 2312 et
554 2281 707 2321 exemplis
720 2281 878 2311 confirmat

164 2322 210 2352 ita
223 2324 285 2363 leg.
297 2335 377 2354 esse.

206 2383 250 2389 —
265 2369 318 2397 22.
340 2367 369 2397 οὗ
387 2368 437 2398 τῆν
456 2369 652 2407 Μακαρτάτου
671 2366 798 2408 μητέρα,
819 2365 878 2396 οὐδὲ

165 2410 214 2440 τῆν
228 2409 402 2450 Θεοπόμπου
415 2411 550 2452 γυναῖκα]
570 2412 664 2441 verba
687 2411 734 2441 sic
753 2419 879 2449 compo-

165 2451 224 2482 sita
245 2453 412 2492 subjiciunt
435 2454 540 2489 menti,
565 2453 706 2484 diversas
731 2464 800 2483 esse
824 2453 878 2483 has

166 2495 243 2526 duas
259 2496 414 2526 mulieres.
460 2496 521 2526 Sed
545 2497 651 2527 eadem
675 2502 723 2527 est
741 2495 877 2531 faemina,

163 2539 355 2579 Theopompi
372 2549 452 2569 uxor
466 2543 497 2569 et
510 2544 608 2569 mater
619 2539 794 2570 Macartati.
817 2540 878 2568 Ve-

164 2591 230 2611 rum
241 2582 388 2613 sententia
402 2583 468 2611 haec
480 2593 486 2611 :
500 2583 552 2620 jus
563 2582 607 2612 illi
619 2583 752 2612 soeminae
763 2582 879 2612 nullum

167 2629 227 2661 est,
245 2636 343 2665 neque
360 2631 509 2665 quatenus
528 2630 578 2654 est
591 2630 689 2655 mater
703 2625 879 2655 Macartati.

209 2671 305 2700 1072.
324 2670 375 2700 19.
400 2667 601 2709 Ἀμφιόνεσσι]
626 2669 740 2699 mittere
755 2669 795 2698 ad
814 2679 880 2698 ora·

165 2712 268 2742 culum
294 2711 495 2751 Amphiaraum
521 2711 692 2741 consulendi
717 2721 796 2752 ergo.
831 2711 880 2740 vel

165 2755 279 2785 mittere
305 2754 517 2794 Amphionibus
546 2755 712 2793 portionem
739 2759 880 2784 extorum.

166 2798 355 2837 Amphiones
391 2797 624 2839 appellabantur
657 2796 813 2837 Amphion
850 2802 881 2826 et

168 2841 292 2872 Zethus.

211 2901 254 2906 -—
265 2884 317 2914 25.
333 2882 420 2925 ἐστὲ]
440 2895 493 2915 vos
506 2883 814 2919 Atheniens-essum&
827 2890 878 2923 φυ-

169 2926 228 2957 λήν.
251 2937 438 2967 unaquaeque
459 2928 558 2958 tribus
574 2937 612 2956 ex
634 2927 739 2963 heroe,
757 2930 881 2957 auctore

168 2974 200 2999 et
215 2969 354 3008 principe
370 2981 437 3007 suo,
451 2970 675 3010 appellabatur.

211 3029 254 3036 --
268 3012 344 3042 ibid.
367 3013 538 3053 δωροτελεῖν,
559 3013 607 3044 καὶ
628 3015 670 3044 τὰ
688 3013 804 3054 ωάτςια
821 3014 881 3048 τοῖς

1540 195 1623 237 239

905 297 1108 337 ἀποφθιμένοις
1133 298 1310 340 ένιχνούμενα
1336 302 1536 342 ἁμεραιτελεῖν
1558 302 1624 336 τοὺς

906 340 1086 374 memma:
1100 343 1181 370 κατὰ
1197 346 1237 372 τὰ
1252 344 1399 384 ἁγημένα]
1417 345 1507 383 posui
1524 349 1621 375 totum

905 384 1020 419 locum,
1045 388 1078 413 ut
1102 383 1212 413 vitiose
1234 385 1447 416 circumfertur
1470 388 1500 417 in
1522 388 1619 418 libris.

905 426 1025 468 reliqua
1041 427 1215 462 emendavi,
1237 433 1352 466 praeter
1367 435 1532 467 postrema,
1553 441 1622 470 quae

905 470 1037 499 nondum
1055 469 1207 508 expedire
1222 470 1322 508 potui.
1347 472 1506 510 δωροτελεῖν
1518 476 1621 503 καττὰ

906 513 1018 552 πάτριοι
1030 513 1089 546 τοῖς
1101 511 1311 551 ἀποφθιμένοις
1323 511 1348 541 ἐν
1360 513 1506 554 ἱκνουμένᾳ,
1516 516 1621 555 ἆμεςᾳ.

905 555 1050 584 bactenus
1063 557 1140 584 bene
1156 556 1297 595 procedit
1310 557 1482 586 emendatio
1495 568 1511 586 e
1524 559 1624 593 libris,

906 603 937 628 et
952 598 1077 637 ingenio
1094 609 1162 628 cnm
1178 602 1296 633 nostro,
1312 604 1376 628 tum
1397 599 1524 629 aliorum
1541 601 1622 631 viro-

905 651 973 671 rum
998 642 1181 679 doctorum3
1209 651 1389 680 quamquam
1412 642 1443 671 in
1468 643 1528 678 his,
1554 654 1622 682 quse

905 684 1007 724 posui,
1023 684 1094 714 nihil
1113 689 1160 714 est
1184 695 1200 714 e
1223 684 1313 714 libris
1335 695 1394 713 non
1417 685 1555 715 ductum.
1578 696 1624 715 sa·

906 727 1040 768 c²·{ficare
1054 732 1081 757 et
1096 738 1220 758 munera
1231 733 1296 758 vota
1308 728 1467 766 persolvere
1481 728 1623 758 Manibus

906 770 1055 811 desitne-tis
1071 772 1102 800 in
1117 771 1165 801 die
1180 772 1285 810 cuique
1305 775 1492 810 competente.
1510 771 1623 800 deinde
1660 766 1665 770 ’

907 814 999 844 velim
1011 825 1017 843 :
1028 815 1120 844 τελεῖν
1130 813 1158 844 δὲ
1168 815 1233 848 τοὺς
1243 812 1425 850 ποθήκοντας,
1436 824 1560 844 munera
1570 814 1625 844 illa

906 867 971 887 vero
983 857 1088 887 debent
1097 858 1255 896 persolvere
1266 858 1396 897 cognati,
1405 859 1486 887 κατὰ
1500 859 1540 887 τὰ
1553 858 1624 894 ἁγη-

906 899 981 940 μὲνα
992 901 1221 931 —Valkenaer.
1239 901 1277 930 ad
1288 901 1485 930 Herodotum
1498 911 1530 940 p.
1546 902 1623 932 467.

908 943 1033 982 conjicit
1043 955 1049 972 :
1062 946 1155 974 τελεῖν
1164 945 1228 978 τοὺς
1238 942 1410 977 metuar-rac
1420 945 1521 973 καττὰ
1534 954 1625 973 τετα-

905 986 1013 1026 γμένα.
1039 998 1098 1027 qua
1122 989 1160 1017 de
1189 989 1365 1026 conjectura
1391 991 1514 1023 statuat,
1541 987 1625 1027 quod

907 1030 1038 1069 quisque
1054 1030 1146 1060 volet.
1170 1031 1244 1060 mihi
1263 1030 1385 1060 videtur
1404 1029 1487 1060 aliud
1502 1030 1624 1069 aliquid

908 1084 925 1103 e
941 1078 1064 1103 vetusta
1080 1074 1182 1112 lingua
1202 1074 1308 1103 latere.
1353 1074 1488 1113 Vulgata
1503 1073 1529 1103 si
1547 1075 1624 1103 bene

907 1117 1010 1151 habet,
1027 1116 1085 1146 erit
1099 1116 1230 1157 ἁγημένα
1242 1116 1323 1146 idern
1338 1122 1428 1156 atque
1442 1115 1580 1156 ἦγημένα,
1590 1116 1623 1145 id

908 1165 968 1196 est,
982 1158 1172 1199 νενομισμένα
1188 1159 1281 1189 δίκαια
1298 1160 1345 1189 καὶ
1362 1160 1439 1195 ὅσια,
1456 1159 1475 1188 ἃ
1487 1161 1509 1189 οἱ
1526 1159 1627 1199 ἄνθρω-

908 1213 954 1233 ποι
971 1203 1102 1241 ἡγοῦνται
1125 1201 1217 1231 δίκαια
1238 1202 1284 1232 καὶ
1302 1203 1415 1242 νόμιμά
1430 1209 1529 1241 σφισιν
1544 1202 1624 1232 εῖναι.

906 1246 1031 1276 videtur
1056 1251 1157 1275 tamen
1182 1244 1290 1285 ἦγμένα
1314 1245 1425 1274 melius
1449 1245 1625 1280 convenire,

907 1290 945 1319 ab
961 1289 1048 1326 ἄγειν.
1073 1289 1240 1319 secundum
1265 1288 1420 1327 publicam
1442 1289 1565 1326 ἀγωγῗςν,
1581 1288 1626 1317 in-

909 1332 1100 1362 stitutionem
1121 1342 1251 1366 morum,
1276 1331 1471 1371 disciplinam
1494 1333 1545 1373 (ut
1570 1342 1625 1361 nos

907 1374 1078 1416 loquimur)
1095 1374 1345 1405 ecclesiasticam.

953 1421 1052 1449 1073.
1068 1422 1097 1448 1.
1121 1420 1182 1452 τοῖς
1206 1417 1439 1459 κατοιχομένοις]
1471 1423 1544 1457 post
1567 1418 1628 1450 τοῖς

908 1460 1136 1502 κατοιχομένοις,
1149 1466 1202 1491 aut
1214 1468 1283 1501 post
1298 1463 1396 1497 ποιεῖν,
1411 1461 1524 1491 deesse
1541 1461 1627 1491 vide-

909 1509 960 1533 tur
975 1506 1016 1534 τὶ
1027 1504 1225 1543 νενομισμένα.

952 1564 996 1568 -
1017 1549 1047 1576 8.
1071 1546 1184 1586 ωλείω]
1209 1548 1241 1576 id
1268 1552 1326 1584 est,
1351 1547 1424 1577 πάνυ
1448 1548 1546 1583 πολὶν,
1575 1547 1624 1577 vel

909 1599 965 1628 pro
982 1587 1090 1624 πλείω,
1108 1588 1122 1619 ἢ
1140 1592 1287 1628 προσῐκεν.

952 1634 1036 1662 —9.
1052 1633 1094 1670 μὴ
1110 1631 1192 1671 ἦμῖν]
1210 1642 1277 1660 nam
1295 1632 1320 1660 si
1336 1642 1391 1670 per
1401 1642 1457 1661 nos
1475 1632 1624 1667 stetisset,

908 1675 999 1705 istam
1018 1675 1228 1704 haereditatem
1246 1684 1400 1713 nunquam
1423 1674 1552 1710 adisset,
1571 1676 1626 1704 sed

911 1718 1014 1748 statim
1040 1718 1077 1746 ab
1101 1717 1328 1756 adjudicatione
1351 1727 1419 1747 eam
1438 1717 1500 1757 ipsi
1518 1728 1626 1747 rursus

911 1761 1142 1800 eripuissemus.

952 1822 996 1828 —
1011 1807 1063 1834 11.
1086 1804 1154 1845 νυνὶ]
1179 1814 1260 1833 nunc
1275 1804 1402 1834 demum.

953 1866 996 1870 —-
1011 1848 1086 1878 ibid.
1111 1845 1320 1888 ἀγωνίζεσθαι]
1347 1846 1478 1877 subaudi
1495 1847 1560 1883 δεῖν,
1576 1847 1625 1876 vel

910 1889 1140 1931 ἀναγκάζεσθαι.

952 1952 995 1957 ——
1013 1939 1061 1966 18.
1079 1933 1284 1974 ἐνδεικνύμενοι]
1306 1933 1408 1963 malim
1424 1931 1629 1972 ἐνδεικνύμενον,

910 1977 940 2007 in
963 1988 1066 2007 accus.
1081 1978 1160 2017 sing.
1177 1988 1245 2017 geu.
1263 1977 1412 2006 neutrius.
1435 1986 1530 2005 unum
1555 1975 1628 2014 qaid

908 2026 1087 2062 peregerunt
1102 2022 1315 2060 turpissimum,
1336 2026 1364 2050 et
1381 2019 1491 2059 legibus
1512 2019 1543 2048 in
1562 2019 1630 2056 pri-

911 2065 965 2093 mis
979 2074 1158 2105 repugnans,
1174 2065 1351 2103 maximeque
1372 2062 1531 2097 ostendens,
1549 2061 1629 2091 nulli

911 2107 965 2137 ulii
991 2109 1045 2143 rei,
1073 2118 1162 2148 quam
1183 2107 1356 2147 cupiditati,
1378 2115 1422 2135 eos
1444 2115 1501 2135 esse
1520 2104 1630 2135 deditos

911 2156 1000 2191 atque
1015 2152 1151 2182 intentos.

954 2212 997 2217 —
1022 2196 1074 2225 27.
1097 2192 1198 2234 πλέον]
1223 2193 1296 2223 dedi
1321 2193 1427 2222 πλεῖον.
1454 2191 1529 2221 citat
1553 2191 1584 2221 h.
1606 2191 1627 2220 1.

912 2239 1069 2276 Harpocr.
1084 2249 1115 2268 v.
1132 2236 1338 2277 ἐξεπρέμνιζον.

956 2283 1052 2311 1074.
1071 2283 1123 2311 ΞΟ.
1147 2279 1278 2321 δημόσιον
1294 2279 1307 2310 ἢ
1324 2277 1473 2319 δημοτικὸν
1491 2275 1521 2318 ᾖ,
1537 2276 1630 2317 ἑαυτῷ

911 2324 1061 2366 χεῖσθαι]
1085 2324 1207 2354 correxi
1223 2323 1463 2356 distinctionem,
1480 2325 1511 2349 et
1525 2319 1542 2361 ᾖ
1559 2331 1629 2350 cum

912 2367 927 2398 ἢ
943 2368 1070 2403 mutavi,
1085 2367 1124 2397 ad
1140 2368 1219 2396 hunc
1231 2367 1376 2396 modum:
1393 2363 1536 2404 δημόσιον,
1553 2363 1567 2394 ἧ
1583 2363 1628 2394 δη-

911 2410 1040 2450 μοτικὸν,
1062 2410 1076 2441 ἢ
1098 2410 1190 2450 ἑαυτῷ
1213 2409 1356 2450 χςῆσθαι.
1379 2408 1478 2437 sanum
1500 2406 1631 2446 δημόσιον

913 2458 961 2483 est
974 2453 1133 2493 publicum
1149 2452 1244 2482 totius
1263 2451 1383 2491 populi.
1405 2449 1566 2490 δημοτικὸν,
1584 2454 1633 2478 est

912 2497 1068 2535 peculiare
1085 2496 1166 2535 δήμῳ
1183 2495 1285 2525 alicui.
1309 2493 1467 2525 Sententia
1484 2498 1549 2523 est:
1572 2492 1631 2522 nisi

913 2539 940 2569 si
956 2540 1032 2569 oleae
1044 2539 1201 2571 caedantur
1215 2538 1253 2567 ad
1271 2548 1358 2567 usum
1375 2536 1483 2575 templi
1500 2536 1631 2575 alicujus

915 2593 970 2612 seu
987 2581 1116 2622 publici,
1142 2592 1194 2611 seu
1217 2581 1330 2616 vicani,
1356 2590 1411 2610 seu
1435 2580 1567 2618 denique
1591 2579 1631 2608 ad

913 2636 1001 2655 usum
1018 2624 1133 2664 privati
1151 2625 1300 2663 cujusque
1316 2623 1465 2655 caedentis
1482 2622 1632 2652 domesti-

914 2679 993 2698 cum.
1018 2668 1033 2699 ἢ
1056 2665 1150 2707 ἐαυτῷ
1172 2667 1304 2709 χξῗῑσὲναι
1325 2671 1373 2697 est
1394 2666 1476 2695 idem
1499 2666 1631 2699 dictum,

915 2716 1004 2750 atque
1020 2710 1034 2741 ἢ
1052 2709 1119 2752 'rt-352,-
1139 2709 1172 2740 τδ
1192 2709 1315 2752 χρῆσθαι
1337 2709 1441 2749 ἐαυτῷ.
1465 2710 1632 2738 observan-

914 2755 987 2784 dum
1011 2754 1069 2784 hoc
1092 2754 1331 2786 constructionis
1359 2763 1445 2792 ergo,
1470 2762 1537 2790 quae
1565 2751 1629 2778 11ωο

915 2803 978 2827 est:
999 2796 1046 2826 ἐὰν
1055 2798 1098 2836 μὴ
1111 2796 1155 2839 δέῃ
1166 2795 1343 2838 χρήσασθαι,
1367 2795 1401 2836 a)
1417 2796 1454 2827 εἰς
1469 2793 1532 2832 ῖερὲν
1543 2791 1632 2822 Ἀθη-

915 2840 992 2871 ναίων
1007 2840 1147 2880 δἺιμόσ-ιον,
1187 2839 1223 2880 1))
1240 2839 1253 2870 ἢ
1271 2839 1308 2872 εἷς
1323 2837 1385 2877 ἱερόν
1401 2835 1561 2876 δημοτικὸν,
1597 2834 1632 2871 c)

916 2883 930 2914 ἢ
947 2883 1020 2924 weit,-
1035 2886 1084 2915 τῆν
1100 2884 1202 2915 ἑαυτοῦ
1216 2885 1320 2924 χρῆσιν
1335 2881 1459 2910 ἑκάστου
1478 2878 1543 2918 (καὶ
1560 2878 1632 2907 ταύ-

915 2938 970 2962 τας
985 2926 1040 2966 μὲν
1054 2926 1144 2968 μέχςι
1167 2927 1236 2956 δυοῖν
1258 2925 1364 2954 ἒλαίαιν
1380 2923 1460 2963 μόνον
1477 2922 1527 2950 τοῦ
1544 2919 1632 2950 ἐνιαυ-

914 2972 965 3000 τοῦ
987 2970 1137 3010 ἑκάστου),
1175 2968 1211 3007 (1)
1235 2968 1248 2999 ἢ
1276 2967 1321 2997 ἐπὶ
1349 2964 1531 2996 ἀποθανόντα.
1578 2966 1634 2994 Est
1657 2992 1659 2994 .

915 3014 1011 3054 igitur
1027 3013 1178 3046 sententia
1189 3013 1254 3042 baec
1269 3023 1274 3041 :
1292 3010 1317 3039 si
1332 3009 1401 3048 quis
1415 3009 1497 3040 olens
1511 3007 1632 3038 exscin-
