1931 3323
355 167 439 208 448
471 165 984 210 AMERSFOORDTII
1016 168 1091 211 ET
1123 169 1463 212 SCHAEFERI
1496 170 1754 213 ANNOTT.

352 271 440 313 χρόνῳ
455 273 500 305 διὰ
516 273 549 304 τό
565 276 773 316 προτιμᾶσθαι
800 274 875 307 εῖπον
897 277 976 318 παρὰ
996 277 1064 315 γνώ-

351 327 420 354 μην,
434 316 497 347 οὔτε
517 319 570 354 νῦν,
593 319 687 355 ἀλλὰ,
712 317 777 361 ᾖᾶν
791 320 947 358 γιγνώσκω,
963 319 1064 352 βέλτι·

352 369 415 388 στα
432 358 481 400 ἐρῶ
493 370 521 390 κ.
538 372 568 391 τ.
591 367 621 392 λ.
665 363 706 391 Et
721 368 908 402 quantopere
929 364 991 401 jam
1009 373 1064 392 sua

351 406 442 431 aetate
458 403 536 433 mala
547 404 611 434 haec
625 406 814 435 consuetudo
827 406 958 445 vigeret,
975 416 1063 435 nemo

350 445 462 475 melius
490 446 645 477 intellexit
669 449 776 478 eodem
804 448 906 484 Nicia,
939 448 991 486 qui
1018 448 1063 478 rei

350 488 430 517 male
447 489 485 518 ad
501 490 668 530 Syracusas
695 497 788 530 gesta}
813 503 903 530 quum
927 491 1063 521 nuntium

348 529 489 562 Athenas
506 533 602 563 vellet
617 534 750 570 mittere,
776 535 866 564 fidem
884 545 942 563 non
960 534 1064 564 habuit

348 573 460 612 legatis
472 575 547 613 suis,
569 577 624 606 sed
640 587 709 607 suas
726 578 831 607 literas
848 578 964 617 populo
986 578 1063 607 reci-

349 622 415 646 tare
431 619 534 656 jussit,
552 620 661 658 quibus
688 631 760 650 vere
776 621 933 650 exercitus
958 620 1062 650 clades

350 663 594 699 exponebantur,
609 662 776 703 φοβούμενος
787 681 830 686 —
842 665 884 701 μὴ
904 664 928 692 οἱ
944 663 1062 702 πεμπό-

347 713 425 742 μενοι
443 703 457 735 ἢ
471 708 549 735 κατ-οὶ
565 707 613 735 τὴν
628 707 678 735 τοῦ
704 704 794 743 λέγειν
814 704 962 735 ἀδυνασίαν

349 745 363 776 ἢ
380 747 423 785 τῷ
434 746 514 788 ὄχλῳ
532 747 598 787 πρὸς
612 749 696 789 χάριν
709 759 739 778 τι
752 748 881 786 λέγοντες
902 748 929 777 οὐ
942 749 982 777 τὰ.
996 746 1062 777 ὅντα

348 789 566 828 ἀπαγγείλωσιν
584 801 612 819 κ.
627 803 658 820 τ.
674 797 703 819 λ.
720 791 859 830 Thucyd.
881 791 956 820 VII.
974 792 1004 820 8.
1020 809 1063 814 —-

347 833 420 862 Non
438 833 540 863 minus
554 834 680 873 regibus
693 839 845 874 perpetuo
861 834 971 863 adesse
989 834 1062 864 adu-

346 875 460 906 latores
478 887 565 915 quam
592 877 677 915 plebi
700 877 730 906 in
744 878 891 918 regimine
906 877 1060 916 populari,

346 928 413 947 oum
432 929 536 948 omnes
552 925 734 958 agnoscunt,
750 925 812 950 turn
830 922 983 950 Isocrates
996 931 1061 950 mo-

349 961 414 990 nuit
430 963 467 990 ad
484 962 607 993 Nicocl.
623 964 663 992 R.
679 974 711 1002 p.
723 966 776 993 27.
799 964 821 994 οἳ
847 963 971 996 συνόντες
989 963 1063 1003 [τοῖς

345 1003 516 1046 βασιλεῦσι]
533 1004 599 1045 πρὸς
623 1007 707 1047 χάριν
732 1006 879 1046 ὁμιλοῦσι,
895 1012 925 1037 et
940 1007 1008 1046 ipse
1022 1008 1061 1037 de

346 1057 380 1076 se
412 1049 574 1078 confitetur
601 1050 639 1078 ad
671 1050 847 1090 Philippum
881 1050 1005 1080 Maced.
1030 1062 1062 1090 p.

346 1092 421 1120 146.
447 1091 474 1120 οὗ
501 1093 541 1122 τὰ
565 1092 632 1132 πρὸς
650 1094 733 1134 χάριν
755 1093 953 1133 ἐκλεξάμενος,
969 1091 1060 1123 καίτοι

346 1132 397 1171 πρὸ
414 1136 520 1164 πολλοῦ
537 1136 712 1176 ποιησαίμην
734 1136 766 1167 ἄν
785 1149 828 1167 σοι
845 1135 1062 1179 κεχαρισμένως

345 1175 441 1206 εἰπεῖν.
461 1194 506 1200 --·
526 1180 679 1209 Caeterum
705 1181 887 1210 monendum
919 1184 977 1215 est,
1002 1181 1059 1210 hoc

347 1219 511 1250 exordium
538 1222 635 1252 forma
665 1233 701 1253 ac
733 1223 867 1254 dictione
895 1223 1060 1254 convenire

345 1273 415 1292 cum
431 1264 563 1294 Periclis
590 1266 737 1296 Oratione
761 1267 892 1301 funebri,
917 1276 985 1307 qnae
1013 1273 1061 1297 est

343 1316 394 1344 ap.
407 1307 546 1347 Thucyd.
566 1310 611 1339 ΙΙ.
625 1311 676 1341 55.
695 1314 725 1338 et
741 1320 810 1340 cum
833 1310 919 1341 initio
936 1312 1058 1340 Isocra-

344 1350 385 1379 tis
407 1350 563 1381 Orationis
579 1353 617 1382 ad
638 1352 811 1388 Nicoclem,
828 1364 895 1393 quae
909 1354 975 1384 loca
991 1353 1058 1383 imi-

342 1397 423 1423 tatus
441 1404 509 1424 esse
524 1395 647 1425 videtur
666 1397 897 1427 Demosthenes.
920 1399 1060 1429 Amms-

343 1445 488 1467 FOORDT.
560 1439 770 1469 Imitationem
812 1451 870 1470 non
910 1451 1058 1479 agnoscO.

343 1480 427 1509 Usus
442 1486 541 1511 autem
565 1488 613 1511 est
628 1483 854 1513 Demosthenes
879 1484 938 1514 hoe
967 1496 1058 1514 exor-

342 1522 393 1551 dio
418 1524 455 1553 ad
480 1526 688 1555 retundendos
714 1527 872 1562 Oratores,
903 1528 956 1566 qui
978 1538 1058 1563 cum,

340 1570 500 1605 antequam
538 1569 606 1607 ipse
639 1570 678 1599 ad
708 1570 874 1600 dicendum
906 1575 1059 1611 surgeret,

341 1609 406 1648 περὶ
435 1613 490 1640 τῶν
520 1610 676 1644 βασιλικῶν
706 1618 838 1649 orarent,
869 1613 944 1643 nihil
973 1615 1058 1645 aliud

342 1662 432 1691 quam
450 1654 584 1685 mellitos
603 1655 742 1694 globulos
758 1656 853 1686 hianti
870 1667 993 1688 coronae
1010 1659 1056 1688 in-

340 1702 484 1733 gerentes
501 1698 694 1728 decantando
709 1699 894 1730 immortalia
910 1702 1056 1740 majorum

338 1738 475 1769 facinora
490 1741 575 1771 cives
601 1741 630 1770 in
658 1742 784 1772 Persam
811 1743 966 1773 concitare
992 1749 1055 1774 stu-

341 1781 492 1813 duissent.
509 1784 706 1816 SCHAEFER.

383 1842 425 1847 ——-
450 1826 504 1856 ult.
537 1827 742 1870 προαιρεῖσθαι]
775 1829 867 1866 Quod
900 1831 987 1860 abest
1017 1831 1055 1860 ab

338 1867 462 1898 Ariside
477 1869 544 1900 Art.
564 1882 592 1910 p.
609 1872 682 1901 264.
698 1877 728 1901 et
743 1874 816 1902 310.
842 1872 966 1901 videtur
991 1883 1056 1902 ser-

338 1911 479 1942 vandum.
538 1913 687 1952 Exagitat
718 1915 798 1944 enim
830 1916 1056 1945 Demosthenes

338 1955 500 1985 consilium
515 1957 665 1995 ejusmodi
692 1958 868 1994 Oratorum,
895 1958 959 1997 qui,
984 1959 1056 1989 dum

337 1997 513 2037 eloquentia
524 2005 670 2038 praestare
685 2001 837 2036 videntur,
849 2001 921 2031 nihil
939 2001 1056 2039 dicunt,

339 2042 422 2080 quod
447 2043 554 2082 patriae
578 2044 727 2082 prodesse
744 2046 862 2083 possit:
889 2044 934 2074 sin
951 2056 1057 2084 1ιη’ροαι-

340 2083 450 2125 ρεῖσθαι
475 2086 629 2124 ejiciatur,
654 2088 820 2117 eorundem
837 2087 1001 2118 stultitiam
1025 2093 1056 2118 et

337 2128 574 2166 imprudentiam
597 2130 701 2169 potins
728 2131 868 2161 incusare
884 2131 1054 2168 videretur,

337 2171 390 2210 qui
406 2182 465 2200 non
476 2174 561 2211 justo
577 2178 714 2212 tempore
731 2184 767 2204 ac
777 2179 892 2204 temere
909 2185 944 2204 ea
960 2176 1055 2214 majo—

337 2224 405 2244 rum
417 2215 497 2245 facta
512 2222 795 2247 commemorarent.
842 2218 904 2247 Sed
918 2218 1054 2256 vulgaris

336 2256 430 2287 lectio
444 2259 541 2300 magis
557 2270 627 2289 cum
652 2270 718 2299 sqq.
743 2260 898 2290 convenit.
945 2262 994 2290 De
1009 2261 1055 2290 in-

337 2300 454 2331 finitivo
468 2303 595 2332 verbum
606 2302 811 2342 προαιρεῖσθαι
822 2304 914 2342 vulgo
924 2314 1054 2344 sequen-

337 2349 368 2374 te
383 2345 422 2374 cf.
438 2345 476 2374 A.
494 2346 634 2376 Matthiae
644 2347 673 2376 in
687 2348 854 2377 Grammat.
872 2349 926 2377 Gr⁴
941 2348 967 2387 §.
979 2349 1053 2379 531.

336 2392 368 2417 et
384 2390 424 2419 cf.
443 2387 529 2419 locus
547 2400 638 2429 supra
657 2390 709 2420 cit.
735 2401 775 2419 ex
797 2390 879 2420 Phil.
895 2391 959 2420 ΙΙΙ.
1002 2390 1054 2420 Sic

336 2436 489 2470 perpetuo
524 2432 652 2472 opponit
688 2432 768 2471 λόγον
791 2432 996 2473 κεχαρισμένον
1022 2437 1054 2463 et

337 2474 535 2514 συμφέροντα.
558 2487 587 2506 v.
616 2481 646 2506 et
673 2476 800 2516 Olynth.
826 2477 891 2507 III.
916 2477 938 2507 l.
963 2487 1053 2516 supra

335 2515 419 2546 laud.
465 2518 573 2557 Neque
598 2519 657 2549 hoc
682 2530 783 2549 rarum
812 2525 869 2555 est,
894 2524 928 2549 ut
946 2520 1052 2559 plures

336 2559 485 2599 deinceps
510 2561 650 2592 infinitivi
675 2567 849 2601 sequantur.
896 2564 944 2592 De
968 2564 1052 2593 Lati-

335 2601 384 2632 nis
406 2603 583 2642 hujusmodi
608 2605 816 2635 locutionibus
841 2617 870 2635 ν.
901 2607 940 2636 D.
957 2607 1058 2645 Wyt-,

334 2646 514 2676 tenbachius
545 2646 575 2676 in
601 2648 682 2678 Bibl.
714 2649 791 2678 Crit.
818 2649 911 2679 VIII.
941 2660 972 2688 p.
999 2651 1051 2681 72.

336 2690 446 2719 Graeca
461 2690 604 2729 exempla
615 2691 664 2721 vel
680 2702 719 2721 ex
742 2692 799 2721 hac
816 2692 886 2731 ipsa
903 2692 1051 2739 Oratione

336 2732 401 2771 peti
423 2738 560 2772 possunt.
587 2733 635 2763 cf.
660 2745 691 2773 p.
720 2737 793 2765 284.
812 2738 865 2765 20.
882 2737 956 2766 215.
969 2738 1001 2766 3.
1018 2739 1048 2767 6.

335 2777 389 2805 17.
407 2777 480 2807 286.
497 2779 528 2807 2.
545 2776 630 2806 alibi.
655 2778 927 2809 AMERSFOORDT.

380 2818 417 2848 P.
435 2821 508 2850 281.
529 2820 584 2849 ult.
609 2817 645 2850 aiv
670 2819 722 2850 οὐδ’
747 2820 778 2849 ἂν
795 2819 831 2854 εἷς
845 2839 887 2844 —
901 2821 946 2860 τᾴἷ
960 2819 1049 2864 λόγῳ]

336 2860 484 2892 Similiter
499 2863 538 2892 de
554 2863 722 2903 majoribus
738 2863 876 2902 Philipp.
892 2865 939 2895 11.
951 2875 983 2904 p.
998 2868 1050 2896 68.

337 2906 389 2934 18.
406 2906 455 2935 ed.
472 2906 579 2936 Reisk.
603 2905 760 2947 πράξαντες
783 2905 875 2942 ταῦθ’,
902 2907 921 2936 ἃ
945 2908 1052 2942 πάντες

334 2946 391 2986 μὲν
406 2948 449 2977 ἀεὶ
471 2948 622 2991 γλίχονται
640 2949 742 2988 λέγειν,
766 2948 849 2990 ἀξίως
865 2949 887 2978 δ’
903 2950 993 2981 εἰπεῖν
1008 2952 1051 2981 οὗ·

334 2990 389 3026 δεῖς
404 2990 554 3023 δεδύνηται·
571 2992 674 3035 ,διόπερ
697 2992 777 3035 κᾴγὼ
801 2992 991 3034 παραλείψω.
1008 2995 1049 3024 δι·

1097 276 1192 311 καίως.
1212 276 1277 308 ἔστι
1298 280 1353 318 γὰρ
1369 277 1464 318 μείζω
1487 275 1616 308 τάκείνων
1635 276 1714 318 ἔργα,
1738 276 1752 308 ἢ
1777 278 1813 311 ὡς

1097 319 1140 359 τῷ
1155 320 1229 360 λόγῳ
1251 331 1295 354 τις
1317 320 1349 350 ἃν
1373 321 1456 352 εἴποι.
1472 326 1504 352 et
1519 321 1604 351 Orat.
1627 330 1660 350 π.
1683 326 1765 350 Συντ.
1780 331 1814 360 p.

1099 365 1173 393 171.
1200 367 1249 393 11.
1276 363 1323 394 τὸν
1348 365 1403 404 γὰρ
1419 363 1488 405 ὑπὲρ
1509 364 1685 397 τηλικαύτης
1697 362 1814 397 1πόλεως

1096 405 1282 446 ῥηθησόμενον
1305 406 1383 445 λόγον
1404 406 1452 436 καὶ
1478 406 1608 437 τοιούτων
1631 405 1814 446 πραγμάτων

1097 448 1204 483 παντὸς
1219 448 1272 482 ένές
1286 450 1336 479 τοῦ
1353 449 1482 488 λέγοντος
1494 450 1537 479 ἀεὶ
1549 448 1641 489 μείζω
1657 448 1812 487 φαίνεσθαι

1097 491 1141 520 δεῖ
1160 491 1208 520 καὶ
1229 493 1280 525 τῆς
1301 491 1382 530 ἀξίας
1404 494 1456 526 τῆς
1470 492 1611 533 ὑμετέρας
1633 491 1718 530 ἔγγὺς
1733 491 1815 529 εἶναι,

1096 537 1138 574 μὴ
1155 536 1205 569 τῆς
1228 536 1277 564 τοῦ
1305 534 1443 573 λέγοντος.
1488 537 1537 565 lta
1554 535 1645 565 etiam
1658 536 1813 565 Isocrates

1099 578 1251 617 Panegyr.
1269 589 1296 607 c.
1314 581 1366 609 23.
1390 589 1443 608 eos
1466 578 1509 608 ait
1531 578 1607 608 tales
1621 578 1730 614 fuisse,
1745 577 1814 612 ὥςτε

1096 620 1202 659 μηδένα
1230 622 1347 652 πώποτε
1363 620 1499 653 δυνηθῆναι
1515 621 1584 661 περὶ
1608 620 1710 656 αὐτῶν,
1734 621 1813 660 μήτε

1097 665 1152 693 τῶν
1168 667 1298 701 ποιητῶν,
1313 664 1391 704 μήτε
1417 667 1473 695 τῶν
1488 665 1643 704 σοφιστῶν,
1658 662 1742 702 ἀξίως
1757 666 1813 694 τῶν

1097 704 1204 741 ἐκείνοις
1228 706 1435 747 πεπραγμένων
1456 708 1553 737 εἰπεῖν.
1579 712 1610 737 et
1633 717 1661 736 c.
1677 708 1729 737 51.
1745 705 1813 737 τότε

1100 747 1146 788 [11.
1161 760 1188 778 e.
1203 759 1296 788 quum
1311 751 1414 781 dicere
1435 751 1514 780 hanc
1539 750 1717 780 Orationem
1733 749 1812 780 inci-

1096 791 1231 833 piebam]
1247 792 1302 831 μέν
1314 794 1367 833 γὰρ
1384 793 1463 834 ᾤ’μην
1475 792 1560 831 ἀξίως
1571 791 1734 824 δυνήσεσθαι
1751 791 1814 834 περὶ

1096 836 1151 864 τῶν
1172 835 1355 875 πραγμάτων
1368 836 1464 866 εἰπεῖν·
1483 838 1524 866 νῖν
1539 835 1563 865 δ’
1582 836 1630 866 οὐκ
1645 834 1813 876 ἒφικνοῦμαι

1096 879 1145 907 τοῦ
1168 879 1312 918 μεγέθους
1337 879 1440 909 αὐτῶν.
1487 879 1570 909 Malo
1598 879 1689 908 etiam
1719 889 1812 910 sensu

1097 919 1157 960 [H.
1175 932 1204 951 e.
1217 922 1256 951 de
1281 933 1314 952 re
1338 923 1428 959 mala,
1444 922 1571 960 ingrata.
1597 922 1811 963 Scrmnmn]

1097 970 1259 1004 usurpatur
1294 965 1351 994 hoc
1394 964 1575 1005 ἒφικνεῖσθοιί
1598 976 1672 1000 τινος
1701 975 1719 994 a
1748 966 1812 995 De·

1095 1008 1254 1038 mosthene
1271 1008 1310 1038 de
1327 1008 1364 1037 F.
1382 1009 1418 1038 L.
1444 1020 1474 1048 p.
1491 1010 1566 1039 361.
1591 1010 1643 1038 24.
1665 1007 1702 1038 de
1729 1008 1813 1038 Pbo-

1095 1051 1233 1081 censium
1259 1051 1362 1081 clade:
1390 1052 1460 1085 δ’λως
1481 1050 1509 1080 δὲ
1538 1049 1590 1081 οὐδ’
1607 1050 1638 1080 ἃν
1658 1049 1695 1084 εἷς
1716 1049 1812 1091 ἐφικέ-

1095 1093 1169 1123 σθαι
1186 1094 1229 1133 τᾷῖ
1242 1094 1316 1133 λόγῳ
1331 1094 1441 1124 δύναιτο
1456 1097 1511 1125 τῶν
1528 1093 1589 1124 ἐκεῖ
1599 1095 1691 1123 κακῶν
1712 1095 1754 1125 νῦν
1768 1093 1810 1124 ’ἇν-

1095 1148 1160 1168 των.
1178 1138 1230 1167 sed
1243 1138 1370 1168 meliore
1385 1139 1422 1167 ab
1433 1139 1542 1168 eodem
1555 1138 1695 1168 Amator.
1710 1137 1811 1168 Serm.

1093 1178 1189 1220 (Quae
1212 1182 1318 1211 Oratio
1343 1182 1380 1210 ab
1399 1181 1468 1211 aliis
1486 1181 1617 1211 refertur
1634 1181 1673 1210 ad
1690 1181 1809 1211 Andro·

1095 1223 1218 1253 tionem.
1242 1224 1315 1254 Vid'.
1344 1224 1490 1254 Reiskins
1518 1224 1557 1253 ad
1583 1225 1650 1263 ejus
1677 1223 1810 1254 initium.

1094 1267 1162 1296 Nos
1180 1272 1279 1297 tamen
1304 1268 1334 1297 in
1350 1267 1526 1307 hujusmodi
1542 1266 1754 1302 Orationibus,
1769 1267 1809 1297 de

1094 1320 1221 1349 quarum
1237 1311 1414 1340 auctoribus
1432 1310 1469 1340 lis
1496 1315 1555 1346 est,
1582 1310 1613 1339 in
1629 1310 1687 1339 hac
1703 1310 1807 1340 Anno-

1094 1353 1209 1383 tatione
1227 1354 1345 1383 vitandi
1361 1353 1473 1383 erroris
1489 1363 1582 1383 causa
1602 1352 1718 1392 ubique
1743 1353 1808 1383 De-

1093 1396 1265 1427 mosthenis
1280 1407 1388 1426 nomen
1405 1394 1650 1436 usurpabimus)
1663 1406 1695 1435 p.
1711 1395 1808 1426 1405.

1095 1442 1147 1471 22.
1167 1440 1189 1468 εἰ
1208 1439 1263 1480 μὲν
1287 1438 1329 1470 οὖν
1353 1437 1403 1470 οἷόν
1417 1439 1446 1470 τ’
1458 1437 1487 1470 ’ἦν
1503 1437 1658 1479 ἐφικέσθαι
1673 1438 1716 1477 τῷ
1731 1438 1806 1479 λόγῳ

1093 1484 1142 1512 τοῦ
1156 1484 1280 1518 κάλλους
1292 1483 1340 1513 τοῦ
1357 1484 1418 1513 σοῦ.
1450 1484 1605 1513 Isocrates
1622 1482 1721 1512 Laud.
1737 1483 1805 1512 He·

1093 1526 1170 1555 lenae
1184 1537 1216 1565 p.
1230 1528 1303 1557 358.
1325 1527 1346 1556 f.
1360 1528 1400 1556 τὰ
1415 1525 1469 1566 μὲν
1484 1527 1572 1567 μικριὶ
1587 1524 1671 1566 ῥᾴδιον
1685 1525 1746 1559 τοῖς
1760 1523 1808 1555 λό-

1092 1580 1151 1607 γοις
1170 1568 1402 1609 ὑπερὲαλέσθαι,
1417 1572 1472 1599 τῶν
1492 1568 1521 1599 δὲ
1544 1567 1674 1609 χαλεπὸν
1688 1569 1738 1598 τοῦ
1752 1578 1809 1607 με·

1092 1610 1187 1650 γέθους
1202 1611 1361 1653 ἐφικέσθαι.
1407 1613 1523 1643 Eodem
1541 1622 1634 1641 sensu
1650 1611 1734 1641 dixit
1747 1613 1808 1642 Pa-

1091 1657 1212 1686 nathen.
1227 1659 1337 1696 p.415.
1353 1656 1414 1691 τοῖς
1428 1655 1455 1686 δὲ
1470 1654 1681 1695 ὑπερβάλλουσι
1696 1657 1752 1684 τῶν
1766 1654 1808 1694 ἔρ-

1091 1710 1147 1736 γων
1159 1699 1207 1728 καὶ
1223 1699 1266 1739 τῷ
1279 1698 1402 1738 μεγέθει
1418 1697 1467 1728 καῖ
1494 1698 1538 1737 w?
1561 1698 1663 1728 κάλλει
1676 1697 1809 1739 χαλεπὸν

1090 1740 1229 1780 ἐξισῶσαι
1253 1744 1318 1776 τοὺς·
1346 1740 1488 1776 ἐπαίνους.
1520 1741 1609 1770 Idem
1625 1740 1753 1771 Archid.
1775 1753 1805 1781 p.

1090 1786 1165 1815 234.
1181 1785 1220 1815 de
1235 1784 1490 1820 Lacedaemoniis,
1513 1783 1566 1823 qui
1592 1783 1630 1813 ad
1657 1782 1805 1813 Thermo-

1089 1828 1179 1866 pylas
1196 1830 1427 1867 pugnaverant:
1451 1825 1589 1860 τοιούτους
1611 1827 1690 1865 σφῖις
1703 1826 1807 1862 αὐτοὺς

1091 1870 1305 1911 παρασχόντες,
1329 1870 1400 1905 atqve
1421 1871 1487 1904 τοὺς
1501 1871 1584 1909 μετὰ
1599 1867 1704 1922 τέχνης
1718 1868 1807 1908 ἐγκω-

1089 1913 1250 1953 μιάζοντας
1262 1915 1305 1953 μὴ
1321 1912 1462 1944 δύνασθαι
1483 1914 1550 1947 τοὺς
1568 1910 1694 1947 ἐπαινους
1707 1911 1808 1952 ἐξισῶ-

1091 1967 1141 1986 σαι
1159 1957 1225 1991 ταῖς
1239 1955 1340 1987 ἐκείνων
1360 1957 1486 1997 ἀρεταῖς.
1514 1961 1545 1986 et
1566 1955 1644 1986 ibid.
1660 1956 1726 1991 τοὺς
1740 1955 1805 1990 βου·

1090 1998 1222 2039 λομένους
1238 2001 1316 2039 ἡμᾶς
1331 1999 1452 2038 εὐλογεῖν
1465 1999 1575 2039 ἀπορεῖν
1590 1998 1755 2038 ποιήσομεν,
1776 1999 1808 2029 τί

1089 2045 1145 2072 τῶν
1167 2042 1375 2083 πεπραγμένων
1396 2044 1464 2084 ἦμῖν
1487 2042 1569 2082 ἀξίως
1590 2041 1690 2081 ἐροῦσι.
1713 2042 1804 2081 Wyt-

1090 2087 1270 2117 tenbachius
1294 2090 1396 2117 autem
1420 2087 1451 2116 in
1475 2086 1578 2125 Epist.
1603 2085 1680 2115 Crit.
1697 2086 1736 2116 ad
1761 2087 1803 2117 D.

1090 2129 1257 2159 Ruhnken.
1283 2141 1314 2170 p.
1341 2131 1394 2160 31.
1411 2130 1431 2160 f.
1452 2133 1622 2164 monuerat,
1645 2138 1686 2157 ex
1713 2129 1804 2168 hujus

1089 2173 1177 2203 Orat.
1192 2172 1279 2203 initio
1295 2182 1443 2212 expressa
1462 2171 1563 2202 videri
1578 2171 1692 2202 Juliani
1708 2173 1805 2202 verba

1089 2216 1203 2246 Caesar.
1219 2227 1250 2255 p.
1267 2218 1342 2248 324.
1361 2217 1402 2246 D.
1419 2214 1486 2255 ἔργα
1498 2213 1611 2254 ἔπραξα
1625 2216 1804 2252 τηλικαῦτα,

1088 2259 1158 2292 ὥςτε
1173 2261 1222 2291 τὴν
1236 2259 1362 2300 μνήμην,
1386 2257 1557 2299 καίπερλοίικ
1571 2255 1656 2297 ἀξίους
1671 2257 1733 2287 ὑπὸ
1747 2260 1804 2288 τῶν

1088 2301 1273 2343 συγγραφέων
1288 2300 1461 2343 ὑμνηθέντουν
1481 2301 1548 2342 (atii
1563 2299 1804 2344 ὑπομνηθέντων),

1088 2344 1165 2385 ὅμως
1179 2344 1207 2375 δὲ
1220 2343 1455 2387 συμπαραμένειν
1467 2344 1510 2384 τῷ
1522 2342 1583 2384 βίῳ.
1607 2344 1714 2375 IDEM.

1130 2389 1167 2420 P.
1185 2391 1259 2419 282.
1273 2393 1301 2419 1.
1317 2390 1367 2418 τοῦ
1382 2389 1467 2418 δοκεῖν
1479 2405 1523 2411 -
1537 2385 1714 2427 ἐκφέρονται]
1740 2387 1802 2418 Mi-

1087 2431 1177 2468 reris,
1190 2432 1266 2462 hanc
1282 2431 1467 2463 locutionem
1490 2430 1622 2461 Reiskio
1647 2429 1802 2461 insolitam

1087 2475 1185 2505 videri
1198 2475 1351 2515 potuisse,
1374 2474 1442 2514 δόξα
1460 2475 1490 2504 11.
1506 2475 1528 2504 l.
1542 2474 1606 2504 fere
1622 2472 1705 2503 idem
1718 2474 1802 2512 quod

1087 2519 1176 2558 τιμῆ,
1191 2529 1261 2548 cum
1277 2529 1338 2558 quo
1353 2518 1503 2548 vocabulo
1520 2517 1636 2557 passim
1647 2516 1801 2556 jungitur.

1086 2572 1117 2592 v.
1133 2573 1166 2601 p.
1180 2564 1276 2593 1423.
1293 2564 1324 2592 6.
1348 2561 1546 2592 Semnan.

1097 2621 1111 2640 .·
1128 2622 1170 2628 -
1185 2604 1260 2635 ibid.
1279 2606 1328 2635 τοῦ
1344 2604 1430 2636 δοκεῖν
1444 2602 1474 2634 εὖ
1489 2602 1594 2645 λέγειν]
1616 2603 1667 2632 Ita
1679 2602 1799 2633 Exord.

1086 2648 1172 2678 Orat.
1201 2648 1406 2688 Demostheni,
1424 2647 1570 2677 XXXV.
1596 2656 1628 2685 p.
1644 2646 1741 2675 1411.
1768 2648 1800 2676 8.

1085 2691 1134 2721 ed.
1152 2692 1263 2721 Reisk.
1279 2690 1438 2731 ἦβουλόμην
1452 2690 1485 2720 ἂν
1498 2707 1542 2713 —-
1553 2690 1602 2720 τῆν
1625 2688 1685 2718 ἴσην
1708 2697 1798 2718 σπου-

1085 2733 1128 2765 δὴν
1143 2733 1222 2768 ένίους
1243 2737 1298 2764 τῶν
1321 2735 1455 2772 λεγόντων
1476 2730 1629 2767 ποιεῖσθαι,
1652 2728 1735 2764 ἴσως
1757 2733 1799 2763 τοὶ

1084 2776 1226 2811 βέλτιστ’
1246 2776 1362 2817 ἐροῦσιν,
1386 2776 1450 2807 ὅσην
1462 2786 1524 2818 περ,
1546 2774 1620 2809 ὅπως
1643 2770 1672 2803 εὖ
1687 2772 1795 2813 δόξουσι

1084 2819 1184 2859 λέγειν,
1199 2831 1228 2851 κ.
1244 2832 1275 2850 τ.
1289 2827 1319 2850 λ.
1345 2821 1613 2851 Amssnsroonnr.

1126 2882 1170 2887 ——-
1190 2864 1248 2894 ult.
1272 2863 1389 2895 ἐλάττω
1407 2864 1457 2897 τῆς
1480 2858 1711 2901 ὑπειλημμένης]
1746 2861 1799 2892 Ita

1084 2907 1312 2938 Demosthenes
1328 2907 1383 2936 Or.
1397 2906 1429 2936 in
1447 2905 1570 2945 Leptin.
1585 2916 1616 2945 p.
1627 2905 1705 2935 480.
1726 2902 1793 2933 init.

1084 2950 1133 2980 ed.
1150 2950 1260 2981 Reisk.
1278 2959 1327 2980 res
1344 2948 1646 2984 Chabriae‘referens,
1668 2944 1724 2982 δ’τι,
1747 2946 1793 2976 in-

1083 2994 1159 3033 quit,
1177 3012 1219 3018 —
1236 2992 1358 3034 οὖδοιμοῧ
1376 2991 1410 3024 τὸ
1432 2993 1483 3027 τῆς
1505 2991 1622 3026 πόλεως
1644 2989 1719 3031 ὄνομ’
1740 2987 1797 3019 οὐδ’.
