1931 3322
394 190 478 230 AD
513 189 880 231 ORATIONEM

171 296 203 326 h.
214 306 242 326 e.
255 305 322 326 cum
333 300 430 325 mater
446 300 497 325 tna
507 295 598 334 degat
613 295 711 325 adhuc
723 294 883 326 aetatemin

171 340 264 368 domo
284 343 347 374 tua,
366 338 469 373 vidua,
487 348 584 376 neque
599 337 754 368 transierit
768 338 798 368 in
819 348 884 367 ma-

171 392 242 411 num
263 382 445 419 domumque
467 380 591 410 alterius
607 380 676 411 viri.
700 391 760 420 quo
781 382 826 417 fit,
850 385 884 411 ut

171 425 229 453 dos
244 425 310 462 ejus
325 423 355 452 in
372 427 524 462 potestate
540 429 593 453 tua
609 424 659 453 sit.

212 484 255 489 —
273 469 304 498 9.
327 464 435 506 δικαίᾳ]
469 466 541 496 dedi
572 465 695 500 δικαίως.
728 478 787 496 non
815 476 883 496 vero

167 514 255 548 atque
278 508 373 538 debito
393 510 474 538 modo
496 519 612 539 versans
634 511 665 539 in
690 510 741 538 hoc
767 511 882 550 negotio

164 551 318 581 exhibendi
342 552 450 581 indicis
476 551 615 580 bonorum
641 561 772 581 suorum.
825 553 882 580 Est

166 593 247 623 enim
263 603 335 633 pars
348 593 487 623 formulae
503 592 591 634 &3554-
611 593 661 622 καὶ
680 593 792 627 δικαίως
806 594 879 623 ἀπο-

165 634 280 675 φαίνειν.

210 696 254 703 —-
274 689 344 718 pen.
374 677 459 709 πλέον
485 677 499 710 ἢ
522 680 602 719 τριῶν
624 678 792 719 ταλάντων]
824 679 878 709 sed

166 724 264 752 minus
284 722 466 761 reperietur,
489 732 548 751 non
569 722 649 760 plns.
673 722 763 752 matri
784 722 879 752 talen-

166 771 242 796 tum.
298 765 461 804 Pamphilo
491 769 522 795 et
550 765 690 796 Philoleo
718 765 878 795 talentum.

912 190 975 230 IN
1008 189 1411 236 PHAENIPPUM.
1549 198 1632 239 235

919 295 1078 324 Acantidae
1089 300 1131 326 40
1141 298 1248 327 minas.
1273 300 1461 330 Aristomeni
1475 303 1515 331 14
1525 301 1630 332 minas.

918 337 1048 367 Faciunt
1067 338 1128 367 duo
1151 341 1264 369 talenta
1286 352 1354 371 eum
1382 345 1424 374 54
1447 343 1548 374 minis.
1571 346 1631 375 hoc

918 385 967 410 est
981 380 1040 409 tria
1055 381 1178 417 talenta,
1194 382 1293 412 minus
1308 386 1327 413 6
1343 386 1442 415 minis.

962 425 1058 454 1049.
1072 425 1103 453 3.
1125 423 1355 466 δραπετεύοντα]
1374 428 1444 458 scil.
1460 429 1493 459 τὸ
1507 436 1630 470 λειτουρ-

915 477 985 503 γειν.
1186 503 1191 507 ᾗ

948 513 1002 532 ’--
1018 512 1049 540 4.
1072 509 1120 539 καὶ
1134 509 1192 550 νῦν]
1214 510 1292 540 bene
1307 511 1410 542 habet.
1433 515 1521 543 etiam
1536 525 1630 551 nunc,

914 552 1008 582 rebus
1025 552 1070 582 sic
1085 563 1117 582 se
1133 553 1328 588 habentibus,
1352 559 1383 583 ut
1405 565 1484 585 nunc
1507 558 1631 594 habent,

916 604 984 624 cum
1001 595 1071 631 sim,
1084 606 1144 625 non
1161 606 1282 630 servus,
1293 596 1349 625 sed
1366 597 1445 627 civis
1462 606 1573 629 vester.

957 638 1044 667 ——-5.
1069 639 1110 667 τὰ
1132 636 1196 676 τρία
1222 637 1351 668 τάλανθ’
1371 640 1451 678 ὑμῖν,
1477 641 1496 670 ἃ
1521 641 1630 682 ὦφλον]

915 689 1082 718 pronomen
1108 682 1177 721 ὑμῖν
1199 681 1316 711 addidi.
1346 689 1531 723 posteaquam
1556 686 1630 716 vobis

913 723 968 752 itta
983 725 1043 753 tria
1059 723 1171 755 talenta
1190 724 1363 763 dependere,
1385 727 1425 756 ad
1445 738 1507 767 quae
1528 729 1631 758 coude-

914 772 1034 797 mnatus
1047 776 1124 797 sum.

234 906 321 948 AD
355 907 726 952 ORATIONEM
758 910 1080 965 ADVERSUS
1113 912 1562 957 MACARTATUM.

208 1014 342 1046 Videtur
355 1016 386 1046 in
400 1017 456 1046 liae
471 1027 565 1047 causa
581 1018 698 1048 versari
715 1018 789 1048 Isaei
805 1029 881 1057 quo-

165 1068 226 1096 que
238 1058 348 1095 oratio,
364 1070 468 1090 eorum
485 1060 601 1095 ultima,
618 1072 686 1099 quae
699 1063 765 1100 ejus
781 1061 880 1091 adhuc

165 1100 256 1130 hodie
271 1108 448 1141 supersunt.
492 1103 554 1133 Sed
570 1104 688 1140 nescio,
703 1114 742 1134 an
758 1114 794 1133 ea
807 1114 878 1134 cau-

165 1153 230 1172 sam
244 1144 320 1174 hanc
333 1155 392 1175 non
407 1145 535 1175 multum
551 1145 716 1176 illuminet.
752 1147 876 1186 Scripta

163 1185 230 1216 liaee
237 1192 286 1217 est
298 1187 398 1218 oratio
409 1188 531 1218 nomine
540 1188 689 1226 Sosithei‚
702 1190 765 1229 qui,
777 1194 877 1230 pater,

916 1028 973 1057 pro
984 1017 1045 1048 filio
1057 1018 1211 1049 Eubulide
1221 1029 1343 1049 oausam
1354 1019 1428 1058 agit.
1450 1019 1546 1057 Cujus
1557 1028 1632 1058 ergo

917 1067 1002 1091 tanto
1016 1061 1126 1091 melius
1142 1063 1376 1100 cognoscendae,
1390 1062 1522 1092 tabulam
1539 1072 1633 1102 gene-

914 1106 957 1134 ris
973 1114 1155 1143 proponam,
1167 1105 1286 1141 nescio,
1296 1105 1502 1141 diversamne,
1511 1115 1548 1134 an
1561 1115 1631 1135 ean-

913 1147 983 1176 dem
1009 1157 1077 1177 eum
1105 1157 1152 1183 ea,
1180 1158 1270 1185 quam
1296 1148 1445 1178 Palmarii
1469 1147 1630 1179 Exercita-

915 1189 1017 1220 tiones
1033 1200 1065 1229 p.
1080 1191 1156 1220 641.
1171 1190 1255 1223 dant.

821 1257 966 1288 Buselus.

234 1303 1010 1339 r———ss——Q—
1401 1317 1571 1337 ——ff

165 1345 183 1372 1
199 1342 342 1382 Hagnias
515 1346 535 1374 2
552 1343 724 1378 Eubulides
909 1345 931 1374 3
945 1343 1080 1374 Stratius
1257 1347 1278 1375 4
1293 1345 1403 1375 Habro
1505 1348 1524 1377 5
1541 1345 1632 1376 Cleo-

168 1388 376 1424 s-—Jk—ss
636 1385 641 1424 Ι
1048 1385 1054 1417 l
1294 1388 1369 1418 filia.
1522 1389 1631 1419 oritus.

162 1429 292 1458 Polemo
309 1428 467 1458 Philoma-
474 1447 510 1468 f—
598 1431 662 1452 ..Λ

664 1447 789 1467 ἡ
820 1447 858 1469 f-

326 1472 574 1512 ebe—Philager
585 1474 698 1502 Enete·
711 1473 805 1503 Calli·
827 1473 1030 1503 Charidemus
1046 1474 1251 1505 Phanostrata

607 1525 678 1545 mon
703 1520 819 1546 stratus

350 1561 558 1598 ν--Λ--π

162 1514 304 1556 Hagnias

247 1601 421 1631 Eubulides
438 1602 637 1632 Menestheus
674 1602 735 1632 filia
750 1601 798 1643 (v.
814 1612 845 1633 n.
861 1601 911 1643 4.)
933 1604 1106 1642 Theopom-
1116 1579 1206 1633 sira-

247 1686 450 1718 Philomaohe
468 1698 548 1718 uxor
565 1687 703 1718 Sosithei
720 1688 832 1719 actoris

303 1729 487 1805 Eubtilides.
768 1795 804 1815 r-

763 1820 892 1850 Sosiam.

203 1894 299 1926 1051.
314 1897 346 1926 4.
369 1895 484 1926 τουτουῖ
497 1897 553 1936 7323
568 1895 618 1925 τοῦ
634 1893 749 1936 παιδὸς]
770 1896 878 1928 Eubu-

159 1936 244 1968 lidis.
433 1948 438 1950 ’

202 1997 245 2003 —-
259 1980 335 2011 ibid.
354 1982 368 2012 ἦ
383 1981 496 2022 pano-ng]
513 1981 712 2012 Philomache
729 1982 876 2018 secunda,

160 2021 223 2053 filia
239 2024 404 2055 Eubulidis
419 2024 563 2054 senioris.
826 2043 829 2044 ν

201 2083 246 2088 -
269 2070 321 2098 19.
344 2067 586 2108 ἀπηλλάττοντο]
612 2073 660 2098 est
684 2068 777 2107 paulo
802 2068 874 2107 quid

159 2108 255 2144 alind,
279 2120 370 2149 quam
394 2108 596 2139 ἀπήλλαττον.
620 2111 678 2140 hoc
701 2115 794 2146 esset,
819 2112 878 2141 dis-

155 2152 305 2189 cedebant,
328 2152 404 2181 illud
430 2156 477 2180 est
500 2152 728 2192 oblegabantur,
749 2154 877 2183 dimitte-

157 2193 281 2229 bantur,
295 2194 545 2225 emundabantur.

199 2255 243 2259 —
265 2240 318 2268 21.
341 2235 558 2277 ἀμφισβητεῖν]
592 2236 676 2266 Citat
696 2237 725 2266 h.
748 2237 769 2267 1.
792 2238 876 2268 Har-

157 2289 244 2318 pocr.
270 2291 301 2311 v.
326 2279 527 2320 ἀμφισβητεῖν
555 2278 605 2309 καὶ
632 2280 876 2320 «παρακαταβάλ-

160 2328 228 2353 λειν.

200 2362 296 2397 1052.
308 2369 339 2397 6.
355 2368 435 2406 παρὰ,
451 2365 571 2408 μηδείῳ]
590 2366 619 2396 ἰη
636 2367 719 2406 Aug.
733 2371 781 2398 est
797 2377 876 2408 παρα

157 2408 249 2439 ειλὲω.
273 2420 344 2439 num
360 2411 438 2450 παρὰ
452 2409 543 2448 ἦλείοι.
566 2414 600 2440 ut
614 2419 723 2440 nomen
740 2411 876 2440 hominis

155 2452 251 2482 fuerit
263 2451 367 2488 Eleus,
379 2453 418 2482 ab
432 2451 529 2482 Elide.
544 2457 578 2482 ut
593 2453 706 2490 Λάκων,
717 2453 878 2491 Θεσσαλὸς,

156 2494 287 2532 Βοιωτὸς,
310 2495 476 2535 Σμυρναῖος,
510 2499 542 2524 et
569 2495 629 2525 alia
658 2496 734 2526 talia
756 2498 877 2527 nomina

156 2539 287 2568 Athenis
303 2543 367 2568 tum
384 2542 471 2568 erant
481 2538 600 2568 crebra.
633 2539 694 2569 Sed
708 2540 877 2580 magninon

156 2581 263 2617 refert,
277 2581 429 2621 quomodo
445 2580 536 2610 fuerit
548 2581 730 2620 appellatus.

200 2642 244 2647 --
260 2628 312 2654 11.
336 2622 578 2665 προεκαλέσαντο]
597 2625 719 2654 correxi
735 2635 874 2666 προσεκα-

156 2665 288 2697 λέσαντο.
298 2666 511 2707 προκαλεῖσθαι
522 2672 569 2696 est
575 2669 751 2705 sponsionem
759 2668 874 2710 offerre,

157 2710 393 2751 πςοσιιαλεῖσθαι
409 2710 608 2748 adjudicium
622 2720 734 2741 vocare.

197 2770 242 2776 —
258 2757 310 2785 12.
333 2753 372 2788 εἷς
401 2751 578 2783 διαδικασίαν
601 2753 661 2794 περὶ
685 2755 735 2784 τοῦ
759 2755 874 2796 κλήρου]

157 2796 406 2836 praepositionem
429 2796 608 2833 secundam,
631 2796 693 2837 περὶ
714 2803 800 2836 puta,
822 2799 875 2828 ad-

159 2839 237 2875 didi,
253 2849 436 2879 quamquam
458 2839 560 2869 nullus
575 2840 698 2875 dubito,
719 2842 782 2870 fore
799 2842 876 2871 mul—

157 2886 219 2917 tos,
245 2883 299 2921 qui
325 2882 505 2913 servandam
527 2882 625 2913 fuisse
648 2883 816 2922 vulgatam.
845 2889 877 2914 et

158 2924 218 2955 boo
233 2925 381 2957 scholium
395 2926 558 2957 arcendum
576 2926 767 2958 existiment.
791 2927 876 2958 vide-

1032 1433 1076 1453 A

1293 1431 1367 1468 filia,
1394 1442 1411 1461 e
1434 1442 1493 1471 qua
1517 1432 1586 1462 Cal-

1294 1474 1434 1504 listratus
1465 1475 1511 1514 (n.
1539 1475 1589 1516 3.)

1002 1516 1008 1558 Ι
1294 1518 1407 1547 filiam*
1437 1518 1589 1557 suscepit,

949 1562 1030 1599 f-dk
1293 1571 1362 1599 quae
1386 1560 1476 1590 Sosia
1505 1561 1591 1591 Sosi-

1292 1605 1395 1635 theum
1414 1603 1535 1643 peperit
1554 1615 1588 1634 a·

1002 1656 1073 1685 pus.
1119 1647 1217 1677 tocles
1300 1652 1428 1682 ctorem,
1472 1647 1526 1686 qui
1571 1658 1589 1677 e

1040 1688 1046 1731 Ι
1295 1690 1499 1719 Philomacha
1541 1691 1590 1732 (n.

961 1732 1153 1763 Macartatus
1295 1732 1346 1773 3.)
1362 1732 1502 1772 suscepit

924 1819 1122 1850 Eubulidem.
1154 1819 1383 1850 Menestheum.
1413 1819 1634 1850 Callistratum.

1207 1450 1246 1469 -χ

913 1896 998 1926 bitur
1023 1896 1117 1932 enim,
1139 1900 1224 1926 certe
1249 1896 1327 1932 scio,
1349 1895 1456 1926 multis
1482 1896 1633 1926 scholium

912 1949 995 1969 esse.
1019 1949 1077 1977 ego
1104 1949 1178 1969 vero
1201 1939 1287 1974 dedi,
1311 1939 1393 1977 quod
1420 1939 1520 1968 codex
1544 1940 1633 1968 bonae

912 1986 994 2011 notae
1009 1982 1114 2017 dabat,
1135 1985 1168 2010 et
1189 1982 1370 2011 sententiam
1394 1982 1544 2012 reddebat
1566 1982 1632 2021 pla-

912 2025 1044 2059 niorem,
1062 2029 1094 2053 et
1109 2024 1306 2054 confirmatur
1318 2035 1335 2054 a
1351 2035 1383 2064 p.
1401 2027 1496 2060 1060.
1516 2027 1567 2055 14.

955 2084 998 2089 —-
1014 2069 1065 2097 19.
1088 2068 1318 2108 τετραπλάσιον]
1342 2077 1410 2097 nam
1436 2078 1495 2097 nna
1514 2071 1632 2098 tantum

912 2109 1017 2148 quinta
1033 2120 1105 2148 pars
1122 2120 1188 2145 reo,
1204 2110 1360 2146 Sosithen,
1378 2115 1431 2140 aut
1447 2112 1513 2150 ejus
1532 2112 1633 2147 uxori,

911 2153 1141 2187 infundebatur,
1156 2158 1287 2191 quatuor
1300 2154 1415 2192 quintae
1426 2159 1532 2193 partes
1548 2159 1633 2184 acto-

912 2196 1000 2225 ribus
1020 2195 1160 2225 totidem.
1206 2195 1326 2235 Singuli
1349 2197 1472 2226 illorum
1497 2197 1632 2236 quinque

910 2237 1097 2278 litigantium
1115 2238 1305 2278 accipiebant
1322 2239 1458 2279 singulas
1472 2241 1634 2279 amphoras

911 2292 968 2321 pro
992 2281 1090 2320 prima
1112 2281 1245 2319 actione,
1266 2287 1297 2312 et
1319 2287 1424 2313 ternos
1448 2284 1552 2319 choas,
1575 2294 1632 2323 pro

911 2325 1094 2364 posteriore.

956 2370 1052 2399 1053.
1069 2371 1099 2399 2.
1124 2366 1405 2408 ἐπιβουλευσάντων]
1429 2369 1531 2399 malim
1555 2380 1632 2401 συνε-

912 2410 979 2444 πιβ.
996 2412 1035 2442 ob
1048 2422 1180 2451 sequens
1196 2411 1464 2452 συναγωνιζομένων.

955 2472 998 2478 —
1014 2457 1044 2485 3.
1070 2455 1118 2484 καὶ
1135 2454 1250 2495 δίσκων]
1268 2456 1410 2485 contraxi
1423 2456 1454 2485 in
1468 2467 1561 2486 unum
1577 2467 1632 2487 vo-

913 2499 1055 2528 cabulum
1068 2496 1217 2528 καδίσκων.
1233 2503 1265 2527 et
1281 2498 1326 2528 sic
1343 2509 1465 2538 quoque
1483 2511 1512 2530 v.
1529 2503 1560 2530 8.
1577 2511 1632 2540 pro

913 2539 998 2580 δίσκῳ
1024 2542 1146 2571 correxi
1172 2541 1308 2580 καδίσκῳ.
1340 2543 1486 2582 τεττάρων
1509 2543 1633 2582 reliqui,

866 2607 869 2609 Α
911 2584 983 2622 qnia
995 2584 1119 2614 codices
1137 2585 1312 2621 servabant,
1328 2596 1512 2624 quamquain
1525 2586 1633 2616 delen-

910 2627 982 2657 dum
998 2628 1139 2657 arbitror.
1163 2638 1223 2657 non
1244 2628 1325 2658 enim
1351 2628 1409 2658 nisi
1430 2630 1493 2659 duo
1514 2629 1632 2659 cadisci

909 2671 1114 2709 ponebantur,
1134 2670 1224 2707 alter,
1244 2681 1301 2710 pro
1322 2671 1536 2711 Theopompo,
1553 2672 1634 2711 peti-

910 2719 989 2748 tore,
1009 2714 1086 2743 alter
1109 2724 1165 2753 pro
1189 2714 1328 2751 muliere,
1353 2716 1433 2744 unde.
1456 2717 1632 2754 petebatur.

910 2756 968 2786 nisi
990 2756 1036 2786 sio
1059 2757 1200 2787 volumus
1225 2758 1378 2796 vulgatam
1398 2758 1632 2796 interpretando

911 2798 1002 2835 tueri,
1025 2804 1058 2829 ut
1072 2799 1202 2835 aiamus,
1226 2801 1256 2830 in
1280 2801 1384 2839 priore
1407 2801 1528 2830 actione
1552 2801 1631 2829 duos

912 2852 980 2872 esse
999 2843 1119 2882 positos
1143 2843 1297 2878 cadiscos,
1317 2849 1347 2873 et
1370 2854 1476 2873 rursus
1500 2843 1632 2872 totidem

912 2885 942 2915 in
959 2886 1143 2924 posteriore.
1189 2886 1309 2916 Petitus
1332 2887 1370 2916 ad
1394 2888 1493 2925 Leges
1511 2886 1631 2915 Atticas

912 2939 944 2968 p.
961 2931 1036 2960 4‘23.
1056 2935 1088 2960 et
1107 2929 1250 2959 Valesius
1273 2930 1295 2959 l.
1312 2940 1339 2959 c.
1366 2929 1472 2959 volunt
1494 2926 1632 2959 καδίσκων

457 3040 459 3043 ,
481 3012 498 3031 *
523 3012 586 3043 Sed
602 3012 674 3044 huic
692 3014 878 3054 genealogiae
895 3016 1074 3047 adversatur
1091 3027 1122 3055 p.
1139 3017 1235 3046 1065.
1254 3018 1303 3046 12.
