1931 3322
311 223 395 265 AD
429 219 799 264 ORATIONEM
834 217 898 260 IN
929 217 1421 264 ARISTOCRATEM.

174 347 220 353 -
232 331 286 361 22.
300 329 465 371 Συνθῆκαι]
482 329 626 368 designat
638 328 715 359 iilud
732 327 844 364 foedns,

129 372 171 403 de
183 383 242 413 quo
257 383 289 412 p.
304 375 378 404 677.
393 375 445 403 24.
462 377 765 402 commemoraverat.

173 434 216 440 —
227 419 278 448 24.
290 414 378 457 ἠξίου]
395 426 439 446 sc.
452 416 678 454 Kersobieptes
690 415 720 445 in
731 414 844 445 tabulis

128 459 220 498 hujus
229 469 300 489 eum
316 459 448 489 Chabria
464 459 543 499 pacti
558 459 693 489 foederis.

168 519 213 525 —
226 511 298 540 pen.
310 501 378 542 πςᾶς
392 501 438 531 τὸν
453 501 640 543 Ἀθηνόδωρον]
652 502 843 541 jungendum

126 554 186 574 non
205 554 274 573 cum
292 545 472 584 insequente
493 545 677 586 παραδώσειν,
700 545 755 574 sed
774 552 843 574 cum

126 588 320 627 praecedente
333 588 441 627 ὤμοσε.
446 591 609 629 juraverat
619 589 843 627 Kersobieptes

125 631 159 660 in
171 640 276 660 munus
290 631 470 662 athenodori
481 643 491 662 :
514 632 565 661 vet
580 631 843 672 eijidemjurq'u-

123 672 354 715 madefecerat,
369 685 423 705 sese
437 675 508 705 velle
513 675 619 715 filium
633 674 766 713 lphiadoe
780 680 843 705 tru-

122 717 200 746 dere.

165 776 210 782 —
224 759 280 789 ult.
297 759 352 790 οὐδ’
365 760 571 802 ὑπισχνεῖται]
594 771 653 791 non
672 760 764 790 modo
784 771 842 790 non

124 801 231 838 tradit,
246 803 301 833 sed
317 814 355 833 ne
369 805 480 844 recipit
496 805 621 843 quidem
637 804 830 835 traditurum.

167 847 243 876 680.
254 848 286 877 3.
296 847 454 886 Ψηφισμα.
457 847 470 888 ]
484 847 635 888 significat
646 847 722 877 illud
737 848 844 878 decre-

124 893 189 918 tum
205 889 384 927 Glauconis,
400 892 438 921 de
453 902 513 931 quo
529 902 559 931 p.
572 894 647 923 678.
664 894 694 922 2.
710 901 844 922 comme-

125 936 235 962 morat.

165 992 209 998 —
224 979 255 1007 8.
270 974 438 1008 Ἐπιστολή.
441 976 598 1018 ]epistola
613 977 845 1018 Kersobleptis.

128 1028 160 1048 v.
177 1029 209 1049 v.
225 1021 279 1049 ¹74.
295 1030 327 1058 p.
343 1021 419 1051 678.

164 1079 209 1086 —-·
224 1064 256 1093 9
270 1061 429 1106 Βασιλέων]
446 1069 518 1094 sunt
533 1063 720 1101 Amadocus,
735 1067 767 1094 et
782 1064 843 1093 Be·

124 1104 254 1135 risades.

165 1165 212 1171 —-
226 1150 278 1179 10.
297 1149 381 1191 ὑμῖν]
398 1150 532 1180 cohaeret
545 1160 616 1179 cum
633 1149 766 1185 δοκοῦσιν,
783 1159 843 1179 non

123 1201 194 1221 cum
204 1190 343 1230 ἐγκαλεῖν.
355 1203 429 1223 num
437 1194 513 1223 vobis
524 1194 684 1223 videantur
692 1193 738 1223 nil
747 1194 842 1233 queri,

123 1234 164 1264 de
178 1235 390 1275 Kersoblepte
403 1241 479 1276 puta
491 1241 523 1267 et
535 1237 731 1267 Charidemo.

165 1295 210 1300 —
226 1281 277 1310 13.
301 1279 338 1312 ὡς
356 1279 411 1309 ἄνω
427 1280 476 1309 καὶ
495 1280 593 1321 κάτω]
610 1285 726 1319 puncto
747 1279 842 1309 inter-

119 1321 205 1360 jecto
220 1332 238 1351 a
252 1322 378 1361 reliquis
391 1323 540 1354 discrevi.
557 1334 644 1364 quam
657 1332 775 1353 sursum
791 1324 842 1353 de-

122 1373 220 1394 orsum
231 1383 273 1388 ——
285 1366 355 1395 scil.
365 1365 525 1407 στρέφεται
537 1366 611 1398 αὕτη
624 1366 770 1407 ἧπονηςία,
784 1365 842 1397 hoec

125 1409 258 1447 nequitia
271 1410 406 1450 agitetur
418 1416 506 1451 atque
521 1411 681 1441 volutetur.

167 1453 242 1482 681.
258 1453 517 1495 nate-tomum
535 1464 609 1502 cmg
626 1463 773 1494 πξοσηκεν,
789 1452 841 1482 sed

124 1504 194 1524 oum
205 1496 378 1526 καταλιπεῖν
391 1497 538 1528 eohaeret.

167 1555 210 1562 —
226 1542 279 1570 20.
301 1537 346 1579 ην]
372 1545 488 1578 potest,
511 1545 565 1570 aut
590 1550 660 1571 cum
687 1537 767 1575 εἶδεν,
791 1543 844 1569 aut

122 1590 191 1612 cum
210 1584 254 1622 μὴ
277 1581 380 1614 λαβεῖν
401 1584 538 1614 construi
558 1593 588 1614 v.
612 1586 664 1614 22.
687 1593 776 1622 quum
792 1583 844 1622 qui

122 1625 213 1661 novit,
224 1636 307 1666 quem
317 1631 416 1656 teneat
426 1627 523 1657 locum
533 1627 581 1657 vel
592 1627 679 1656 situm
694 1629 742 1654 est
753 1630 843 1655 notus

121 1667 318 1705 Atticismus,
332 1678 405 1708 pro,
418 1671 469 1709 qui
483 1671 577 1706 novit,
593 1679 649 1710 quo
664 1670 724 1698 loco
738 1678 772 1697 ea
786 1669 844 1698 sita

122 1711 160 1740 sit
174 1713 254 1742 urbs.
275 1712 440 1742 tenendum
456 1713 536 1743 enim
554 1718 603 1743 est
625 1711 727 1743 τόπον.
743 1721 844 1751 neque

121 1752 261 1794 ineptum
272 1755 412 1785 Lambini
421 1755 530 1797 τρόπον
543 1756 780 1786 admittendum.
793 1755 843 1785 vel

121 1797 214 1828 etiam
230 1809 320 1838 quam
336 1808 375 1828 ne
391 1809 449 1829 vos
464 1799 606 1839 capiatis.

162 1858 209 1864 -—-
223 1844 276 1873 22.
291 1839 334 1882 ον]
353 1841 422 1872 soil.
439 1842 539 1883 καιξόν.

166 1901 211 1908 -—
231 1887 284 1917 23.
313 1885 461 1928 κωλῦσαι]
491 1885 624 1916 subaudi
651 1894 669 1914 e
699 1884 844 1924 proximo

121 1925 198 1962 ὅπως
211 1930 254 1967 μὴ
264 1927 424 1967 γενήσεται.
440 1940 504 1970 quae
513 1929 716 1969 opportunitas
727 1937 764 1958 ne
776 1938 844 1958 con-

123 1971 235 2011 tingat,
251 1981 299 2002 vos
321 1976 434 2010 oportet
452 1982 508 2012 pro
528 1973 611 2002 virili
633 1977 729 2002 vestra
753 1973 843 2011 impe·

122 2013 198 2043 dire.

166 2073 210 2080 ——
222 2058 275 2088 25.
288 2055 390 2100 παρίῃ]
405 2057 479 2088 ferri
491 2058 608 2098 nequit.
622 2061 674 2087 aut
690 2057 771 2087 enim
787 2067 843 2096 po-

123 2100 258 2130 nendum
274 2105 334 2138 est,
355 2111 426 2132 esse
441 2101 689 2141 conjunctivum3
711 2111 772 2140 quo
787 2111 844 2140 po-

124 2142 198 2177 sito,
217 2154 348 2175 necesse
365 2150 424 2181 est,
442 2150 476 2175 ut
494 2144 582 2187 παςιῇ
601 2149 756 2174 exaretur.
780 2144 843 2174 fur-

123 2192 226 2218 matur
239 2187 333 2224 enim,
347 2188 434 2228 quasi
455 2199 473 2219 a
495 2187 611 2228 παςιέω.
627 2192 680 2217 aut
703 2187 730 2216 si
754 2191 843 2226 opta—

123 2229 224 2260 tivum·
245 2231 407 2268 nudamus,
433 2232 620 2262 exarandum
647 2234 696 2261 est
719 2228 841 2271 παςιείη,

120 2273 177 2312 qui
192 2278 242 2304 est
256 2275 414 2314 optativus
429 2274 578 2315 temporis
594 2274 773 2314 praesentis,
788 2278 842 2303 aut

122 2314 234 2356 παρείη,
253 2319 305 2357 qui
324 2322 372 2348 est
393 2319 554 2357 optativus
572 2317 677 2348 aoristi
701 2317 842 2347 secundi.

123 2360 198 2390 dant
212 2361 269 2391 boo
285 2361 424 2398 codices,
441 2372 502 2401 ego
518 2371 591 2392 vero
604 2358 711 2402 παςιείη
727 2361 841 2390 malim.

168 2405 244 2434 682.
263 2407 292 2434 1.
307 2405 401 2446 ὑμᾶς]
419 2405 470 2435 aiii
493 2405 591 2435 dant‘
581 2405 661 2445 υμῖν.
681 2403 765 2444 quod
787 2403 841 2442 qui

123 2447 302 2485 praeferunt-3
324 2448 389 2478 inis
418 2448 681 2488 transponendum
710 2452 759 2477 est
781 2447 841 2477 hoo

122 2490 320 2527 vocabulum,
335 2495 371 2521 ut
387 2491 448 2522 sit.
471 2490 498 2522 ἐν
514 2490 600 2532 μέσῳ
617 2491 687 2532 ὑμῖν
706 2491 844 2531 πολεμεῖν

122 2531 190 2573 πρὸς
202 2533 284 2574 Καδρ.

166 2579 241 2608 683.
257 2578 308 2606 17.
324 2574 466 2619 ἐφαίνετο]
491 2576 619 2607 correxi
628 2575 779 2618 εὑρίσκετο.
798 2575 843 2607 iu-

125 2620 279 2657 veniebat,
294 2620 324 2650 11.
341 2631 368 2651 e.
383 2619 612 2660 adipiscebatur,
626 2621 811 2660 impetrabat.

165 2679 209 2686 -—
223 2666 266 2694 20
268 2663 490 2716 προκαλεῖσθ’]
513 2663 589 2694 dedi
601 2663 641 2693 de
662 2673 731 2692 meo
753 2663 842 2704 (προῦ-

121 2704 280 2737 murco*
267 2718 311 2737 ετι
327 2719 357 2737 τι
373 2708 424 2738 τοῦ
441 2708 552 2738 λοιποῦ.
575 2717 642 2736 nam
658 2705 759 2746 ἀφίετε
771 2717 842 2747 per-

122 2749 202 2780 inde
212 2754 318 2790 potest
334 2750 548 2802 imperfectum
575 2760 658 2786 esse,
676 2755 769 2789 atque
795 2755 843 2780 est

123 2803 282 2833 praems3
303 2795 426 2825 tametsi
437 2791 535 2834 ἢφίετε
551 2793 694 2823 usitatius
709 2799 768 2823 est.

165 2853 209 2859 —
222 2836 280 2866 uit.
299 2837 365 2871 τοὺς
388 2837 434 2868 δύο
460 2838 527 2872 τους
548 2826 707 2878 βασιλεως]
733 2837 843 2867 tertius

125 2878 218 2916 euim,
228 2880 486 2921 Kersobleptes,'
478 2880 621 2911 mimicus
636 2885 702 2911 erat
714 2880 842 2910 Atheni-

126 2922 262 2953 ensibus.

166 2965 242 2996 684.
259 2968 291 2997 2.
302 2965 351 2996 και
365 2964 492 3016 νομίζω]
504 2966 607 2996 1111111111
620 2965 737 3008 νομίζων
749 2965 843 2996 omis·-

125 3017 159 3038 sn
170 3009 296 3048 oopuia,
309 3018 343 3040 eo
356 3011 433 3050 quod
447 3011 615 3040 existiman.

165 3067 209 3075 --
223 3052 255 3082 6.
271 3050 317 3093 ἔφ’
330 3049 382 3095 οἷς]
405 3053 488 3084 idom
507 3058 558 3084 ost
582 3062 618 3083 no
637 3052 663 3084 si
686 3052 842 3084 dixisset:

123 3102 202 3124 vot..
219 3103 250 3124 v.

1512 220 1587 263 161

882 324 938 355 ἐπὶ
963 324 1084 362 τούτοις,
1108 325 1134 356 ἐν
1164 324 1211 363 οἷς,
1237 329 1287 358 vel
1315 327 1382 366 ἐκεῖ,
1407 328 1487 360 ὅπου.
1518 333 1595 358 tum'

879 379 947 399 cum
958 386 1012 398 --.

921 430 964 434 —
979 416 1031 444 21.
1046 411 1170 453 ταύτην]
1186 412 1262 443 bene
1285 414 1387 451 habet,
1413 414 1592 454 servarique

879 455 981 485 debet.
1007 455 1097 490 illud,
1120 455 1270 485 auxilium
1287 462 1370 495 puta.
1400 460 1498 487 ταῦτα
1519 468 1591 487 con-

879 498 1009 528 structio
1032 508 1090 528 non
1113 498 1183 528 fert.
1210 500 1363 538 quomodo
1385 501 1464 530 enim
1487 501 1592 531 consi-

878 546 959 571 stent
974 551 1077 571 secum
1101 542 1199 571 τοῦτον
1213 542 1260 572 τὸν
1276 542 1356 580 λόγον
1372 553 1462 573 versu
1487 546 1540 574 18.
1560 549 1592 574 et

876 594 957 614 nunc
988 595 1094 615 rursus
1121 587 1230 622 ταῦτα,
1257 596 1326 616 cum
1357 586 1465 615 eodem
1498 588 1592 617 verbo

876 626 969 666 ἔλεγον
996 628 1185 667 composita'!
1215 629 1285 668 quis
1316 639 1385 659 eum
1412 628 1501 665 ferat,
1526 630 1593 668 qui,

877 681 946 700 cum
963 681 1051 701 orsus
1070 678 1172 701 esset:
1197 670 1273 701 hanc
1293 674 1513 709 orationem,—
1528 678 1594 703 tum

877 720 988 754 pergat
1001 726 1008 744 :
1035 713 1094 745 haec
1108 716 1131 744 si
1146 715 1286 744 dicerent.

920 775 964 780 —-
980 758 1061 787 ibid.
1082 758 1104 787 εἰ
1128 757 1173 798 δὲ]
1197 758 1264 788 scil.
1282 757 1387 796 ἔλεγον,
1403 759 1484 797 quod
1502 757 1593 788 modo

877 801 1052 840 praecessit.
1071 802 1147 841 quod
1169 802 1193 831 si
1211 807 1310 831 autem
1331 802 1471 831 dicerent.
1491 805 1596 840 potest

876 845 936 875 hoc
948 845 1039 875 modo
1053 845 1179 883 vulgata
1187 845 1321 875 defendi.
1334 854 1392 874 non
1404 845 1595 875 intercedam

878 893 991 924 tamen,
1006 888 1180 928 quominus,
1201 888 1228 917 si
1243 888 1295 927 qni
1312 887 1409 918 velint
1425 897 1518 918 versu
1539 890 1592 918 24.

877 937 950 971 post
962 933 1141 972 στρατηγοὺς
1156 932 1282 962 verbum
1298 929 1386 972 ἐροῦσι
1399 932 1525 968 addere,
1537 941 1596 971 per

878 985 926 1005 me
945 975 1047 1005 liceat.
1065 975 1170 1005 addidi
1187 973 1286 1016 ἐροῦσι.

920 1036 964 1041 --
980 1021 1033 1050 93.
1045 1017 1152 1060 μείζω]
1167 1019 1235 1049 scil.
1247 1017 1352 1052 ἐκεῖνον,
1364 1017 1595 1057 Kersoblepten

900 1066 965 1091 uta.

877 1071 897 1101 p
921 1107 995 1135 685.
1012 1107 1044 1134 4.
1064 1103 1112 1134 καὶ
1134 1109 1164 1134 et
1187 1104 1246 1146 δεῖ]
1268 1104 1404 1135 deletum
1429 1109 1514 1134 eunt.
1540 1114 1594 1145 po-

878 1148 993 1178 sterius
1004 1148 1072 1178 toni
1082 1148 1160 1178 hand
1172 1148 1296 1188 iniquus
1307 1148 1417 1188 patiar.
1425 1149 1510 1186 prius
1517 1147 1595 1187 eripi

877 1190 951 1221 mihi
974 1192 1053 1221 haud
1079 1192 1188 1232 patiar.
1212 1192 1292 1231 quod
1312 1197 1427 1222 tantum
1447 1193 1546 1227 abest,
1562 1196 1597 1221 ut

876 1234 1030 1274 langueat,
1047 1239 1081 1264 ut
1095 1235 1201 1274 potins
1219 1235 1267 1265 vis
1281 1235 1312 1265 111
1327 1244 1363 1264 eo
1380 1234 1465 1264 insit.

920 1296 962 1301 —
981 1281 1033 1308 14.
1056 1276 1210 1314 Θεάσασθε,
1233 1279 1268 1312 ὡς
1289 1277 1366 1319 ἔχω]
1392 1278 1424 1307 id
1449 1281 1509 1313 est,
1534 1276 1598 1307 θεά·

876 1319 977 1357 σασθε,
993 1322 1029 1355 ὡς
1043 1322 1156 1362 γνώμης
1172 1320 1243 1363 ἔχω.
1263 1322 1368 1356 videte,
1384 1321 1522 1361 quomodo
1542 1322 1597 1350 sim

875 1366 1036 1395 animatus.

919 1426 963 1431 -—
980 1410 1029 1438 18,
1047 1406 1215 1447 προσήκειν]
1237 1406 1360 1437 correxi
1377 1406 1528 1448 ἰπξοο-ἧκει.
1543 1417 1599 1447 po-

876 1455 957 1481 terat
970 1461 1092 1491 quoque
1109 1453 1244 1491 πξοσῆκεν
1259 1449 1392 1480 admitti.

920 1512 964 1517 -—
982 1497 1032 1526 19.
1047 1493 1133 1534 εῖναι]
1149 1495 1256 1525 volunt
1271 1493 1449 1532 eliminare3
1472 1504 1529 1524 our
1544 1504 1599 1524 ve-

878 1537 946 1573 lint,
964 1548 1064 1567 causae
1076 1538 1118 1567 nil
1137 1538 1239 1568 video.

921 1583 995 1612 686.
1013 1583 1043 1612 3.
1059 1580 1237 1622 χξωμὲνους]
1252 1579 1344 1619 plane
1357 1581 1471 1610 abesta
1483 1580 1599 1610 Bavar.

878 1635 985 1654 verum
1015 1635 1074 1653 non
1099 1625 1191 1654 modo
1217 1633 1277 1653 non
1301 1623 1432 1652 otiosum
1457 1629 1517 1659 est,
1544 1624 1600 1654 sed

878 1668 969 1697 etiam
987 1667 1036 1697 vel
1054 1677 1090 1696 eo
1108 1671 1230 1697 servato
1251 1672 1352 1696 tamen
1368 1667 1481 1696 deesse
1500 1667 1600 1697 adhuc

877 1710 996 1750 aliquid
1012 1711 1147 1740 videtur.
1162 1720 1221 1750 ego
1242 1709 1367 1749 quidem
1383 1709 1427 1749 τῷ
1441 1710 1599 1750 πράγματι

877 1755 988 1784 deesse
1010 1754 1153 1783 arbitror.
1198 1754 1231 1783 Si
1253 1752 1296 1782 nil
1322 1753 1415 1788 desit,
1439 1753 1599 1783 subaudiri

878 1798 972 1827 debet
987 1798 1054 1831 ταῖς
1068 1796 1176 1837 τιμαῖς
1193 1796 1242 1827 καὶ
1258 1797 1326 1830 ταῖς
1340 1796 1451 1838 δωρεαῖς
1466 1807 1484 1827 e
1505 1807 1600 1837 snpe-

877 1840 1022 1871 rioribus.

921 1902 965 1907 —-
976 1888 1008 1915 4.
1024 1882 1070 1923 ἐφ’
1089 1884 1159 1924 ὑμῖν
1175 1882 1262 1914 ἔσται
1278 1882 1312 1913 τὸ
1330 1882 1482 1925 πράττειν]
1506 1883 1598 1914 etiam

877 1927 928 1956 hic
943 1927 1056 1967 aliquid
1075 1927 1233 1957 desidero.
1255 1927 1335 1956 forte
1360 1927 1406 1956 sic
1426 1926 1529 1956 dedit:
1554 1925 1601 1967 ἐφ’

878 1971 949 2010 υμῖν
963 1970 1048 2000 ἔσται
1062 1972 1143 2000 κατὰ
1158 1969 1192 2000 τδ
1205 1969 1294 1999 δοκοῦν
1308 1970 1458 2009 πράττειν.

920 2031 964 2036 -
984 2013 1067 2043 Ibid.
1093 2016 1202 2053 πρῶτον
1226 2011 1296 2054 μὲν]
1323 2013 1423 2043 locum
1448 2012 1528 2042 hunc
1551 2012 1601 2042 his

877 2056 955 2096 ipsis
978 2066 1065 2095 paene
1089 2056 1194 2086 verbis
1211 2057 1276 2096 jam
1300 2066 1332 2096 p.
1355 2059 1431 2087 172.
1453 2058 1505 2086 14.
1530 2066 1597 2096 sqq.

877 2100 1025 2130 tractavit
1040 2104 1152 2129 orator.

919 2160 963 2166 —
978 2145 1030 2173 16.
1048 2143 1188 2184 πρώτους]
1209 2142 1332 2173 correxi
1349 2144 1474 2183 πρῶτον,
1490 2142 1599 2182 vulga·

877 2190 938 2216 tam
954 2186 1028 2216 ideo
1044 2197 1102 2216 non
1118 2187 1276 2216 damnans.
1323 2186 1382 2215 Sed
1397 2187 1457 2216 hoo
1472 2190 1521 2215 est
1536 2185 1598 2216 ele-

878 2229 1012 2270 gantius.
1058 2227 1280 2259 Subauditur‘'
1264 2228 1389 2259 εκαστόν
1403 2240 1479 2260 τινα.

918 2290 963 2296 —·
978 2273 1034 2303 ult.
1059 2271 1153 2304 ἐκεῖνοι
1169 2272 1289 2312 Μένωνι]
1311 2273 1416 2302 malim
1436 2271 1529 2302 ἐκεῖνοι
1544 2270 1602 2312 μὲν

875 2315 986 2346 Μένωνι.
1000 2326 1029 2354 p.
1046 2318 1121 2347 687.
1140 2320 1191 2349 15.
1206 2315 1383 2355 insequitur
1397 2314 1438 2352 δὲ,
1453 2315 1525 2345 huic
1544 2313 1601 2356 μὲν

876 2360 1078 2410 respondeus:

919 2405 994 2434 687.
1012 2406 1043 2433 1.
1068 2399 1164 2442 Ἠιό’νι]
1190 2402 1272 2433 Citat
1296 2402 1326 2432 11.
1348 2401 1371 2431 1.
1389 2400 1546 2441 Harpoor.
1567 2412 1597 2433 v.

877 2443 969 2477 'maim

919 2508 963 2513 —-
979 2491 1032 2520 16.
1055 2486 1145 2519 πλείω
1167 2487 1196 2518 οὗ
1218 2488 1310 2529 κακὰ]
1334 2486 1438 2518 delevi
1458 2487 1597 2528 negatio-

877 2543 960 2570 nem,
983 2543 1052 2572 quae
1075 2532 1201 2562 videtur
1223 2542 1263 2561 ex
1289 2542 1326 2562 eo
1348 2536 1430 2566 nata,
1457 2533 1538 2570 quod
1563 2531 1596 2561 in

877 2577 1060 2616 quibusdam
1077 2575 1237 2605 codicibus
1257 2578 1339 2605 esset
1358 2572 1448 2605 πλείω
1471 2574 1553 2615 μόνον
1567 2575 1596 2605 οὗ

875 2620 963 2650 κακά.
981 2625 1100 2649 tantum
1116 2628 1175 2648 non
1188 2619 1281 2659 plura
1293 2617 1381 2648 mala.
1401 2628 1489 2658 paene
1504 2618 1596 2658 plura

877 2668 908 2693 et
923 2664 1038 2702 majora
1054 2662 1144 2692 maia.

919 2724 964 2730 —
975 2708 1027 2737 25.
1051 2705 1110 2736 ἀπὸ
1126 2707 1180 2735 τῶν
1193 2704 1283 2734 αὐτῶν
1299 2704 1483 2746 λημμάτων]
1501 2704 1593 2734 modo

876 2750 945 2790 quis
959 2750 1034 2790 ipsis
1047 2750 1101 2779 det
1115 2748 1317 2779 constitutum
1330 2748 1425 2778 semel
1438 2748 1594 2786 fixumque

875 2794 1008 2834 pretium
1025 2793 1146 2833 (turam
1163 2792 1259 2831 vulgo
1274 2791 1448 2831 appeilant)
1460 2791 1596 2821 venduut

877 2836 984 2868 emtori
1000 2837 1123 2876 cuique,
1136 2835 1282 2876 quicquid
1300 2835 1378 2866 vult.

919 2898 962 2903 --
977 2882 1030 2911 26.
1052 2881 1108 2910 ’τῶν
1123 2877 1310 2919 τελευταίων]
1335 2878 1477 2908 videatur
1491 2878 1595 2905 orator

877 2923 935 2954 sibi
959 2923 1112 2954 contraria
1136 2922 1240 2961 loqui;
1263 2920 1435 2959 insequitur
1457 2918 1538 2948 enim
1560 2928 1593 2958 p.

877 2969 953 2998 688.
963 2970 994 2997 7.
1005 2966 1218 2996 τὸτελευταῖον.
1232 2947 1295 2994 'Sed
1305 2965 1380 2993 bene
1391 2962 1596 2999 sibiconstflt,

877 3011 969 3040 modo
985 3014 1139 3044 teneatur,
1151 3007 1335 3038 vocabulum
1348 3007 1407 3036 boo
1419 3004 1514 3044 priori
1526 3005 1596 3035 loco

878 3054 940 3084 vim
957 3053 1096 3092 obtinere
1113 3052 1202 3093 paulo
1219 3049 1411 3091 ampliorem,
1429 3049 1596 3088 posteriori

880 3107 900 3128 Υ
