1931 3323
318 196 404 238 492
616 197 650 237 T

323 308 354 332 et
376 304 551 339 λυσιτελεῖν,
571 305 657 344 «παρὰ
678 303 711 333 τὸ
736 302 808 333 λύειν
831 302 864 333 τὸ
886 303 980 339 τέλος.
1004 304 1035 334 id

321 346 402 375 enim
429 347 555 386 proprie
587 352 635 376 est
660 352 793 376 λυσιτελ.
824 347 906 388 quod
943 348 1038 378 solvit

324 390 506 429 impensam,
533 400 638 422 QUITs
668 401 736 421 Tur.
766 401 857 427 cosr,
883 392 963 430 quod
991 396 1039 421 est

324 434 425 472 pretio
446 434 584 473 dignum,
608 435 814 469 commodum,
839 440 869 464 et
893 435 1039 465 conduci-

325 476 397 506 bilc.

368 537 411 541 —
428 519 482 549 ult.
498 522 539 549 τὰ
554 518 722 560 ὀφειλόμενα
738 523 792 550 τῶν
807 521 926 561 σκευῶν]
944 531 1041 551 arma-

326 568 423 592 menta
446 563 543 592 debita
567 569 594 593 et
615 565 764 604 requisitu.
789 565 872 594 σκεύη
898 565 947 594 hic
972 569 1043 594 sunt

327 611 512 636 armamenta
541 605 674 641 navium,
696 607 827 647 tczclcling
848 608 940 646 vulgo
965 608 1042 637 (lici-

331 660 413 678 mus:
440 649 554 689 alioqui
579 651 677 683 σκεῦος
703 656 749 680 est
772 662 832 684 vus,
856 656 908 680 aut
932 652 1042 681 *instru-

328 698 458 722 mentum
483 693 686 733 quodcunque,
708 700 758 723 aut
780 695 885 732 qumvis
906 694 1044 732 supellex,

327 742 398 765 emt.
452 737 500 766 De
529 737 583 766 liae
610 747 685 766 voce
719 738 827 770 σκεῦος,
849 737 1045 775 quantumvis

327 784 374 808 sat
387 779 459 809 trita
475 786 506 809 et
520 780 643 815 usitata,
659 780 749 809 liceat
760 786 858 809 tamen
873 780 944 809 mihi
962 791 1044 819 quae-

327 823 397 851 dam
415 823 607 852 observanda
631 833 815 862 proponere.
861 824 959 857 Σκεῧος
974 834 1042 862 gen.

329 876 390 894 vox
409 872 468 899 est.
491 871 521 895 et
544 865 697 905 significat
713 866 831 905 quaevis
847 877 972 905 organa,
989 878 1044 896 seu

327 908 541 943 instrumenta,
569 919 624 938 seu
643 910 796 942 utensilia,
813 913 845 938 et
865 910 1046 949 supellecti—

328 953 387 981 lem
405 962 629 991 quamcunque,
642 953 708 982 sive
726 953 878 988 bellicam,
891 954 958 983 sive
972 964 1045 983 nau-

327 995 432 1030 ticam,
462 995 529 1024 sive
550 996 708 1032 rusticam,
735 996 804 1026 sive
833 997 1045 1032 domesticam,

328 1038 396 1068 sive
417 1038 506 1068 aliam
527 1049 749 1079 quamcunque.
768 1039 839 1069 hinc
859 1040 943 1071 σκεύη
961 1047 1047 1070 πολε-

326 1083 405 1121 μικὰ
419 1082 518 1112 Thuc.
535 1085 735 1120 σκευαγωγικά
752 1082 926 1114 ΡοΙΙ.σκεύη
937 1094 1047 1123 μαγει-

328 1127 391 1164 ρικιὶ
407 1127 490 1165 apud
505 1127 615 1156 Athen.
639 1131 670 1155 et
689 1126 774 1156 σκεύη
791 1129 910 1157 ναυτικὰ
925 1132 954 1156 et
970 1139 1048 1167 τριη-

327 1170 391 1207 ςικὰ
411 1169 494 1207 apud
511 1169 672 1199 Demosth.
698 1168 766 1211 (2.)
792 1170 890 1205 Σκεῧος
912 1175 959 1200 est
984 1181 1046 1200 vox

332 1222 422 1250 quam
439 1213 486 1242 οὐκ
507 1212 574 1243 οἶδεν
595 1213 606 1242 ὁ
623 1215 750 1249 ποιητὴς,
771 1214 830 1246 τοῖς
849 1214 1050 1251 καταλογάδην

331 1254 537 1294 scriptoribus
555 1261 670 1286 tantum
685 1256 853 1292 familiaris,
872 1257 973 1296 poetis
989 1268 1049 1287 uon

331 1299 410 1328 adeo
427 1300 476 1329 vel
502 1310 561 1329 non
587 1299 710 1329 omnino
734 1300 764 1329 in
784 1311 862 1338 usu3
885 1311 942 1329 non
965 1305 1048 1330 certe

332 1342 429 1372 Hom.
456 1343 508 1381 qui
535 1354 592 1382 pro
621 1343 704 1373 σκεύη
733 1344 929 1373 instrumenta
959 1344 1050 1373 habet

331 1384 411 1415 δ’πλα
427 1392 458 1415 et
472 1385 563 1422 ἔντεα,
579 1397 635 1425 pro
656 1385 740 1416 σκεύη
759 1397 838 1422 vasa,
858 1387 961 1425 ἄγγεα.
979 1385 1048 1428 (3.)

331 1430 431 1463 Σκεῢος
447 1429 476 1458 in
491 1430 571 1469 sing.
591 1430 732 1468 frequens
749 1430 871 1469 quidem
894 1435 941 1460 est
956 1431 985 1459 in
1003 1441 1050 1460 sa-

331 1483 384 1502 cra
405 1473 532 1512 pagina:
557 1473 612 1503 scd
635 1474 732 1503 rarius
751 1474 830 1513 apud
848 1475 915 1508 τοὺς
935 1473 1050 1512 ἔξωθεν.

333 1516 427 1555 Apud
449 1516 571 1546 Atticos
599 1521 682 1546 certe
707 1522 738 1546 et
763 1517 967 1556 elegantiores
994 1519 1050 1548 Gr.

332 1559 398 1589 sere
414 1564 532 1590 tantum
557 1560 586 1589 in
611 1560 693 1599 plur.
714 1560 799 1590 σκεύη
815 1563 945 1596 ναυτικὰ,
962 1567 1050 1591 πολε·

333 1605 423 1642 μικαὶ,
448 1608 508 1633 etc.
535 1609 582 1633 est
606 1603 687 1633 enim
711 1615 771 1634 vox
797 1604 974 1640 collectiva,
995 1615 1051 1635 seu

334 1647 600 1686 comprehensiva,
628 1651 658 1677 et
682 1646 836 1686 significat
860 1648 923 1678 sere
944 1658 1050 1678 nume-

334 1700 413 1726 rum,
431 1700 485 1719 seu
509 1690 756 1729 aggregationem
781 1690 912 1729 plurium
938 1692 1050 1721 instru-

335 1737 517 1767 mentorum,
534 1744 601 1772 quae
614 1736 652 1763 ad
666 1744 729 1763 rem
745 1734 878 1773 aliquam

436 1775 570 1815 ideoque
588 1788 646 1806 non
662 1776 784 1806 memini
800 1788 848 1806 me
864 1777 893 1806 in
911 1776 990 1816 sing.
1007 1777 1051 1807 le-

336 1817 418 1858 gisse
432 1820 513 1858 apud
526 1820 640 1859 Script.
653 1820 718 1850 Att.
740 1820 806 1861 (4.)
821 1820 863 1850 At
878 1822 917 1850 τὰ,
927 1820 1010 1851 σκεύη
1021 1821 1050 1850 in

337 1862 416 1902 plur.
433 1868 504 1898 sunt
519 1864 626 1903 quaevis
641 1873 767 1904 organa,
784 1874 838 1893 seu
854 1864 1052 1894 instrumenta

336 1906 369 1935 in
385 1906 522 1945 agend05
544 1906 587 1935 ita
605 1907 618 1937 ἦ
640 1908 724 1937 σκευὴ
739 1907 769 1935 in
787 1906 866 1946 sing.
889 1912 937 1936 est
959 1908 1052 1947 quivis

338 1948 468 1989 habitus,
504 1955 677 1989 apparatus,
709 1955 762 1979 aut
797 1956 920 1980 ornatus
952 1952 1052 1990 cujus-

337 2002 453 2032 cunque
476 1994 550 2022 artis
569 1997 622 2022 aut
645 1993 782 2043 artificii,
807 1994 875 2023 sive
897 1993 1052 2030 militaris,

336 2035 404 2066 sive
431 2036 580 2071 musicus,
606 2036 674 2066 sive
697 2037 849 2072 nauticus,
877 2037 944 2067 sive
975 2037 1054 2067 alius

336 2078 522 2118 quicunque.
556 2079 710 2109 Herodot.
733 2080 772 2109 de
793 2080 901 2110 Arion.
922 2080 959 2121 [i.
981 2082 1052 2122 924]

337 2121 384 2152 τὸν
396 2121 423 2152 δὲ
439 2121 550 2152 ἐνδύντα
564 2134 597 2153 τε
610 2125 709 2154 πᾶσαν
718 2125 767 2154 τὴν
777 2125 875 2155 σκευῆν
889 2125 938 2153 και
953 2124 1055 2158 λαβόν-

337 2177 379 2194 τα
401 2178 449 2196 την
469 2165 581 2205 κιθάρην
593 2172 660 2197 ..etc
699 2166 769 2209 (5.)
784 2167 884 2200 Σκεῧος
904 2167 934 2197 in
958 2169 1000 2198 N.
1021 2169 1057 2199 F.

336 2209 414 2239 duas
445 2209 620 2249 peculiares
649 2209 888 2249 significationes
914 2211 1054 2241 obtinet:

338 2263 426 2282 unam
455 2263 514 2292 qua
537 2253 664 2294 ponitur
689 2264 746 2293 pro
771 2254 848 2283 malo
871 2256 964 2291 navis,
986 2256 1058 2285 Act.

340 2296 442 2325 xxvii.
474 2299 525 2326 17.
558 2296 749 2337 χαλάσαντες
779 2297 813 2326 τὸ
843 2299 940 2333 σκεῦος
969 2297 1058 2333 οὕτως

338 2338 475 2379 ἐφέροντο.
501 2339 553 2369 ubi
576 2340 652 2370 licet
673 2341 726 2371 alii
748 2351 811 2380 vas,
831 2341 886 2375 alii
908 2342 1058 2380 scapham,

340 2383 393 2412 alii
412 2384 509 2413 velum
524 2383 685 2424 interpret.
704 2384 783 2414 malo
798 2388 898 2420 tamen
911 2395 968 2424 pro
984 2386 1060 2416 malo

342 2436 476 2463 sumere,
490 2437 561 2456 cum
574 2428 694 2457 duobus
706 2428 769 2457 illis
786 2427 943 2458 literarum
958 2428 1059 2459 heroi-

343 2470 410 2505 bus,
428 2470 472 2499 H.
487 2476 518 2500 et
530 2471 807 2510 G.;alteram‚qua
823 2472 921 2507 σκεῦος
935 2471 1058 2511 proho-

343 2514 431 2548 mine,
454 2524 508 2543 seu
531 2523 652 2553 corpore
672 2514 809 2550 humano,
826 2520 919 2554 myst.
941 2520 972 2545 et
995 2527 1059 2547 me-

343 2556 428 2595 taph.
445 2557 588 2595 ponitur3
615 2563 647 2587 ut
662 2557 820 2597 ὄστράκινον
835 2559 944 2594 σκεῦος,
958 2569 1007 2589 vas
1018 2565 1060 2589 te-

343 2605 472 2629 senceum
484 2600 652 2640 autfictile,
665 2601 904 2642 corpusfragile,
921 2601 1062 2642 θησαυρὸν

345 2647 405 2672 etc.
419 2642 454 2683 [2
467 2644 538 2672 Cor.
553 2643 651 2683 iv.7.]
663 2645 708 2674 sio
719 2645 829 2674 mulier
843 2645 958 2676 (licitur
968 2646 1060 2675 cio-Ss-

344 2685 470 2726 νέστερον
483 2687 581 2720 σκεῦος
598 2686 632 2726 [1
652 2688 722 2717 Pet.
740 2688 785 2718 iii.
801 2689 862 2729 7.]‚
876 2693 907 2718 et
923 2689 1062 2727 possidet

346 2730 555 2769 unusquisque
578 2729 612 2759 τὸ
636 2732 735 2764 σκεῦος
758 2730 871 2767 ἑαυτοῦ,
891 2743 940 2762 vas
963 2742 1061 2769 suum,

343 2783 449 2811 cm‘pus
469 2783 568 2809 suum,
590 2774 619 2803 in
637 2779 734 2803 sanct.
755 2778 786 2803 et
807 2786 876 2814 pur.
899 2775 933 2815 [1
950 2776 1062 2806 Thess.

345 2818 389 2846 iv.
408 2817 455 2858 4.]
488 2817 557 2846 Nec
576 2817 654 2846 enim
675 2827 748 2847 uror
767 2818 811 2847 ibi
830 2829 885 2858 per
902 2830 1001 2852 σκευος
1018 2820 1063 2849 in-

345 2860 444 2898 tellig.
462 2864 494 2889 ut
513 2861 559 2890 vir
571 2861 699 2890 doctiss.
716 2865 814 2900 putat.
838 2864 887 2903 (6.
902 2867 933 2891 et
946 2862 1063 2902 ultim.)

347 2905 383 2933 In
407 2904 448 2932 N.
468 2902 583 2933 ibidem
604 2904 642 2934 F.
667 2905 680 2933 ἦ
705 2905 790 2935 σκευῆ
820 2904 849 2933 in
875 2905 954 2944 sing.
980 2905 1063 2935 idem

346 2947 468 2977 omnino
483 2951 531 2976 est
549 2948 630 2987 quod
652 2947 701 2977 hic
717 2950 758 2978 τὰ
776 2947 859 2978 σκεύη
881 2948 911 2978 in
931 2948 1012 2987 plur.
1033 2949 1062 2979 iu

346 2991 415 3020 loco
425 2990 495 3020 Act.
504 2992 567 3029 Jam
580 2990 634 3020 cit.
647 2990 714 3031 [19.
717 2991 730 3033 ]
742 3002 792 3022 τνν
802 3002 901 3024 σκευην
909 2992 958 3020 τοῦ
968 2991 1066 3022 πλοίου

346 3031 509 3075 ἐρῤίψαμεν,
526 3034 576 3064 ubi
596 3036 679 3066 Beza
694 3040 875 3066 armamenta
898 3035 983 3066 navis
1010 3036 1063 3066 ali-

698 196 980 239 STANLEII
1015 195 1494 239 ANNOTATIONES

1072 305 1160 343 cujus
1180 304 1366 341 rectissime,
1385 305 1531 345 quicquid
1549 304 1580 335 in
1601 304 1787 335 contrarium

1073 347 1180 377 ass'erat
1196 348 1242 379 vir
1254 358 1394 384 magnus,
1404 349 1455 388 qui
1468 358 1573 381 merces
1587 358 1676 387 quam
1690 359 1787 378 arma-

1072 397 1172 421 menta
1182 391 1314 430 intelligi
1328 393 1522 429 mavult,nec
1531 391 1604 421 satis
1617 391 1705 430 capio
1714 390 1787 429 quid

1076 434 1163 469 velit,
1170 434 1222 474 qui
1230 435 1301 464 dist.
1311 435 1388 465 inter
1394 438 1449 466 τῶν
1458 434 1563 467 caedam
1572 440 1603 465 et
1611 437 1665 464 τῶν
1675 436 1787 464 σκευῶν.

1077 478 1180 507 Primo
1199 476 1335 519 (inquit)
1354 480 1417 518 agit
1437 479 1477 509 de
1493 480 1579 518 jactu
1599 481 1655 508 τῶν
1676 476 1791 513 σκεύων,

1076 521 1188 551 deinde
1214 523 1269 551 τῶν
1293 524 1408 552 σκευῶν.
1434 526 1465 552 et
1490 532 1562 551 mox
1586 521 1661 551 citat
1687 521 1789 550 locum

1076 575 1116 594 ex
1139 565 1209 594 Jon.
1233 565 1254 595 i.
1278 568 1308 596 5.
1335 565 1384 594 καὶ
1406 563 1521 598 ἐκβολὴν
1546 563 1714 596 ἔποιησαντο
1734 565 1791 592 τῶν

1077 607 1180 638 σκεύων
1196 610 1252 637 τῶν
1266 607 1292 638 ἐν
1308 620 1348 637 τω
1365 608 1464 648 πλοίῳ
1480 608 1522 638 ita
1537 607 1618 639 enim
1634 607 1696 646 legi
1714 607 1792 642 vult,

1078 661 1147 680 cum
1171 651 1262 681 hodie
1289 642 1425 693 (iuquit)
1451 654 1507 681 τῶν
1531 653 1636 681 σκευῶν
1659 650 1791 689 legatur.

1078 694 1161 731 quod
1176 695 1282 724 mirum
1296 706 1368 725 sane
1383 695 1562 734 mysterium
1580 699 1627 723 est
1643 693 1672 724 in
1689 704 1720 722 re
1734 692 1795 722 cri-

1078 736 1151 773 tica,
1174 747 1208 766 ac
1225 739 1250 767 si
1267 738 1362 768 ullum
1382 744 1465 770 esset
1488 739 1517 768 in
1540 742 1667 768 accentu
1685 734 1794 766 discri-

1078 790 1147 809 men
1164 780 1242 810 inter
1262 781 1318 810 hos
1338 782 1401 810 duo
1417 792 1487 820 gen.
1503 781 1585 821 plur.
1603 779 1637 810 τὸ
1651 790 1748 813 σκευος
1761 783 1793 808 et

1078 823 1092 852 ἦ
1111 823 1207 854 σκευή.
1232 834 1266 853 ac
1287 824 1317 854 si
1338 834 1407 863 gen.
1424 824 1504 863 plur.
1525 835 1542 854 a
1561 823 1595 854 τὸ
1618 824 1714 858 σκεῦος
1733 832 1795 852 non

1078 876 1165 905 aeque
1178 867 1325 897 circumfl.
1337 868 1393 897 ult.
1405 870 1519 902 σκευῶν,
1531 878 1567 896 ac
1581 877 1599 896 a
1615 867 1686 896 fem.
1698 868 1797 901 σκευὴ,

1078 908 1209 946 σκευὲων,
1232 913 1276 946 ἂν,
1301 915 1332 940 et
1351 909 1479 953 τειχέων,
1498 912 1544 946 ῶν,
1563 914 1594 940 et
1610 909 1726 950 μερέων,
1748 911 1796 944 ῶν,

1079 954 1162 992 quod
1181 953 1230 983 hio
1247 954 1348 984 statim
1365 954 1516 993 sequitur.
1537 953 1600 983 Sed
1616 953 1706 984 facile
1722 963 1795 992 pro-

1080 999 1162 1026 t'ecto
1179 997 1244 1026 fieri
1259 1001 1372 1036 potest,
1382 1003 1415 1027 ut
1428 997 1561 1027 rationes
1573 1001 1754 1028 accentuum
1764 1000 1796 1031 et

1081 1039 1216 1070 minutia:
1234 1041 1279 1070 lxae
1297 1041 1401 1071 Gram.
1419 1041 1551 1080 fugerint
1568 1040 1666 1069 virum
1682 1039 1799 1069 doctis-

1082 1084 1205 1119 simum,
1222 1084 1332 1114 altiora
1348 1089 1379 1114 et
1394 1084 1538 1123 graviora
1553 1083 1760 1113 meditantem.

1125 1127 1162 1157 P.
1181 1129 1255 1158 ⁰290.
1273 1130 1302 1157 1.
1324 1125 1357 1157 ἐκ
1371 1129 1421 1157 τοῦ
1437 1127 1665 1169 διαγράμματος
1682 1126 1794 1167 νεῖμαι]

1081 1180 1114 1199 ex
1140 1170 1254 1206 tabula,
1283 1171 1332 1201 vel
1357 1172 1474 1211 scripto,
1502 1170 1686 1201 distribuere.
1723 1170 1795 1199 Vox

1081 1213 1258 1254 διάγραμμα
1274 1213 1446 1254 πολύσημος
1457 1218 1516 1244 est.
1538 1214 1600 1243 Sed
1615 1214 1684 1243 duae
1700 1213 1798 1252 potis-

1083 1257 1191 1286 simum
1203 1259 1269 1296 ejus
1282 1257 1523 1297 significationes
1538 1261 1702 1286 occurrunt
1714 1256 1797 1295 apud

1083 1304 1239 1336 auctores,
1263 1301 1486 1332 Mathematica
1516 1305 1547 1330 et
1570 1300 1711 1330 Politica.
1756 1301 1799 1329 Et

1085 1342 1237 1382 imprimis
1262 1355 1352 1374 sensu
1379 1343 1600 1374 Mathematioo
1620 1343 1798 1383 διάγραμμα

1084 1391 1131 1415 est
1148 1387 1196 1417 vel
1209 1387 1367 1418 Geometri
1379 1388 1426 1418 vel
1444 1386 1570 1418 Musici.
1613 1387 1705 1427 Apud
1719 1387 1801 1416 Geo-

1084 1434 1197 1460 metras
1213 1430 1390 1472 διάγραμμα
1415 1431 1511 1471 figura
1533 1434 1583 1460 est
1599 1441 1654 1460 seu
1676 1430 1800 1460 schema

1084 1474 1165 1512 qnod
1187 1485 1230 1503 ex
1247 1474 1406 1504 elementis
1426 1478 1559 1509 constat,
1576 1479 1649 1514 puta
1666 1474 1802 1513 triangu-

1084 1517 1131 1546 lus
1147 1529 1176 1546 α.
1195 1517 1226 1550 β.
1251 1530 1281 1556 γ.
1304 1517 1522 1559 διαγράμματα
1540 1522 1611 1553 sunt
1633 1517 1801 1557 descriptae

1084 1560 1190 1590 formae
1221 1572 1260 1591 ex
1287 1561 1448 1596 elementis
1479 1559 1670 1600 compositae,
1696 1560 1802 1600 quales

1084 1609 1208 1634 exstant
1238 1605 1321 1644 apud
1352 1605 1528 1635 Euclidem.
1581 1605 1629 1634 lta
1655 1614 1729 1633 usus
1756 1608 1805 1633 est

1085 1647 1212 1677 Aristot.
1229 1648 1269 1677 de
1284 1649 1379 1686 Sopli.
1396 1649 1526 1679 Elench.
1543 1647 1577 1678 ii.
1601 1651 1630 1677 1.
1645 1646 1802 1699 συμβαίνει

1085 1689 1114 1720 δέ
1133 1702 1216 1745 ‘tro-rs,⁷
1231 1690 1396 1742 καθάπερ’
1387 1703 1413 1722 εν
1431 1704 1492 1726 τοις
1513 1691 1745 1731 διαγράμμασιν,
1759 1702 1804 1720 ου·

1085 1745 1128 1763 τω
1143 1734 1190 1763 καῖ
1203 1733 1228 1763 ἐν
1243 1746 1303 1768 τοις
1319 1733 1461 1777 ἐλέγχοις,
1472 1740 1505 1765 ut
1516 1735 1547 1764 in
1561 1733 1803 1773 descriptionibus

1087 1776 1318 1812 ΜαίΙιεηιαιὶοθε,
1334 1779 1378 1807 ita
1394 1779 1481 1808 etiam
1503 1778 1536 1807 in
1554 1777 1688 1807 elenchi&
1734 1777 1804 1807 Xe-

1085 1820 1178 1858 noph.
1198 1822 1290 1850 Mem.
1312 1820 1332 1849 l.
1349 1820 1390 1850 iv.
1409 1822 1456 1862 [7.
1475 1821 1520 1862 3.]
1538 1820 1571 1850 τὸ
1588 1819 1617 1850 δὲ
1635 1819 1728 1862 μέχρι
1747 1823 1804 1851 τῶν

1086 1861 1259 1902 δυσξυνέτων
1282 1863 1520 1915 διαγραμμάτων
1534 1863 1711 1904 γεωμετρίαν
1728 1875 1806 1904 μαν-

1086 1905 1178 1935 θάνειν
1191 1904 1411 1948 ἀπεδοκίμαζεν.
1430 1907 1484 1938 ubi
1498 1907 1718 1947 διαγράμματα
1734 1912 1805 1939 sunt

1086 1950 1275 1980 theoremata
1298 1945 1501 1982 Geometrica.
1534 1952 1664 1981 Habent
1688 1956 1719 1981 et
1735 1952 1808 1981 Mu-

1088 1993 1146 2023 sici
1164 2004 1219 2023 sua
1233 1994 1464 2036 διαγράμματαε
1482 1999 1555 2024 sunt
1570 1998 1669 2025 autem
1685 2005 1729 2024 eae
1751 1995 1805 2024 de-

1088 2037 1272 2076 scriptiones
1447 2048 1486 2068 ex
1506 2038 1620 2078 quibus
1634 2038 1807 2078 composita

1088 2081 1181 2110 fuerit
1197 2081 1327 2119 alicujus
1342 2079 1455 2111 cantici
1470 2081 1638 2111 harmonia.
1677 2083 1807 2111 Constat

1089 2123 1267 2165 hujusmodi
1282 2123 1460 2165 διάγραμμα
1474 2136 1513 2155 ex
1530 2127 1549 2155 5
1563 2125 1613 2155 vel
1626 2127 1644 2155 6
1658 2123 1807 2166 (opinor)

1090 2166 1191 2204 lineis,
1215 2168 1310 2198 certis
1335 2169 1519 2207 quibusdam
1542 2168 1624 2198 notis
1649 2172 1680 2198 et
1703 2169 1808 2198 chara-

1091 2211 1228 2241 cteribus
1251 2210 1380 2251 signatis
1405 2216 1437 2241 et
1460 2210 1681 2252 interpunctis:
1705 2215 1737 2242 et
1759 2216 1809 2242 est

1092 2254 1158 2284 haec
1188 2254 1277 2296 quasi
1312 2254 1463 2294 scriptura
1498 2259 1640 2285 tonorum
1669 2259 1700 2284 et
1730 2253 1809 2285 soni.

1094 2297 1296 2328 Pulcherrimi
1320 2297 1411 2339 hujus
1438 2297 1556 2328 inventi
1580 2301 1688 2328 auctor
1713 2298 1810 2328 fuisse

1093 2341 1274 2380 perhibetur
1298 2341 1490 2372 Stratonicus
1516 2341 1628 2372 Athen.
1657 2341 1811 2372 Citharoe-

1092 2387 1163 2415 dus.
1207 2386 1256 2414 lta
1279 2384 1358 2414 enim
1385 2385 1423 2415 de
1449 2395 1486 2415 eo
1509 2384 1614 2414 nescio
1632 2385 1702 2425 quis
1727 2385 1810 2424 apud

1093 2428 1205 2459 Athen.
1227 2427 1309 2468 [viii.
1332 2428 1400 2468 12]
1427 2427 1608 2468 Στρατόνικος
1627 2428 1639 2457 ὅ
1662 2427 1811 2463 Ἀθηναῖος

1093 2471 1170 2501 δοκεῖ’
1180 2472 1228 2502 τὴν
1245 2471 1438 2512 ’πολυχορδίαν
1456 2471 1494 2506 εἷς
1509 2472 1558 2502 τὴν
1576 2470 1662 2510 ψιλὴν
1676 2470 1812 2511 κιθάρισιν

1094 2517 1204 2555 πρῶτος
1223 2514 1395 2553 εἰσενεγκεῖν,
1410 2514 1458 2543 καὶ
1475 2518 1586 2554 πρῶτος
1604 2513 1743 2555 μαθητὰς
1757 2518 1813 2545 τῶν

1093 2560 1229 2598 ἁρμονιῶν
1241 2556 1342 2593 ἔλαβε,
1351 2558 1399 2587 καὶ
1413 2558 1592 2598 διάγραμμα
1604 2558 1813 2589 συνεστήσατο.

1095 2603 1149 2632 ubi
1173 2601 1353 2641 διάγραμμα
1369 2601 1582 2631 συστήσασθαι
1604 2607 1651 2631 est
1667 2612 1811 2635 sonorum

1096 2649 1262 2684 systemata
1283 2644 1315 2674 in
1341 2645 1453 2674 tabella
1476 2645 1663 2681 describere.
1685 2650 1716 2676 et
1740 2655 1811 2684 spe-

1095 2690 1206 2719 ctanda
1220 2688 1319 2717 oculis
1332 2687 1490 2718 exhibere.
1514 2689 1617 2728 Atque
1629 2688 1698 2718 hinc
1709 2698 1813 2718 mana-

1095 2733 1139 2762 vit
1164 2731 1361 2772 proverbium
1385 2732 1425 2761 de
1453 2742 1490 2760 eo
1514 2732 1566 2770 qui
1592 2731 1673 2761 idem
1699 2732 1814 2770 saepius

1095 2775 1173 2805 dicit
1187 2780 1219 2805 et
1231 2775 1337 2804 eadem
1354 2775 1476 2809 oberrat
1487 2775 1611 2806 chorda.
1621 2772 1674 2814 ἀφ’
1688 2773 1742 2809 ἑνος
1754 2774 1814 2805 δια-

1096 2819 1278 2860 γράμματος
1297 2818 1339 2848 ἂει
1354 2816 1388 2847 τὸ
1409 2829 1480 2849 αυτο
1495 2815 1647 2857 ὑποκρεκει.
1668 2817 1754 2849 Plut
1774 2819 1813 2850 de

1097 2863 1190 2891 discr.
1211 2862 1294 2891 adul.
1316 2868 1347 2891 et
1370 2862 1458 2895 amic
1484 2859 1708 2900 [ο.16.]ὃ’θεν,
1726 2861 1816 2901 ὥςπερ

1097 2904 1251 2945 αρμονικός,
1266 2904 1279 2934 ὅ
1295 2904 1375 2943 φίλος
1389 2905 1427 2945 τῇ
1441 2902 1507 2943 πρὸς
1522 2903 1556 2933 τὸ
1571 2903 1656 2938 καλὸν
1669 2914 1717 2933 και
1733 2916 1815 2944 συμ-

1098 2948 1174 2989 φέρον
1195 2947 1363 2990 μεταβολν,
1376 2949 1416 2978 τὰ,
1430 2947 1487 2998 μὲν
1508 2946 1633 2982 ἐνδιδους,
1648 2949 1688 2977 τὰ
1711 2945 1734 2976 δ
1752 2959 1814 2978 επι-

1098 2991 1200 3028 τείνων,
1223 2991 1373 3024 «πολλάκις
1395 2991 1452 3030 μὲν
1469 2990 1545 3043 ᾗδυς,
1560 2990 1602 3021 ἀεὶ
1626 2989 1651 3020 δ’
1673 2989 1817 3030 ὧφὲλιμόι

1098 3034 1187 3066 ἔστιν·
1203 3035 1215 3064 ὁ
1236 3034 1264 3065 δὲ
1279 3033 1384 3075 κόλαξ,
1399 3032 1452 3076 ἀφ’
1466 3033 1520 3069 ἐνος
1534 3034 1758 3074 διαγράμματος
1773 3033 1816 3066 ἀεὶ
