1931 3323
325 215 409 256 276

329 322 376 348 est
399 328 433 348 ac
455 317 481 347 si
497 317 640 354 dixisset,
659 316 826 356 ἔπιδείξω,“
816 316 859 346 σ’τι
876 319 954 352 ποιῶ,
977 316 1025 346 vel

329 358 478 392 πεποίηκα.
495 361 618 399 planum
630 360 757 401 faciam,
779 369 821 388 me
831 358 950 399 facere,
972 364 1025 388 aut

318 404 423 446 fecisse
452 406 558 439 omnia,
587 412 648 442 quae
675 412 718 431 me
739 401 843 442 facere
866 412 923 440 par
952 407 1025 436 erat,

328 447 430 487 quippe
442 448 491 486 qui
501 446 658 495 producam
670 450 758 474 testes.

369 507 412 512 --
426 492 477 520 24.
495 485 660 528 προεκρίθην]
677 488 740 517 scil.
752 485 927 527 κληροῦσθαι.

369 550 412 555 --
431 534 481 562 25.
504 530 622 570 τούτων]
645 541 699 569 pro
722 530 886 566 Eubulide,
908 533 939 559 et
961 530 1026 568 ejus

327 575 492 605 sodalibus.

370 636 412 640 —
427 617 501 646 ibid.
517 617 625 657 τοῦτον]
641 616 738 654 ipsum
757 615 950 651 Eubulidem,
965 617 1027 654 qui,

327 665 361 690 ut
376 660 564 694 demarchu⁸‚
578 660 760 693 necessario,
775 659 813 687 de
826 668 919 693 more,
935 659 1027 688 sacris

327 703 464 734 omnibus
476 702 636 731 demoticis
651 702 804 730 intererat.

371 748 464 776 1314.
480 748 509 775 6.
527 744 573 774 τὸν
588 742 674 783 καιςόν
689 761 731 766 —
745 742 770 772 ὃν
783 742 881 782 οὐδεὶς]
901 754 967 773 cum
985 744 1026 773 ci

328 789 408 818 vitas
423 789 599 818 decerneret
618 787 841 825 inquisitionem
857 787 886 814 in
908 787 1028 825 inquili-

327 842 382 861 nos
395 833 465 870 jura
483 831 614 860 civitatis
631 831 704 858 falso
722 832 900 868 usurpantes
915 839 922 864 3
946 830 1028 867 quod

326 879 445 912 tempus
472 883 558 903 nemo
588 878 650 902 tum
681 876 767 901 norat
798 881 924 909 unquam
956 882 1027 902 ven-

327 922 435 947 turum.

368 976 411 982 -ι
426 961 476 989 12.
499 957 593 992 ἐκεῖνος
612 958 666 998 μὲν
686 958 697 987 ὁ
717 957 822 998 καιςός]
847 957 920 987 illud
943 957 1026 997 prius

326 1006 455 1041 tempus,
471 1012 562 1041 quum
577 1002 707 1031 demotae
728 1012 774 1031 me
790 1001 912 1039 dignum
936 1001 1026 1031 liabe-

326 1049 403 1079 rent,
418 1055 505 1084 quem
522 1045 714 1074 admitterent
726 1045 761 1073 ad
781 1044 967 1073 sortiendum
978 1055 1027 1074 su·

325 1098 381 1127 per
397 1098 484 1117 sacro
498 1088 671 1118 Herculano
686 1087 835 1116 faciendo.

368 1149 409 1155 -
426 1132 478 1160 17.
493 1130 531 1170 εἰ]
552 1135 622 1170 post
644 1129 782 1171 ἀχθεσθῇ
800 1129 910 1159 ᾱεῖενί.
927 1130 1025 1160 cohae-

324 1178 393 1204 rent
406 1175 497 1204 verba
508 1174 586 1204 inter
599 1184 630 1203 se
643 1175 687 1203 sic
699 1184 706 1202 z
721 1172 775 1211 ἐγὼ
786 1172 926 1212 ὑπείληφα
937 1172 1028 1212 ἐμαυ-

325 1216 371 1246 τὸν
394 1215 547 1247 Ἀθηναῖον.
565 1222 675 1246 caetera
696 1215 743 1245 καί
760 1227 810 1254 μοι
829 1226 923 1254 usque
941 1217 1009 1244 ad
993 1228 1027 1244 α-

320 1259 445 1301 χθεσὲη
457 1260 645 1298 parenthesis
658 1258 1028 1296 includendasuntsignis.

366 1305 475 1332 -2.1
487 1300 713 1342 ἐξελεγχομένοις
722 1319 764 1323 -—-
773 1300 1028 1340 ἀποκξυπτομὲνοις

325 1363 365 1367 -
374 1344 639 1385 πςοσωοιουμένοις]
649 1345 728 1374 idem
739 1348 785 1372 est
795 1353 829 1372 ac
842 1344 867 1372 si
880 1343 1023 1373 dixisset:

325 1387 501 1441 ἔξελεγχομξ
505 1399 565 1422 νοις,
590 1387 633 1416 ὅτι
669 1385 783 1419 τούτους
816 1385 872 1424 μὲν
905 1386 1025 1425 &mugni—

325 1442 464 1465 νιπτονται,
479 1434 514 1459 ὡν
529 1431 595 1466 εἶσὶ,
607 1430 819 1469 πξοσποιοῦνται
835 1428 863 1458 δὲ
875 1428 979 1458 τούτων
988 1428 1025 1459 εῖ-

325 1485 380 1510 ναι,
396 1485 430 1502 ων
445 1485 491 1503 ουκ
505 1472 568 1503 eifft'.

366 1535 409 1539 —-
424 1518 476 1546 27.
490 1514 558 1545 ἀλλ’
571 1515 597 1544 εἶ’
608 1516 727 1545 τοιοῦτον
741 1513 872 1557 συνῄδειν]
894 1515 961 1545 scil.
977 1514 1026 1544 αὐ-

324 1559 394 1596 τοῖς,
410 1557 542 1594 δηλονότι,
559 1559 658 1591 αὐτοὺς
672 1557 735 1587 εῖναι
749 1557 844 1596 ξένους.

366 1620 409 1625 —
425 1601 499 1631 ibid.
526 1600 667 1642 ἐζήτησα]
698 1602 769 1630 dedi
795 1600 910 1639 ἐξίῃ-»ω’
943 1599 1026 1640 [cum

323 1644 527 1684 apostropha]
543 1645 585 1674 ἄν.
600 1645 782 1684 qaaesivz'ssem
798 1650 929 1682 parentes
943 1644 1025 1679 alios,

324 1688 425 1728 quibus
451 1689 507 1727 ipse
531 1693 630 1716 memet
657 1689 784 1717 oratione
806 1697 985 1727 arrogarent,
1002 1687 1026 1715 si

324 1732 454 1760 conscius
478 1731 545 1760 meis
569 1730 736 1768 parentibus
747 1728 884 1769 fuissem,
907 1740 950 1759 eos
972 1740 1026 1759 esse

320 1775 495 1813 peregrinos.
510 1783 564 1802 seu
581 1773 619 1801 de
636 1772 710 1802 meis
727 1774 750 1802 si
766 1773 837 1801 mihi
855 1778 937 1802 certo
954 1783 1025 1801 con-

325 1815 467 1851 stitisset,
489 1826 541 1845 eos
562 1825 629 1846 esse
646 1815 838 1855 peregrinos,
856 1819 907 1845 aut
922 1815 1026 1844 condi-

324 1858 414 1888 tionis
433 1859 566 1888 servilis.

367 1903 460 1931 1315.
477 1904 507 1932 2.
531 1900 742 1942 ὄφελουμὲνους]
764 1901 883 1931 correxi
898 1902 986 1940 ὢφελ.
1008 1913 1026 1931 a

322 1954 365 1974 me
380 1945 507 1981 auditos,
523 1950 647 1979 ornatos,
660 1944 798 1983 beneficiis
811 1945 983 1974 cumulatos.
996 1949 1027 1974 et

323 1987 367 2017 sic
379 1998 497 2026 quoque
511 1986 573 2016 siue
589 1987 682 2016 dubio
697 1987 828 2016 VVolfius
839 1992 1025 2016 exaraverat.

364 2048 406 2053 —
419 2033 470 2060 16.
485 2029 672 2070 Ἀπόλλωνος]
695 2029 777 2059 Citat
793 2030 822 2059 h.
835 2029 855 2058 Ι.
873 2030 1026 2069 Hau-poor.

322 2083 352 2103 v.
366 2071 515 2102 Ἀπόλλων
530 2073 668 2112 πατρῷος.

363 2133 405 2138 —-
421 2117 471 2146 25.
495 2117 547 2146 ποῦ
562 2113 592 2144 τί
611 2114 744 2156 ποιήσεις]
768 2115 887 2145 videtur
902 2115 951 2145 hic
973 2116 1025 2145 ad-

323 2158 456 2188 dendum
480 2169 548 2188 esse
567 2156 710 2198 φαίνομαι.
734 2158 853 2188 ubinam
869 2157 1025 2196 deprehen-

322 2202 376 2231 dor
386 2200 493 2241 fecisse
515 2201 638 2240 aliquid,
659 2205 687 2229 et
708 2201 851 2240 quodnam
873 2207 911 2231 est
936 2201 1024 2237 illud,

322 2245 396 2284 quod
409 2242 722 2283 deprehentlorfhcisse,
739 2253 846 2279 eorum,
861 2254 923 2284 quae
939 2261 991 2274 -—.

363 2304 406 2309 -—
418 2289 469 2317 27.
487 2286 498 2316 ὁ
513 2285 581 2325 ἐμὸς
596 2286 704 2326 πατὴρ]
718 2284 819 2315 malim
833 2292 901 2316 ante
918 2296 1022 2316 vocem

321 2334 506 2368 postremam
519 2328 623 2358 addito
639 2333 786 2358 commate
798 2333 828 2358 et
840 2329 966 2359 articulo
980 2330 1023 2358 sic

319 2372 394 2411 legi,
415 2372 427 2400 ὁ
452 2371 520 2412 ἐμὸς
543 2371 688 2411 [subaudi
709 2371 866 2413 νω-άππος],
885 2372 1023 2411 ammte.

320 2415 370 2444 ubi
390 2417 485 2453 patris
500 2417 555 2445 mei
577 2425 661 2450 avus,
675 2414 727 2444 ubi
749 2418 843 2453 patris
865 2421 961 2453 pater,
974 2415 1023 2444 ubi

318 2463 403 2495 pater
418 2460 483 2496 ipse.
499 2462 533 2487 ut
550 2461 612 2487 tres
626 2457 698 2492 sint,
714 2468 772 2486 nou
793 2458 864 2492 duo,
879 2458 1021 2496 quemad-

321 2500 442 2529 modum
462 2501 492 2530 iu
514 2501 647 2539 vulgata,
666 2500 890 2530 commemorati
910 2501 1022 2530 actoris

321 2544 460 2581 majores.
475 2546 505 2572 et
521 2543 563 2572 sic
584 2543 682 2572 nullus
699 2543 837 2574 dubitavi
860 2553 926 2573 meo
943 2543 1022 2583 peri-

322 2585 394 2614 culo,
406 2585 574 2615 emendare.

325 2656 328 2659 .
365 2630 460 2658 1316.
477 2631 506 2657 4.
527 2629 746 2668 μαρτυροῦντας,
771 2628 935 2670 ὀμνύοντας]
958 2640 1021 2658 sus-

320 2670 373 2700 tuli
387 2681 513 2705 comma,
526 2675 553 2700 et
567 2682 578 2699 ο
591 2671 741 2708 posterius
758 2682 774 2700 e
788 2682 863 2702 voce
878 2673 1020 2702 secunda.

321 2715 344 2743 si
359 2719 498 2743 testentur
501 2714 604 2751 jurati
617 2723 644 2742 se
658 2723 712 2742 esse
727 2720 869 2753 cognatos.

364 2773 405 2778 —-
421 2759 450 2787 8.
471 2755 674 2795 Ἁλιμουσίων]
692 2755 772 2785 Citat
788 2756 849 2786 h.l.
869 2758 1020 2797 Harpocr.

323 2809 353 2828 v.
364 2797 548 2838 Ἀλιμούσιοι.

363 2859 404 2864 ——
417 2845 467 2871 10.
484 2840 550 2881 παρ’
564 2842 657 2882 ὑμῶν]
673 2841 744 2870 dedi
758 2852 815 2882 παρ
838 2843 913 2880 ὑμῖν.

363 2887 468 2915 -12,
493 2883 577 2924 οὐδὲν]
600 2884 725 2914 exaravi
749 2894 815 2913 cum
838 2887 1022 2926 apostropho

321 2926 412 2962 οὐδέν’,
427 2932 459 2956 ut
476 2933 556 2957 esset
572 2938 627 2966 pro
643 2925 742 2957 οὐδένα.
761 2928 900 2956 neminem
916 2939 933 2956 a
949 2929 1022 2958 iobis

311 2969 408 3009 fuisse
425 2971 574 3008 privatum
588 2971 776 3005 exclusumve,
793 2970 828 3000 ab
850 2972 1020 3006 accusando,

319 3018 372 3042 aut
383 3024 401 3042 α
415 3011 605 3052 defendendo.

696 211 732 254 Ι.
755 211 790 254 Ι,
812 211 1034 252 REISKE
1067 210 1389 252 ANNOTATA

1102 333 1144 338 —-
1162 319 1211 346 17.
1226 315 1255 356 ὃ]
1276 318 1410 354 correxi,
1425 315 1457 358 οἵ.
1479 329 1536 358 qna
1551 327 1592 353 re,
1608 327 1664 358 quo
1678 318 1762 348 immi-

1059 363 1132 388 tuto.

1101 419 1143 424 —
1161 404 1210 431 18.
1233 400 1413 437 Βουλεύοντας
1428 401 1615 444 ἐξελέγχετε]
1640 402 1762 432 correxi

1060 442 1287 477 ἐπιςουλεύοντας
1311 444 1495 486 ἐξηλέγχετε,
1519 447 1547 475 in
1573 446 1762 485 impeffecto,

1061 488 1100 516 ob
1115 487 1302 525 praemissum
1317 489 1511 527 ἀπεστεξειτε,
1528 499 1565 518 ex
1583 488 1762 518 auctoritate

1061 530 1240 569 Augustani.
1259 535 1310 559 aut
1326 532 1351 560 si
1373 530 1543 572 ἐξελέγχετε
1564 532 1640 561 bene
1660 532 1761 564 habet,

1061 577 1124 601 tum
1138 574 1321 612 ἀποστερεῖτε
1336 574 1419 609 item,
1434 574 1462 603 in
1479 574 1634 613 praesenti,
1650 574 1706 603 erit
1721 583 1762 602 ex

1062 617 1140 652 Aug.
1159 616 1400 646 adsciscendum.

1105 676 1146 680 —-
1163 661 1213 689 22.
1231 658 1305 699 παρ’
1320 660 1399 700 ἡμῖν]
1415 659 1447 689 id
1466 665 1523 696 est,
1539 659 1565 690 ἐν
1578 659 1622 699 τῷ
1636 657 1762 700 ἡμετέρῳ

1062 700 1153 740 δήμῳ,
1166 702 1209 741 τῷ
1221 705 1275 731 τῶν
1287 702 1485 742 Αλιμουσίων.

1103 761 1146 765 -—
1162 735 1212 776 25.
1239 745 1404 786 ἇνὲῐξώπων]
1429 744 1591 775 5οἰ1.εἷσῖν
1613 743 1761 783 ἀπεψηφι-

1061 785 1168 825 σμένοι.
1191 789 1364 825 expulerant
1386 799 1400 817 e
1424 788 1502 818 demo
1530 797 1581 817 sao
1607 787 1762 817 nonnullos

1058 829 1185 868 grandes
1199 837 1284 861 natu.

1106 875 1119 899 1
1125 873 1198 902 317.
1213 874 1243 902 6.
1254 873 1476 914 δεαχμοιςᾚῐηο
1491 882 1563 903 vero
1576 873 1661 912 μνᾶς.
1676 873 1762 912 quin-

1061 924 1119 952 que
1135 915 1284 944 drachmae
1302 926 1416 946 summa
1431 921 1501 945 sunt
1519 915 1589 944 aeris
1603 915 1690 945 nimis
1705 915 1762 945 mi-

1060 962 1141 987 nuta.
1167 958 1271 988 decem
1299 959 1465 995 drachmas,
1488 958 1514 988 si
1536 958 1614 987 inter
1635 960 1687 988 73.
1710 959 1763 988 de-

1060 1005 1156 1030 motas
1171 1001 1303 1038 dividas,
1313 1001 1425 1041 singuli
1439 1003 1492 1032 vix
1508 1001 1615 1031 obolos
1626 1000 1762 1040 singulos

1060 1043 1221 1083 accipiant.

1104 1104 1144 1109 —
1161 1098 1228 1127 pen.
1250 1087 1293 1127 τῷ
1311 1098 1395 1118 τουτο
1416 1088 1511 1124 δηλον;
1534 1085 1594 1127 δ’τι]
1618 1086 1694 1116 forte
1718 1085 1763 1116 sic

1059 1133 1104 1159 est
1115 1121 1380 1170 distinguendum:
1402 1130 1445 1170 τῷ
1458 1131 1561 1167 τοῦτο,
1585 1130 1630 1170 [id
1647 1133 1704 1165 est,
1713 1127 1763 1158 ἐπὶ

1060 1183 1110 1201 τινι
1131 1174 1213 1202 τοῦτο
1231 1173 1356 1212 ἐποίησε]
1373 1184 1428 1203 cur
1446 1175 1503 1203 sic
1499 1175 1512 1197 ἲ
1534 1172 1605 1212 quid
1627 1173 1693 1202 ita?
1714 1182 1763 1201 re-

1061 1216 1191 1253 spondet
1205 1227 1211 1245 :
1236 1216 1351 1252 δῆλον,“
1342 1215 1385 1246 ότι
1398 1234 1437 1240 ·-
1449 1216 1512 1246 ideo
1527 1225 1637 1254 nempe,
1648 1221 1681 1245 ut
1696 1225 1763 1245 con-

1059 1263 1127 1293 stat,
1141 1260 1217 1297 quod
1228 1275 1281 1288 —.

1103 1318 1145 1322 --
1161 1301 1235 1331 ibid.
1257 1302 1400 1342 ἁπάσαις]
1424 1301 1549 1331 subaudi
1570 1299 1682 1340 ψήφοις.
1701 1300 1762 1330 cal-

1060 1342 1133 1372 culis
1147 1345 1274 1373 omnium
1284 1345 1472 1374 demotarum.

1103 1403 1145 1407 --
1160 1386 1213 1415 ult.
1237 1385 1378 1428 πατέρων]
1401 1387 1439 1416 de
1460 1396 1529 1416 meo
1549 1390 1647 1425 patre,
1671 1390 1702 1415 et
1724 1386 1762 1415 de

1061 1431 1147 1467 patre
1163 1429 1337 1459 Eubulidis.

1104 1473 1198 1503 1318.
1221 1475 1252 1503 6.
1261 1472 1391 1522 '‘rozio-mv]
1413 1472 1494 1502 redit
1516 1472 1555 1502 ad
1578 1471 1761 1501 Eubulidam

1061 1515 1187 1554 ejusque
1205 1516 1318 1545 socios.
1335 1521 1365 1545 et
1380 1516 1511 1545 cohaeret.
1526 1525 1593 1544 cum
1610 1513 1700 1547 ὅστις.

1102 1576 1148 1582 —-
1161 1561 1211 1588 10.
1224 1557 1281 1600 δ’τι]
1299 1558 1420 1588 correxi
1435 1557 1490 1588 ὅ’.τε
1506 1568 1583 1588 cum.

1103 1621 1145 1625 —
1154 1602 1227 1632 ibid.
1244 1601 1415 1642 διστάσεως]
1427 1603 1487 1631 sine
1500 1601 1651 1630 discordia.
1660 1599 1762 1630 malim

1060 1649 1158 1676 tamen
1171 1645 1352 1681 συστάσεως,
1365 1646 1425 1674 sine
1432 1643 1578 1684 factione,
1596 1643 1762 1678 collusione,

1059 1689 1278 1728 conspiratione,
1301 1692 1334 1718 ut
1353 1692 1400 1717 est
1420 1687 1450 1716 in
1477 1686 1639 1722 Bavarico,
1661 1691 1693 1716 ut
1716 1686 1762 1717 rei

1061 1732 1206 1770 praeseuti
1222 1729 1463 1760 convenientius.

1102 1792 1144 1796 —
1157 1777 1205 1805 13.
1219 1772 1455 1813 δοκιμασθέντας]
1472 1773 1561 1807 hunc,
1571 1775 1622 1802 aut
1632 1772 1760 1802 similem

1061 1817 1149 1856 hujus
1175 1817 1320 1846 orationis
1345 1817 1445 1846 locum
1473 1815 1501 1845 in
1532 1819 1631 1845 mente
1658 1815 1762 1845 habuit

1061 1859 1213 1900 Harpocr.
1225 1871 1254 1889 v.
1271 1857 1465 1899 δοκιμασθείς.

1102 1921 1143 1926 -
1157 1905 1207 1932 27.
1224 1905 1264 1932 τὰ
1280 1901 1372 1942 ὅπλα]
1387 1906 1480 1937 scuta,
1495 1911 1554 1931 non
1569 1911 1661 1931 arma.

1106 1949 1199 1977 1319.
1215 1947 1245 1975 6.
1262 1944 1358 1984 ἕνεκεν]
1376 1945 1436 1980 vel,
1451 1949 1484 1974 ut
1498 1945 1577 1983 Aug.
1593 1944 1656 1979 dat,
1671 1941 1760 1980 ἕνεκα,

1060 1999 1117 2018 nou
1131 1990 1241 2027 placet.
1284 1987 1440 2017 Sententia
1456 1987 1591 2027 postulat
1605 1986 1695 2022 ὄντων,
1708 1992 1761 2016 aut

1059 2032 1234 2072 εὐποροῦντα,
1254 2036 1304 2060 aut
1327 2030 1424 2060 simile
1448 2030 1531 2069 quid.
1552 2040 1618 2060 cum
1641 2030 1699 2059 sint
1721 2036 1762 2060 tot

1059 2080 1244 2114 argumenta,
1268 2078 1320 2103 aut
1344 2083 1410 2103 cum
1434 2074 1578 2103 abundem
1607 2078 1647 2102 tot
1669 2082 1761 2112 argu-

1059 2118 1162 2147 mentis
1174 2126 1264 2147 causae
1280 2116 1369 2155 hujus
1381 2125 1447 2146 meae
1461 2115 1660 2157 dffendendae.

1100 2177 1143 2182 —
1159 2163 1189 2191 8.
1211 2157 1364 2199 ἀφανίζειν]
1387 2157 1418 2187 ἱιι
1438 2159 1519 2198 Aug.
1543 2161 1590 2187 est
1608 2155 1760 2196 ἀφανίσειν.

1058 2203 1159 2232 malim
1185 2199 1329 2242 ἀφανίσαι.
1356 2201 1395 2231 ob
1419 2201 1612 2240 praemissum
1638 2200 1758 2240 διαπρά-

1058 2244 1181 2283 ξασθαι.

1100 2306 1142 2310 -
1158 2290 1209 2318 10.
1228 2284 1380 2328 ἧάτυχία]
1401 2286 1565 2326 expunctio
1581 2285 1640 2316 mei
1661 2285 1759 2316 nomi-

1057 2330 1102 2360 nis
1119 2341 1158 2360 ex
1173 2331 1242 2360 albo
1258 2331 1455 2359 demotarum.

1098 2390 1140 2397 ——-
1157 2375 1207 2404 15.
1224 2371 1379 2412 καλοῦμεν]
1397 2373 1466 2402 scil.
1481 2372 1636 2411 μάρτυρας.

1099 2433 1141 2439 —-—
1155 2416 1229 2446 ibid.
1242 2414 1316 2457 ἔχων
1330 2417 1378 2445 καὶ
1389 2414 1484 2455 ἄλλα]
1498 2414 1600 2444 addidi
1612 2413 1668 2444 καί.
1684 2413 1758 2445 citat

1057 2458 1085 2488 h.
1101 2458 1122 2488 l.
1135 2459 1289 2489 Aristides
1304 2457 1384 2499 τέχν.
1400 2469 1432 2497 p.
1448 2460 1520 2489 132.

1098 2519 1140 2523 —
1153 2505 1204 2532 22.
1220 2501 1300 2541 ὑμῖν]
1315 2501 1388 2530 dedi
1403 2501 1441 2530 de
1456 2511 1523 2530 meo
1535 2499 1561 2531 ἐν
1573 2500 1650 2539 ὑμῖν.
1664 2504 1699 2529 ut
1712 2509 1760 2530 vos

1055 2545 1194 2581 audiatis,
1205 2545 1254 2575 vel
1267 2544 1334 2574 loco
1344 2547 1457 2576 vestro.
1470 2547 1520 2573 aut
1530 2542 1555 2572 ἐν
1570 2543 1647 2582 ὑμῖν,
1662 2551 1757 2572 coram

1056 2588 1142 2617 vobis.

1098 2648 1141 2653 —
1164 2633 1214 2660 24.
1237 2629 1374 2670 τέτταρες
1396 2628 1515 2670 ἀνεψιοὶ]
1538 2627 1758 2663 Theocritides,

1056 2673 1259 2709 charisime&
1296 2673 1451 2702 Nieiades.
1483 2675 1620 2710 quartum
1659 2670 1756 2700 adhuc

1055 2726 1168 2755 quaero.

1098 2777 1139 2781 ——
1155 2760 1206 2788 25.
1221 2757 1396 2797 ἀνεψιαδοῦς]
1412 2757 1615 2787 Nicostratus.

1096 2803 1204 2832 ——3263
1227 2800 1333 2840 αὐτῶν]
1356 2800 1421 2830 scil.
1445 2801 1499 2828 τῶν
1519 2798 1628 2833 οῖκείων,
1652 2809 1680 2828 v
1704 2799 1756 2829 23.

1056 2850 1120 2874 tum
1140 2844 1213 2878 illos,
1234 2845 1284 2884 qui
1307 2845 1340 2873 in
1367 2843 1582 2871 matrimonium
1608 2841 1755 2870 duxerunt

1055 2887 1200 2922 mulieres,
1211 2896 1272 2925 quae
1281 2891 1348 2915 sunt
1360 2886 1388 2914 1'71
1397 2894 1444 2913 eor
1446 2895 1494 2913 um
1506 2883 1757 2923 [necessariorum

1054 2929 1150 2968 patris
1175 2930 1232 2958 mei
1258 2928 1345 2968 puta]
1370 2937 1500 2956 numero.
1522 2927 1552 2956 in
1578 2928 1759 2964 Augustam>

1054 2976 1100 3001 est
1124 2971 1212 3010 αὐτῷ’.
1238 2975 1338 3009 potest
1361 2969 1449 2999 etiam
1473 2970 1530 2999 hoc
1554 2968 1702 3008 explicari
1726 2972 1757 2998 et

1057 3014 1188 3044 defendi.
1211 3016 1263 3053 τὰς
1284 3012 1400 3051 ἀνεψιὰς
1416 3014 1470 3046 τὰς
1485 3012 1569 3046 οὔσας
1584 3011 1671 3050 αὐτῷ,
1689 3011 1757 3042 scil.
