1948 3322
243 216 327 257 AD
360 210 724 257 ORATIONEM
757 210 840 252 DE

128 324 215 364 quod
229 328 297 364 post
318 324 402 361 σιγῶν
420 320 503 370 (vela
509 320 536 350 si
560 318 658 349 mavis
680 319 703 348 εἰ
724 316 838 358 σιγῴη),

129 377 250 406 semper
264 364 444 396 redundabit
457 362 503 402 ‘tq-‘2‘
515 373 662 393 σιωπησαι
680 367 711 391 ut
727 362 839 391 vitiosa

131 410 310 448 tautologia.
333 407 409 437 δεινὸν
425 416 484 436 non
507 406 640 436 cohaeret
662 415 729 435 cum
751 415 840 434 συνει-

131 452 205 488 δότε,
225 461 404 492 quamquam
430 449 507 479 illud
532 448 714 478 vocabulum
734 448 839 485 mique

131 497 170 526 ad
181 497 237 525 boc
251 493 407 523 subaudiri
423 497 528 531 potest
542 492 606 531 (vel
623 492 712 521 etiam
729 501 798 520 κακο
791 490 840 525 ν),

131 539 184 569 sed
199 541 259 567 stat
275 547 330 576 per
343 546 386 570 se,
401 535 488 571 δεινὸν,
504 535 571 564 scil.
588 533 664 564 ἐστί.
678 535 756 568 viro,
774 535 840 563 nul-

129 581 187 611 lius
196 579 339 609 facinori-s·
356 579 415 609 sibi
431 578 567 612 conscio,
590 584 637 607 est
657 588 761 615 grave.

171 640 214 646 —
229 625 280 653 24.
304 621 421 655 τούτοις,
434 622 481 651 καὶ
497 620 565 660 δέον]
583 621 702 650 correxi
718 621 756 649 de
773 630 840 649 meo

130 676 221 696 sensu
243 665 374 704 τούτους)
392 664 457 695 δέον.
481 665 614 693 cohaeret
633 664 748 697 τούτους
772 674 840 693 cum

128 708 304 739 ἐπιστῆσαι.
329 709 405 744 lios,
435 707 611 738 AEschinem
645 707 841 746 reliquosque

128 752 314 792 proditores,
339 751 466 781 duxisse
493 751 672 790 Philippum
699 751 783 779 velut
810 751 841 779 iu

127 805 191 825 rem
216 798 411 834 praesentem,
434 800 622 823 monstrasse
651 794 679 823 ei
706 794 841 832 praedam

129 842 265 877 paratam
288 839 416 877 ejusque
438 837 557 876 copiam
579 837 609 867 ei
625 837 748 873 fecisse,
773 848 840 867 eum

127 881 159 911 in
175 881 276 920 capite
296 890 398 910 rerum
421 879 630 910 constituisse.
676 881 726 910 Ab
747 878 778 910 ἦν
803 881 840 910 ad

127 923 242 958 τούτους
254 923 351 963 signis
364 924 581 963 parentheseos
598 923 720 953 inclusi.

168 968 280 998 —26.
304 967 372 1004 ἅμα
395 966 513 1007 ἀκούειν]
538 965 639 999 συνέβη
663 966 779 996 addidi.
803 966 839 995 ad

127 1009 232 1040 ἀκούειν
246 1010 377 1040 subaudi
393 1020 410 1039 e
428 1009 595 1049 praemissis
611 1010 680 1050 weg?
701 1008 844 1040 Φιλίππου

126 1052 262 1094 παρόντος
279 1053 326 1084 ἤδη
347 1052 374 1083 ἐν
388 1052 508 1087 Πύλαις.
532 1053 695 1082 eveniebat
720 1063 789 1088 una,
812 1058 843 1081 et

130 1106 187 1125 vos
202 1095 306 1126 audire
318 1097 426 1126 samam
442 1097 482 1126 de
497 1096 630 1125 adventu
648 1095 787 1135 Philippi
803 1095 841 1124 ad

130 1138 224 1178 Pylas
242 1140 305 1178 jam
329 1139 420 1173 sacto,
437 1144 467 1168 et
488 1138 572 1168 illum
593 1149 704 1178 reapse
723 1139 842 1168 adesse.

128 1192 198 1212 nam
212 1181 365 1211 interdum
382 1191 521 1211 run-ores
537 1181 606 1211 falsi
623 1186 820 1220 sparguntur.

171 1226 244 1256 352.
263 1227 294 1255 8.
319 1223 491 1265 ’πραοτέρους
503 1223 633 1262 γενέσθαι
649 1223 734 1265 τινος]
751 1225 843 1254 dese-

127 1273 198 1298 runt
219 1278 274 1298 nos
296 1267 363 1297 h.1.
385 1278 453 1297 cum
474 1268 634 1297 codicibus
657 1270 841 1307 conjecturae

128 1311 263 1341 virorum
285 1311 457 1341 doctorum.
481 1321 579 1350 neque
603 1322 660 1351 ego
684 1312 843 1341 commini-

115 1364 198 1386 ,κοι-
211 1355 408 1390 conveniens,
433 1355 514 1391 quod
530 1355 561 1384 in
578 1355 676 1384 locum
693 1354 765 1389 τινὲς
780 1355 843 1384 suf-

130 1397 240 1427 ficiam.
284 1398 365 1428 Num
379 1396 465 1438 ἅςνές,
480 1407 557 1435 agno
570 1398 752 1436 placidiores.
796 1399 841 1428 An

132 1451 189 1470 non
205 1440 280 1470 satis
293 1441 431 1478 intelligo
447 1441 626 1480 popularem
636 1440 842 1477 Atticismum,

131 1485 219 1522 cujus
235 1483 320 1513 color
334 1494 462 1514 necesse
478 1488 525 1514 est
541 1490 573 1514 ut
588 1485 661 1514 insit
675 1484 704 1514 in
719 1484 801 1520 τινὸς,
816 1485 844 1515 si

134 1531 217 1556 recte
241 1527 359 1557 habeat.
390 1538 477 1566 paene
509 1532 543 1556 ut
573 1538 628 1557 nos
661 1538 844 1567 usurpamus

133 1569 236 1609 vulgo,
256 1570 493 1610 geschmeidiger‚
515 1571 560 1600 als
581 1580 651 1607 was,
673 1572 717 1601 als
741 1572 844 1612 irgend

129 1618 227 1649 etwas,
250 1614 301 1644 das
317 1613 378 1644 sich
399 1624 454 1643 zur
478 1594 696 1655 Vergl-eichting
720 1614 844 1645 schickte

132 1654 220 1695 [mila
232 1656 343 1696 beyond
355 1657 401 1687 the
415 1658 528 1687 bounds
537 1657 573 1697 ⁰f
581 1658 796 1711 comparisonJ.

171 1716 216 1722 -—
231 1701 282 1730 19.
305 1700 515 1740 ἁμαρτήματά
543 1699 636 1742 εστιν]
667 1712 736 1731 num
767 1713 846 1736 ουτος

129 1741 382 1780 interponendum
407 1749 466 1779 est,
493 1744 555 1780 hic,
579 1754 638 1774 non
666 1744 844 1798 AEschines,

131 1785 184 1816 sed
196 1785 372 1826 Philippus.

172 1846 214 1851 —
230 1831 282 1860 21.
299 1828 413 1871 μικρὸν]
441 1830 572 1860 subaudi
596 1829 728 1871 γξάμμα
752 1830 846 1862 ἔνεστι

129 1872 336 1913 γεγραμμένον.

171 1916 287 1946 —.025
309 1913 472 1956 ἐνδέχεται]
498 1915 621 1946 correxi
652 1915 802 1958 ἐκδέχεται
829 1928 845 1947 e

129 1956 229 1992 libris,
248 1959 314 1988 sine
329 1959 439 1998 quibus
455 1958 629 2010 ἀναδέχεται
645 1961 830 1990 maluissem.

174 2001 248 2032 353.
264 2003 294 2032 2.
319 2002 378 2035 τοῖς
402 2001 470 2042 παρ’
492 2000 588 2032 ἐκείνου
617 2002 724 2033 τούτων
750 2002 846 2043 ὄντων]

131 2043 254 2073 correxi
269 2046 326 2075 τῶν
340 2043 407 2085 παρ’
425 2043 522 2075 ἐκείνου
537 2045 642 2075 τούτων
658 2044 774 2076 ἐνόντων.
798 2052 845 2076 ut-

130 2091 203 2125 pote
217 2097 284 2126 quae
307 2097 454 2126 nusquam
479 2088 572 2118 insint
595 2088 722 2128 scripta,
746 2100 846 2128 neque

128 2129 159 2159 in
177 2129 237 2160 ulla
249 2131 377 2169 quadam
391 2129 530 2170 Philippi
544 2131 676 2170 epistola
689 2132 846 2171 scriptove

130 2172 202 2208 alio,
214 2174 339 2203 dictove
355 2184 412 2213 per
427 2175 494 2212 ejus
505 2175 635 2212 legatos.
648 2174 753 2204 τούτων
766 2176 845 2205 redit

130 2216 168 2245 ad
190 2218 232 2246 τὰ
256 2214 468 2256 ἀπηγγελμένα
489 2216 596 2255 ψευδῶς
623 2216 673 2248 ὑπ’
701 2218 845 2260 Αἰσχίνου.

130 2261 184 2288 τῶν
198 2264 298 2289 autem
314 2265 417 2299 aptum
434 2264 508 2290 este
519 2261 670 2299 μηδαμοῦ,
686 2267 718 2292 et
734 2273 766 2291 su
774 2263 845 2292 bau-

131 2302 214 2332 ditur
233 2301 406 2342 γραφέντων,
426 2316 442 2333 n
459 2303 633 2344 λεχθέντων.
659 2311 711 2334 aut
736 2306 761 2335 si
786 2308 847 2340 τοῖς

132 2350 284 2382 servatur,
299 2346 482 2376 subauditur
496 2345 562 2387 παρ’
576 2345 673 2378 ἐκείνου
684 2350 845 2388 γραφεῖσιν,

132 2386 146 2418 ἢ
161 2386 316 2429 λεχθεῖσιν.
360 2390 439 2420 Nam
455 2390 554 2420 locum
573 2391 679 2430 utique
695 2392 773 2422 tueri
789 2403 846 2432 po-

131 2435 194 2461 test
207 2432 269 2465 τοῖς
283 2431 346 2460 ob
338 2442 500 2472 insequens
510 2431 629 2463 ἐνόντων.

173 2491 217 2497 -
233 2476 285 2504 27.
309 2486 321 2504 ο
335 2474 435 2515 αὐτὸς]
450 2477 571 2506 correxi
588 2477 607 2506 ἃ
623 2476 720 2512 αὐτός.
765 2478 846 2509 Ante

131 2515 279 2558 ὑπέσχετο
294 2517 384 2548 deest
403 2519 513 2559 procul
537 2519 631 2549 dubio
656 2518 784 2560 γράψειν.
807 2532 845 2551 ne

130 2559 205 2590 illa
197 2570 266 2599 ipsa
280 2561 417 2599 quidem,
431 2571 499 2601 quae
516 2573 549 2592 sc
565 2564 654 2593 vobis
670 2574 726 2602 per
742 2564 845 2595 literas

131 2603 372 2642 significaturum
389 2604 566 2644 recipiebat.
607 2607 706 2636 Post‘
695 2606 846 2648 υπέσχετο

129 2647 372 2678 subaudiendum
390 2648 514 2678 videtur
529 2659 597 2679 esse
614 2647 790 2688 ψευδόμενος.

172 2706 215 2712 --
229 2691 286 2720 ult.
308 2691 389 2721 ἀλλὰ
402 2692 473 2733 μὴν]
489 2692 567 2721 adde
579 2693 693 2723 tacite'
685 2691 730 2723 ι’να
744 2693 846 2724 εἶδῆτε.

172 2749 216 2757 -
229 2733 304 2763 ibid.
318 2731 411 2775 ουτος]
424 2735 546 2765 correxi
558 2733 656 2769 οὕτως.
667 2735 712 2766 sic
725 2747 846 2776 nempe,

130 2783 165 2805 ut
190 2785 248 2814 ego
275 2777 388 2814 resero,
418 2782 576 2818 testorque
603 2789 672 2809 eum
702 2779 748 2809 ita
771 2781 847 2810 scri·

132 2817 244 2858 psisse.

175 2863 249 2893 354.
265 2864 296 2892 Q.
318 2861 389 2893 αὐτὸ
401 2864 501 2907 τοῦτο]
518 2864 585 2895 scil.
605 2864 638 2894 τό
660 2863 754 2906 μέρος.
769 2865 847 2896 hauc

132 2901 226 2942 ipsam
237 2905 334 2936 solam
346 2906 486 2946 epistola:
496 2908 690 2948 particulam,
699 2909 740 2938 nil
752 2910 846 2940 aliud.

133 2945 240 2976 nino·
231 2947 332 2988 incipe
349 2950 490 2981 recitare.
514 2958 728 2990 praemonstrat
744 2958 848 2983 mator

134 2987 252 3027 scribae,
269 2991 343 3030 quid
359 3003 428 3024 eum
445 2995 615 3036 proelegere
638 3001 792 3036 oporteat,
816 3002 848 3027 et

133 3031 214 3063 unde
228 3034 334 3066 ordiri.

871 209 1060 252 FALSA
1093 210 1457 255 LEGATIONE.
1528 212 1583 254 93

915 334 958 338 ——
974 319 1004 346 8.
1018 316 1156 356 ποιήσειν]
1173 317 1238 347 scil.
1253 317 1346 357 φησίν.

913 377 958 382 --
974 361 1004 392 9.
1025 360 1064 393 εἷς
1086 358 1199 394 ταύτας
1227 363 1281 394 τὰς
1307 362 1469 401 προφάσεις
1490 372 1587 391 κατοι-

872 402 991 443 φεύγων,
1007 401 1284 443 ἱνα-ἀναχώρησιν
1301 403 1394 442 ἐαυτῷ
1408 403 1587 446 καταλείπῃ]

873 446 910 475 ad
928 446 1078 484 ejusmodi
1092 452 1260 485 praetextus
1272 447 1460 484 confugiens,
1475 459 1587 487 quo-—

874 489 934 518 sibi
967 496 1121 526 receptum
1150 489 1310 527 relinquat.
1361 491 1452 519 Foret
1483 491 1588 530 utique

872 532 1010 571 planius:
1025 532 1062 565 εἰς
1074 531 1209 565 τοιαύτας
1222 531 1378 572 πξοφάσεις
1390 534 1588 572 καταφεύγων,

873 576 921 604 καὶ
937 575 1074 608 τοιαύτας
1090 576 1278 616 ἀναχωρήσεις
1293 575 1386 614 ἐαυτῷ
1398 576 1593 606 καταλείπων.

875 619 910 647 ad
924 619 1073 657 ejusmodi
1086 624 1255 658 praetextus
1268 619 1456 657 perfugienS,
1469 625 1497 647 et
1508 621 1589 656 ejus-

875 662 957 691 modi
975 666 1118 713 receptus
1145 662 1204 691 sihi
1226 663 1412 700 relinquens.
1457 664 1520 691 Aut
1544 663 1589 691 sic

874 723 916 727 -—
932 704 1016 745 ψέξει,
1032 705 1070 738 εἷς
1085 705 1221 738 τοιαύτας
1234 706 1388 746 προφάσεις
1410 706 1591 744 καταφυγνν,

874 759 925 787 καν
952 749 1243 789 ἄρα-ἀναχώρησιν
1267 748 1360 787 ἐαυτῷ
1387 749 1589 778 καταλείπων.

876 781 961 821 Rene
982 792 1092 821 habent
1107 794 1201 822 verba
1224 803 1276 832 κᾳν
1297 791 1351 832 ἄρα
1373 791 1472 822 εἴπητέ
1492 803 1533 821 τι.
1561 796 1594 822 et

875 840 951 870 tum,
975 835 1003 864 si
1029 835 1103 874 quid
1121 846 1177 865 vos
1198 835 1294 870 cives,
1316 835 1491 864 nominatim
1512 835 1593 865 indi-

876 879 963 913 cetis,
986 879 1066 917 quod
1092 879 1236 917 cupiatiS,
1257 884 1347 917 atque
1370 880 1408 908 ab
1434 878 1588 917 ejusmodi

875 921 1032 951 illecebris
1055 923 1215 952 verborum
1240 921 1442 962 impellamini
1468 922 1507 951 ad
1534 932 1590 961 po·

877 964 1049 995 stulandum
1065 965 1193 1003 aliquid.

919 1025 961 1030 -—
975 1011 1026 1038 11.
1042 1006 1288 1049 ἐπαγγείλασθαι]
1305 1007 1405 1038 locum
1419 1008 1500 1038 hunc
1516 1007 1593 1038 citat

878 1051 1030 1090 Hal-poor.
1048 1061 1077 1080 ν.
1094 1049 1266 1090 ἐπαγγελία.

920 1111 962 1116 -—
982 1096 1028 1124 13.
1044 1092 1112 1134 ἐνῆν]
1129 1095 1197 1124 scil.
1212 1093 1288 1134 ἐμοῖ,
1304 1093 1419 1124 licebat
1436 1094 1521 1124 mihi.

919 1154 962 1159 —-
979 1139 1030 1168 15.
1047 1135 1106 1178 ἒᾷν]
1133 1138 1262 1168 subaudi
1286 1139 1374 1177 ὑμᾶς.
1396 1148 1492 1176 neque
1508 1147 1592 1167 com-

876 1178 1011 1215 mittere,
1030 1187 1061 1210 ut
1079 1191 1135 1210 vos
1158 1182 1215 1210 hoc
1238 1187 1351 1210 tantum
1370 1181 1539 1219 negotium,
1561 1182 1592 1211 in

877 1233 936 1262 quo
963 1228 1028 1252 tota
1050 1228 1154 1253 vestra
1185 1224 1268 1254 salus
1288 1224 1464 1260 libraretur,
1491 1224 1592 1264 perire

878 1266 1034 1296 sineretis.
1058 1268 1167 1306 quibus
1192 1268 1351 1297 codicibus
1374 1268 1396 1297 εἰ
1417 1267 1593 1306 proximum

877 1309 976 1344 deest,
992 1310 1021 1339 hi
1045 1321 1101 1349 pro
1114 1309 1162 1350 ἐξίν
1174 1311 1281 1350 procul
1298 1310 1392 1340 dubio
1407 1311 1519 1340 dabant
1534 1308 1594 1346 ἐὰν,

877 1357 907 1383 et
921 1353 969 1382 καὶ
983 1358 1050 1393 post
1065 1353 1201 1384 διδάσκειν
1215 1355 1294 1395 ὑμᾶς
1309 1354 1498 1384 omittebant.
1518 1364 1594 1392 quos

877 1406 935 1426 non
953 1398 1061 1435 probo.

919 1457 964 1462 —
979 1440 1052 1469 ibid.
1074 1439 1097 1469 εἰ
1113 1442 1154 1478 μῆ
1172 1439 1322 1481 Θεσπιαὶ]
1339 1440 1424 1470 Citat
1438 1440 1468 1470 h.
1484 1439 1506 1469 l.
1522 1440 1594 1469 Ari-

878 1482 975 1512 stides
992 1484 1030 1512 Τ.
1048 1494 1079 1522 p.
1097 1486 1170 1514 19⁰2.

920 1544 962 1549 —
978 1529 1029 1556 ΞΟ.
1054 1526 1147 1566 εἰμὲν
1169 1539 1223 1566 γας
1235 1528 1292 1568 —]
1322 1527 1537 1565 Hermogenes
1561 1536 1593 1565 p.

878 1571 952 1599 280.
974 1568 1126 1608 ἐφέλκεται
1143 1568 1239 1604 ἐννοίας
1256 1582 1304 1600 και
1321 1572 1363 1600 τὰ.
1381 1568 1446 1599 καθ’
1461 1569 1596 1599 ὑπόθεσιν

877 1612 1040 1653 σχήματα,
1066 1625 1114 1642 και
1137 1614 1278 1653 μάλιστα
1301 1613 1323 1643 εἶ
1347 1615 1429 1653 μετὰ
1449 1613 1596 1652 μεξισμοῧ

878 1654 1048 1686 ὑποτιθοιτο.
1064 1654 1123 1686 οἱον·
1140 1657 1162 1686 εἰ
1177 1656 1233 1697 μὲν
1251 1668 1304 1697 γαρ
1317 1654 1462 1686 ἐνταῦθ’
1449 1660 1476 1686 ὴν
1492 1656 1539 1686 ἥδη
1555 1667 1596 1685 τα

878 1700 1065 1739 «πράγματα,
1090 1699 1222 1740 Αἰσχίνη,
1252 1701 1330 1730 ὥστε
1360 1697 1431 1739 μηδ’
1461 1699 1598 1729 αἰσθανο-

877 1742 970 1782 μένοις
990 1744 1048 1775 τοῖς
1071 1742 1202 1776 Θηβαίοις
1220 1742 1304 1773 πλέον
1321 1742 1389 1773 εῖναι
1405 1742 1503 1782 μηδὲν,
1522 1740 1554 1771 τί
1569 1742 1597 1772 οὐ

878 1786 993 1823 γέγονεν.
1016 1785 1071 1816 εἶτ’
1085 1785 1118 1826 ἐξ
1142 1787 1264 1824 ἀνάγκης
1285 1785 1498 1816 ἐπηκολούθησε
1514 1785 1558 1816 τό·
1575 1785 1598 1815 εἰ

880 1829 908 1859 δὲ
933 1831 1011 1869 παρὰ
1035 1828 1069 1859 τὸ
1092 1829 1310 1870 πςοαισὲέσθαι
1326 1830 1498 1864 κεκώλυται,
1519 1827 1563 1862 τίς
1586 1828 1598 1858 ὅ

879 1871 1063 1911 ἓκλαλῆσαςς
1086 1873 1141 1914 οὐχ
1157 1871 1244 1908 οὗτος.

920 1934 964 1938 -—-
980 1918 1032 1947 23.
1048 1916 1183 1956 ἔμελλεν]
1206 1917 1327 1955 praetuli
1343 1915 1465 1955 ἔμελλον
1482 1915 1512 1944 in
1529 1915 1598 1954 plu-

878 1959 947 1994 rali,
959 1957 1180 1990 5οἰ1.οῖΘηῖαῖοι
1191 1962 1268 2000 vag&
1276 1958 1308 1988 τῖ)
1316 1957 1519 1999 πςοαισθέσθαι
1529 1959 1600 1988 ταῦ-

879 2014 920 2031 τα
933 2002 1056 2033 κωλύειν.
1069 2013 1167 2041 neque
1178 2004 1311 2032 futurum
1324 2006 1401 2036 erat,
1415 2007 1449 2031 ut
1459 2001 1598 2031 Thebani

879 2045 990 2074 malum
1007 2046 1176 2078 imminens,
1194 2056 1351 2085 praesensu
1377 2046 1445 2083 ejus
1468 2044 1598 2079 incitati,

881 2092 1067 2118 averterent.
1087 2088 1210 2118 mallem
1231 2094 1330 2118 tamen
1349 2099 1427 2117 nunc
1445 2088 1598 2127 vulgatam

881 2141 896 2159 a
913 2141 960 2161 me
979 2136 1129 2161 servatam
1146 2142 1233 2162 esse:
1258 2131 1367 2171 ἔμελλε
1387 2132 1485 2160 ταῦτα
1506 2136 1601 2160 κωλυ-

880 2174 962 2204 &aaa
978 2176 1056 2215 παξιὶ
1074 2173 1108 2204 τὸ
1130 2174 1359 2215 προαισθέσθαι.
1381 2175 1516 2204 futurum
1539 2185 1599 2204 non

880 2222 955 2252 erat,
976 2224 1010 2248 nt
1029 2219 1142 2248 malum
1169 2219 1240 2254 hoc,
1264 2219 1291 2248 si
1312 2228 1422 2247 revera
1443 2218 1599 2247 Thebanis

880 2266 940 2290 tam
958 2271 1055 2300 prope
1076 2262 1276 2297 incubuisset,
1300 2262 1338 2290 ab
1356 2263 1393 2291 iis
1409 2266 1601 2291 averteretur

881 2309 911 2333 et
925 2305 1138 2343 repelleretur,
1149 2312 1313 2344 propterea
1325 2305 1406 2344 quod
1424 2305 1454 2334 id
1469 2304 1601 2343 tempori

881 2348 980 2377 adhuc
996 2349 1250 2387 praesensissent3
1274 2348 1332 2377 hoc
1349 2358 1439 2377 unum
1458 2358 1505 2377 me
1521 2348 1599 2377 male

881 2391 1024 2426 habebat,
1047 2392 1129 2430 quod
1155 2390 1286 2431 ἔμελλεν,
1310 2391 1341 2420 ὶη
1370 2391 1529 2428 singulari.
1560 2391 1599 2421 ad

879 2435 978 2464 ταῦτα
996 2436 1036 2464 τὰ
1051 2435 1221 2474 πςάγματα
1237 2435 1364 2469 rediret,
1385 2433 1529 2467 ἧβουλίιὲη
1547 2445 1601 2464 au·

880 2481 941 2506 tem
957 2482 988 2507 et
1003 2478 1123 2508 ἤλπισεν
1139 2478 1175 2506 ad
1194 2477 1385 2511 AEscbinem,
1402 2488 1500 2517 neque
1514 2478 1600 2507 vole-

881 2521 934 2550 bat
949 2520 1114 2550 AEschines
1131 2521 1164 2550 id
1179 2520 1314 2556 evenire,
1338 2531 1437 2559 neque
1458 2522 1601 2561 sperabat

880 2570 1073 2594 eventurum.

922 2624 966 2630 -—
981 2609 1035 2637 326.
1057 2606 1147 2644 λόγοις
1158 2605 1282 2648 τούτοις]
1298 2607 1498 2646 interponunt
1515 2606 1600 2637 codi-

880 2660 932 2679 ces
948 2650 1064 2689 aliquot
1080 2651 1169 2680 bonae
1193 2654 1271 2679 notae
1295 2650 1353 2680 καί.
1381 2651 1432 2689 qui
1455 2651 1533 2680 sitne
1549 2660 1601 2680 ca·

880 2693 951 2723 lami
967 2693 1086 2733 lapsus,
1099 2704 1134 2723 an
1152 2694 1291 2723 defectus
1307 2693 1466 2728 indicium,
1481 2694 1600 2723 dubito.

880 2736 912 2766 Si
938 2737 1011 2775 quid
1036 2737 1133 2769 deest.
1162 2736 1331 2776 suspiceris
1352 2737 1441 2777 λήςοις
1467 2737 1539 2766 dees
1528 2747 1597 2766 ·:se

880 2790 940 2813 τοις
954 2779 1045 2819 λόγοις
1059 2791 1106 2809 και
1120 2779 1210 2819 ληςοις
1221 2780 1338 2813 τούτοις.

923 2840 966 2845 -
982 2824 1038 2854 ult.
1055 2821 1224 2864 ἐσπαθᾶτο]
1241 2823 1459 2853 essutiebantur
1474 2822 1538 2851 baec
1558 2825 1600 2852 te-

881 2875 978 2902 mere,
1010 2867 1076 2896 sine
1105 2866 1298 2906 reputatione
1326 2872 1470 2904 metuque
1499 2875 1599 2894 rerum

881 2910 1062 2939 suturarum.
1086 2910 1234 2949 quicquid
1263 2910 1504 2948 praecipilanter,
1534 2919 1602 2937 cnm

883 2953 1036 2988 socordia,
1053 2953 1171 2992 pingui,
1189 2959 1222 2983 ut
1239 2953 1333 2985 aiunt,
1351 2952 1504 2986 Minerva,
1521 2951 1604 2987 laxe,

882 2997 990 3032 crude,
1004 2996 1132 3032 ruditer,
1145 2996 1210 3026 sine
1227 3001 1304 3031 arte,
1318 2995 1384 3024 sine
1394 3001 1476 3024 metu
1487 2995 1603 3024 fraudis

883 3039 1082 3078 postmodum
1103 3039 1298 3079 detegeudae,
1315 3039 1350 3068 ad
1367 3038 1472 3068 brevis
1486 3043 1604 3077 tempo-
