1931 3322
267 180 352 222 AD
386 177 753 222 ORATIONEM
786 177 851 220 IN

186 307 230 313 -—
244 290 297 320 26.
317 288 358 331 τῇ
375 286 450 318 θέσει
473 287 523 317 τοῦ
547 286 696 327 Syme-rog]
718 296 790 325 ergo
804 297 858 315 uo-

145 343 214 363 men
226 332 411 362 Mantitheus
424 336 489 361 erat
502 331 662 370 proprium
674 330 766 359 tribui
779 330 858 360 Aca·

144 375 284 411 mantidi,
299 384 354 405 seu
369 375 401 404 iu
416 384 452 404 ea
465 374 545 403 tribu
561 373 753 402 solummodo
772 383 856 402 usur-

144 420 291 458 pabatur3
306 422 337 447 et
345 427 450 447 rursus
469 416 569 446 Boeoti
585 426 693 445 nomen
713 417 749 445 ad
763 415 857 446 solam

144 462 257 491 tribum
280 459 551 500 Hippothoontida
575 464 641 489 erat
665 459 857 488 adstrictum.

187 506 281 535 1009.
297 505 328 534 3.
351 502 477 533 εὐήθειαν
491 501 617 543 πατρὸς,
630 504 800 543 τετυχηκὼς
810 502 856 530 ἂν·

142 545 325 587 τὶἹει-ποὲ]
342 546 464 576 conexi
479 545 622 576 vitiosam
636 545 857 584 interpunctio-

141 599 225 625 nem,
239 599 257 619 e
271 600 332 629 qua
346 594 425 620 natae
441 594 513 619 sunt
535 589 686 618 lectiones
701 588 857 628 marginis,

141 642 212 673 quae
234 632 310 662 mihi
331 633 455 673 quidem
471 642 531 662 non
545 633 728 671 probantur3
751 631 857 662 addidi

140 685 262 715 quoque
276 674 326 705 nai
337 676 376 706 ad
392 676 472 706 hunc
488 676 623 705 modum.
643 673 772 711 εὐήθειαν,
797 685 852 705 πα-

140 717 443 760 τςοςτπυχηιωςμιαι
452 719 513 748 αντι
522 718 620 749 ‘tw-w.
632 724 736 748 nactus
743 724 857 758 patrem

140 763 189 804 (v.
202 773 236 803 p.
253 765 349 793 1004.
363 762 447 802 24.)
474 767 502 792 et
527 762 647 792 locum
636 773 668 792 ιη
684 762 856 793 tribuAca-

141 805 283 842 mantiae,
297 811 446 846 ponquam
460 809 548 835 antea
559 806 592 835 in
609 804 858 844 Hippothoontide

143 858 246 879 census
260 853 341 880 esset.
356 849 478 879 videtur
493 859 532 878 ex
551 849 580 879 h.
598 850 619 879 1.
636 859 728 888 posse
739 849 857 888 colligi,

143 891 237 922 tribui
250 892 513 933 Hippothoontidi
524 892 673 922 minorem
690 892 787 923 fuisse
810 893 858 922 di-

145 935 306 976 gnitatem,
333 940 424 974 atque
452 936 657 966 Acamantidi.
701 936 765 965 Sed
781 935 857 966 cur‘!

145 978 241 1018 quiid
255 978 369 1009 factum
381 978 392 1009 ?

187 1039 232 1045 —-
241 1023 273 1052 6.
289 1020 430 1064 ἀργυρίου]
442 1021 475 1052 id
485 1025 543 1058 est,
553 1020 624 1063 ιἰπὲς
634 1019 769 1063 ἂργυρίσυ.
784 1032 857 1052 cau-

145 1074 208 1100 sas,
222 1065 334 1104 quibus
356 1076 404 1096 me
427 1066 586 1104 pecuniam
609 1066 745 1105 petebat,
769 1076 858 1105 quam

144 1107 204 1138 sibi
227 1118 245 1138 a
266 1118 316 1139 me
329 1108 437 1139 deberi
463 1118 502 1139 ex
529 1109 708 1139 baereditate
732 1114 860 1148 paterna

148 1150 263 1182 aiebat.
276 1162 305 1181 v.
317 1161 350 1191 p.
370 1153 465 1182 1009.
483 1155 514 1181 1.

185 1196 276 1224 -8.
298 1193 361 1235 τίς]
388 1194 422 1224 Si
449 1195 524 1224 bene
539 1195 644 1231 habet,
665 1193 750 1224 idem
765 1195 860 1230 valet,

144 1241 236 1277 atque
251 1236 344 1273 ὁποῖός
354 1248 410 1272 τις.
425 1248 514 1277 quam
525 1241 661 1268 attentus
676 1237 714 1268 ad
730 1248 794 1268 rem
807 1248 860 1268 au-

142 1281 286 1319 gendam,
311 1291 400 1320 quam
416 1281 534 1320 peritus
549 1282 657 1311 artium
672 1281 860 1321 amplifican-

144 1324 193 1353 dae
210 1323 257 1354 rei
271 1323 450 1354 domestioae
465 1329 552 1364 pater
568 1325 677 1362 fuerit;
701 1335 791 1365 quam
806 1335 861 1365 pa-

143 1377 212 1397 rum
228 1377 303 1406 ergo
324 1367 549 1398 existimandus
575 1368 616 1399 sit
638 1378 715 1407 opes
738 1379 809 1398 suas
830 1369 861 1398 in

150 1414 256 1440 scorto
273 1410 466 1449 prodegisse.

189 1469 233 1476 ·—-
245 1455 297 1484 22.
307 1453 427 1494 οὑτωσὶ]
437 1464 555 1484 comma
568 1458 637 1484 aute
651 1454 755 1485 οὑτωσὶ
763 1461 861 1485 trans-

144 1496 213 1526 fero
227 1506 309 1536 pone
332 1498 459 1527 eandem
483 1508 601 1528 vocem.
626 1498 760 1528 cohaeret
782 1499 861 1529 enim

146 1549 217 1569 oum
240 1540 312 1582 δρῶν.
333 1540 394 1581 ὄξξὶν
408 1542 472 1570 τινὰ
497 1540 602 1571 οὑτωσὶ
617 1545 665 1571 est
677 1541 791 1572 intueri
807 1541 862 1571 ali-

145 1593 237 1622 quem
264 1583 459 1623 simpliciter,
489 1585 601 1619 obiter,
630 1584 732 1614 animo
761 1595 860 1624 aequo,

144 1635 236 1666 quem
259 1627 311 1662 nit
325 1627 449 1662 referat,
466 1627 585 1664 videas,
608 1638 718 1663 necne,
734 1627 816 1657 lente
832 1632 864 1657 et

147 1669 269 1709 supine,
285 1674 320 1700 ut
334 1680 387 1700 eos
406 1671 569 1708 intuemur,
589 1681 667 1711 quos
683 1681 790 1708 nosse,
811 1675 864 1702 aut

145 1712 325 1743 meminisse
339 1713 383 1743 nil
397 1724 551 1745 curamus.

189 1774 234 1779 —
257 1758 310 1787 23.
341 1758 466 1809 συχνῶς]
504 1757 627 1788 correxi
644 1756 764 1810 “cvxvq‘uss
795 1757 864 1787 scil.

145 1798 257 1840 μέτρῳ,
271 1799 321 1830 vel
336 1799 434 1841 χρόνῳ,
450 1801 501 1831 vel
516 1800 596 1842 μέρει
610 1812 660 1830 του
674 1800 779 1842 χρόνον.
800 1800 866 1831 vidi

148 1852 218 1872 eum
233 1853 282 1872 me
293 1844 460 1881 juniorem,
470 1849 502 1874 et
510 1846 606 1875 multo
621 1844 756 1884 quidem,
772 1854 866 1884 quan-

147 1890 213 1916 tum
229 1895 267 1916 ex
285 1887 435 1926 adspectu
451 1888 517 1917 solo
531 1888 648 1918 licebat
659 1888 822 1918 aestimare.

190 1945 235 1952 »-
249 1931 301 1959 24.
316 1930 365 1959 καὶ
378 1932 432 1971 γὰρ
447 1929 554 1971 εὔηθες]
571 1935 618 1961 est
640 1931 721 1961 enim
739 1931 868 1961 stultum

147 1982 247 2002 meam
262 1983 312 2002 me
327 1975 533 2013 conjecturam
544 1985 601 2014 pro
613 1979 698 2004 certo
709 1984 868 2014 argumen-

150 2021 183 2046 to
204 2026 387 2055 proponere.
412 2017 507 2047 miror
521 2017 551 2047 in
576 2022 666 2048 aetate
691 2017 795 2048 Boeoti
812 2017 868 2046 de-

148 2059 282 2090 finienda
295 2060 338 2090 ita
352 2070 424 2090 esse
436 2061 618 2091 laboratum.
634 2061 726 2090 bodie
742 2059 868 2100 quidem

147 2102 204 2132 illa
217 2103 322 2132 multis
337 2103 436 2133 modis
450 2105 596 2143 cognosci
611 2108 729 2143 potest.

193 2148 337 2177 1003.1.
359 2148 412 2181 τῆς
431 2145 519 2190 ἐμῆς]
537 2152 606 2187 post
620 2160 674 2182 της
689 2146 762 2187 ἓμης
783 2146 868 2177 vide-

149 2192 200 2219 tur
215 2188 291 2218 οὐδὲν
304 2190 426 2220 deesse.

192 2249 238 2255 —-
251 2235 281 2263 2.
303 2232 352 2262 τὸν
364 2232 419 2272 μὲν
434 2236 490 2264 τῶν
509 2233 577 2264 ἐτῶν
592 2232 722 2274 ἐξιθμέν]
739 2234 868 2264 subaudi

151 2278 206 2306 τῶν
216 2274 369 2316 ἡμετέρων.
383 2277 442 2307 nisi
455 2277 558 2317 potius
569 2278 602 2307 id
616 2278 789 2307 addendum
808 2281 867 2307 est.

195 2337 238 2342 -—
261 2319 300 2353 εἰς
325 2321 391 2354 τοὺς
419 2319 563 2362 δημότας]
591 2321 679 2361 prius
710 2321 740 2350 in
765 2321 867 2350 album

151 2362 328 2402 pbr-aterum
349 2363 439 2394 liberi
453 2365 710 2399 inscribebantur,
731 2375 820 2404 quam
837 2364 868 2394 in

153 2407 354 2436 demetarum.
391 2411 423 2437 et
450 2412 518 2438 erat
548 2409 614 2437 haeo
642 2408 796 2448 posterior
823 2408 869 2437 in-

153 2448 282 2488 scriptio
311 2448 407 2479 veluti
429 2451 618 2480 confirmatio
642 2456 674 2480 et
694 2450 868 2490 obsignatio

151 2492 278 2532 prioris,
300 2499 331 2522 et
344 2492 430 2531 prior
447 2494 614 2534 posteriore
635 2504 743 2524 carens
759 2504 868 2534 parum

153 2535 288 2566 valebat.

195 2596 240 2602 —-
253 2581 283 2609 9.
299 2578 328 2608 οὐ
348 2578 392 2618 τῷ
400 2577 488 2621 χρόνω
503 2578 596 2618 μόνον,
611 2580 691 2609 ἀλλὰ
705 2579 754 2609 και
769 2579 814 2610 τί
828 2581 870 2611 δι-

153 2620 238 2663 καίῳ]
265 2622 441 2661 suspicatus
473 2627 522 2652 est
552 2623 698 2658 Wolfius,
730 2616 870 2654 ordinem

154 2666 316 2695 verborum
341 2665 427 2708 χρόνῳ
452 2670 483 2696 et
503 2665 600 2704 δικαίῳ
621 2677 687 2696 esse
713 2667 869 2697 inverten-

153 2709 237 2738 dum.
283 2709 343 2739 Sed
362 2712 436 2739 bene
449 2710 542 2739 habet
554 2699 688 2748 vulgata.
738 2711 869 2741 Demon-

155 2757 232 2782 strat
248 2751 439 2782 Mantitheus
460 2763 493 2782 se
508 2763 629 2782 cansam
649 2753 784 2790 vincere,
801 2764 869 2784 curn

156 2799 306 2834 tempore,
330 2800 394 2825 tum
412 2797 492 2835 jure.
515 2802 603 2836 pater
628 2796 706 2826 enim
731 2807 790 2832 me,
815 2797 870 2832 ait,

158 2837 253 2868 multo
271 2843 340 2869 ante
362 2838 393 2868 in
416 2839 555 2870 demotas
579 2839 691 2876 intulit,
715 2850 803 2878 quam
830 2846 872 2876 te,

159 2881 281 2917 mente,
303 2882 334 2912 iu
354 2882 530 2922 phratoras.
555 2883 644 2913 vinco
670 2884 772 2922 itaque
794 2889 872 2913 tem·

159 2933 246 2963 pore.
262 2925 317 2955 sed
333 2925 426 2956 vinco
441 2936 563 2966 quoque
583 2928 663 2966 jure.
687 2933 775 2966 pater
792 2927 869 2957 enim

158 2971 190 2997 te
202 2967 392 2999 solummodo
401 2969 432 2999 in
445 2970 602 3009 phratoras
612 2970 727 3006 intulit,
737 2981 785 3001 me
799 2981 872 3001 vero

158 3009 238 3041 etin
255 3009 311 3041 lios
325 3011 469 3051 primum,
481 3017 514 3043 et
532 3013 646 3043 deiude
668 3013 701 3044 in
720 3015 870 3045 demutas.

160 3062 236 3092 quos
250 3052 330 3085 inter
345 3055 478 3093 deferre,
494 3061 540 3087 est
559 3056 681 3088 demum
700 3058 871 3098 adoptatio—

882 177 1158 221 BOEOTUM
1192 180 1276 223 DE
1306 181 1460 225 NOM.
1520 182 1605 226 229

892 295 959 314 nem
977 285 1165 316 confirmare.
1196 287 1308 319 deinde
1323 294 1412 329 pater
1428 301 1475 321 ιιι3
1498 290 1606 321 volens

892 338 948 367 pro
974 337 1029 356 suo
1047 328 1161 364 habuit,
1182 334 1212 359 te
1235 331 1364 369 invitus,
1393 339 1529 370 coactus,
1546 335 1606 364 cir-

892 381 979 401 cumv
984 375 1083 400 entus.

934 430 977 436 —-·
995 416 1046 443 11.
1070 413 1093 443 εἶ
1119 412 1147 443 δέ
1165 411 1194 442 ‹r'
1209 413 1310 456 ἔξοιτο]
1337 417 1419 448 citat
1443 419 1471 449 h.
1489 420 1511 449 l.
1533 420 1606 450 Ari-

893 456 990 487 stides
1005 467 1086 497 τεχν.
1102 467 1132 495 p.
1151 459 1225 487 974.

933 517 976 522 ——-
993 503 1044 530 12.
1067 498 1276 542 Ἀκαμαντίδι]
1304 501 1386 531 Citam
1402 503 1480 533 hunc
1502 504 1605 535 locum

891 542 961 584 (aut
977 553 1008 582 p.
1026 545 1121 574 1002.
1135 543 1352 584 4..)Harpocr
1369 556 1399 574 v.
1416 544 1606 585 Ἀκαμαντίς.

934 588 1031 617 1004.
1041 589 1072 617 7.
1089 586 1259 629 Πάμφιλον]
1274 592 1344 627 post
1356 588 1512 628 Πάμφιλον
1520 591 1609 621 vide-

890 634 940 660 tur
955 628 1069 665 εἰκότως
1081 629 1202 661 deesse.
1219 641 1287 661 nam
1303 630 1402 662 alias'
1392 632 1453 662 επεὶ
1463 642 1522 662 ιιοιι
1534 634 1608 664 satis

889 673 1010 704 fortiter
1020 673 1187 704 concludit.

933 733 978 740 —
997 719 1024 747 9.
1049 716 1133 757 δυοῖν]
1149 720 1221 757 post
1232 716 1302 747 δυοῖν
1317 717 1390 748 addi
1405 716 1537 748 malim'
1523 729 1607 749 οντοιν
1661 749 1664 753 ,

892 770 909 790 e
921 770 953 800 p.
965 763 1062 791 1007.
1079 763 1109 791 2.
1125 771 1306 801 quamquam
1317 766 1348 792 et
1357 761 1401 791 ibi
1411 762 1500 792 abest
1511 772 1529 792 a
1542 762 1608 802 qui-

892 804 1021 834 busdam
1035 804 1136 834 libris.

935 865 977 870 —
987 850 1040 879 13.
1057 846 1104 879 τόν
1115 847 1305 888 προσ-ἥκοντα]
1316 847 1439 878 videtur
1447 848 1510 887 leg.
1524 859 1592 878 esse
1604 859 1611 878 z

891 889 939 920 ἰ’ὂν
961 891 1102 922 wocofivva
1117 893 1161 921 τὲ
1180 891 1366 932 προσ-ἥκοντα,
1387 902 1446 921 non
1460 890 1557 933 suisti
1577 893 1612 929 58,

892 944 976 975 quem
1001 944 1056 965 esse
1089 939 1218 975 oporteat
1241 934 1340 970 illum,
1361 936 1424 975 qui,
1449 945 1513 975 quae
1538 945 1611 976 erga

888 983 1025 1017 parentes
1043 977 1218 1008 observanda
1239 978 1309 1014 sint,
1333 978 1468 1009 observet.
1488 979 1612 1009 tametsi

892 1021 974 1050 haud
1001 1021 1120 1060 ignoro,
1144 1019 1190 1050 ‘niv
1212 1021 1396 1060 ιω’ροστίιιονίπει
1412 1021 1502 1052 reddi
1518 1032 1611 1062 posse

893 1074 974 1100 eum,
999 1066 1048 1105 qui
1072 1065 1200 1104 aliquem
1222 1065 1429 1096 necessitudine
1450 1066 1607 1105 sanguinis

894 1108 1061 1147 contingat.
1077 1119 1105 1137 v.
1122 1118 1152 1137 ν.
1166 1107 1222 1137 ult.

936 1151 1045 1180 -15.
1070 1150 1118 1180 οὐκ
1143 1148 1301 1190 ἐωηςεᾶζου
1325 1149 1436 1185 δικαίως
1464 1149 1509 1186 ἂν,
1540 1148 1612 1180 ἀλλ’

893 1193 1068 1234 dommum]
1105 1197 1153 1223 est
1187 1193 1269 1222 idem
1294 1203 1330 1222 ac
1356 1194 1382 1223 si
1407 1195 1558 1224 dixisset:
1583 1193 1612 1223 οὗ

893 1235 974 1276 μόνον
990 1236 1100 1271 δικαίως
1115 1236 1147 1266 Em
1163 1235 1327 1278 ἐπηρεάζου,
1342 1238 1424 1267 ἀλλὰ
1434 1238 1482 1267 καὶ
1502 1235 1614 1271 δικαίως

894 1280 926 1310 ἂν
938 1280 1106 1314 ἄπολῶλεις.

940 1326 1033 1355 1005.
1054 1327 1080 1353 1.
1104 1322 1170 1353 ὄντα
1194 1334 1302 1353 cam-ou
1345 1323 1468 1354 correxi
1491 1322 1558 1353 ὄντα
1580 1333 1614 1353 σε

895 1367 994 1397 αὑτοῦ.
1013 1378 1029 1397 e
1054 1367 1207 1397 Bavarico
1229 1372 1261 1396 et
1276 1367 1469 1407 Augustano.
1495 1377 1563 1396 nam
1588 1367 1618 1396 si

895 1411 955 1440 mei
971 1421 1020 1440 res
1037 1411 1157 1440 arbitrii
1181 1410 1303 1446 fuisset,
1328 1411 1505 1441 dedissem:
1529 1410 1552 1439 εἶ
1574 1411 1615 1440 τὰ

894 1454 1036 1493 μάλιστα
1065 1454 1077 1483 ὅ
1103 1455 1199 1494 πατὴρ
1224 1454 1314 1493 ὖμῖις,
1343 1453 1422 1488 ὄντας
1449 1454 1548 1490 αὑτοῦ,
1572 1454 1616 1493 ,uri

896 1495 1028 1527 ἐποιεῖτο.
1043 1499 1155 1528 etiamsi
1169 1502 1254 1536 pater
1268 1507 1315 1527 vos
1337 1499 1383 1528 rel
1402 1499 1533 1533 maxime,
1549 1507 1617 1527 cum

897 1542 992 1571 essetis
1007 1551 1039 1570 ex
1053 1552 1084 1571 eo
1100 1542 1174 1576 nati,
1192 1546 1290 1570 tamen
1305 1551 1362 1570 non
1378 1542 1553 1580 adoptasset.
1577 1541 1616 1570 ob

896 1584 1094 1624 insequentes
1114 1584 1247 1623 plurales
1263 1582 1332 1618 τίνες
1348 1584 1416 1614 εἰσὶν
1426 1585 1492 1619 υἱεῖς
1503 1581 1615 1619 ἐκείνου,

897 1634 927 1658 et
943 1629 1021 1661 τίνας
1036 1645 1078 1649 -
1091 1627 1241 1667 ἀδελφούς.

940 1689 984 1692 -
994 1673 1045 1700 17.
1059 1669 1150 1708 λέγειν
1160 1673 1276 1710 μᾶλλον
1285 1670 1371 1712 ἀξιῶ]
1383 1668 1506 1701 correxi
1520 1681 1526 1699 ε
1542 1668 1620 1708 λέγω

897 1715 1024 1754 μΞλλον,
1039 1713 1132 1753 ἀξιῶν.
1150 1715 1244 1744 multo
1257 1717 1351 1755 magis
1365 1724 1419 1753 pro
1429 1718 1457 1743 te
1470 1712 1620 1754 verbafa-

898 1758 953 1794 cio,
970 1768 1057 1798 quam
1070 1767 1124 1796 pro
1136 1767 1179 1787 me
1192 1758 1263 1797 ipso,
1277 1768 1343 1788 cum
1359 1767 1471 1798 aequum
1484 1766 1579 1786 censeo
1594 1760 1622 1786 et

899 1801 947 1830 aio
966 1811 1035 1838 esse,
1057 1805 1093 1830 ut
1115 1801 1192 1831 idem
1216 1811 1320 1830 nomen
1345 1811 1396 1830 nos
1411 1799 1494 1830 ambo
1517 1809 1554 1829 ne
1568 1799 1622 1829 ha-

900 1844 1028 1874 beamus.

943 1905 988 1910 --
999 1889 1050 1918 19.
1067 1885 1196 1927 πότερον]
1213 1887 1280 1917 scil.
1298 1884 1390 1924 λέγεις
1402 1884 1562 1916 Μαντίθεον.

946 1932 1042 1961 1006.
1053 1931 1085 1961 5.
1095 1929 1407 1970 καταδιαιτήσας-θαι]
1427 1930 1548 1959 videtur
1563 1929 1622 1959 hoo

901 1977 1006 2003 natum
1023 1979 1054 2003 et
1070 1973 1232 2003 conflatum
1255 1985 1272 2003 e
1293 1973 1415 2012 gemina
1430 1972 1562 2002 lectione
1584 1972 1623 2002 li-

903 2018 1041 2052 brorum,
1053 2027 1182 2056 quorum
1193 2017 1222 2046 in
1239 2017 1307 2047 aliis
1319 2016 1422 2051 fuerit,
1431 2016 1513 2054 quod
1527 2015 1620 2046 etiam

903 2059 1006 2099 reperi
1022 2060 1052 2089 in
1070 2061 1250 2099 Augustano
1261 2065 1290 2090 et
1303 2059 1440 2099 margine
1454 2060 1557 2089 Lutet.
1568 2070 1622 2088 ua-

902 2103 1089 2133 ταδιαιτῆσαι
1106 2103 1255 2142 (subaudi
1267 2102 1312 2134 τᾶν
1328 2102 1497 2142 διαιτητὴν),
1510 2102 1540 2131 in
1553 2102 1623 2132 aliis

903 2145 1155 2177 καταδιαιτῖὶσθαι
1171 2145 1201 2176 in
1218 2147 1356 2186 passivo.
1381 2147 1428 2176 vel
1455 2147 1546 2175 etiam
1567 2157 1622 2175 σα-

903 2189 972 2220 σθαι
993 2197 1097 2219 natum
1115 2194 1162 2219 est
1179 2200 1195 2219 e
1212 2189 1383 2228 σκέψασθε,
1408 2190 1490 2229 quod
1515 2190 1620 2225 iidem,

903 2244 980 2273 quos
996 2234 1073 2269 dixi,
1090 2234 1174 2272 libri,
1191 2237 1387 2274 Augustanus
1400 2243 1497 2268 meus,
1513 2239 1544 2262 et
1559 2233 1625 2269 ille,

904 2278 984 2307 unde
1001 2277 1142 2307 desumla
1163 2283 1211 2308 est
1235 2277 1325 2306 lectio
1350 2276 1497 2316 marginis
1516 2277 1624 2306 Lutet.

902 2322 976 2351 dant
1001 2326 1072 2360 post
1096 2322 1335 2352 καταδιαιτῆσαι.
1359 2330 1458 2359 neque
1483 2319 1624 2349 dubitavi

903 2365 948 2394 sic
964 2364 1138 2394 emendare.

945 2424 989 2430 -—-
1005 2410 1056 2437 10.
1081 2407 1130 2449 τε]
1148 2407 1270 2443 correxi
1287 2417 1355 2436 meo
1373 2405 1493 2445 judicio
1509 2404 1549 2435 δέ.
1563 2416 1623 2436 non

901 2456 1001 2481 autem
1015 2452 1204 2490 postmodum.

945 2513 989 2517 —
1007 2497 1056 2524 16.
1071 2492 1230 2536 ἀντίληξις]
1248 2493 1348 2523 Boeoti
1365 2494 1514 2523 adversus
1535 2492 1623 2522 Man-

903 2536 993 2568 tithei
1010 2536 1160 2577 ἔγκλημα,
1175 2549 1228 2567 seu
1246 2537 1335 2576 λῆξις.
1347 2547 1412 2566 nam
1423 2536 1552 2576 perinde
1563 2541 1622 2567 est.

904 2592 934 2610 v.
952 2593 981 2610 v.
996 2585 1025 2610 1.
1043 2581 1169 2610 invertit
1185 2591 1259 2620 ergo
1281 2585 1453 2620 temporum
1471 2580 1622 2609 ordinem.

904 2625 988 2663 prior
1015 2630 1061 2654 est
1091 2625 1246 2655 accusatio
1278 2624 1442 2654 Mantitlnei
1471 2623 1622 2653 adversus

906 2669 1061 2698 Bceotum.
1082 2669 1235 2707 posterior
1245 2666 1388 2707 ἁντίληξις
1398 2667 1502 2697 Boeoti
1514 2667 1622 2695 adver-

906 2722 959 2741 sus
987 2711 1206 2748 Mantitheum,
1231 2722 1291 2752 quo
1314 2712 1445 2750 negabat
1466 2710 1515 2739 hic
1533 2719 1622 2738 accu-

907 2754 1054 2784 sationem
1072 2754 1236 2785 Mantithei
1261 2755 1300 2784 ad
1325 2766 1358 2785 se
1375 2754 1536 2794 quicquam
1554 2762 1624 2791 per-

907 2798 1013 2828 tinere.

948 2859 992 2864 -—-
1008 2843 1061 2873 26.
1084 2838 1121 2871 αἷν
1131 2840 1171 2895 y:
1193 2841 1225 2872 ἂν
1247 2843 1290 2880 μῆ
1305 2839 1390 2878 νέαι,
1408 2840 1487 2867 in&
1507 2838 1622 2879 γνώμῃ]

906 2885 1029 2914 correxi
1059 2883 1095 2915 ὠν
1111 2884 1138 2923 γ’
1154 2885 1186 2915 ἂν
1197 2887 1239 2924 μὴ
1257 2889 1312 2914 ain
1328 2883 1414 2922 νέμοι,
1430 2880 1542 2922 [ἀλλὰ]
1556 2881 1623 2919 γνώ-

905 2940 949 2967 μη
965 2945 1008 2951 -—
1023 2930 1236 2979 conjunctione
1266 2928 1347 2956 ἀλλὰ
1381 2926 1467 2954 uncis
1495 2924 1624 2954 inclusa.

906 2982 1088 3011 quamquam
1104 2973 1220 3008 nescio,
1231 2981 1266 3000 an
1281 2969 1379 3000 satius
1394 2968 1433 2997 sit
1449 2977 1513 2997 eam
1531 2967 1625 3007 plane

905 3015 1022 3046 induci.

951 3077 992 3081 -
1010 3061 1062 3088 27.
1086 3057 1226 3097 δικάσειν]
1245 3055 1373 3087 subaudi
1390 3065 1449 3096 περι
1464 3053 1581 3084 τούτων.
