1931 3322
334 201 417 243 AD
450 199 820 254 ORATIONEM
855 199 977 241 PRO
1009 198 1402 242 PHORMIONE.
1513 199 1598 241 215

147 320 199 340 sus
215 309 401 348 adscriptum
418 308 509 338 velim
526 307 645 341 Βιβλίαν.
690 309 854 345 Scheduta,

147 364 207 392 qua
222 352 400 390 consignata
420 356 504 381 erant
525 352 728 382 emolumenta
744 353 855 387 omnia,

149 407 218 435 quae
233 395 452 435 Apollodorus,
473 400 526 424 aut
544 407 561 425 e
580 399 707 434 paterna
726 396 856 426 haeredi-

147 444 210 468 tate
225 438 406 477 accepisset,
422 445 473 467 aut
489 449 543 476 per
556 438 664 477 viginti
677 449 772 468 annos
789 450 856 478 pro-

146 481 312 521 pemodum
326 481 356 510 in
373 492 427 511 usu
444 486 475 510 et
486 482 585 511 fructu
602 482 770 512 habuisset.

190 541 234 547 —
243 526 273 555 9.
287 523 335 553 καὶ
349 523 470 554 τοσαῦτ’
481 524 642 564 ἀνηλωκὼς]
660 525 858 554 constructio

147 567 283 605 postulat
301 567 365 597 sic:
389 567 438 597 καὶ
458 567 600 598 ’τοσούτων
618 569 776 603 ἀνηλωκὼς,
792 567 860 597 ἴσων

147 610 229 650 ὑμεῖς
243 609 396 640 ἀκηκόατε.

191 670 234 676 -
252 656 305 685 13.
326 652 409 692 οἶμαι
428 652 483 692 μὲν
505 651 606 694 τοίνυν]
632 654 754 684 correxi
776 653 860 694 οἶμαι

148 695 259 737 μέντοι.
280 702 351 736 puto
366 701 471 726 tamen.

190 757 235 762 —
250 742 302 771 15.
324 739 399 769 τόνδε
413 738 482 781 μὲν]
504 739 731 771 Phormionem.

192 801 235 806 —-
249 783 328 813 ibid.
350 781 457 822 τούτῳ]
484 783 688 822 Apollodoro.

192 844 235 848 —
250 828 303 857 16.
325 824 436 866 δόντας]
461 826 589 856 subaudi
605 827 691 866 ὑμᾶς.

193 888 236 892 -
249 869 326 899 ibid.
348 870 389 899 τὰ
407 867 523 910 τούτου]
548 869 608 899 imo
628 880 700 900 vero
716 871 756 900 τὰ
771 870 860 900 τοῦδε.

152 911 361 944 Phormionis.
383 923 449 942 nam
471 911 513 942 δ’δε
537 912 586 943 hic
607 913 667 942 loci
691 918 737 943 est
763 913 862 944 Phor-

151 956 224 992 mio,
251 954 330 990 οὗτος·
351 955 571 995 ApollodoruS.
616 956 774 987 Sententia
797 958 861 987 haec

153 1004 218 1029 est:
243 998 403 1029 honestius
421 1002 467 1029 est
482 1003 513 1028 et
533 999 663 1038 aequins,
681 1011 736 1030 vos
754 1001 862 1038 jubere

151 1047 243 1082 atque
258 1043 334 1081 pati,
347 1046 382 1071 ut
397 1041 445 1071 hie
462 1042 606 1072 Phormio
622 1053 638 1072 e
656 1044 718 1073 suis
727 1043 863 1083 propriis

153 1086 244 1116 bonis
265 1095 358 1115 onera
379 1089 490 1115 vestrae
507 1086 586 1125 reip.
603 1087 755 1122 sublevet,
774 1098 862 1125 quam

153 1134 186 1159 ut
203 1129 391 1168 Apollodoro
408 1129 588 1158 condonetis
601 1130 745 1169 suffragio
759 1136 864 1160 vestro

154 1172 351 1202 Phormionis
368 1172 456 1207 bona,
469 1182 597 1211 qnorum
610 1183 755 1212 perquam
767 1173 865 1203 minu-

155 1220 216 1245 tam
231 1220 349 1254 partem
364 1215 401 1244 ab
416 1215 608 1254 Apollodoro
624 1216 727 1246 feratis
749 1227 865 1246 merce-

154 1258 203 1288 dis
219 1258 353 1295 nomine,
374 1268 434 1297 quo
458 1259 519 1294 fiat,
535 1264 570 1288 ut
585 1268 711 1289 necesse
731 1260 865 1290 habeatis

154 1302 372 1332 Phormionem
386 1302 508 1340 quidem
525 1303 564 1332 ad
580 1302 692 1333 incitas
709 1304 867 1333 redactum

156 1345 274 1381 videre,
287 1345 338 1385 qui
356 1346 474 1375 sobrius
491 1351 521 1375 et
533 1346 654 1384 pudens
668 1351 726 1382 est,
739 1347 867 1386 Apollo·

157 1389 263 1418 dorum
285 1393 384 1418 antem
406 1388 643 1419 insolescentem
665 1394 696 1420 et
716 1391 794 1420 bona
812 1401 867 1420 sua

156 1432 256 1462 modis
269 1431 329 1461 sibi
345 1431 444 1461 solitis
460 1432 685 1471 prodigentem.

199 1493 242 1497 —
258 1476 310 1505 27.
331 1475 496 1516 χξήμασ-ιν]
515 1476 546 1505 id
563 1481 621 1511 est,
637 1476 683 1506 διὰ
697 1477 867 1518 χςημέιτων.

156 1519 234 1548 inter
250 1517 378 1548 homines
392 1520 515 1548 nummis
527 1520 556 1549 in
564 1517 683 1559 foenore
697 1521 871 1553 collocandis

158 1567 296 1602 quoestum
303 1559 461 1601 facientes.

205 1622 248 1627 -—
262 1604 339 1634 ibid.
363 1603 502 1646 φιλεργὸν]
527 1605 627 1635 malim
644 1604 677 1635 τὸ
693 1606 828 1647 φιλεςγὸν.

205 1648 280 1679 958.
293 1649 324 1678 4.
349 1648 421 1689 πᾶν]
446 1648 548 1678 malim
571 1647 604 1678 τὸ
627 1651 695 1685 πᾶν,
714 1661 781 1680 oum
800 1649 873 1680 arti-

160 1691 241 1721 culo.

205 1752 248 1757 -—
264 1735 316 1764 13.
329 1733 377 1763 καὶ
393 1735 441 1766 τῆν
455 1733 510 1774 μὲν
525 1734 659 1772 λέλυσαι,
670 1737 719 1766 τὴν
734 1735 758 1765 δ’
772 1735 875 1769 ἔδωκας

165 1775 278 1818 ἑταίρᾳ]
301 1777 388 1807 locus
413 1778 617 1817 perdifficilis,
643 1783 675 1808 et
700 1779 875 1809 multifariis

163 1821 268 1850 dubiis
287 1825 377 1860 atque
391 1821 614 1861 interpretandi
635 1821 804 1853 rationibus
821 1833 875 1852 ex-

164 1864 298 1903 positus,
313 1864 468 1904 variisque
484 1866 584 1896 modis
605 1866 634 1896 in
655 1866 744 1896 libris
765 1877 877 1904 reprae-

166 1912 314 1937 sentatus.
337 1907 388 1937 alii
406 1908 486 1937 enim
503 1908 609 1943 ἔδωκας
625 1910 709 1944 dant,
726 1910 778 1939 alii
799 1908 876 1939 ἐκδέ-

166 1950 267 1984 δωκας,
284 1951 364 1989 quod
378 1951 511 1990 praetuli.
527 1952 579 1981 alii
595 1951 689 1992 ἑτέξςι,
703 1952 754 1982 alii
770 1951 877 1993 ἑτὲςαν,

165 1994 216 2023 alii
229 1991 335 2033 ἑταίρᾳ,
350 1994 400 2023 alii
414 1993 531 2035 ἑταίραν.
547 1996 626 2034 qnod
640 1995 757 2025 adscivi
771 2006 787 2025 e
802 1997 879 2026 Bav.

165 2047 259 2076 quum
280 2037 440 2067 videretur
461 2038 642 2068 sententiam
659 2039 789 2068 reddere
812 2039 878 2078 pla-

165 2080 341 2117 nissimam3
366 2091 434 2119 quae
451 2080 514 2110 haec
528 2086 592 2111 est:
617 2083 667 2113 τὴν
679 2082 733 2121 μὲν
746 2080 880 2117 λέλυσαι,

167 2124 243 2165 (non
258 2122 393 2164 χλανίδα,
416 2125 471 2154 sed
492 2122 618 2166 ἑταίραν)
632 2126 720 2155 aliam
740 2126 880 2155 meretri<

168 2175 234 2196 cem
252 2177 268 2195 a
280 2167 390 2198 lenone
402 2166 541 2204 redimis,
558 2173 589 2199 et
601 2168 657 2198 tibi
673 2169 779 2206 habes,
795 2168 845 2200 τὴν
857 2167 882 2199 δ’

168 2208 334 2245 ἐκδέδωκας,
348 2211 450 2247 aliam,
466 2221 524 2250 qua
535 2213 597 2250 jam
611 2213 725 2242 abusus
742 2217 773 2242 et
789 2212 881 2242 satia-

169 2258 221 2283 tus
237 2264 282 2290 ες,
299 2254 350 2284 alii
366 2259 491 2293 nuptum
517 2256 619 2286 elocas
637 2256 740 2286 addita
756 2256 883 2286 honesta

171 2298 254 2327 dote.
277 2301 353 2333 tum,
367 2308 428 2336 quo
444 2297 571 2329 dubium
591 2310 628 2329 ne
648 2299 701 2336 sit,
723 2309 783 2339 quo
803 2301 882 2330 refe-

173 2344 256 2370 ratur
270 2341 319 2371 τὴν
331 2340 387 2379 μὲν
399 2347 428 2371 et
440 2343 488 2372 τὴν
503 2341 544 2376 δὲ,
558 2342 654 2378 addit,
667 2343 884 2384 explicationis

172 2393 257 2423 ergo,
273 2382 396 2424 ἑταίραν,
411 2394 448 2415 ne
460 2385 529 2424 quis
541 2385 668 2416 forsitan
679 2397 782 2417 errore
797 2387 829 2417 id
845 2386 882 2416 ad

172 2425 296 2467 χλανίδα
315 2427 436 2457 referat.
481 2428 570 2458 conf.
587 2429 626 2459 cl.
642 2431 823 2460 Stoeberum
846 2431 883 2460 ad

173 2470 319 2500 Thomam
337 2470 421 2507 Mag.
438 2481 469 2510 p.
485 2472 561 2502 375.

215 2530 259 2536 --
274 2515 326 2544 16.
349 2512 548 2555 αἴσθάνεσθαι]
573 2514 642 2551 fuit,
665 2526 733 2546 curn
755 2515 887 2558 αἰσχύνε-

175 2554 243 2586 σθαι
259 2557 435 2596 suspicarer
450 2557 510 2596 leg.
527 2568 608 2587 esse.
631 2559 694 2589 Sed
707 2564 807 2599 potest
820 2560 887 2589 vul-

177 2605 247 2639 gata
264 2600 346 2630 ferri.
369 2600 429 2638 ipsi
452 2601 621 2640 peregrini,
636 2603 688 2641 qui
712 2607 741 2632 te
762 2613 888 2642 prorsus

175 2643 330 2682 ignorant,
349 2643 490 2674 videntes
510 2644 673 2674 comitatus
688 2645 889 2685 incessusque

176 2685 223 2716 tui
231 2696 409 2726 morumque
417 2686 608 2717 insolentiam
619 2693 648 2718 et
658 2689 892 2727 turpitudinem,

180 2729 387 2769 obstupefacti
409 2730 511 2760 media
530 2731 560 2760 in
583 2731 633 2761 via
656 2731 814 2768 insistunt,
831 2738 892 2762 sta-

181 2773 295 2812 timque
312 2773 447 2803 sentiunt
462 2778 491 2803 te
507 2778 650 2813 nepotem
667 2785 745 2805 esse.
770 2775 893 2815 praetuli

178 2821 278 2847 tamen
294 2816 500 2858 αἰσχύνεσθαι.

225 2879 266 2883 -
283 2863 334 2891 18.
358 2860 454 2894 ἐκεῖνος
473 2860 528 2902 οὔχ
547 2861 609 2902 ὃςξί]
629 2861 809 2891 infitiantem
826 2871 895 2900 par-

183 2903 310 2934 ticulum
339 2903 456 2933 addidi.
487 2914 575 2944 neque
600 2905 651 2934 ille
676 2905 894 2945 (Antimachus

186 2945 276 2986 puta)
298 2955 355 2975 non
377 2947 454 2977 videt
475 2946 689 2978 Phormionem.
714 2949 743 2977 h.
759 2959 786 2978 e.
811 2947 894 2987 atqui

183 2995 282 3020 tamen
299 2989 349 3018 ille
367 2989 582 3020 Phormionem
599 2992 676 3021 bene
691 2991 785 3021 novit.

227 3050 269 3056 —
284 3034 337 3063 ⁰20.
361 3030 479 3074 ἐκείνων]
505 3034 694 3065 Arcliestruti
710 3041 739 3065 et
759 3035 896 3065 Antima-

890 306 949 343 chi,
962 307 1015 347 qui
1030 306 1113 336 filius
1130 307 1214 336 illius
1229 313 1306 338 erat.

933 368 973 372 --
991 350 1066 379 ibid.
1091 349 1179 388 ἐκείνῳ
1195 351 1340 391 προσήκει]
1358 354 1429 389 post
1443 349 1530 390 ἐκείνῳ
1545 350 1602 380 de-

891 404 958 423 esse
977 393 1101 422 videtur
1116 395 1170 421 τῶν
1185 395 1252 427 σῶν,
1271 399 1322 423 aut
1338 396 1377 422 τὰ
1394 394 1444 423 σά.
1462 395 1519 429 illi,
1534 395 1600 423 An-

893 436 1144 475 timaclio‚potius
1158 442 1197 465 est
1211 437 1267 474 jus
1288 438 1319 465 ιή
1336 436 1408 465 bona
1430 443 1492 473 lucz,
1513 448 1601 477 quum

892 480 955 509 tibi.

935 540 978 545 —
994 524 1045 552 24.
1068 520 1152 555 αὖτὲς
1167 522 1255 554 ποιεῖς
1276 522 1397 559 ἀνάγκην
1412 521 1476 552 εῖναι
1492 523 1539 552 καὶ
1556 522 1603 554 λε’-

892 566 963 606 γειν]
988 565 1111 594 correxi
1134 564 1217 599 αὐτὸς
1242 566 1330 599 ποιεῖς
1349 575 1384 594 σε
1404 566 1523 604 &layum
1538 566 1603 596 εἶναι

894 608 984 647 λέγειν
998 625 1041 630 ——-
1055 608 1160 637 addito
1175 618 1208 637 σε
1226 612 1256 637 et
1271 609 1383 638 omisso
1397 609 1455 638 καί.
1479 611 1559 647 quod
1578 611 1605 639 si

895 657 1044 687 servetur,
1059 661 1186 681 necesse
1199 652 1240 681 sit
1255 652 1331 681 πᾶσι
1347 652 1431 681 addi.
1446 652 1494 681 καὶ
1510 655 1605 688 wien,

895 695 1023 725 omnibus
1036 696 1162 724 omnino.

939 755 980 761 -—-
995 740 1047 769 26.
1071 735 1297 778 ωξοπηλακίζεις
1314 736 1342 768 δὲ
1358 739 1406 768 τὴν
1424 737 1519 780 πάλιν]
1543 749 1607 768 rna·
1652 747 1656 752 ·

895 780 947 812 lim
972 792 1040 811 cum
1064 782 1185 821 copula,
1209 780 1427 822 πξοπηλακίζεις
1447 781 1475 812 δὲ
1494 782 1541 812 καὶ
1557 783 1607 812 τὴν

895 825 987 855 πόλιν.

938 886 978 891 -
1004 870 1056 898 27.
1087 867 1208 907 τούτων]
1242 867 1357 904 horum,
1387 867 1500 899 civium
1534 872 1606 908 puta

896 912 1141 947 Atheniensium,
1163 921 1292 950 quorum
1314 921 1476 950 personam
1498 917 1609 951 gerunt

896 956 928 986 hi
946 955 1088 984 sedentes
1100 954 1231 993 judices.

941 999 1014 1029 959.
1028 1001 1059 1028 4.
1075 997 1236 1036 Ἀθηναῖον]
1252 1001 1356 1036 potest
1365 997 1448 1028 ferri.
1460 998 1515 1028 sed
1529 1008 1607 1037 prae-

898 1042 954 1072 tuli
971 1052 1009 1071 ex
1026 1042 1207 1079 Augustano
1222 1039 1374 1071 Ἀθηναῖοι.
1397 1042 1471 1081 quod
1493 1041 1535 1077 hi,
1557 1043 1608 1081 qui

897 1087 955 1115 sint
975 1083 1171 1119 Athenienses,
1196 1084 1225 1113 l».
1241 1095 1269 1114 e.
1292 1085 1425 1114 omnium
1452 1085 1609 1115 hominum

899 1127 1097 1163 nobilissimi,
1112 1131 1151 1163 te,
1167 1128 1218 1167 qui
1238 1127 1317 1163 talis,
1340 1128 1368 1156 h.
1388 1138 1415 1157 e.
1429 1133 1490 1158 tam
1507 1129 1609 1168 turpis

899 1176 930 1202 et
943 1171 1118 1209 improbus,
1135 1172 1182 1205 sis,
1198 1170 1433 1211 suumfecerint,
1451 1182 1505 1210 pro
1525 1172 1610 1207 cive,

900 1219 932 1244 et
945 1225 1032 1253 paene
1045 1214 1107 1244 filio
1123 1224 1178 1243 suo
1196 1214 1381 1253 adoptarint.
1404 1224 1471 1244 nam
1490 1215 1549 1244 hoo
1563 1221 1612 1245 est

900 1256 1051 1290 ποιεῖσθαι.

943 1319 985 1324 —
1001 1304 1031 1332 6.
1056 1299 1237 1340 ἀπηλλάγη]
1262 1300 1331 1330 scit.
1346 1301 1397 1334 τῆς
1412 1302 1491 1340 παρὰ
1511 1301 1555 1340 τῷ
1570 1301 1615 1342 σῷ

901 1344 990 1386 vargi
1007 1343 1139 1378 δουλείας.
1162 1350 1361 1384 posteaquam
1377 1355 1465 1374 manu
1482 1345 1615 1375 emissus

902 1393 950 1419 est
965 1399 982 1418 a
997 1392 1050 1418 tuo
1064 1393 1162 1426 patre,
1176 1387 1286 1426 suique
1297 1387 1376 1425 juris
1393 1389 1502 1417 factus.

945 1449 986 1454 -
1003 1433 1055 1462 13.
1071 1430 1245 1470 ἀπηλλάγη]
1263 1431 1395 1461 subaudi
1410 1430 1468 1461 ἀπὸ
1479 1433 1535 1461 τῶν
1550 1431 1616 1462 ἑαυ-

902 1475 952 1505 τοῦ
968 1473 1071 1514 κυρίων.

947 1536 989 1541 —
1005 1520 1058 1549 22.
1081 1517 1119 1552 εἷς
1133 1516 1188 1558 μὲν
1202 1519 1256 1557 γᾶς
1271 1519 1311 1547 τὰ
1327 1516 1392 1547 ὄντα
1402 1518 1461 1559 -]
1487 1518 1618 1548 Senten-

907 1561 948 1591 tia
964 1561 1030 1591 haec
1044 1561 1186 1592 videtur:
1207 1562 1356 1591 Fortunas
1371 1566 1449 1598 tuas,
1462 1571 1529 1600 quae
1541 1571 1620 1592 nuno

907 1609 978 1634 sunt
1004 1605 1188 1644 splendidae,
1214 1604 1240 1633 si
1268 1603 1434 1643 diligenter
1461 1603 1621 1644 inspicies,

907 1658 966 1677 non
983 1653 1050 1677 tuas
1071 1658 1123 1677 eas
1140 1658 1220 1684 esse,
1237 1648 1291 1677 sed
1309 1647 1433 1683 alienas,
1449 1648 1622 1687 depreben-

908 1692 975 1727 des,
994 1691 1053 1720 fide
1075 1691 1271 1721 Phormionis
1287 1691 1386 1720 nixas.
1411 1701 1502 1729 quem
1520 1690 1546 1720 si
1564 1691 1621 1721 tibi

907 1734 1063 1764 licentiam
1079 1734 1230 1773 spoliandi
1254 1734 1369 1763 dabunt
1386 1734 1510 1773 judices
1530 1745 1570 1764 ex
1584 1745 1622 1765 eo

908 1778 1012 1813 titulo,
1061 1778 1122 1808 uod
1146 1777 1292 1807 Phormio
1316 1787 1427 1807 servus
1451 1777 1496 1807 tui
1523 1779 1622 1818 patris

911 1789 1074 1861 aliquando
1094 1821 1196 1857 suerit,
1213 1821 1329 1850 dabunt
1349 1820 1443 1850 iidem
1459 1821 1529 1850 aliis
1546 1832 1624 1861 quo-

911 1875 969 1904 que
992 1864 1145 1895 licentiam
1173 1869 1203 1894 te
1227 1864 1391 1904 spoliandi,
1407 1875 1446 1894 ex
1464 1864 1571 1895 eodem
1587 1865 1625 1895 ti-

911 1909 988 1944 tulo,
1012 1908 1095 1948 quod
1118 1911 1208 1947 pater
1233 1912 1305 1937 tuus
1329 1907 1493 1946 aliquando
1517 1919 1625 1938 servus

913 1962 1016 1981 eorum
1032 1951 1152 1981 fuisset.
1197 1951 1274 1980 Sunt
1289 1961 1366 1990 opes
1382 1953 1530 1990 cujusque
1546 1953 1626 1991 ejus,

912 2005 1006 2034 penes
1029 2005 1118 2033 quem
1142 1999 1279 2033 tempore
1303 2004 1424 2032 quoque
1448 2000 1539 2033 sunt3
1566 2005 1625 2024 non

913 2040 992 2078 ejuS,
1009 2047 1104 2076 penes
1119 2048 1209 2077 quem
1226 2037 1389 2076 aliquando
1404 2038 1538 2068 suerunt.

958 2083 1032 2112 960.
1048 2083 1077 2112 2.
1096 2079 1168 2121 ωξός
1185 2080 1326 2120 {imm-ra]
1345 2080 1375 2110 id
1394 2086 1452 2114 est.
1470 2080 1496 2111 ἐν
1511 2080 1629 2119 ἅπασι,

913 2125 1000 2154 rebus
1019 2125 1051 2153 in
1071 2125 1202 2154 omnibus
1220 2124 1325 2160 multo,
1349 2134 1436 2164 quam
1459 2129 1506 2161 tu,
1526 2125 1630 2156 melius

914 2169 1033 2208 sapiens.

957 2229 1000 2234 -
1016 2212 1046 2241 5.
1071 2212 1126 2240 τῶν
1143 2208 1281 2252 ἡμίσεων]
1300 2210 1424 2241 correxi
1439 2212 1494 2240 τῶν
1508 2211 1631 2250 μισθώ-

915 2266 997 2291 σεων,
1020 2255 1174 2294 quomodo
1197 2255 1256 2294 leg.
1274 2265 1343 2292 esse
1367 2255 1558 2294 insequentia
1575 2255 1633 2286 do-

917 2302 996 2328 cent.

961 2359 1004 2365 —
1020 2344 1050 2372 7.
1075 2340 1168 2382 ζῶντα
1194 2340 1278 2371 αὖτδν
1301 2339 1408 2381 ἐτίμα]
1433 2341 1556 2371 correxi
1581 2341 1637 2382 ζῶν

918 2383 1001 2416 αὐτὸν
1021 2383 1122 2425 ἐτίμα.
1147 2385 1269 2414 videtur
1289 2385 1363 2415 illud
1382 2383 1476 2423 ζῶντα.
1498 2390 1598 2416 natum
1617 2396 1635 2416 e

919 2428 1005 2458 varia
1031 2429 1178 2463 lectione,
1204 2438 1272 2467 quae
1298 2428 1402 2457 nescio
1427 2437 1463 2457 an
1488 2428 1518 2457 in
1546 2428 1635 2459 libris

920 2471 1102 2510 quibusdam
1119 2472 1191 2501 olim
1205 2471 1308 2507 fuerit,
1323 2470 1374 2511 ζῶν
1385 2473 1424 2500 τὰ
1434 2471 1574 2510 μάλιστα
1586 2473 1638 2503 αὖ·

921 2513 967 2544 τὸν
982 2513 1084 2554 ἐτίμα.

965 2577 1008 2581 —
1026 2562 1077 2588 12.
1103 2557 1205 2598 ποιεῖς]
1235 2557 1358 2587 correxi
1379 2558 1464 2593 ποιεῖ’,
1489 2559 1572 2598 qnod
1595 2570 1631 2589 es

924 2602 1028 2631 Attice
1045 2602 1160 2631 dictum
1173 2601 1268 2637 idem,
1282 2607 1372 2641 atque
1384 2602 1461 2642 ποιῇ,
1478 2612 1540 2631 sec.
1557 2612 1630 2641 pers

926 2645 1003 2684 sing.
1019 2655 1109 2684 praes.
1122 2644 1216 2673 indic.
1231 2645 1336 2675 medii.

969 2706 1010 2710 —
1026 2691 1075 2718 14.
1100 2686 1154 2718 ὑπὸ
1170 2688 1220 2718 τοῦ
1241 2686 1362 2729 πατςός]
1389 2687 1492 2718 malim
1515 2686 1568 2718 ὑπὸ
1589 2689 1640 2718 τοῦ

926 2731 976 2760 σοῦ
989 2730 1116 2772 wer-reic-

971 2777 1046 2805 961.
1060 2778 1088 2804 1.
1102 2774 1150 2804 οὐκ
1161 2772 1347 2815 Αὐτοκλέους]
1361 2774 1437 2803 sorte
1450 2774 1525 2803 bene
1540 2774 1641 2811 habet,

928 2819 1090 2858 potuitque
1106 2818 1135 2847 in
1152 2818 1341 2848 orationibus
1354 2816 1571 2846 Demosthenis
1587 2818 1641 2847 de-

929 2862 1060 2902 perditis
1078 2871 1137 2891 una
1148 2861 1242 2891 fuisse
1255 2862 1284 2891 in
1299 2860 1457 2891 Autoclem
1473 2870 1528 2898 pro
1543 2860 1640 2899 Apol-

928 2906 1036 2939 lodoto
1053 2905 1180 2944 scripta,
1197 2915 1252 2944 pro
1268 2915 1328 2943 quo
1340 2903 1463 2941 scriptae
1480 2904 1640 2941 permuttae

931 2953 1106 2988 supersunt.
1127 2948 1187 2977 Sed
1203 2948 1267 2977 lieri
1279 2956 1383 2976 rursus
1394 2955 1514 2984 quoque
1525 2952 1640 2984 potest,

931 2998 963 3022 ut
986 2997 1035 3021 aut
1062 2991 1090 3022 οὐ
1116 2989 1301 3024 Πολυκλέους,
1326 2994 1378 3018 aut
1402 2989 1430 3018 οὐ
1453 2990 1643 3025 Καλλικλέους

931 3035 1051 3066 dederit
1068 3040 1182 3065 orator.
1201 3045 1228 3063 v.
1245 3044 1276 3072 p.
1291 3035 1385 3062 1206.
1404 3038 1431 3062 et
1448 3034 1540 3063 1272.
