1997 3323
405 227 484 269 100
775 225 810 270 Ι,
834 226 868 270 Ι.
889 226 1113 270 REISKE

399 345 471 370 non.
486 340 521 364 ut
533 340 674 365 venerunt
692 344 734 365 res
748 335 788 366 ad
810 337 1028 373 exsecutionem,
1041 337 1108 373 sed,

398 383 434 407 ut
450 377 479 406 hi
495 377 632 414 homines,
643 388 720 417 quos
736 379 885 415 dicebam,
900 381 940 410 ad
955 382 1107 410 exsecutio-

398 430 463 450 nem
467 418 621 460 fraudum
631 431 754 452 suarum
769 423 966 453 deveniebant.

440 465 515 494 3⁷2.
534 467 562 494 1.
577 463 631 494 ἐπὶ
648 465 763 505 πολλῷ]
787 466 853 495 scil.
873 464 955 505 τόκῳ.
980 466 1108 496 Veteres

396 506 579 537 Scholiastae
593 507 631 536 ad
656 508 684 536 h.
700 508 722 537 l.
743 509 944 538 admonebant
966 514 1108 548 oportere

396 560 476 579 ιιουιω
491 550 657 580 subaudiri.
675 551 713 580 ad
737 552 915 581 sententiam
938 562 997 581 non
1020 553 1107 582 male.

396 593 433 622 In
455 593 625 633 Augustani
649 594 738 632 primi
762 595 898 634 margine
920 595 1108 635 adscriptum

396 636 510 676 legitur
530 634 621 666 λείπει
642 636 732 675 κοικᾷί.
756 637 789 667 id
813 638 892 677 quod
919 638 1027 668 salsum
1051 643 1108 668 est

398 690 457 709 nou
473 679 504 709 id
529 680 631 718 posuit
648 684 762 715 orator,
776 685 807 709 et
823 691 859 710 ne
874 681 971 711 voluit
987 682 1107 720 quidem

396 733 576 761 quemquam
601 723 631 752 id
657 723 831 753 subaudire.
877 724 981 754 Hodie
1008 729 1107 755 tamen

396 765 509 795 nemini
525 767 651 796 vetitum
668 771 716 795 est
732 766 760 794 in
777 771 876 795 mente
898 777 952 797 sua
967 778 1022 807 pro
1045 778 1109 798 me·

394 809 553 848 taphorica
569 819 643 838 voce
658 809 731 847 τόκῳ
746 809 822 838 hanc
838 809 1054 849 simpliciorem
1079 817 1110 842 et

395 852 561 892 planiorem
574 853 654 890 κοικᾷῖ
668 852 831 891 subjicere.

439 913 481 917 -—
498 899 549 925 11.
561 894 660 935 εἴργετ’
674 906 715 924 ουν
725 895 783 935 --]
802 894 955 925 Aristides
967 896 1057 926 deD.
1071 897 1107 926 C.

395 949 426 977 p·
444 940 518 970 968.
540 938 588 967 καὶ
607 950 716 979 σχημα
732 938 759 968 δὲ
776 937 847 968 οὕτω
867 937 973 976 γίνεται
993 939 1110 980 σφοδςὸ-

395 992 457 1016 της,
467 980 534 1011 ὅταν
548 993 593 1015 τις
607 980 774 1021 ἐπιφορικοῖς
785 993 891 1023 xpri-rai
907 983 968 1018 τοῖς
983 993 1110 1023 σχημα-

396 1035 449 1053 σιν.
462 1022 522 1054 οἷον·
545 1025 649 1065 εἴργετε
672 1028 724 1061 οὑν,
739 1025 841 1064 ειξγετε
861 1024 942 1055 αὐτὸν
964 1028 1018 1055 τῶν
1041 1024 1108 1066 ὑπὲρ

393 1068 446 1101 τῆς
460 1067 557 1108 εἰρήνης
570 1067 669 1105 λόγων.

439 1127 482 1132 —
498 1112 549 1141 15.
565 1109 635 1139 ἀλλ’
648 1123 662 1141 η
676 1110 770 1151 εἲξηνη,
785 1108 818 1140 δι’
833 1110 967 1152 Αἶσχίνην
983 1113 996 1144 ἦ
1011 1110 1108 1145 διαβέ-

394 1152 521 1194 Βλητοιι]
538 1153 646 1183 sustuli
663 1155 677 1184 ἦ
693 1154 855 1193 posterius,
871 1155 909 1184 ad
933 1155 1107 1195 exemplum

395 1196 522 1226 aliarum
553 1197 730 1227 editionum.
777 1197 838 1227 Sed
862 1207 935 1228 vera
960 1199 1026 1229 haec
1050 1209 1107 1228 non

395 1245 460 1269 erat
483 1240 666 1270 emendandi
686 1240 774 1271 ratio.
797 1241 963 1270 debueram
981 1242 1026 1271 sic
1042 1252 1109 1271 cor-

394 1281 495 1322 rigere
508 1294 514 1312 :
529 1282 599 1313 ἇλλ’
612 1283 626 1313 ἧ
641 1283 720 1324 εἰρήνη
734 1283 767 1313 δι’
780 1281 913 1325 Αἰσχίνην
924 1284 946 1314 εἷ
957 1284 1110 1319 διαβέβλη-

394 1337 456 1356 ἰ-οιι.
473 1326 530 1355 hoc
545 1326 656 1366 agitur,
673 1327 730 1357 boo
743 1333 887 1363 certatur,
897 1327 986 1358 istam
1002 1338 1109 1367 pacem

394 1379 465 1398 num
486 1369 645 1399 AEschinis
669 1371 817 1411 flagitium
836 1369 867 1400 in
887 1371 1034 1401 iuvidiam
1057 1371 1110 1401 ad—

393 1411 530 1442 duxerit.

437 1472 480 1477 —
491 1457 544 1485 21.
559 1457 670 1486 πολλῶν
686 1456 795 1497 ἄλλων]
818 1462 870 1486 aut
885 1456 934 1486 καὶ
950 1464 998 1486 est
1015 1457 1109 1487 inter-

394 1499 580 1537 ponendum,
598 1499 703 1529 autsic
715 1499 876 1538 tegendum
889 1510 896 1529 :
909 1501 950 1530 νῦν
966 1498 1000 1537 δ’,
1015 1499 1110 1540 οἶμαι,

395 1541 443 1570 καὶ
458 1540 554 1571 ἄλλων
569 1544 681 1572 πολλῶν
696 1541 761 1573 ἐστὶ
773 1554 801 1572 ιι.

436 1602 480 1607 -
490 1587 542 1616 26.
558 1584 573 1616 ἦ
589 1586 666 1625 ὑμᾶς
678 1585 783 1626 ἀξιοῦν]
799 1585 868 1616 scil.
880 1585 1041 1627 προσάγειν,
1059 1587 1110 1617 vel

393 1639 478 1658 Τοῦτο
494 1639 589 1659 ποίειγ-

437 1672 512 1702 373.
531 1672 562 1701 5.
584 1670 760 1711 ἀνθρώπων]
782 1671 871 1701 uncis
895 1672 1021 1709 inclusi,
1050 1683 1110 1703 non

393 1724 454 1754 quo
473 1714 616 1745 vitiosum
635 1715 687 1750 sit,
712 1714 768 1743 sed
796 1716 877 1754 quod
905 1715 1009 1745 nescio
1035 1716 1109 1755 quid

393 1757 662 1788 absurdiusculum
678 1762 765 1788 sonet
786 1758 938 1799 ἀνθςώποον
951 1776 995 1781 -
1009 1765 1110 1799 φιλοιν-

392 1800 522 1842 δρώντων.

436 1861 480 1866 —
503 1845 534 1874 6.
563 1842 714 1884 φθονερῶς]
737 1843 918 1884 suspicabar
943 1844 1108 1884 aliquando

392 1892 463 1927 post
485 1886 622 1926 φθονεξῶς
641 1887 749 1917 deesse
765 1889 892 1918 verbum
915 1888 1109 1926 ἀπελαύνετε,

393 1929 535 1969 abigitis,
551 1930 704 1970 repellitis
715 1930 807 1960 modo
819 1931 1018 1961 invidentiam
1034 1942 1108 1972 pro-

391 1974 496 2003 dente.
521 1973 555 2003 id
581 1974 664 2013 quod
687 1984 766 2003 nunc
789 1973 821 2003 in
845 1975 948 2005 medio
973 1976 1107 2015 positum

393 2016 543 2056 relinquo.

434 2078 478 2082 —
489 2061 521 2090 7.
533 2061 574 2090 τὰ
588 2058 715 2100 ὑμέτερα
730 2058 836 2101 αὐτῶν]
853 2064 900 2090 est
915 2060 996 2091 bona
1010 2060 1107 2092 dictio

392 2107 423 2132 et
448 2103 621 2133 oratoribus
647 2104 797 2133 adamata.
814 2107 1023 2134 verumtamen
1039 2115 1106 2144 poe-

392 2145 470 2175 nitet
486 2156 564 2176 nunc
587 2156 605 2175 a
623 2157 672 2176 me
691 2150 754 2175 tum
772 2156 831 2175 non
855 2157 924 2176 esse
947 2148 1105 2187 praelatum

391 2188 470 2228 αὐτῷ
484 2188 513 2218 in
530 2189 635 2219 dativo
657 2187 817 2226 singulari,
832 2199 892 2228 quo
915 2191 998 2220 nullo
1013 2192 1107 2221 modo

393 2231 442 2261 hic
457 2231 554 2261 careri
569 2236 685 2271 potest.
708 2242 757 2261 res
775 2236 892 2262 vestras
918 2233 945 2262 ei
970 2233 1052 2263 datis
1076 2235 1105 2264 in

391 2285 508 2310 munus,
523 2276 651 2314 ejusque
666 2274 737 2305 fidei
754 2275 955 2306 committitis.

435 2321 540 2349 —23.
556 2317 630 2359 μεθ’
649 2318 741 2359 ὑμῶν]
758 2317 866 2354 rarior,
889 2324 920 2349 et
941 2318 1046 2348 nescio
1069 2329 1104 2348 un

391 2360 492 2391 minus
508 2362 665 2400 probanda
679 2361 787 2396 dictio,
801 2371 857 2400 pro
870 2362 1041 2401 vulgatiore
1061 2361 1108 2401 ἐφ’

390 2406 469 2441 ὑμῶν
484 2405 585 2441 αὐτῶν,
599 2405 752 2439 vobiscum,
764 2404 854 2444 plane
870 2411 902 2435 ut
925 2405 1035 2441 Latini,
1051 2415 1107 2445 pe-

390 2456 446 2477 ues
463 2458 526 2483 vos,
538 2447 644 2483 tacite,
658 2453 790 2478 secreto.

434 2508 476 2512 -—
495 2493 547 2521 26.
565 2491 635 2521 δυοῖν
651 2490 778 2532 Θάτεςον]
795 2490 826 2520 id
842 2495 902 2527 est,
922 2489 957 2521 δι’
974 2490 1064 2532 ἕτερον
1075 2490 1107 2522 ἐκ

391 2532 472 2562 δυοῖν.

435 2578 510 2607 374.
524 2579 555 2607 2.
574 2576 675 2618 χωρὶς]
693 2576 822 2607 subaudi
836 2576 934 2607 εἰπεῖν.
956 2588 1016 2608 non
1034 2577 1107 2609 licet

391 2618 533 2649 AEschini
548 2620 654 2649 borum
672 2631 776 2656 unum,
792 2621 955 2656 utrumvis,
979 2621 1106 2652 seorsim

390 2662 548 2692 affirmare.
594 2663 676 2692 Ante
695 2662 743 2692 οὐκ
759 2663 851 2693 ἔνεστι
874 2664 985 2694 deesse
1002 2664 1105 2704 suspi-

388 2715 443 2735 cor
458 2705 548 2735 ἀλλά.
564 2710 618 2735 ut:
639 2704 708 2735 ἀλλ’
731 2706 779 2735 οὐκ
806 2706 899 2737 ἔνεστι
928 2707 1034 2737 τούτων
1050 2725 1103 2738 —-.

390 2748 453 2778 Sed
467 2748 660 2779 ratiocinium
674 2749 805 2779 oratoris
820 2749 892 2779 mihi
905 2760 962 2779 non
972 2751 1046 2781 satis
1059 2756 1105 2782 est

390 2791 598 2831 perspicuum.
629 2793 796 2831 Philippus
811 2793 838 2822 si
853 2797 963 2831 aperto
981 2795 1104 2825 menda-

389 2835 438 2864 cio
457 2835 598 2865 AEschini
617 2835 776 2874 imposuit,
800 2835 980 2875 gravissima
998 2837 1103 2877 utique

390 2878 459 2908 huic
469 2883 536 2908 erat
544 2888 635 2908 causa
643 2879 728 2908 illum
739 2878 938 2908 acerbissimo
950 2879 1021 2909 odio
1032 2891 1102 2920 pro·

389 2922 548 2960 sequendi.
593 2922 646 2952 Sin
655 2926 754 2952 autem
768 2922 932 2961 Philippus
949 2922 1009 2952 tale
1018 2923 1101 2962 quic

388 2975 478 3002 quam
489 2965 526 2995 ad
538 2964 716 2995 AEschincm
729 2965 921 3004 praedicavit,
934 2966 1036 2996 odium
1049 2968 1103 2996 de-

389 3007 480 3037 bebat
496 3008 526 3038 iu
545 3008 721 3038 AEschinem
739 3009 837 3038 solum
857 3009 1006 3039 recidere.
1021 3010 1101 3040 hunc

389 3049 519 3082 decebat
548 3051 775 3091 simplicitatem
806 3057 897 3091 atque
926 3052 1101 3084 tarditatem

1146 226 1477 271 ANNOTATA

1143 347 1227 367 suam
1256 335 1360 367 odisse
1380 340 1470 377 atque
1485 336 1638 373 incusare,
1659 345 1719 367 nou
1736 335 1854 382 Phbu?

1143 390 1226 419 pum,
1238 379 1330 419 culpa
1342 381 1397 410 hac
1410 380 1551 420 quidem‘
1544 390 1574 410 m
1583 389 1676 410 causa
1686 383 1853 410 vacantem.

1185 440 1227 445 —-
1243 425 1273 453 4.
1290 422 1436 464 orgae-{inea}
1453 423 1552 453 malim
1565 424 1698 464 πςοσ-ῗίκι,
1713 423 1856 458 decebat,

1144 466 1191 497 vel
1209 465 1375 496 decuisset.

1185 511 1266 540 -6.
1283 507 1409 549 δικαίως]
1425 511 1529 548 potest
1544 507 1648 557 unque
1661 509 1786 549 vulgata
1797 507 1855 538 de-

1144 552 1226 582 fendi
1239 557 1270 582 et
1278 552 1444 592 explicari:
1460 548 1675 582 existimatur'
1663 563 1734 591 Jure
1745 552 1857 581 merito

1144 595 1257 634 perire,
1272 595 1297 624 si
1313 600 1430 634 pereat.
1447 605 1514 625 nam
1531 594 1735 625 subauditur-²
1725 597 1770 625 εὰν
1783 593 1857 625 ἀπό-

1144 643 1241 668 ληται.
1286 638 1346 668 Sed
1385 638 1517 677 praefero
1546 637 1653 668 Wolfii
1679 639 1856 677 praeclaram

1143 683 1354 722 conjecturam
1368 680 1468 715 δίκαιος
1482 682 1536 711 ἀπ.
1551 691 1595 721 up.
1608 679 1669 711 nisi
1680 681 1707 710 si
1719 681 1858 720 suspica-

1143 725 1243 755 bimur
1250 729 1400 755 oratorem
1411 724 1455 754 sic
1467 724 1610 754 dedisse:
1629 723 1724 763 ἀδοξεῖ
1736 722 1859 759 δικαίως,

1144 768 1251 798 merita
1265 768 1382 798 laborat
1396 767 1538 805 infamia3
1560 765 1661 801 δίκαιος
1679 765 1858 798 ἀπολωλέναι

1143 809 1273 852 agive-rat,
1290 811 1400 850 dignus
1411 811 1508 841 exitio
1524 814 1677 840 censetur.

1186 871 1229 878 -
1246 857 1295 885 12.
1312 854 1424 895 τοῦτον]
1448 864 1573 884 necesse
1594 858 1641 884 est
1657 858 1690 884 ut
1710 853 1741 884 b.
1760 853 1782 883 1.
1797 863 1858 883 non

1143 896 1183 926 ad
1199 897 1388 934 AEschinem,
1405 898 1460 927 sed
1484 898 1522 927 ad
1542 897 1720 936 Philippum
1743 897 1857 926 refera-

1144 945 1203 969 tur.
1218 939 1323 978 ecquis
1335 949 1465 979 unquam
1476 939 1555 970 vidit
1565 939 1723 970 audivitve
1734 939 1859 969 AEschi-

1144 992 1224 1017 uem,
1247 992 1315 1012 cum
1336 988 1480 1022 argueret
1499 982 1653 1012 mendacii
1665 987 1697 1012 et
1709 982 1859 1022 impostu-

1143 1035 1184 1055 rae
1205 1025 1391 1065 Philippum,
1414 1029 1468 1056 aut
1487 1026 1670 1065 probrorum
1695 1024 1858 1065 quicquam

1143 1067 1174 1098 in
1200 1079 1270 1098 eum
1292 1068 1481 1109 conjiceret?
1505 1068 1593 1100 εἰπεῖν
1612 1079 1644 1098 τι
1665 1068 1703 1102 εἴς
1725 1079 1791 1099 τινα
1812 1073 1860 1099 est

1143 1112 1318 1142 obtrectare
1339 1111 1443 1149 alicui,
1467 1112 1590 1152 probris
1610 1122 1679 1142 eum
1703 1111 1860 1142 insectari.

1143 1155 1325 1186 subauditur
1339 1155 1434 1191 ιιαιιόν,
1453 1155 1501 1186 vel
1517 1152 1711 1192 ἐπονείδιπω,
1729 1155 1779 1186 vel
1798 1155 1858 1186 tale

1165 1197 1227 1228 uid.

1143 1208 1163 1238 q
1187 1260 1228 1264 —
1244 1243 1296 1272 21.
1320 1240 1426 1272 τούτων
1439 1240 1532 1272 οὐδένα.
1552 1240 1658 1281 ἀκούω]
1676 1241 1858 1272 Scholiastae

1144 1284 1351 1324 Hermogenis
1372 1295 1404 1324 p.
1423 1287 1495 1315 148.
1512 1286 1544 1315 8.
1560 1284 1574 1314 ὅ
1595 1283 1692 1324 μέντοι
1708 1283 1861 1324 Δημοσθέ-

1143 1337 1186 1362 νης
1211 1327 1260 1358 καὶ
1283 1329 1324 1358 τὰ,
1346 1326 1372 1358 ἓν
1393 1327 1485 1366 λόγοις
1502 1329 1583 1358 κατὰ
1597 1329 1653 1361 τὰς
1674 1327 1861 1362 ἇντιὲετιιιᾶς

1144 1369 1252 1406 ἔλυσεν,
1275 1371 1312 1405 ὣς
1333 1371 1359 1401 ἐν
1381 1371 1424 1410 τῷ
1445 1369 1512 1400 κατ’
1534 1370 1670 1411 Αἰσχίνου
1691 1369 1790 1408 λέγων·
1814 1372 1859 1402 ὅτι

1145 1415 1249 1448 Φωκεῖς
1259 1414 1342 1444 αἴτιοι
1358 1415 1407 1444 τοῦ
1422 1413 1593 1444 ἀπολέσθαι.
1608 1413 1674 1454 ὅπερ
1687 1412 1767 1443 ἐστὶν
1779 1415 1861 1445 ἅντε-

1144 1457 1355 1497 γιιλημιιτικόν.
1382 1457 1430 1487 καὶ
1453 1455 1676 1497 Λακεδαιμόνιοι.
1703 1456 1771 1497 ὅπερ
1793 1455 1860 1488 ἐστὶ

1143 1500 1375 1539 μεταστατικόν.
1392 1499 1441 1530 nai
1457 1499 1615 1541 Χεῤῥόνησος
1636 1499 1773 1540 σώζεται.
1794 1500 1860 1542 ὅπερ

1143 1541 1223 1573 {mh
1252 1542 1463 1574 ἀντιστατικόν.
1492 1543 1540 1573 καὶ
1567 1541 1755 1584 ἐξηπατήθην.
1793 1543 1859 1586 ὅπερ

1143 1585 1210 1616 ἐστὶ
1225 1587 1456 1627 συγγνωμονικόν.
1471 1590 1502 1615 et
1517 1597 1549 1625 p.
1565 1589 1638 1618 163.
1655 1590 1706 1616 11.
1719 1587 1861 1626 Porphy-

1144 1630 1218 1660 rius.
1236 1629 1416 1670 Δημοσθένης
1438 1629 1464 1659 ἐν
1480 1629 1524 1669 τῷ
1543 1627 1788 1670 παςαπρεσβείοις,
1811 1629 1860 1660 λε’-

1142 1683 1236 1710 γοντος
1257 1673 1392 1714 Αἰσχίνου
1404 1684 1466 1712 πεςι
1485 1672 1609 1709 Φωκέων,
1636 1673 1680 1703 ὅτι
1695 1672 1861 1704 ἧπατήθην.

1142 1715 1202 1755 ἕξοι,
1224 1718 1286 1751 πῶς
1308 1716 1423 1750 ἐκβολὴν
1443 1714 1599 1747 {nomo-aro
1617 1716 1667 1745 τοῦ
1688 1716 1858 1758 χρώματος.

1141 1757 1192 1788 ἔδει
1203 1757 1290 1790 τοίνυν
1302 1761 1401 1799 μισεῖν
1414 1757 1461 1788 τόν
1474 1759 1689 1789 ἀπατήσαντα.
1706 1759 1785 1788 ἀλλὰ,
1800 1771 1858 1798 μην

1142 1812 1171 1832 ου
1185 1803 1296 1841 μισεῖς.
1311 1803 1359 1833 οὐκ
1370 1803 1423 1842 ἄρα.
1436 1800 1600 1837 ἦποιτίιθης.
1614 1819 1658 1826 ·——
1673 1801 1721 1831 aa}
1733 1802 1746 1832 ὁ
1758 1808 1857 1842 Δημο-

1140 1844 1237 1879 σθένης
1245 1843 1301 1885 ἐξ’
1286 1844 1460 1886 αναιρὲσεως·
1475 1844 1581 1876 τούτοιν
1591 1844 1683 1876 οὐδένα
1697 1844 1788 1875 ἀκούω
1803 1847 1859 1876 τῶν

1142 1887 1240 1927 λόγων,
1252 1889 1309 1919 οὐδὲ
1325 1890 1416 1929 ὑμεῖς.

1183 1949 1227 1954 -—-
1242 1934 1294 1962 ΞΤ.
1306 1932 1354 1962 καὶ
1368 1931 1442 1973 τρὶς]
1458 1931 1570 1971 copula
1583 1932 1613 1962 h.
1623 1932 1645 1961 l.
1662 1941 1720 1961 nou
1732 1936 1781 1961 est
1795 1931 1856 1968 καῖ,

1141 1975 1195 2004 sed
1211 1975 1379 2015 respondet
1395 1974 1507 2006 Latino
1528 1975 1584 2005 vel.
1600 1975 1645 2006 vel
1662 1978 1720 2011 ter,
1742 1974 1769 2005 si
1789 1974 1856 2006 fieri

1140 2018 1250 2058 possit.

1182 2078 1226 2084 —
1240 2062 1297 2092 ult.
1312 2059 1382 2091 ἀλλ’
1395 2057 1472 2110 nm]
1489 2067 1537 2091 est
1551 2059 1705 2091 affectatio
1718 2060 1855 2092 brevita-

1140 2104 1180 2134 tis
1196 2104 1225 2134 in
1241 2105 1373 2135 dicendo
1387 2104 1493 2134 nescio
1507 2113 1544 2134 an
1563 2113 1668 2144 parum
1684 2104 1855 2143 probanda.

1140 2148 1218 2177 bene
1233 2147 1259 2177 si
1275 2148 1376 2183 habet,
1399 2152 1449 2177 est
1462 2157 1519 2186 pro
1535 2157 1583 2182 eo,
1599 2147 1680 2187 quod
1697 2146 1790 2186 plene
1806 2147 1854 2177 sic

1138 2190 1254 2220 dictum
1277 2191 1377 2221 foret:
1401 2191 1482 2220 ἀλλὰ
1505 2189 1554 2220 καὶ
1575 2188 1602 2221 ἒν
1623 2189 1723 2224 τωνδὶ.
1738 2199 1798 2220 non
1813 2201 1854 2220 ex

1138 2233 1201 2263 illis
1225 2234 1336 2269 solum,
1360 2233 1416 2264 sed
1439 2232 1531 2263 etiam
1556 2243 1596 2264 ex
1618 2232 1677 2269 his,
1703 2231 1765 2263 ἧκον
1793 2239 1853 2263 etc.

1138 2277 1272 2306 venerat
1299 2276 1382 2307 idem
1408 2276 1556 2306 Lambino
1584 2277 1648 2315 jam
1677 2276 1792 2306 dudum
1821 2276 1854 2306 in

1138 2325 1269 2349 mentem
1281 2330 1290 2357 ;
1312 2329 1410 2359 neque
1429 2320 1603 2350 merebatur
1618 2321 1717 2350 bonus
1732 2319 1854 2350 Lambi-

1139 2373 1196 2393 nus
1211 2363 1283 2392 ideo
1297 2373 1421 2393 sannam
1436 2363 1572 2403 Taylori.

1182 2406 1257 2437 375.
1270 2407 1301 2437 5.
1316 2408 1357 2437 τὰ
1368 2404 1493 2448 ἐναντία]
1509 2416 1579 2436 uum
1603 2405 1633 2436 in
1656 2405 1848 2446 superlativo

1140 2450 1180 2479 τὰ
1196 2447 1401 2480 ἐναντιώτατα.

1182 2509 1226 2515 —-
1237 2494 1268 2522 8.
1280 2492 1366 2533 ὑμῖν]
1380 2491 1452 2522 ferri
1466 2496 1578 2533 potest.
1597 2490 1752 2522 vestram
1742 2501 1772 2521 m
1786 2501 1854 2531 gra-

1140 2535 1227 2572 tiam,
1249 2546 1309 2576 quo
1325 2536 1414 2567 vobis
1434 2535 1635 2574 gratificetur.
1658 2535 1714 2565 sed
1728 2543 1850 2570 vereor,

1139 2589 1177 2609 ne
1192 2579 1356 2616 redundet,
1368 2583 1401 2609 et
1411 2579 1580 2610 tollendum
1598 2577 1652 2614 sit,
1665 2581 1700 2608 ut
1714 2587 1732 2608 e
1746 2577 1854 2618 proxi-

1138 2631 1188 2652 mo
1199 2622 1295 2652 assito
1310 2620 1382 2663 ὕξςιν
1393 2627 1508 2652 natum.

1181 2683 1225 2688 -—
1241 2668 1291 2696 15.
1307 2666 1356 2695 καὶ
1371 2664 1434 2707 οὐχὶ
1448 2663 1535 2695 τοῦτό
1548 2674 1602 2694 wau
1617 2661 1852 2699 &tevine-nmmu-

1138 2719 1184 2737 τον
1199 2707 1240 2749 ον]
1265 2714 1376 2748 praeter
1391 2709 1468 2738 hanc
1484 2707 1646 2738 lectionem
1669 2706 1768 2736 adhue
1790 2705 1852 2736 alia

1139 2757 1259 2782 versata
1275 2753 1332 2782 fuit
1348 2751 1421 2805 olim
1441 2751 1472 2781 in
1492 2750 1590 2785 tibris,
1613 2748 1663 2780 καὶ
1677 2748 1745 2790 οὐχὶ
1764 2747 1852 2778 τοῦτό

1138 2805 1184 2825 πω
1207 2793 1295 2831 δεινὸν,
1318 2793 1418 2835 καίοι-ες
1440 2804 1466 2824 ον
1490 2792 1577 2823 δεινόν.
1599 2803 1657 2823 nou
1681 2792 1793 2832 placet,
1816 2791 1849 2821 id

1137 2839 1218 2876 quod
1236 2839 1354 2868 Wolfio
1369 2837 1494 2877 placuit,
1508 2837 1611 2866 ambas
1631 2834 1782 2866 lectiones
1797 2845 1850 2864 co-

1137 2881 1248 2920 pulari,
1261 2881 1316 2911 sed
1331 2849 1477 2910 altperutra
1491 2879 1557 2909 sola
1571 2878 1719 2908 obtineto.

1179 2941 1222 2946 ——
1238 2926 1290 2954 26.
1306 2921 1409 2963 μηδὲὟ
1395 2934 1423 2954 ην
1438 2924 1514 2953 ὥστε
1529 2921 1592 2952 ἰδεῖν
1604 2919 1754 2961 ἅπαντας]
1775 2920 1849 2950 ferri

1136 2971 1250 3005 potest,
1266 2972 1298 2997 et
1313 2967 1416 3002 debet,
1434 2971 1466 2995 ut
1480 2964 1582 2996 omnia
1593 2965 1670 2995 dura
1685 2969 1717 2994 et
1731 2968 1850 2994 coacte.

1136 3015 1343 3040 verumtamen
1368 3009 1490 3039 videtur
1510 3007 1631 3038 omuino
1652 3006 1770 3046 aliquid
1793 3016 1848 3045 pa—

1134 3063 1199 3083 rum
1215 3053 1336 3084 deesse.
1351 3064 1378 3084 e.
1390 3063 1418 3083 c.
1433 3050 1504 3093 μηδ’
1517 3050 1547 3083 ἦν
1560 3052 1576 3082 ὓ
1591 3048 1753 3092 μισθαρνία
1773 3048 1845 3081 οὕτω
