1931 3323
344 206 425 245 378

342 310 526 349 συμβέβηκεν
549 309 603 349 [ad
615 310 784 345 Calliclem,
796 322 827 350 p.
844 312 952 352 5272]
972 312 1054 341 Hinc

345 355 535 389 Herodotus,
553 353 738 394 παθήματα,
750 353 935 394 μαθήμαται
959 359 990 384 et
1002 354 1052 384 Li-

344 397 423 432 vius,
438 402 456 415 “
470 398 629 427 stultorum
646 408 719 427 usus
735 398 913 437 magister.''
936 398 1055 437 Adagia

344 446 424 475 sunt,
440 445 447 458 ‘
466 442 551 470 Ictus
568 440 703 479 piscator
717 440 818 481 sapit,'
830 448 871 476 et,
888 446 896 458 ‘
915 444 989 471 Sero
1007 451 1053 470 sa-

343 484 432 523 piunt
450 483 612 523 Phryges.’
655 485 788 515 Festus:
813 485 834 501 “
852 485 1053 514 Proverbium

343 532 390 557 est
406 532 509 557 natum
526 537 543 556 a
558 528 712 566 Trojanis,
727 528 779 567 qui
796 528 916 558 decimo
932 529 1052 558 demum

344 581 421 600 anno
452 571 534 601 velle
565 576 725 610 coeperunt
747 572 897 601 Helenam
926 581 1054 611 quaeque

346 624 415 643 cum
434 625 470 644 ea
485 617 572 653 rapta
588 620 673 645 erant
687 615 817 644 reddere
834 614 997 650 Achivis,''
1022 620 1055 644 ut

343 661 390 687 est
407 658 489 697 apud
502 658 684 688 Homerum.
703 658 765 687 Alii
775 663 904 687 censent
917 659 955 687 ab
965 669 1054 697 equo,

344 711 434 740 quem
451 705 566 731 temere
582 702 661 730 intra
676 711 779 730 muros
794 706 986 739 receperant.

392 744 443 784 [Ρ.
458 746 509 775 62.
528 744 576 774 ed.
595 745 650 784 D.]
668 744 748 773 Ibid.
773 744 821 774 τήν
837 754 870 773 τε
885 747 939 773 τῶν
956 745 1056 774 ταῦτα

344 788 502 817 πεισάντων
515 786 623 822 κακίαν,
645 787 690 815 καῖ
707 787 752 816 τὶν
769 789 809 817 τὰ
825 786 973 819 βέλτιστα
988 788 1056 828 εἴρη-

340 829 414 859 κότα
427 829 496 871 ἐμὲ]
511 830 608 860 ἑαυτὸν
618 829 798 868 ἀντεξετάζει
809 828 945 869 vreden-031:
953 830 1057 865 ἄλλους

344 873 470 913 ῥήτορας,
497 884 514 902 a
544 873 656 912 quibus
683 884 767 913 paene
796 874 971 913 discerptus
997 879 1056 910 est,

344 926 412 946 cum
430 916 493 946 illis
510 917 737 946 contradiceret
758 917 858 946 solus:
884 923 915 947 et
935 917 1056 957 culpam

342 970 461 988 onlnem
488 960 517 988 in
544 970 596 988 eos
618 961 775 990 transfert.
822 961 977 1000 Populum
1004 961 1056 991 hio

341 1003 466 1041 quidem
484 1013 540 1032 non
556 1008 691 1033 accusat.
714 998 823 1043 ltaque
838 1004 891 1038 οἶος
901 1002 1056 1040 πέπνυται,

340 1045 384 1074 τοὶ
414 1044 442 1075 δὲ
468 1046 546 1075 σκιαὶ
569 1046 714 1082 ἀΐσσουσι,
739 1047 822 1086 quod
841 1047 997 1077 Homerus
1016 1049 1055 1078 de

342 1088 461 1118 Tiresia
486 1089 566 1127 apud
594 1090 709 1119 inferos
747 1091 879 1131 [Odyss.
904 1098 937 1120 K.
962 1091 1053 1132 495]

341 1130 441 1161 κακίαν
451 1133 629 1163 vitiositatem
641 1133 751 1163 Cicero
762 1135 854 1164 vertit
877 1134 985 1174 [Tusc.
997 1136 1054 1164 IV.

344 1175 412 1215 15.]
446 1175 569 1205 Malitia
599 1177 678 1206 enim
708 1183 756 1207 est
787 1176 946 1217 πανουξγία.
992 1178 1054 1208 Sed

338 1217 416 1248 illud
434 1219 627 1257 proverbiale
640 1219 767 1259 [Manu.
785 1222 840 1250 VI.
855 1221 924 1261 34]
942 1221 1056 1260 ἀςκετόν

337 1261 378 1304 τῇ
391 1262 483 1303 ἦμὲςᾳ
500 1264 513 1293 {z
529 1262 615 1293 κακία
630 1264 728 1301 αὐτῆς,
745 1264 827 1294 aliud
844 1269 903 1302 est,
919 1265 1056 1303 κάκωσις,

336 1307 460 1337 vexatio.

384 1350 438 1390 [P.
452 1352 504 1380 64.
521 1351 571 1381 ed.
589 1352 645 1393 D.]
659 1369 702 1374 -—-
715 1363 784 1391 pen.
797 1352 919 1382 κατιδὼν
933 1352 1056 1383 Νεοπτό-

341 1398 429 1432 λεμον
443 1392 490 1422 τὸν
507 1395 670 1436 ὑποκξιτῆν]
696 1396 837 1425 Historia
853 1402 900 1425 est
916 1396 946 1425 in
965 1406 1056 1435 argu-

337 1441 441 1466 mento
464 1438 515 1466 τοῢ
537 1439 599 1477 περὶ
620 1441 671 1471 τῆς
686 1439 919 1479 παραπξεσβείας
941 1441 1056 1469 Demo-

338 1479 469 1515 sthenis,
480 1491 537 1510 non
552 1482 682 1518 Libanii,
694 1484 749 1512 sed
762 1484 886 1512 alterius
897 1484 1056 1522 cujusdam

338 1523 483 1563 ἀνωνύμου
515 1525 562 1565 [p.
590 1526 664 1555 335.
696 1530 717 1555 t.
745 1527 773 1556 Ι.
799 1526 924 1567 Reisk]
951 1527 1056 1563 Quum

338 1566 431 1602 enim,
456 1567 567 1606 inquit.
591 1569 643 1598 diu
669 1569 903 1609 belligerassent
928 1570 1056 1600 Atheni-

336 1619 428 1640 enses
444 1615 476 1640 et.
495 1610 660 1651 Philippus
683 1612 745 1651 πεςῖ
767 1615 818 1647 τῆς
836 1611 1054 1653 Ἀμφιπόλεως,

334 1657 366 1682 et
383 1658 512 1693 uterque
525 1665 635 1693 pacem
645 1661 784 1695 cuperet,
799 1657 854 1686 sed
868 1661 975 1686 neuter
990 1668 1054 1696 prae

335 1696 457 1735 pudore
488 1698 583 1727 vellet
608 1703 726 1738 petere,
755 1701 833 1729 forte
861 1700 965 1730 evenit
993 1700 1054 1729 tale

335 1739 422 1778 quid.
467 1740 681 1772 Aristodemus
701 1747 731 1772 et
748 1743 973 1781 Neoptolemus
993 1748 1053 1773 tra-

336 1783 507 1821 goediarum
525 1788 645 1814 actores
662 1790 757 1815 erant.
806 1786 849 1815 Hi
863 1791 990 1825 propter
1005 1797 1052 1816 ar-

334 1825 466 1856 tiflcium
483 1826 638 1857 licentiam
662 1832 753 1867 atque
768 1829 980 1868 impunitatem
1001 1830 1052 1858 ha-

336 1869 449 1899 bebant
473 1870 565 1900 eundi
587 1881 648 1910 quo
671 1871 797 1905 vellent,
824 1871 871 1900 vel
899 1871 986 1910 ipsos
1013 1873 1051 1901 ad

334 1912 452 1943 hostes.
497 1914 537 1943 Et
554 1924 646 1952 quum
664 1914 693 1943 in
710 1913 923 1943 Macedoniam
940 1924 1051 1953 perve-

333 1956 465 1991 nissent,
475 1955 651 1996 ἐπεδείξαντο
663 1958 711 1987 τὴν
721 1954 819 1986 οἰκείαν
830 1955 942 1997 τέχνην.
964 1958 1052 1996 Quos

334 2004 396 2029 tam
423 1999 551 2029 comiter
573 1999 701 2038 excepit
728 2010 796 2034 rex,
814 2004 847 2028 ut
869 2004 982 2038 praeter
1003 2011 1050 2030 ar-

334 2042 423 2072 tificii
439 2048 602 2081 quzestum,
619 2052 758 2080 magnam
775 2042 902 2081 insuper
918 2054 935 2072 a
950 2054 982 2072 se
997 2054 1051 2082 pe-

334 2085 455 2115 cuniam
477 2086 616 2115 adderet.
660 2086 731 2116 Hac
750 2086 912 2116 occasione
932 2092 1052 2126 arrepta

334 2129 512 2168 Philippus,
537 2139 605 2158 cum
635 2139 689 2158 eos
717 2129 840 2158 domum
870 2129 1051 2165 dimitteret,

334 2172 427 2208 dixit,
443 2171 487 2202 ὅτι
501 2170 582 2211 φίλος
597 2171 658 2210 εἰμὶ
675 2173 734 2206 τοῖς
748 2171 912 2206 Ἀθηναίοις.
960 2175 1051 2212 Quod

335 2226 428 2254 quum
454 2215 499 2244 illi
522 2216 560 2244 ad
582 2226 655 2245 suos
673 2216 897 2246 renuntiassent
918 2217 1053 2253 uberius,

335 2263 366 2289 et
382 2259 488 2295 multa,
500 2263 533 2288 ut
549 2258 591 2294 fit,
602 2258 795 2288 addidissent
808 2261 1051 2298 praete1·ea,Phi-

334 2302 454 2342 lippum
470 2312 540 2333 esse
557 2301 713 2342 φιλέλληνα
730 2303 778 2331 καὶ
795 2301 984 2341 φιλαθηναῖον,
997 2304 1052 2334 hu-

334 2345 544 2375 manissimum
561 2347 617 2376 τῶν
639 2344 692 2376 imni
714 2345 762 2375 τὸν
782 2344 1053 2381 ἦλιον,1)εηείὶοεη-

334 2389 500 2425 tissimum,
539 2393 688 2428 expetere
727 2389 890 2419 amicitiam
931 2391 1051 2429 populi,

333 2433 425 2468 velle,
435 2433 459 2462 si
470 2434 560 2463 detur
575 2433 709 2468 occasio,
722 2432 842 2462 civitati
858 2433 1053 2469 benefacere,

335 2479 367 2503 et
392 2475 479 2514 plura
504 2475 729 2514 hujuscemodi,
754 2475 827 2506 οὕτω
857 2474 980 2506 διέθηκαν
1005 2477 1051 2507 τὸν

334 2517 433 2556 δῆμον,
449 2523 484 2548 ut
502 2518 576 2548 nihil
598 2520 696 2559 magis
715 2529 804 2560 quam
829 2530 935 2558 pacem
959 2524 1050 2559 atque

335 2561 500 2591 amicitiam
523 2562 605 2600 regis
627 2568 785 2602 cuperent.
831 2564 908 2593 Tum
934 2564 1050 2593 Demo-

334 2605 471 2641 sthenes,
488 2605 538 2633 cni
556 2606 717 2645 Philippus
736 2606 846 2636 merito
863 2617 984 2646 semper
1001 2617 1050 2636 su-

334 2652 460 2687 spectus
472 2652 568 2683 esset,
587 2648 634 2688 [p.
653 2652 704 2681 65.
727 2651 776 2680 ed.
790 2649 849 2689 D.]
868 2654 898 2679 et
915 2650 965 2688 qui
978 2650 1049 2680 belli

332 2692 418 2727 tuba,
440 2701 499 2720 non
515 2691 601 2730 pacis
618 2697 724 2722 auctor
745 2694 825 2723 omni
848 2698 987 2732 tempore
1003 2694 1050 2723 fu-

326 2735 418 2770 isset,
439 2745 474 2764 ac
489 2734 628 2764 fraudem
651 2735 781 2774 aliquam
800 2736 930 2766 subesse
949 2737 1049 2776 suspi-

329 2784 464 2813 caretur,
488 2777 607 2807 monuit
632 2780 794 2817 populum,
818 2790 855 2809 ne
881 2780 1049 2810 levissimis

331 2822 508 2851 auctoribus
524 2821 698 2858 crederent,
714 2833 772 2852 neu
790 2823 863 2862 quid
880 2827 995 2853 temere
1010 2824 1049 2853 de

331 2875 365 2893 re
382 2869 463 2898 tanta
480 2869 670 2895 statuerent:
695 2867 748 2895 sed
766 2876 827 2895 non
843 2871 890 2895 est
916 2867 1049 2897 auditus.

332 2909 424 2946 Quod
438 2908 484 2937 illi
497 2918 607 2947 magno
621 2908 719 2938 dolori
733 2909 802 2945 suit,
819 2909 984 2940 histriones
996 2920 1049 2939 au-

330 2951 402 2987 diri,
416 2962 448 2981 se
465 2951 679 2990 ‹lespiei,*cnn1
695 2952 929 2982 saluberrimum
946 2953 1046 2982 consi-

330 2994 402 3024 lium
428 2995 574 3029 dedisset,
613 3001 647 3024 ut
671 2995 739 3034 ipse
760 3006 831 3026 mox
856 2995 944 3025 dicit,
990 2996 1046 3025 AE-

327 3038 450 3068 schines
481 3038 557 3077 [mei
588 3049 718 3079 παραπξ.
763 3050 793 3078 p.
822 3041 895 3069 900.
927 3044 949 3069 t.
979 3040 1045 3069 ΠΙ.

693 202 948 244 DOUNAEI
984 202 1462 246 PRAELECTIONES

1091 311 1200 340 Reisk.
1219 314 1333 353 Oratt.]
1350 313 1500 353 πέμπουσι
1527 311 1702 352 πξεσβευτῆν
1728 309 1800 350 Ἀξι-

1090 354 1231 393 σ-τόδημον
1246 355 1292 386 τὸν
1308 357 1453 396 ὑποκξιτῆν
1463 356 1529 396 πρὸς
1545 354 1683 386 Φίλιππον
1699 355 1744 384 διὰ
1753 355 1802 383 τὴν

1089 401 1187 436 γνῶσιν
1223 399 1270 428 καῖ
1296 399 1500 439 φιλανθρωπίαν
1525 400 1576 432 τῆς
1612 397 1724 439 τέχνης·
1768 396 1802 424 οῘ’

1089 442 1227 471 notitiam
1242 448 1270 472 et
1285 444 1358 472 artis
1370 444 1513 484 gratiam,
1531 443 1576 472 sic
1593 441 1801 479 Hieronymus

1089 484 1241 515 wolfius:
1266 490 1353 526 grata
1364 487 1443 516 enim
1461 485 1617 526 plerisque
1634 489 1682 515 est
1698 482 1801 513 histri-

1089 537 1180 557 onum
1197 539 1256 559 ars.
1303 529 1468 560 AEschines
1484 526 1707 569 φιλανθξωπίαν,
1719 526 1802 565 quod

1093 573 1313 602 Demosthenes
1330 571 1504 616 πρόσχημα.
1548 573 1627 602 Nam
1649 570 1728 610 quod
1745 570 1802 598 hu-

1091 615 1265 646 manitatem
1288 627 1352 655 prae
1377 628 1410 647 se
1432 617 1503 652 fert,
1525 616 1683 645 honestam
1709 613 1801 642 habet

1090 659 1236 696 speciem.
1282 660 1351 690 Etsi
1368 671 1447 690 nunc
1462 670 1522 689 non
1538 659 1627 689 valde
1642 658 1802 687 honestum

1091 707 1148 737 est,
1164 703 1238 732 hanc
1254 708 1350 733 artem
1365 703 1516 734 factitare.

1134 762 1177 767 —
1205 746 1260 775 ult.
1287 746 1333 776 τὸν
1366 747 1527 789 ὑποκριτὴν]
1553 745 1730 778 histrionem,
1755 742 1803 771 Iu-

1091 787 1187 823 dium,
1216 789 1374 819 ludionem.
1428 790 1488 819 His
1519 789 1598 818 enim
1627 786 1802 816 nominibus

1092 831 1226 869 appellat
1244 832 1351 862 Livius
1365 833 1436 873 [lib.
1449 833 1526 862 VII.
1542 843 1570 860 c.
1585 831 1633 871 2.]
1661 829 1706 859 sie
1724 828 1800 858 scri—

1092 874 1165 903 bens
1179 885 1186 903 :
1209 878 1231 892 “
1247 875 1390 905 Ceterum
1402 885 1498 914 parva
1507 884 1627 914 quoque
1643 872 1694 913 (ut
1709 873 1804 901 ferme

1091 917 1246 957 principia
1262 918 1380 959 omnia)
1397 923 1428 949 et
1444 929 1480 949 ea
1491 918 1558 957 ipsa
1573 914 1735 956 peregrina
1750 924 1800 943 res

1090 960 1159 990 fuit.
1204 961 1276 991 Sine
1293 962 1427 992 carmine
1449 961 1524 997 ullo,
1551 961 1616 990 sine
1637 957 1801 988 imitando-

1090 1015 1156 1034 rum
1173 1005 1337 1034 carminum
1349 1010 1431 1040 actu,
1444 1005 1584 1038 ludiones
1598 1013 1638 1032 ex
1653 1000 1805 1031 Hetruria

1091 1047 1194 1084 acciti,
1211 1048 1249 1078 ad
1265 1048 1400 1079 tibicinis
1416 1049 1524 1079 modos
1548 1047 1703 1080 saltantes,
1719 1043 1800 1074 haud

1089 1091 1251 1121 indecoros
1280 1097 1381 1123 motus
1417 1103 1502 1122 more
1539 1091 1643 1120 Tusco
1679 1089 1802 1118 dabant.

1090 1134 1210 1165 Imitari
1227 1134 1338 1166 deinde
1352 1137 1577 1175 eosjuventus,
1593 1132 1681 1163 simut
1698 1131 1803 1161 incon-

1090 1177 1166 1208 ditis
1177 1179 1257 1209 inter
1271 1189 1303 1209 se
1315 1179 1467 1220 jocularia
1483 1179 1647 1208 fundentes
1661 1175 1800 1206 versibus

1091 1232 1224 1261 coepere.
1269 1222 1341 1253 Nec
1354 1223 1462 1253 absoni
1476 1231 1580 1252 avoce
1596 1223 1697 1250 motus
1708 1222 1802 1248 erant.

1092 1266 1276 1296 vernaculis
1293 1267 1472 1302 artificibus,
1493 1266 1563 1305 quia
1583 1263 1678 1294 hister
1699 1261 1798 1310 Tpscf)

1091 1311 1190 1340 verbo
1206 1309 1309 1340 ludius
1328 1312 1504 1345 vocabatur,
1525 1319 1635 1339 nomen
1648 1306 1801 1334 histrioni-

1092 1353 1149 1383 bus
1163 1352 1327 1383 inditum.''
1349 1351 1547 1394 ἇγωνίζεσθαι,
1560 1356 1680 1383 cermre,
1695 1357 1801 1396 agere:

1091 1396 1172 1426 idem
1187 1395 1324 1436 κςίνεσθαι
1337 1398 1465 1427 verbum
1475 1397 1615 1426 medium·
1661 1390 1801 1420 AEllanus

1092 1439 1148 1480 [de
1159 1440 1353 1476 animalibus,
1361 1434 1800 1475 lib.xvlllcap.XXX1v.]

1088 1483 1217 1522 κάμηλοι
1234 1483 1258 1512 δ’
1271 1482 1455 1523 ἀριθμοῦνται
1471 1477 1585 1514 ‘milwe’
1604 1478 1633 1507 αἶ
1654 1476 1800 1517 μέγισται

1089 1529 1170 1557 κατὰ
1193 1528 1259 1561 τοὺς
1281 1527 1386 1563 ἵππους
1407 1529 1463 1558 vot»
1480 1521 1648 1562 μεγίστους,
1670 1521 1800 1562 εῧτξῑχες

1090 1569 1173 1608 ἄγα-ν’
1197 1571 1314 1601 ἅπαλαῖ
1341 1574 1395 1611 γὰρ
1415 1564 1518 1606 κφόδςα
1541 1565 1610 1596 εἰσ-ἰν
1636 1565 1665 1594 αἱ
1695 1565 1801 1595 τούτων

1089 1613 1199 1655 τξίχες,
1225 1616 1261 1648 ὡς
1277 1615 1327 1644 καὶ
1342 1617 1397 1646 roz·
1412 1608 1558 1642 Μιλησίοις
1581 1608 1657 1648 ἐρίοις
1678 1608 1798 1648 ἀντικεί-

1089 1657 1197 1687 vesom-
1213 1664 1249 1688 ιιι
1262 1658 1339 1688 lanis
1348 1653 1473 1684 Milesiis
1487 1657 1610 1683 certent.
1624 1663 1694 1687 non,
1707 1657 1740 1682 ut
1755 1653 1801 1682 in-

1089 1705 1251 1739 terpretes,
1268 1701 1479 1736 conparentur.
1497 1695 1584 1736 Virg.
1604 1695 1735 1736 [Georg.
1751 1696 1799 1728 ΙΙ.

1086 1743 1180 1783 136]
1204 1745 1252 1784 [p.
1270 1743 1317 1772 66.
1334 1740 1384 1770 ed;
1401 1740 1459 1781 D.]

1131 1815 1152 1828 ⁴‘
1169 1812 1236 1840 Nec
1254 1809 1381 1849 pulcher
1397 1809 1533 1847 Ganges,
1548 1813 1638 1848 atque
1654 1820 1728 1840 auro
1738 1813 1800 1839 tur-

1258 1853 1348 1882 bidus
1362 1852 1499 1882 Hermus

1172 1895 1333 1926 Laudibus
1349 1895 1449 1925 Itatiae
1464 1894 1617 1926 certent-'³

1085 1954 1185 1984 Addit
1198 1954 1414 1993 μελίγλωςσος,
1437 1954 1530 1986 οὐκοῦν
1543 1955 1576 1985 ἐκ
1598 1955 1705 1987 τούτων
1719 1958 1741 1987 οἳ
1762 1958 1799 1987 ἴε-

1085 1998 1139 2036 ςεῖς
1151 1996 1267 2029 ἐσθῆτα
1275 1997 1489 2039 ἐμφιὲννυνται,
1501 1999 1552 2029 καὶ
1565 2000 1587 2030 οἳ
1597 2002 1652 2030 τῶν
1667 2000 1802 2030 Κασπίων

1085 2042 1300 2071 πλουσιώτατοι
1313 2043 1362 2072 καὶ
1379 2042 1583 2074 δυνατώτατοι.
1614 2043 1685 2080 Quo
1701 2044 1801 2074 minus

1085 2084 1208 2119 mirum,
1240 2085 1288 2115 his
1317 2086 1459 2116 amictum
1491 2087 1587 2116 fuisse
1618 2088 1802 2127 Baptistatn.

1085 2128 1165 2157 Nam
1175 2128 1440 2168 Dominus‚quum
1451 2129 1666 2171 dixit[Matth.
1677 2131 1740 2160 XI.
1752 2132 1798 2172 8.]

1085 2171 1160 2209 quid
1188 2171 1286 2202 visum
1310 2172 1430 2203 exiistis
1453 2172 1483 2202 in
1501 2173 1676 2204 desertum?
1700 2173 1801 2213 &vogas-

1088 2224 1137 2243 πον
1158 2215 1307 2254 μαλακοῖς
1322 2214 1535 2256 hyenae-[cairan
1560 2227 1619 2246 nou
1641 2222 1733 2256 negat
1749 2219 1799 2247 10-

1086 2268 1196 2287 annem
1216 2258 1360 2288 mollibus
1378 2259 1521 2289 vestitum
1538 2259 1648 2296 fuisse,
1672 2260 1800 2291 affirmat

1085 2301 1206 2339 potius:
1232 2302 1284 2331 sed
1302 2302 1328 2331 si
1344 2301 1415 2332 talia
1433 2312 1489 2332 vos
1505 2303 1673 2341 delectant,
1696 2304 1800 2335 visun·

1087 2349 1145 2380 tur,
1170 2344 1280 2383 inquit,
1304 2344 1334 2374 in
1359 2345 1452 2384 regiis
1478 2346 1645 2377 molliores.
1690 2347 1800 2386 Neque

1085 2387 1151 2416 haec
1176 2398 1243 2417 mea
1270 2388 1366 2418 solius
1388 2389 1541 2419 sententia
1568 2395 1626 2426 est,
1652 2390 1707 2420 sed
1729 2391 1799 2421 aliis

1085 2430 1166 2460 idem
1184 2430 1276 2460 video
1300 2432 1399 2462 videri
1427 2433 1646 2472 compluribus.
1692 2434 1804 2464 Delo·

1086 2474 1182 2504 custis
1198 2474 1303 2510 etiam,
1327 2476 1439 2515 quibus
1455 2477 1640 2506 vescebatur
1656 2477 1704 2507 vir
1730 2488 1798 2507 san-

1085 2522 1163 2552 ctus,
1177 2518 1275 2548 habeo
1286 2519 1367 2558 quod
1380 2518 1482 2549 dicam
1493 2523 1598 2550 contra
1607 2530 1799 2551 communem

1086 2560 1273 2600 opinionem,
1290 2563 1344 2591 sed
1361 2563 1420 2592 hoc
1436 2562 1522 2598 alias,
1545 2573 1625 2592 nunc
1640 2564 1721 2602 quod
1738 2564 1803 2603 agi-

1088 2615 1164 2639 mus,
1190 2605 1215 2634 si
1230 2605 1318 2644 prius
1335 2615 1424 2635 unum
1441 2605 1517 2635 illud
1535 2606 1670 2646 ejusdem
1685 2606 1801 2637 AEliani

1085 2647 1245 2686 protulero
1274 2648 1345 2689 [lib.
1369 2649 1425 2678 VI.
1451 2648 1601 2690 c.LX1.]
1627 2651 1708 2689 quod
1733 2651 1800 2680 evi-

1085 2691 1222 2727 dentius,
1255 2691 1313 2721 hoc
1342 2692 1425 2731 quod
1456 2692 1616 2729 docemus,
1644 2693 1797 2724 ostendit:

1086 2736 1140 2763 ποῦ
1157 2733 1185 2763 δὲ
1200 2735 1212 2764 ὅ
1229 2736 1346 2772 γενναῖος
1368 2735 1444 2764 ὅτοῧ
1465 2734 1587 2775 Εὗνομου
1608 2734 1716 2766 δύναιτο
1739 2738 1800 2771 τοῖς

1085 2779 1136 2811 τῆς
1151 2777 1262 2816 φύσεως
1285 2778 1377 2818 νόμοις
1398 2776 1589 2818 ἅμιλλᾶόθαί
1609 2789 1644 2809 τε
1658 2779 1708 2810 καὶ
1721 2779 1800 2810 αἶντι-

1086 2819 1236 2860 κςίνεσθαι.
1261 2822 1312 2852 ubi
1332 2821 1383 2851 ille
1399 2825 1494 2860 potest
1519 2823 1657 2863 egregius
1679 2822 1801 2864 Lycur-

1082 2875 1141 2904 gus
1156 2874 1225 2894 cum
1239 2870 1355 2895 naturae
1378 2864 1490 2905 legibus
1503 2870 1618 2895 certare
1639 2871 1669 2896 et
1679 2872 1797 2897 conten-

1084 2907 1174 2937 dere?
1211 2907 1322 2937 Irrisio
1340 2906 1486 2947 Lycurgi,
1499 2907 1586 2947 quasi
1599 2908 1664 2939 suis
1675 2909 1798 2951 legibus

1083 2956 1198 2980 naturae
1221 2951 1304 2989 leg-es
1327 2960 1447 2989 aequare
1473 2951 1694 2983 contendisset.
1719 2954 1798 2985 Ηοι·.

1084 2994 1184 3034 [Epp.
1215 2993 1242 3023 I.
1269 2995 1320 3023 18.
1335 2993 1415 3034 ⁴99]
1452 2997 1475 3010 “
1491 3004 1574 3024 meaev
1595 2995 1797 3037 (contendere

1082 3035 1165 3077 noli)
1196 3036 1359 3066 stultitiam
1384 3036 1545 3076 patiuntur
1568 3037 1679 3077 opes-'¹
1717 3049 1753 3070 ac
1770 3041 1795 3071 si
