1998 3322
879 694 1262 749 TABULA

547 886 795 926 EORUM
851 886 998 932 QUAE
1055 882 1578 926 CONTINENTUR

1044 1029 1095 1060 IN

826 1164 1036 1208 ΤΟΜΟ
1076 1164 1298 1209 ΝΟΝΟ.

1726 1390 1806 1434 Pag.

325 1453 495 1497 Reiskii
514 1454 721 1499 Praefatio
741 1454 798 1498 ad
821 1470 902 1498 sua
926 1454 1273 1497 Demosthenica
1382 1484 1391 1493 .
1515 1484 1523 1491 .
1651 1480 1660 1491 .
1780 1451 1806 1493 3

324 1535 497 1579 Reiskii
518 1538 807 1581 Annotata‘in
829 1538 1176 1580 Demosthenem
1253 1567 1262 1577 .
1386 1567 1394 1576 .
1517 1564 1527 1574 .
1647 1565 1655 1574 .
1750 1534 1805 1576 12

325 1618 586 1676 Hieronymi
606 1619 762 1663 Wolfii
786 1619 1109 1677 Prolegomena
1127 1619 1172 1661 in
1194 1617 1510 1674 Olynthiacam
1533 1613 1568 1656 Ι.
1647 1645 1657 1656 .
1717 1615 1803 1658 303

323 1701 583 1759 Hieronymi
602 1701 756 1746 Wolfii
778 1702 1103 1746 Annotationes
1124 1702 1171 1743 in
1194 1699 1508 1757 Olynthiacam
1532 1697 1567 1740 Ι.
1650 1730 1659 1740 .
1721 1697 1808 1741 315

318 1767 563 1846 Ἱερωνύμου
579 1769 775 1836 Βολφῖου
794 1769 985 1839 Σχόλια
1003 1769 1063 1831 εἷς
1079 1769 1155 1823 τᾶν
1175 1780 1234 1821 Α.
1254 1768 1342 1822 τῶν
1358 1764 1679 1821 Ὀλυνθιακίὖν
1718 1782 1805 1825 344

323 1858 515 1902 Dounaei
545 1860 822 1917 (Downesii)
857 1860 1174 1904 Praelectiones
1205 1860 1250 1901 in
1283 1857 1582 1914 Philippieam
1604 1856 1660 1898 de

381 1943 499 1997 Pace
590 1977 599 1986 .
723 1977 732 1986 .
854 1977 862 1985 .
986 1976 995 1985 .
1117 1974 1126 1983 .
1249 1973 1258 1983 .
1384 1972 1392 1980 .
1516 1971 1526 1980 .
1649 1971 1656 1979 .
1719 1937 1801 1980 361

320 2022 509 2066 Weiskii
533 2023 801 2066 Dissertatio
822 2038 953 2080 super
971 2023 1184 2066 Oratione
1207 2024 1260 2065 de
1283 2021 1540 2064 Halonneso
1641 2053 1649 2061 .
1713 2019 1799 2062 423

319 2103 509 2148 Weiskii
532 2106 855 2150 Annotationes
877 2107 923 2149 in
947 2107 1207 2150 Orationem
1229 2107 1283 2149 de
1307 2106 1565 2149 Halonneso
1645 2136 1653 2144 .
1714 2104 1800 2148 432

316 2187 650 2230 Amersfoordtii
670 2187 948 2231 Introductio
966 2188 1022 2231 ad
1040 2187 1301 2231 Orationem
1317 2188 1371 2231 de
1389 2186 1649 2245 Symmoriis
1711 2187 1793 2229 441

321 2271 659 2315 Amersfoordtii
691 2271 1018 2316 Annotationes
1050 2272 1106 2314 ad
1143 2270 1400 2315 Orationem
1435 2271 1489 2313 de
1528 2269 1654 2326 Sym-

378 2354 526 2397 moriis
585 2387 594 2397 .
720 2388 728 2396 .
851 2388 860 2397 .
983 2387 991 2395 .
1116 2388 1124 2396 .
1248 2388 1285 2398 ‚x
1379 2388 1386 2396 .
1513 2387 1521 2395 .
1646 2384 1654 2394 .
1715 2354 1798 2396 447

323 2438 524 2489 Stanleii,
546 2439 614 2482 vel
642 2439 791 2495 potius
820 2439 1028 2497 Duporti,
1057 2439 1374 2482 Praelectiones
1403 2438 1449 2481 in
1479 2438 1653 2482 Oratio-

376 2535 454 2565 nes
476 2522 530 2565 de
552 2521 810 2579 Symmoriis
834 2529 879 2566 et
901 2522 954 2566 de
978 2521 1250 2566 Rhodiorum
1273 2521 1498 2566 Libertate
1642 2553 1649 2562 .
1712 2520 1796 2562 467
