1948 3322
237 195 322 238 AD
354 192 713 237 ORA'HONEM
750 192 1069 233 ADVERSUS
1105 190 1430 233 LEPTINEM.

125 300 206 340 gnis.
216 305 318 331 nostra
334 305 431 330 autem
446 309 528 336 resp.
543 301 602 333 est,
617 296 686 336 ipso
702 301 732 327 te
747 301 838 333 teste,

128 346 226 375 beata.
247 353 371 373 necesse
393 342 487 380 igitur
504 345 562 376 est,
578 346 610 370 ut
632 351 668 370 ea
684 340 761 369 viris
784 340 838 369 lio-

129 395 204 417 nore
233 386 334 425 dignis
365 385 445 414 haud
471 384 612 414 caruerit.
657 383 719 413 Sed
747 393 840 421 negas

127 430 281 464 bonorem,
300 427 354 467 qui
369 426 487 457 meritis
510 437 614 457 eorum
631 427 805 467 deberetur,
823 436 840 456 a

127 482 193 511 rep.
207 470 340 501 habitum
357 480 436 500 esse.
461 470 519 500 fuit
540 480 613 509 ergo
632 479 713 508 resp.
735 469 839 498 imme-

127 524 195 544 mor
209 519 240 544 et
253 513 380 552 ingrata.
425 513 485 542 Sed
502 513 584 542 nefas
599 517 646 542 est
669 517 752 541 tanta
767 521 840 541 con-

129 556 254 586 tumelia
266 566 361 596 remp.
383 556 579 595 adspergere.
600 556 658 585 fuit
682 565 753 593 ergo
775 564 838 583 me-

127 609 194 629 mor
208 603 239 628 et
255 604 350 638 grata,
364 604 395 629 et
408 598 536 638 gratiam
548 598 652 628 retulit
664 598 740 628 bene
757 597 795 627 de
807 608 839 627 se

127 641 257 678 meritis,
283 652 385 681 parem
412 641 533 681 quidem
561 641 646 671 illam
674 641 713 670 ad
739 651 840 671 mores

126 684 249 714 illorum
264 689 445 725 temporum,
461 685 582 715 tametsi
599 683 784 714 mediocrem
801 684 839 713 ad

126 731 258 757 nostros.

168 788 211 793 —
228 773 277 801 14.
300 769 429 812 μηδενὸς]
454 771 519 800 scil.
544 768 649 809 ἀγαθοῦ
671 769 721 800 καὶ
741 769 841 807 καλοῦ,

123 812 176 843 καὶ
191 815 278 854 τιμῆν
292 813 483 853 προσήκουσαν
497 812 684 855 ἐπιφέροντος.

168 873 211 879 ——
226 858 276 887 16.
293 858 460 898 κακουργῶν]
475 857 614 888 oratione
634 866 776 896 nequam,
791 867 841 887 ca-

126 898 228 938 ptiosa
243 904 274 930 et
288 899 436 930 insidiosa
452 904 550 930 utens.
754 899 759 906 ‘

168 960 212 965 ——
224 945 276 974 1¹7.
292 944 356 978 τοὺς
376 942 489 983 λόγους]
506 944 532 973 si
548 942 617 983 quis
638 943 744 974 literas
761 952 843 979 suas,

126 985 328 1016 subtilitatem
351 996 435 1015 suam
456 986 590 1021 dicendi,
606 986 842 1026 facultatemque

130 1029 169 1059 ad
194 1029 308 1069 flagitia
334 1029 517 1069 fraudesque
543 1031 691 1066 conferat,
717 1040 843 1060 necesse

130 1076 179 1101 est
216 1077 250 1103 ut
286 1071 543 1102 conclusiunculae
581 1074 647 1112 ejus
684 1073 843 1103 abnormes

131 1114 203 1151 sint,
226 1125 244 1145 a
270 1115 382 1155 quibus
410 1125 559 1154 auresque
585 1121 616 1146 et
643 1120 762 1145 mentes
793 1127 840 1146 re-

130 1157 260 1197 fugiant.

171 1217 213 1223 —-
229 1200 283 1230 ult.
296 1199 344 1229 καὶ
358 1198 479 1240 τούτων]
500 1201 596 1240 probo
611 1201 719 1231 Wolffi
741 1202 843 1241 conje-

129 1246 245 1274 cturam
258 1242 307 1272 καὶ
329 1243 391 1284 περὶ
405 1243 521 1274 τούτων.
536 1245 658 1275 tametsi
672 1245 703 1275 in
720 1246 844 1284 vulgata

128 1285 198 1316 libri
214 1286 273 1316 mei
289 1296 392 1316 omnes
408 1287 608 1318 consentiant.

170 1331 245 1360 492.
264 1331 314 1360 16.
335 1327 423 1371 οὐδὲν]
447 1330 538 1366 adsit,
562 1331 654 1367 absit,
675 1330 716 1360 nil
739 1331 842 1361 refert.

128 1371 300 1408 Sententia,
329 1373 478 1402 utrumvis
508 1375 644 1412 optabis,
669 1379 772 1404 manet
795 1385 844 1404 ea-

126 1415 211 1446 dem.
254 1415 288 1444 Si
319 1421 471 1450 servatur,
507 1417 692 1447 redundabit
708 1439 713 1446 .
727 1417 844 1454 Attice,

128 1463 200 1498 post
218 1457 421 1497 negationem,
445 1462 476 1488 et
494 1459 684 1490 reddendum
708 1460 768 1489 erit
789 1470 845 1498 per

127 1513 169 1532 τι.
185 1501 231 1532 nit
244 1501 321 1531 enim
336 1502 489 1541 quicquam
509 1507 642 1540 peccant,
669 1503 720 1542 qui
736 1507 844 1542 negant

127 1555 173 1583 ea,
188 1555 250 1585 quae
266 1544 366 1574 danda
379 1544 461 1575 haud
473 1550 594 1582 putant.

169 1605 214 1612 -
226 1590 278 1619 20.
294 1586 328 1617 τό
342 1586 370 1626 γ’
384 1586 515 1630 αἶα-χρὸν]
539 1587 572 1617 id
596 1591 655 1624 est,
680 1588 694 1619 ἡ
722 1585 843 1628 αἰσχύνη

126 1629 176 1661 καὶ
191 1629 225 1661 τὸ
239 1629 343 1666 ὄνειδος,
359 1630 488 1662 subaudi
503 1629 677 1672 ἀμφοτέροις
698 1631 844 1672 πάρεστιν.

129 1674 253 1705 tametsi
268 1675 428 1714 turpitudo
453 1673 559 1713 utique
584 1674 726 1713 exemplo
745 1674 845 1704 adhae-

128 1717 234 1753 rescit,
251 1721 312 1748 tam
329 1722 444 1753 vestro,
468 1728 556 1757 quam
580 1718 739 1756 majorum,
763 1717 845 1756 quod

129 1759 337 1791 imitaremini.
352 1760 474 1791 tametsi
488 1761 570 1791 haud
592 1760 714 1796 infitier,
733 1760 845 1790 oratio-

130 1814 199 1834 nem
215 1803 307 1843 paulo
322 1803 388 1834 fore
409 1804 654 1841 luculentiorem,
670 1804 696 1834 si
712 1804 845 1833 vocabu-

128 1847 192 1877 lum
207 1845 325 1887 αἶσχρδν
339 1846 477 1883 iteretur,
499 1848 536 1876 ad
563 1848 639 1877 liunc
664 1847 800 1883 modum,
813 1847 847 1876 τό

127 1900 161 1928 γε
188 1889 305 1931 αἶα-χρὸν
333 1889 449 1932 αἰσχρὸν
486 1889 594 1930 ὁμοίως.
631 1891 706 1930 quod
736 1896 847 1920 nutura

128 1942 183 1963 sua
210 1937 297 1973 turpe
318 1938 369 1969 est,
392 1935 424 1963 id
443 1934 548 1974 ubique
576 1934 701 1964 locorum
733 1935 848 1972 pariter

134 1980 219 2015 turpe
233 1980 284 2005 est.

173 2036 217 2041 —-
235 2028 304 2057 pen.
333 2016 433 2051 ἔλαβον
460 2020 515 2052 τὰς
540 2016 686 2060 ἀτελείας]
718 2018 847 2048 subaudi

131 2058 216 2098 οὗτοι,
234 2061 282 2091 vel
297 2058 399 2091 ἐκεῖνοι.

174 2122 217 2127 -
231 2103 309 2134 ibid.
324 2103 368 2143 τῷ
380 2103 469 2145 νόμῳ]
486 2104 615 2134 subaudi
631 2103 672 2144 τῷ
684 2103 796 2134 ἑαυτοῦ.

172 2165 216 2171 —
231 2147 285 2177 ult.
300 2147 365 2188 καὶ]
390 2147 517 2176 subaudi
539 2147 703 2187 repetitum
728 2158 745 2177 a
766 2158 848 2177 com-

132 2190 214 2222 muni
230 2200 246 2220 e
261 2200 289 2220 v.
307 2192 359 2221 24.
374 2189 567 2230 ὀμωμοκότες.
584 2196 614 2220 et
631 2201 686 2220 vos
702 2191 761 2219 huc
777 2201 846 2220 con-

133 2234 254 2264 venisse
278 2233 395 2271 juratos
424 2233 455 2262 in
480 2233 556 2264 lianc
580 2234 760 2263 formulam:
784 2233 848 2273 Πεςῖ

129 2275 167 2308 οἷν
182 2277 214 2307 ἂν
235 2275 312 2316 νόμοι
336 2277 378 2315 μὴ
402 2275 466 2313 ‹iio-c,
492 2277 589 2318 γνώμῃ
613 2276 652 2318 τῇ
679 2277 846 2317 δικαιοτάτῃ

131 2319 231 2361 κρίνειν.
246 2329 291 2349 vos
310 2324 420 2359 oportet
443 2320 613 2355 meminisse,
632 2320 774 2360 ‘religione
791 2321 846 2359 ju.-

132 2363 298 2402 rz'sjurandi
312 2369 416 2393 vosmet
430 2372 476 2392 vos
491 2363 638 2403 obligasse,
652 2363 683 2392 in
701 2362 776 2392 hanc
778 2362 848 2403 for-

130 2406 254 2442 mulam,
273 2414 320 2436 vos
343 2411 437 2445 meme
461 2407 536 2446 aequi
560 2405 766 2436 studiosissima
788 2416 847 2435 rem

129 2459 185 2479 esse
186 2449 389 2487 judicaturos,
398 2448 451 2479 ubi
461 2449 534 2490 leges
550 2455 675 2479 taceant.
689 2454 753 2479 erat
767 2449 846 2479 enim

130 2492 196 2522 haec
212 2491 414 2531 jurisjurandi
437 2491 578 2527 formula,
601 2502 660 2531 qua
675 2491 847 2531 adstringe-

133 2536 241 2566 bantur
257 2534 392 2573 judices,
413 2539 574 2573 antequam
591 2535 629 2564 ad
648 2535 848 2573 judicandum

134 2578 376 2609 admitterentur.

176 2623 251 2653 493.
264 2623 291 2650 1.
301 2618 406 2661 κρίνειν]
422 2621 542 2659 praetuli
556 2621 648 2661 κρινεῖν
663 2621 702 2650 οὶ)
714 2621 848 2659 praemis-

135 2675 201 2695 sum
229 2663 360 2694 δικάσειν.
387 2665 440 2693 sed
469 2669 540 2703 post
564 2663 849 2699 Ιιυηοίηῆηίῐίνιηη,

134 2706 201 2738 sive
216 2707 391 2747 praesentis,
408 2707 474 2736 sive
491 2707 584 2736 futuri
600 2707 758 2745 temporis,
775 2717 850 2745 pun-

133 2755 215 2781 ctum
227 2753 291 2780 erat
305 2751 490 2788 ponendum,
505 2750 587 2789 quod
604 2750 674 2785 feci,
691 2751 728 2779 ad
745 2760 849 2779 exem-

133 2793 217 2833 plum
253 2792 398 2822 editionis
434 2793 468 2822 Ρ.
497 2793 638 2823 Munatii.
683 2793 739 2822 Est
771 2793 849 2822 enim

133 2837 199 2867 haeo
216 2835 345 2866 oratoris
365 2833 511 2876 ἐπίκξισις.
557 2836 656 2866 Recte
679 2836 801 2874 quidem
820 2836 848 2865 id

134 2888 152 2908 a
182 2878 271 2909 vobis
299 2878 420 2908 factum.
447 2883 531 2909 recte
559 2878 716 2909 enimvero
742 2888 798 2907 vos
819 2878 850 2908 in

134 2921 210 2952 hano
226 2920 381 2952 formulam
389 2922 525 2960 jurastis.
539 2933 567 2952 v.
582 2932 612 2961 p.
629 2923 705 2952 496.
719 2927 749 2951 et
762 2924 837 2952 506.

177 2981 220 2988 —·
234 2966 266 2995 2.
291 2961 336 3004 αἶρ’
350 2961 392 2995 οὖν
405 2964 520 3005 δίκαιον]
543 2975 599 3004 pro
615 2961 656 2994 οὖν
672 2965 724 2994 dat
747 2967 850 3004 Augu-

137 3010 240 3038 stanus
265 3006 305 3038 οὗ.
335 3017 393 3037 non
416 3009 506 3044 male,
533 3018 589 3038 non
616 3007 660 3037 sie
684 3013 794 3044 tamen,
818 3013 852 3037 ut

1500 192 1575 233 127

872 295 944 326 ideo
961 296 1113 335 vulgatam
1132 296 1247 325 mutari
1268 307 1398 327 necesse
1421 295 1470 326 sit.
1514 296 1590 327 Sen-

873 339 967 369 tentia
983 340 1040 368 erit
1056 338 1109 368 illa
1121 338 1254 368 lectione
1267 339 1397 369 admissa
1413 351 1419 369 z
1441 341 1591 381 negatisne

873 392 918 412 vos
930 392 1044 422 aquam
1055 391 1121 417 esse,
1130 386 1165 410 ut
1176 379 1368 420 benefactores
1381 388 1490 413 nostros
1503 383 1592 413 hono-

873 425 987 455 remus?
1019 424 1080 456 Nos
1097 434 1162 454 vero
1182 434 1297 464 aequum
1316 429 1342 453 et
1354 426 1474 463 justum
1499 427 1593 456 aimus

873 478 937 498 esse.
966 466 1059 497 miror
1086 471 1197 502 tamen,
1226 476 1280 496 cur
1304 477 1363 495 non
1387 467 1469 497 idem
1494 470 1592 499 codex

874 515 944 540 ante
967 509 1068 539 δίκαιον
1081 521 1113 541 v.
1129 512 1161 541 4.
1180 510 1257 539 hano
1282 508 1437 539 inficiandi
1462 512 1593 550 particu-

874 554 932 583 lam
949 553 1061 594 pariter
1076 552 1214 591 iteratim
1241 552 1325 591 quod
1348 551 1454 590 utique
1469 563 1595 583 consen-

875 602 998 627 taneum
1032 600 1098 627 erat
1131 596 1208 626 fieri.
1254 595 1318 625 Sed
1354 595 1479 635 vulgata
1519 598 1595 627 bene

874 640 977 670 habet.

918 701 960 706 —
974 684 1006 713 ’7.
1023 679 1265 724 παξαδείγματα]
1293 679 1362 711 scil.
1385 681 1436 710 τοῦ
1459 680 1596 713 διδάσκειν

875 726 925 757 vel
941 726 1002 757 tale
1022 726 1107 765 quid.
1132 725 1273 764 exempla,
1298 729 1491 764 argumenta,
1517 726 1598 755 unde

875 774 995 801 constet.

919 830 962 835 —-
977 814 1030 844 18.
1045 813 1118 844 πλὴν
1132 809 1250 851 τούτου]
1272 809 1341 841 scil.
1361 810 1412 840 τοῦ
1433 809 1529 841 διδόναι
1545 812 1596 843 τὴν

876 854 1018 886 ἀτέλειαν.

918 917 962 922 —-
980 902 1031 931 19.
1046 897 1082 929 οἷν
1097 897 1236 939 ἐδώκατε]
1253 907 1314 927 non
1336 897 1467 936 culpabo
1489 898 1598 938 vulga-

877 947 948 972 tam.
978 943 1037 972 hoc
1066 946 1181 973 tantum
1212 942 1354 977 monebo,
1375 938 1422 977 ὧν,
1448 941 1531 980 quod
1558 942 1597 971 ab

877 986 992 1016 Aldina
1008 986 1106 1021 abest,
1131 985 1156 1015 si
1178 985 1346 1020 omittatur,
1371 994 1499 1014 necesse
1521 984 1597 1021 sore,

878 1033 911 1058 ut
929 1034 998 1068 post,
1013 1041 1042 1059 τι
1055 1039 1086 1059 v.
1099 1030 1151 1059 ⁰20.
1165 1028 1295 1058 addatur
1310 1027 1332 1056 εἰ
1350 1028 1400 1058 vel
1412 1025 1488 1057 εἶτα.

919 1090 963 1094 -
979 1071 1055 1104 2251
1068 1073 1119 1105 τῆς
1133 1070 1283 1108 σιτήσεως,
1295 1070 1326 1111 ἢ]
1341 1068 1356 1101 ἢ
1373 1070 1421 1100 bis
1437 1071 1495 1100 hoc
1505 1081 1598 1101 versu

876 1115 1019 1145 iteratum
1035 1125 1094 1145 non
1110 1114 1193 1144 idem
1204 1114 1329 1144 videtur
1345 1112 1531 1153 significare,
1543 1114 1598 1144 sed

877 1158 975 1197 primo
988 1158 1112 1198 quidem
1128 1158 1197 1187 loco
1211 1163 1278 1193 aut,
1295 1157 1392 1187 altero
1409 1167 1483 1187 vero
1500 1167 1598 1196 quam.

877 1207 1041 1241 propterea
1064 1201 1156 1231 etiam
1175 1200 1209 1230 τὸ
1232 1201 1374 1239 primum,
1398 1205 1524 1230 auctore
1546 1211 1598 1230 co-

878 1244 947 1275 dice
967 1245 1161 1284 Augustam,
1184 1243 1299 1279 delevi,
1322 1244 1445 1273 tametsi
1467 1243 1600 1282 ipsemet

880 1288 959 1318 ultro
984 1288 1160 1328 suspicatus
1189 1292 1258 1317 ante
1286 1297 1397 1322 essem,
1425 1286 1600 1316 delendum.

877 1333 993 1362 Statuae
1015 1332 1123 1368 honos,
1146 1334 1210 1366 aut,
1234 1330 1260 1360 si
1283 1329 1440 1365 mavultis,
1464 1329 1530 1364 ille,
1547 1329 1599 1368 qui

873 1375 926 1413 jus
950 1374 1098 1415 epulandi
1121 1375 1151 1403 in
1174 1377 1324 1414 prytaneo
1346 1371 1496 1412 impertit,
1511 1372 1598 1402 vide-

878 1421 965 1447 turne
995 1417 1022 1447 is
1050 1416 1141 1445 vobis
1170 1416 1295 1450 certior,
1323 1419 1415 1455 atque
1447 1415 1600 1451 stabilior,

878 1468 968 1497 quam
998 1458 1096 1488 honos
1126 1457 1348 1487 immunitatis?
1375 1458 1601 1489 existimatisne

878 1511 934 1532 vos
956 1500 1002 1531 illi
1028 1499 1138 1540 magis,
1163 1510 1253 1539 quam
1277 1500 1361 1537 huic,
1387 1511 1480 1540 posse
1506 1502 1600 1531 confi-

879 1544 973 1574 dere?
1018 1543 1052 1573 Si
1066 1543 1152 1586 (nam
1172 1553 1229 1583 pro
1251 1541 1281 1574 ἣν
1295 1543 1358 1583 legi
1380 1544 1483 1574 malim
1506 1543 1546 1581 ἢν,
1567 1544 1600 1575 id

879 1591 940 1624 est,
961 1585 1022 1628 ἐὰν)
1042 1587 1075 1617 Si
1089 1587 1193 1626 itaque
1208 1586 1395 1623 constiterit,
1416 1598 1472 1617 vos
1490 1587 1600 1618 immu-

881 1630 1017 1667 nitatem,
1047 1640 1138 1670 quam
1168 1633 1257 1660 antea
1282 1629 1460 1667 dedissetis,
1486 1631 1599 1662 deinde

878 1684 985 1704 rursus
1002 1672 1175 1713 eripuisse?
1214 1673 1294 1703 Post
1310 1671 1400 1708 δόντες
1414 1684 1443 1704 v.
1454 1676 1506 1704 23.
1525 1675 1599 1704 sub-

880 1717 1064 1748 audiendum
1077 1716 1136 1748 erit
1151 1714 1248 1753 αὐτὴν,
1264 1715 1290 1747 si
1307 1716 1374 1747 scil.
1390 1715 1418 1748 ἢν
1433 1726 1489 1755 pro
1501 1716 1530 1749 ἣν
1543 1717 1598 1747 ad-

880 1760 1027 1791 mittatur.

922 1822 964 1827 —-
980 1806 1032 1836 25.
1050 1803 1147 1845 ἐκεῖνο]
1170 1808 1242 1842 post
1257 1801 1340 1833 ἐκεῖνο
1354 1802 1427 1833 addi
1444 1803 1538 1833 velim
1554 1813 1599 1842 γε.

882 1848 930 1877 vel
947 1847 1050 1888 potius
1067 1851 1166 1877 totum
1188 1847 1288 1877 locum
1302 1846 1348 1876 ita
1371 1846 1475 1876 malim
1492 1857 1602 1876 conce-

881 1895 984 1930 ptum:
1009 1890 1031 1919 εἶ
1047 1889 1134 1931 μηδὲν
1149 1889 1270 1930 ἐ’μελλεν
1292 1888 1325 1919 ἐκ,
1349 1888 1415 1929 [vel
1438 1889 1511 1930 ἀπὸ]
1536 1889 1601 1920 τού-

881 1945 936 1964 των
961 1932 1078 1964 ’ἑο-εσθαι
1106 1931 1253 1974 δυσχερὲς,
1283 1931 1353 1963 ἀλλ’
1381 1931 1435 1962 οὐδ’
1460 1932 1542 1963 ἐκεῖνό
1568 1943 1601 1971 γε

881 1979 976 2010 καλῶς
987 1995 1039 2006 --.

924 2021 998 2050 494.
1016 2023 1045 2050 1.
1059 2017 1142 2060 ῥᾴδιον
1161 2017 1260 2060 αἰτίῳ]
1284 2016 1387 2048 malim
1411 2017 1496 2059 ῥᾴδιον
1522 2017 1603 2048 οὐδενὶ

883 2063 1026 2096 πολλάκις
1041 2061 1136 2102 αἰτίῳ,
1155 2072 1247 2102 ‘neque
1263 2059 1364 2103 facile
1384 2063 1522 2102 cuiquam
1550 2067 1602 2097 est,

882 2116 951 2144 saepe
974 2106 1089 2146 magnis
1108 2106 1219 2135 meritis
1238 2114 1328 2144 remp.
1350 2106 1519 2143 promereri.
1543 2115 1603 2134 non

883 2154 982 2179 tamen
999 2149 1069 2179 ideo
1087 2149 1243 2188 vulgatum
1260 2148 1403 2187 culpabo,
1418 2147 1448 2177 in
1472 2158 1532 2188 quo
1550 2159 1603 2178 τινι

882 2193 976 2222 debet
997 2192 1087 2222 tacite
1104 2191 1187 2228 addi,
1201 2194 1233 2221 et
1247 2191 1388 2224 πολλάκις
1405 2201 1421 2220 e
1435 2191 1602 2232 superiori-

882 2236 939 2265 bus
955 2235 1064 2274 repeti.

925 2296 967 2301 ——
978 2281 1008 2309 5.
1019 2280 1074 2312 τας
1086 2277 1194 2319 τιμὰς]
1211 2281 1282 2318 post
1294 2278 1350 2311 τὰς
1362 2275 1484 2308 videtur
1495 2278 1603 2308 deesse

881 2320 1057 2356 καθηκούσας
1073 2322 1119 2352 vel
1134 2321 1194 2351 tale
1209 2320 1294 2360 quid.

925 2383 968 2388 ——-
983 2363 1138 2405 ibidmai]
1157 2363 1248 2394 etiam
1269 2364 1400 2393 honores
1426 2369 1458 2394 et
1478 2364 1605 2402 praemia

883 2407 994 2442 dividi,
1009 2412 1040 2437 et
1055 2408 1114 2437 alia
1130 2407 1198 2437 aliis
1222 2407 1300 2443 dari,
1317 2417 1373 2446 pro
1392 2407 1604 2446 magnitudine

883 2452 1059 2481 meritorum
1076 2451 1201 2485 debent,
1219 2454 1312 2489 prout
1325 2449 1436 2480 merita
1457 2450 1515 2480 aliu
1536 2451 1605 2481 aliis

883 2494 999 2533 pariter
1015 2495 1128 2532 majora
1141 2497 1171 2522 et
1183 2492 1300 2523 minora
1314 2496 1394 2522 sunt.

927 2555 970 2560 -
986 2540 1015 2567 8.
1045 2535 1114 2575 ὑπὲρ
1140 2534 1178 2565 ὧν
1204 2536 1252 2576 γε]
1281 2535 1313 2565 id
1334 2539 1392 2571 est,
1406 2535 1429 2564 εἶ
1445 2538 1499 2577 χςῆ
1516 2535 1607 2575 λέγειν

885 2579 952 2620 ὑπὲρ
968 2579 1078 2614 τούτου,
1097 2578 1165 2608 ὅταν
1179 2579 1274 2618 φήσει.
1302 2579 1377 2618 quod
1402 2579 1440 2608 ad
1459 2581 1545 2609 illum.
1565 2580 1605 2609 lo—

883 2633 949 2652 cum
965 2624 1081 2658 attinet,
1104 2623 1185 2662 eique
1206 2622 1230 2651 si
1244 2621 1460 2652 occurrendum
1477 2629 1527 2659 est,
1538 2633 1605 2653 cum

884 2666 961 2695 dicet
979 2684 1030 2695 —.

928 2726 971 2730 --
987 2712 1038 2738 10.
1062 2709 1117 2736 τῶν
1141 2706 1249 2748 αὐτῶν]
1278 2707 1435 2737 Sententia
1459 2713 1527 2738 est:
1557 2708 1605 2737 sac

886 2751 1014 2790 aliquem
1033 2761 1141 2790 magno
1158 2751 1290 2790 quodam
1312 2751 1461 2780 beneficio
1475 2751 1604 2791 patriam

886 2804 1012 2824 ornasse
1024 2805 1032 2831 ς
1044 2794 1263 2833 praemiumque
1275 2794 1360 2824 illius
1374 2793 1489 2833 triplex
1502 2795 1605 2823 abstu-

887 2837 972 2871 lisse,
990 2836 1111 2867 tametsi
1128 2846 1220 2867 unum
1235 2837 1326 2866 modo
1352 2841 1382 2866 et
1407 2837 1537 2876 simplex
1559 2847 1606 2866 es·

887 2886 935 2909 set
955 2880 1146 2910 beneficium.
1190 2880 1249 2909 Ille
1267 2881 1332 2918 jam
1348 2880 1471 2917 negabit
1485 2889 1603 2918 aequum

887 2933 955 2953 esse
972 2928 1090 2962 partem
1114 2921 1246 2962 aliquam
1270 2922 1390 2952 detrahi
1416 2922 1460 2951 illi
1487 2922 1604 2962 triplici

886 2966 1024 3004 praemio,
1037 2965 1120 3006 quod
1131 2967 1216 2996 velut
1232 2966 1349 3004 :equale
1362 2970 1393 2994 et
1404 2975 1460 3004 par
1473 2965 1606 3005 simplici

887 3009 1033 3039 beneficio
1057 3008 1330 3039 redhostimentum
1347 3017 1364 3037 a
1379 3018 1444 3048 rep.
1464 3009 1607 3039 abstulis-
