1931 3322
481 216 542 258 IN
577 217 752 260 ORAT.
788 217 870 258 DE
903 218 1270 261 sYMMORHS.

135 327 230 354 munt.
254 322 399 364 προτείνω,
421 336 505 364 ομαι,
531 325 691 364 praetendo,
713 330 848 364 praetexo.

134 377 225 406 quam
256 377 365 402 ,vocem
403 378 459 398 nos
494 369 586 399 etiam
623 369 652 399 in
685 369 848 398 vernacuto

133 414 240 440 nostro
263 421 404 442 sermone
426 411 605 442 retinemus.
645 413 723 442 Dnae
746 416 846 442 autem

131 458 204 483 sunt
222 453 459 493 significationes
480 455 569 495 hujus
583 456 667 485 verbi
684 465 758 494 quas
774 465 846 484 con-

131 496 258 527 fundere
275 498 351 527 mihi
368 499 509 529 videntur
526 500 666 538 vulgares
680 499 845 536 Lexicogr.

131 543 182 569 est
198 539 277 570 enim
303 540 513 581 προτείνεσθαι,
535 543 582 571 vel
605 540 846 581 προσποιεῖσθαι,

126 584 322 620 praetendere,
333 586 482 621 simulare,
490 594 551 624 proe
560 594 588 614 se
591 584 689 625 ferre,
703 583 753 613 vel
769 582 845 624 προΐ-

129 625 279 667 σχεσθαι,
291 628 486 665 praetendere,
500 627 663 667 πρόσχημα
674 625 793 667 facere,
813 628 844 656 in

127 675 304 707 praetextum
323 676 351 700 et
368 672 576 701 excusationem
591 670 706 710 aliquid
725 668 845 711 afferre.

130 712 216 742 Plut.
234 713 335 753 Epist.
346 715 396 745 τήν
406 713 514 745 ἡλικίαν
525 712 731 754 προῦτεινόμην,
744 713 843 743 obten—

126 754 228 784 debam
243 755 315 797 (seu
333 755 519 797 excusabam)
538 762 664 791 aetatem,
679 758 711 786 in
725 766 845 786 excusa-

127 799 236 828 tionem
264 798 431 840 afferebam.
469 801 632 830 Demosth.
657 800 687 829 in
713 801 843 839 Apatur.

129 839 291 881 [Hypoth.
307 843 430 873 vohiii.
452 853 484 883 p.
505 846 580 874 481.
600 843 722 884 anteo]
746 844 843 873 ταῦτα

127 884 195 914 ‘reti
217 886 268 916 ‘rim
288 883 360 916 δίκην
383 884 457 927 ἔχων
479 885 649 927 προτείνεται
673 888 713 916 τὰ
735 885 844 922 δίκαια,

128 925 189 957 hoec
198 929 295 968 igitur
303 933 481 969 argumenta
495 939 549 969 pro
558 940 585 959 se
593 934 692 967 urget,
703 930 763 959 haec
765 930 785 968 j
789 940 844 959 ura

125 980 181 1010 pro
193 981 220 1000 se
231 972 359 1002 obtendit
367 978 395 1002 et
410 972 523 1012 allegat
534 971 664 1014 (actor).
678 973 720 1002 At
735 971 844 1012 προτεί-

126 1012 222 1044 νεσθαι
241 1013 338 1055 φιλίαν
356 1015 414 1045 hoc
427 1016 456 1045 iu
471 1017 538 1045 ioco
551 1026 608 1045 non
622 1019 669 1045 est
681 1017 843 1045 amicitiam

125 1057 270 1098 allegare,
290 1059 339 1088 vel
363 1058 414 1089 hoc
428 1063 572 1097 praetextu.
590 1068 617 1088 se
639 1057 796 1099 defendere
815 1064 844 1089 et

125 1110 274 1137 excusare,
288 1102 343 1132 sed
353 1102 515 1132 amicitiam
523 1102 714 1141 proetendere,
725 1102 755 1131 h.
765 1113 792 1132 e.
802 1102 844 1132 si-

127 1144 244 1174 molare
257 1149 288 1175 et
303 1155 367 1185 prae
380 1156 414 1175 se
428 1146 519 1175 ferre.
534 1150 624 1184 atque
642 1145 684 1175 ita
696 1145 842 1175 doctissi-

1521 222 1601 264 481

882 323 1048 354 ἑκὺκλωσίιν
1069 336 1110 364 με
1132 325 1299 364 ἐγκάθετοι,
1313 327 1400 358 dolosi
1418 327 1604 358 insidiatores

882 369 1153 405 circumdidmwmt,
1179 376 1210 400 et
1231 371 1322 400 xxxi.
1340 373 1369 402 9,
1393 370 1417 401 εἴ
1440 371 1490 401 καὶ
1511 370 1599 410 ἐγκά-

881 409 959 444 θετος
973 410 1103 449 ἐγενόμην
1114 411 1162 442 ἐπὶ
1176 413 1268 454 θύραις
1280 414 1381 450 cab-effe,
1391 415 1414 444 si
1426 414 1598 444 clanculum

882 455 1040 484 insidiatus
1056 465 1120 485 sum
1146 457 1283 498 adfores
1302 460 1376 497 ejus,
1395 458 1424 488 in
1446 458 1528 488 Heb.
1549 464 1597 488 est

1076 500 1232 529 insidiatus
1253 511 1326 530 sum.
1350 500 1503 540 ἐγκάθετοι
1524 508 1596 531 sunt

880 539 1004 578 proprie
1019 540 1072 579 qui
1096 542 1258 572 subsidunt
1277 544 1307 572 in
1329 545 1398 574 loco
1416 544 1521 583 aliquo
1540 545 1595 574 ob-

879 593 969 612 scuro
986 588 1015 613 et
1032 589 1152 624 operto,
1162 586 1192 615 in
1204 596 1294 625 quem
1312 598 1344 617 se
1355 587 1546 617 demiserunt
1558 588 1595 617 ad

878 625 1005 656 insidias
1020 627 1111 657 alicui
1132 629 1313 668 struendas3
1335 635 1366 660 et
1382 629 1414 659 τὸ
1427 630 1596 668 ἐγκάθετον,

877 669 1025 709 quicquid
1046 671 1237 701 clandestino
1257 672 1301 707 fit,
1325 677 1356 702 et
1378 675 1458 712 quod
1480 678 1594 704 tectum

878 717 925 742 est
940 719 971 742 et
987 714 1084 743 latens
1100 719 1132 744 et
1144 715 1319 745 obscurum.

919 773 961 778 -—
980 759 1031 787 15.
1052 757 1150 789 λαβεῖν
1168 756 1242 788 δίκην
1256 777 1299 781 —
1321 756 1422 789 πίστιν
1437 777 1481 781 —
1497 758 1592 800 δόξαν]

877 800 914 828 In
926 810 984 829 uuo
997 801 1128 830 dimidio
1141 812 1211 841 pag.
1222 802 1277 832 has
1288 807 1352 832 tres
1363 802 1492 842 phrases
1503 803 1593 832 habe-

877 853 956 873 mus.
974 844 1112 874 videmus
1133 845 1184 874 hic
1200 847 1316 875 varium
1341 851 1373 876 et
1392 845 1596 884 multiplicem

877 896 967 916 usum
995 887 1085 925 hujus
1112 888 1197 917 verbi
1221 888 1376 929 λαμβάνω.
1396 889 1470 920 δίκην
1494 888 1596 921 λαβεῖν

877 934 925 958 est
939 939 1054 968 poenam
1071 940 1194 966 sumere,
1209 934 1369 962 vindictam
1387 933 1434 962 vel
1454 932 1597 962 ultionem

875 982 1004 1002 sumere.-
1027 973 1078 1003 ubi
1099 984 1210 1003 sumere
1235 976 1338 1013 potius
1357 986 1446 1014 quam
1463 976 1596 1014 accipere

878 1015 984 1045 dicunt
995 1017 1062 1046 Lat.
1079 1027 1137 1046 non
1155 1017 1235 1046 enim
1248 1019 1379 1048 dicimus
1394 1020 1524 1057 accipere
1536 1028 1596 1058 ρατ-

877 1068 941 1088 nas.
987 1059 1044 1089 Cui
1060 1070 1076 1089 e
1093 1065 1197 1089 contra
1212 1059 1284 1092 δίκην
1299 1061 1400 1096 δοῦναι,
1418 1071 1531 1101 poenam
1544 1061 1593 1091 vei

874 1111 973 1140 poenas
994 1103 1074 1132 clare.
1098 1102 1199 1133 Πίστιν
1214 1102 1321 1140 λαξεῖν,
1341 1105 1377 1134 ad
1397 1106 1536 1141 verbum,
1550 1104 1594 1144 fl-

877 1145 942 1174 dem
957 1147 1096 1184 occipere,
1105 1146 1201 1185 fidem
1219 1148 1253 1177 de
1272 1158 1300 1178 se
1311 1148 1429 1189 fucere.
1445 1149 1495 1178 τοῦ
1517 1147 1600 1188 φίλος

127 1197 196 1216 mus
207 1187 360 1227 interpres
374 1186 471 1228 φιλίαν
481 1190 669 1228 προτενεῖται,
682 1189 844 1219 amicitiam
877 1188 963 1218 αὗτοῦ
979 1188 1064 1220 δοκεῖν
1078 1188 1147 1220 εῖναι
1166 1189 1263 1221 πίστιν
1283 1191 1392 1227 λαβεῖν,
1407 1191 1502 1232 fidem
1518 1192 1554 1221 de
1567 1202 1596 1221 se

125 1231 288 1262 simulabit.

127 1283 287 1313 quousque
300 1273 350 1304 via
363 1280 412 1305 est
422 1276 479 1304 sub
491 1275 580 1305 amici
594 1276 699 1305 fallere
711 1275 844 1306 nomen.’

126 1318 386 1358 χαριτογλωσσεῖν.
401 1318 457 1348 mel
472 1319 504 1348 in
518 1329 578 1354 ore,
592 1320 678 1349 verba
694 1319 846 1360 luctiS‚fel

127 1361 160 1390 in
174 1362 271 1397 corde,
280 1360 377 1403 fraus
393 1362 426 1391 in
437 1360 546 1401 factis.
560 1361 648 1392 ἔσθλ’
661 1362 844 1402 ἀγορεύοντες,

125 1406 205 1435 κακὲ
223 1404 252 1435 δὲ
271 1405 354 1445 φρεσὶ
375 1404 591 1445 βυσσοδόμευον.
609 1405 720 1446 [Hom.
738 1406 799 1436 Od.
812 1413 842 1436 P.

127 1447 199 1488 66]
245 1449 315 1478 Hoc
332 1447 496 1490 πρόσχημα
512 1450 563 1483 τῆς
578 1449 687 1488 φιλίας,
700 1450 801 1479 fucum
814 1454 846 1480 et

128 1492 265 1521 umbram
291 1496 323 1521 et
345 1492 461 1522 larvam
485 1492 640 1529 amicitiis,
665 1493 846 1533 perstringit

128 1533 256 1574 anian.
272 1535 331 1565 hoc
348 1535 457 1576 Epigr.
483 1534 568 1577 [10.]

170 1601 256 1633 Οὐδὲν
278 1601 305 1633 ἓν
326 1602 507 1645 ἀνθρώποισι
531 1603 616 1644 φύσις
636 1604 846 1645 χαλεπώτερον

299 1644 370 1686 εἷιρεν

171 1687 324 1730 Ἀνθρώπου
339 1688 463 1729 καθαρὰν
477 1688 647 1731 ψευδομένου
661 1688 764 1729 φιλίην.

172 1732 214 1763 Οὗ
239 1734 294 1773 γὰρ
319 1731 359 1762 ἔθ’
383 1733 420 1767 ὡς
442 1732 545 1773 ἔχθραν
569 1732 845 1774 προφυλασσόμεθ’,

298 1776 368 1806 ἀλλ’
383 1777 553 1815 ἀγαπῶντες

168 1817 224 1854 Ὠς
238 1818 317 1859 φίλον
332 1819 358 1850 ἐν
369 1819 463 1859 τούτῳ
476 1819 588 1850 πλείονα
603 1819 820 1859 βλαπτόμεθα.

127 1877 281 1917 ψεύδεσθαι
295 1880 390 1918 φιλίαν
405 1883 451 1909 est
468 1879 665 1919 προτείνεσθαι
681 1879 788 1919 φιλίαν.

171 1940 216 1946 -
229 1926 278 1953 10.
293 1923 494 1963 προκαθεῖναι]
511 1924 705 1962 ρταιίρὶΐανρ,
723 1924 760 1952 ad
776 1934 844 1953 ver-

127 1966 212 2002 bum,
236 1967 319 2006 prius
338 1967 498 2002 demittere,
517 1977 578 1996 vox
595 1967 775 2005 decompos.
791 1977 844 1996 cu-

121 2010 175 2047 jus
191 2011 274 2040 nulla
292 2010 404 2039 mentio
426 2021 473 2050 ap.
496 2010 660 2048 Lexicogr.
685 2021 741 2039 nec
765 2010 844 2039 forte

126 2062 217 2092 opus.
263 2054 340 2084 Cum
365 2053 443 2083 enim
465 2052 590 2094 καθεῖναι
616 2054 656 2083 sit
681 2053 845 2090 demittere,

126 2097 219 2126 facile
231 2097 332 2127 cuivis
345 2101 403 2133 est,
416 2102 507 2135 atque
518 2097 609 2126 etiam
622 2096 774 2136 integrum
791 2098 845 2126 ad-

126 2139 228 2170 dendo
249 2139 302 2181 πρό
324 2141 425 2170 facere
448 2140 642 2182 προκαθεῖναι.
666 2145 702 2169 ut
721 2140 845 2170 minime

415 2183 524 2214 sithoc
540 2185 578 2213 de
594 2183 725 2222 singulis
739 2184 843 2214 verbis

127 2226 258 2258 moveri.
300 2227 390 2258 Adeo
407 2227 437 2257 in
455 2227 512 2257 hoc
527 2227 576 2268 (ut
590 2232 621 2256 et
638 2227 707 2257 aliis
722 2226 845 2267 multis)

126 2271 198 2301 usui
218 2275 250 2301 et
272 2270 487 2301 consuetudini
508 2270 649 2300 standum
671 2274 730 2306 est,
747 2270 845 2310 magis

125 2324 216 2353 quam
227 2314 533 2354 Lexicographorum
543 2314 678 2354 piacitis.
693 2314 757 2351 Qui
769 2319 845 2344 tam-

125 2367 165 2387 en
180 2357 303 2388 omnino
325 2363 356 2388 et
370 2358 486 2398 ubique
502 2368 561 2388 non
580 2362 650 2388 sunt
665 2358 846 2395 excusandi,

126 2411 196 2431 cum
211 2401 294 2431 levia
314 2405 347 2431 et
367 2402 522 2440 superflua
536 2401 699 2441 aliqnando
717 2406 845 2441 ponunt,

127 2443 251 2475 omissis
280 2443 379 2484 magis
407 2445 619 2484 frequentibus
645 2449 678 2475 et
700 2455 845 2475 necessa-

126 2487 190 2518 riis.
236 2488 320 2524 Quot
342 2487 422 2518 enim
440 2487 487 2518 ini
504 2492 649 2518 notarunt
672 2490 766 2519 verba
790 2489 845 2518 de-

127 2532 297 2571 composita
317 2541 355 2561 εκ
379 2532 435 2561 hac
458 2531 677 2572 praepositione
697 2531 759 2573 πρὸ,
777 2542 846 2571 quae

126 2574 227 2605 minus
244 2579 296 2605 aut
310 2578 415 2605 notatu
435 2575 537 2615 digna,
554 2579 607 2604 aut
628 2585 684 2604 usu
709 2581 844 2615 recepta,

126 2629 216 2658 quam
232 2618 289 2647 hoc
304 2619 430 2648 verbum
445 2616 633 2658 προκαθεῖναι.
648 2617 782 2658 Καθίημι
798 2624 847 2648 est

125 2662 255 2692 demitto.
275 2661 355 2691 unde
377 2661 391 2692 ἦ
411 2660 530 2696 κάθετος
551 2672 594 2691 sc.
610 2663 747 2702 γραμμὴ,
769 2662 847 2692 linea

123 2705 390 2745 perpendicularis,
401 2705 656 2745 perpendiculum,
667 2705 755 2744 quasi
769 2705 848 2736 linea

127 2750 263 2784 demissa,
271 2748 321 2778 et&
331 2747 462 2784 κάθετος,
469 2757 631 2787 percussor,
638 2748 725 2788 quasi
735 2750 847 2784 missus,

128 2792 268 2823 demissus
281 2792 321 2822 ud
336 2793 519 2830 patrandam
534 2791 652 2828 caedem,
669 2793 846 2829 summissus,

128 2834 303 2865 clanculum
318 2835 506 2871 subornatus,
526 2835 704 2874 speculator,
725 2836 848 2865 insidia-

129 2883 188 2915 tor,
203 2878 400 2913 κατάσκοπος.
437 2879 537 2917 Quam
553 2888 659 2908 vocem
676 2888 736 2907 non
754 2879 850 2908 semel

128 2921 261 2962 legimus
284 2923 364 2960 apud
389 2923 445 2952 Gr.
470 2920 641 2952 Bibliorum
663 2922 849 2960 Scriptores.

130 2965 205 2995 Luc.
221 2974 278 2994 xx.
293 2966 346 2995 ΞΟ.
368 2964 416 2995 καὶ
433 2963 687 3005 παρατηρήσαντες
708 2963 851 2995 ἀπέστει-

129 3014 182 3038 λαν
208 3006 385 3047 ἐγκαθέτους
410 3014 471 3039 etc.
494 3009 705 3039 summiserunt
727 3009 852 3039 insidia-

128 3056 213 3081 tores.
260 3050 314 3081 Sic
342 3053 413 3083 Job.
439 3052 508 3083 xix.
534 3053 588 3083 12.
612 3052 680 3086 ταῖς
703 3051 771 3086 ὁδοῖς
795 3063 853 3092 μου

174 3104 251 3126 voi„
270 3105 300 3126 v.

333 1232 414 1262 Haec
436 1231 576 1261 nimirum
601 1233 656 1262 ina
677 1236 686 1249 ‘
698 1236 763 1261 tuta
782 1232 843 1261 fre-
866 1229 975 1272 facere
991 1243 1025 1262 ac
1038 1234 1061 1263 si
1076 1235 1187 1263 amicus
1200 1239 1278 1270 essct,
1294 1235 1357 1270 vel,
1372 1234 1416 1264 ila
1434 1245 1466 1264 se
1479 1235 1594 1264 insinu-

878 1285 929 1304 are
945 1280 978 1305 ut
993 1276 1110 1306 amicus
1123 1287 1191 1306 esse
1203 1278 1355 1308 videatur.
1376 1277 1468 1317 Δόξαν
1483 1277 1596 1314 λαβεῖν,

878 1322 926 1347 est
939 1319 1101 1358 opinionem
1115 1321 1256 1358 obtinere,
1273 1331 1317 1350 sc.
1334 1322 1445 1362 ἀρετ-ἧς,
1463 1320 1597 1362 ἀνδρείας,

878 1366 938 1391 etc.
962 1360 1046 1393 Δίκην
1068 1363 1156 1394 δοῦναι
1182 1364 1231 1393 vel
1256 1363 1354 1395 διδόναι
1378 1365 1521 1404 frequens
1549 1369 1598 1395 est

879 1405 962 1444 apud
981 1410 1140 1437 auctores:
1166 1412 1197 1437 at
1217 1408 1291 1438 δίκην
1312 1408 1409 1442 λαβεῖν
1429 1418 1487 1438 nou
1512 1407 1598 1438 item.

879 1449 1017 1479 Budaeus
1028 1449 1059 1480 in
1070 1451 1240 1481 Comment.
1256 1452 1307 1481 ubi
1319 1462 1425 1481 omnes
1442 1453 1597 1491 hujusmo-

878 1492 911 1521 di
935 1493 1062 1532 phrases
1086 1499 1117 1523 et
1138 1495 1310 1525 locutiones
1333 1496 1471 1525 forenses
1492 1505 1598 1524 corro-

880 1541 932 1574 gat
942 1541 973 1566 et
989 1537 1136 1572 corrodit,
1147 1537 1260 1568 nuliam
1274 1539 1396 1568 omnino
1413 1539 1503 1578 hujus
1513 1548 1601 1568 men-

879 1579 991 1609 tionem
1009 1580 1091 1610 facit.
1135 1581 1283 1620 Legimus
1298 1582 1342 1612 ibi
1360 1580 1437 1616 δίκας
1452 1583 1600 1616 ἀπαιτεῖν,

877 1621 951 1653 δίκην
968 1622 1171 1665 ἀναδέχεσθαι,
1195 1624 1268 1656 δίκην
1287 1624 1469 1665 γράψασθαι,
1489 1625 1598 1659 διδόναι,

878 1665 1048 1704 ἐγγυᾶσθαι,
1072 1667 1199 1705 ἐπάγειν,
1221 1668 1368 1710 παρέχειν,
1391 1668 1524 1710 ὑπέχειν,
1539 1673 1603 1698 etc.

879 1711 933 1740 sed
951 1721 1009 1740 non
1025 1709 1096 1741 δίκην
1110 1710 1219 1747 λαέεῖν,
1235 1717 1265 1742 et
1281 1713 1325 1742 H.
1342 1713 1450 1751 steph.
1467 1718 1497 1741 λ.
1514 1710 1599 1747 δίκην,

877 1762 989 1783 sumere
1005 1764 1115 1793 pamas,
1136 1765 1194 1784 non
1212 1754 1346 1785 indicato
1365 1756 1446 1790 loco,
1464 1755 1515 1784 ubi
1533 1756 1598 1784 haec

877 1797 1000 1834 phrasis
1023 1798 1166 1828 occurrit.
1210 1800 1278 1829 Jam
1297 1809 1370 1829 vero
1393 1797 1494 1829 πίστιν
1517 1804 1599 1838 λαμ-

878 1837 976 1876 Geren,
998 1841 1044 1871 vel
1068 1841 1179 1877 λαβεῖν,
1193 1847 1241 1871 est
1259 1842 1316 1871 hoc
1337 1843 1366 1872 in
1386 1843 1455 1871 loco
1471 1842 1599 1872 πιστεύ-

877 1883 978 1918 εσθαι,
1003 1885 1094 1919 crecti,
1113 1884 1210 1924 fidem
1232 1887 1376 1925 consequi,
1397 1886 1537 1921 obtinere,
1555 1886 1600 1927 fi-

879 1926 942 1955 dem
958 1927 993 1956 de
1011 1926 1167 1968 sefacere,
1184 1928 1227 1957 ita
1247 1938 1280 1957 se
1304 1928 1457 1958 insinuare
1474 1934 1508 1958 ut
1525 1929 1599 1957 auii-

879 1979 934 1999 cus
950 1980 1017 2000 esse
1030 1971 1183 2001 credatur.
1231 1971 1310 2001 Dico
1327 1972 1385 2001 hoc
1399 1973 1428 2001 iu
1446 1972 1515 2001 loco
1532 1972 1599 2010 ple-

879 2023 1023 2053 rumque:
1048 2025 1114 2044 nam
1136 2015 1196 2044 alio
1220 2014 1251 2044 in
1275 2026 1365 2045 sensu
1392 2016 1456 2045 haec
1478 2015 1600 2054 phrasis

880 2062 1044 2096 usurpatur
1067 2059 1149 2098 apud
1172 2063 1327 2094 auctores,
1351 2058 1409 2088 viz.
1432 2067 1489 2098 pro
1504 2058 1600 2098 fidem

878 2100 979 2129 datam
995 2103 1135 2140 accipere,
1151 2101 1245 2138 vulgo
1269 2108 1297 2131 to
1321 2102 1387 2132 take
1413 2102 1487 2132 one’s
1507 2103 1600 2137 word,

880 2143 922 2173 nti
942 2154 996 2173 nos
1013 2144 1158 2181 dicimus,
1172 2145 1262 2174 fidem
1273 2146 1428 2185 publicam
1444 2146 1600 2185 accipere,

879 2187 930 2216 cui
956 2187 1092 2218 vicissim
1117 2189 1285 2229 respondet
1310 2187 1418 2219 wia-m
1439 2190 1526 2218 δοῦναι
1550 2189 1599 2218 vel

879 2229 1090 2271 3136vac‚ficlem
1105 2232 1187 2268 (ἔατε,
1202 2232 1392 2273 obstringere.
1436 2232 1534 2262 lsocr.
1551 2233 1600 2262 πί-

878 2284 957 2308 στεις
971 2273 1069 2304 ἔδοσαν
1084 2275 1230 2310 ἀλλήλοις,
1243 2276 1338 2316 fidem
1351 2276 1406 2306 sibi
1425 2282 1530 2306 mutuo
1549 2276 1599 2306 de-

878 2318 999 2347 derunt.
1022 2318 1124 2349 Πίστιν
1147 2318 1244 2349 διδόναι
1267 2319 1316 2349 καὶ
1339 2317 1488 2360 δέχεσθαι,
1505 2319 1599 2358 fidem

878 2361 950 2390 ‹Im-e
966 2367 993 2391 et
1009 2363 1150 2401 accipere,
1173 2363 1258 2403 (nam
1276 2368 1306 2392 et
1324 2362 1373 2392 hic
1390 2363 1491 2392 locum
1507 2363 1600 2392 habet

880 2404 1008 2434 verbum
1025 2404 1163 2446 δέχεσθαι
1186 2416 1272 2444 aequc
1292 2416 1328 2436 ac
1345 2405 1515 2446 λαμβάνειν,
1530 2417 1599 2436 cum

879 2452 979 2477 tamen
996 2459 1055 2478 non
1072 2449 1204 2479 dicimus
1220 2447 1292 2479 δίκην
1307 2447 1455 2490 δέχεσθαι
1471 2459 1526 2489 pro
1542 2461 1600 2490 poe-

879 2501 931 2521 'tias
959 2501 1081 2528 sumere,
1112 2492 1167 2522 sed
1197 2491 1356 2533 λαμβάνειν
1378 2498 1493 2523 tantum
1511 2503 1518 2522 ε
1553 2498 1602 2522 est

880 2535 1000 2564 enimin
1014 2535 1072 2564 hoc
1083 2540 1119 2571 vut
1129 2535 1159 2565 in
1171 2535 1239 2565 aliis
1250 2536 1408 2566 observari
1423 2536 1602 2572 discrimen,

879 2578 959 2608 inter
970 2577 1108 2619 δέχεσθαι
1122 2585 1151 2609 et
1163 2578 1335 2619 λαμβάνειν,
1346 2580 1428 2618 qnod
1444 2580 1604 2610 annotavit

881 2622 1022 2651 Ammon.
1038 2621 1068 2651 in
1086 2632 1198 2652 vocum
1212 2622 1413 2662 differentiis)
1430 2633 1484 2662 pro
1502 2621 1603 2652 πίστιν

881 2664 968 2694 δοῦναι
984 2664 1032 2694 καὶ
1050 2664 1151 2698 λαβεῖν
1164 2666 1271 2696 dicunt
1289 2666 1345 2696 Gr.
1385 2667 1469 2696 Xen.
1488 2666 1602 2706 [Anah.

883 2708 922 2738 V.
940 2710 971 2737 4.
987 2709 1054 2750 11.]
1078 2711 1175 2739 πιστὰ
1191 2709 1282 2745 δόντες
1300 2709 1348 2739 καὶ
1365 2709 1516 2744 λαβόντες,
1532 2710 1604 2739 duta

881 2757 909 2781 et
923 2753 1124 2792 acceptajide‚
1139 2758 1171 2782 et
1187 2753 1226 2782 de
1242 2753 1366 2791 Exped.
1385 2754 1458 2792 Cyr.
1477 2753 1499 2783 l.
1515 2753 1536 2782 i.
1556 2752 1605 2793 [6.

883 2795 932 2836 7.]
945 2793 1049 2830 πείσας
1060 2794 1126 2834 ἐμὲ,
1143 2798 1241 2827 πιστὰ
1256 2796 1347 2826 πάλιν
1359 2795 1464 2829 ἔδωκάς
1477 2807 1541 2835 μοι,
1557 2795 1606 2824 καὶ

884 2837 989 2872 ἔλαβες
1006 2837 1074 2880 παρ’
1089 2838 1170 2878 ἐμοῦ,
1187 2845 1219 2869 et
1235 2839 1319 2869 alibi.
1366 2839 1508 2878 Denique
1526 2838 1607 2878 δόξαν

885 2879 982 2911 λαὲεῖν
1002 2892 1071 2912 cum
1089 2885 1183 2923 genit.
1203 2894 1266 2921 seq.
1284 2887 1329 2912 est
1340 2880 1463 2922 famam
1480 2882 1530 2912 vel
1546 2883 1608 2921 opi-

885 2925 999 2955 nionem
1022 2927 1156 2965 consequi
1180 2926 1309 2964 alicujus
1338 2925 1393 2959 rei,
1418 2925 1461 2955 uti
1484 2926 1534 2955 hic
1560 2926 1608 2968 [p.

888 2969 962 2998 985.
979 2969 1026 3010 ‘2.]
1053 2968 1132 3008 δόξαν
1152 2967 1272 3009 ἀνδρείας
1289 2967 1399 3003 λαβεῖν,
1411 2967 1611 3009 Jivrtitudinis

887 3012 1050 3050 opinionem
1071 3013 1216 3052 consequi,
1237 3011 1281 3042 uti
1297 3022 1390 3050 supra
1408 3011 1486 3051 δόξαν
1501 3011 1609 3054 ἐκφέρε-

888 3054 982 3085 cesai:
1006 3055 1054 3085 vel
1072 3055 1194 3085 omnino
1211 3061 1280 3085 sunt
1296 3054 1374 3094 δόξαν
1390 3054 1562 3096 ἐκφέρεσθαι
1581 3061 1613 3085 et

890 3100 910 3127 3
935 3109 954 3130 Q
