1931 3322
400 180 484 221 AD
518 176 885 220 ORATIONEM
920 175 983 216 IN
1021 175 1476 221 NICOSTRATUM.

210 295 311 326 sepes.
334 285 384 315 hic
401 286 542 315 videntur
560 285 630 314 ideo
647 284 691 314 sic
708 284 797 314 dictae
812 283 917 318 fuisse,

209 329 290 366 quod
307 333 409 358 essent
432 333 484 358 aut
507 329 535 358 in
563 330 664 357 orbem
691 327 782 362 horti,
806 331 857 356 aut
878 328 915 356 ad

207 381 290 400 oram
316 382 450 400 arearum
477 372 613 406 consitae,
641 371 754 410 quibus
782 370 812 399 in
838 371 916 399 areis

207 414 303 449 olera,
320 415 461 449 ssoresve,
485 415 592 444 aliaeve
615 416 738 443 arbores
761 413 915 452 frugiferae

206 460 363 485 exstarent
375 467 384 494 ;
398 457 440 486 ita
451 462 483 486 ut
498 463 651 488 extremus
664 467 764 486 earum
778 465 913 485 arearum

206 498 336 528 ambitus
353 505 432 529 esset
448 499 524 529 oleis
540 501 686 530 consitus.

245 558 289 563 -—-
305 544 356 572 27.
379 542 513 584 ῥωδονιὰν]
539 545 621 573 Citat
636 544 733 581 Harp.
750 552 778 571 v.
795 541 912 581 ῥοδωνιᾶ.

246 585 340 615 125Ξ.
351 587 381 615 5.
396 588 444 615 ‘rint
459 588 509 619 τῖς
521 584 737 623 ψευδοκλητείας
752 585 812 625 γρ]
830 585 909 614 idem

203 630 249 655 est
271 637 307 656 ac
333 627 365 657 si*
384 628 538 658 dixisset:
561 631 609 659 τῆν
624 630 674 662 τῆς
695 625 912 667 ψευδοκλητείας

200 671 318 708 γραφὴν,
332 672 380 700 τῖεν
395 670 444 700 ὑπ’
459 669 529 710 ἐμοῦ
539 670 608 701 κατ’
623 672 709 701 αὐτοῦ
727 670 899 712 ληχὲεῖσαν.

241 729 284 735 -
301 715 332 742 7.
354 713 488 756 ἀπιόντα]
514 716 634 745 correxi
658 713 775 744 ἀνιόντα..
799 724 867 743 nam
893 724 908 743 e

198 753 318 784 Piraeeo
331 755 361 784 in
379 757 491 786 Urbem
510 763 618 787 euntes
635 756 779 791 ἆνέὲαινον,
793 757 907 787 adscen-

197 797 314 833 debant,
331 809 370 828 ex
388 799 472 829 Urbe
495 799 525 828 in
547 801 710 836 Piraeeum,
734 799 907 837 κατέβαινον,

198 841 416 871 descendebant.

237 901 281 906 ——
292 886 342 915 13.
358 883 635 926 διαμεμετξημένην]
654 885 734 914 Citat
747 886 776 914 b.
788 887 810 915 1.
826 886 906 916 Har-

196 936 283 965 pocr.
300 938 329 956 v.
344 927 590 968 διαμεμετρημὲνη
608 927 709 967 ἢμέρει.
737 928 906 966 Significat,

195 969 228 998 ni
255 970 355 1006 fallor,
379 971 435 1001 boc
459 971 680 1010 Apollodorus,
705 970 763 1000 sibi
787 981 844 999 non
869 973 906 1000 li-

197 1013 298 1042 cuisse
314 1014 418 1044 multis
434 1015 536 1044 verbis
556 1023 676 1043 causam
699 1023 781 1042 suam
802 1023 906 1050 agere,

195 1056 266 1094 quia
280 1056 348 1086 dies
361 1057 593 1096 illajudicialis,
605 1067 662 1096 qua
675 1056 734 1085 ista
750 1061 816 1086 acta
833 1057 905 1085 suis-

195 1106 243 1127 set
258 1109 361 1134 cansa,
375 1110 431 1139 per
452 1100 561 1129 multas
578 1101 653 1129 alias
675 1109 790 1134 causas,
813 1099 904 1128 etiam

196 1142 302 1171 eadem
318 1142 369 1172 die
389 1143 616 1182 disceptandas,
632 1141 741 1171 suisset
757 1142 858 1171 divisa
874 1147 905 1172 et

194 1183 361 1224 descripta.
407 1186 501 1216 Brevi
517 1186 612 1225 igitur
629 1185 681 1215 illa
697 1185 833 1215 oratione
849 1195 904 1215 sua

194 1237 262 1257 cum
283 1232 382 1258 tamen
398 1229 596 1259 Arethusium
619 1238 702 1258 reum
720 1228 902 1268 peregisset,

192 1270 285 1300 tacite
300 1271 442 1307 insinuat,
453 1273 495 1302 ita
511 1272 704 1312 perspicuam
724 1271 818 1301 fuisse
831 1281 901 1301 cau·

193 1323 235 1343 sae
249 1324 312 1343 suae
328 1314 504 1352 bonitatem,
517 1315 681 1356 utjudices
697 1315 763 1344 sine
779 1319 902 1344 cuncta-

191 1356 276 1386 tione
292 1358 457 1388 secundum
477 1369 522 1394 se,
538 1359 688 1388 adversus
703 1358 901 1388 Arethusium

192 1399 280 1429 litem
295 1401 463 1432 dedissent.

233 1460 278 1465 —-
293 1447 344 1475 17.
367 1444 401 1474 δι’
419 1444 515 1495 ἒμοῧ].
530 1443 602 1474 dedi
625 1443 660 1474 δι’
681 1443 735 1484 ἐμὲ
757 1444 797 1474 de
819 1454 899 1474 meo.

190 1491 311 1525 propter
324 1497 379 1522 me,
395 1499 490 1518 meam
507 1488 536 1518 in
555 1487 691 1527 gratiam.

232 1547 276 1551 —
299 1533 350 1561 18.
373 1531 467 1572 αὐτοὶ]
497 1531 693 1562 Nicostratus
716 1534 747 1560 et
769 1531 900 1560 Arethu-

195 1571 269 1602 sius.

239 1617 331 1647 1255.
357 1620 387 1649 5.
422 1616 547 1658 εἰδότας]
586 1620 671 1646 recte
701 1616 832 1646 arbitror
861 1617 899 1646 ab

190 1658 271 1698 Aug.
289 1662 319 1689 1.
336 1661 455 1691 abesse.
480 1671 540 1699 quo
555 1660 687 1690 admisso
703 1660 766 1693 τοὺς
782 1667 899 1689 mutan-

187 1701 260 1731 dum
274 1703 334 1732 erit
346 1703 377 1733 in
392 1703 516 1736 τούτους.
539 1702 587 1732 hos
599 1704 671 1741 ipsos
681 1703 842 1741 producam
859 1703 899 1732 ud

188 1754 245 1781 vos,
261 1751 354 1782 testes,
366 1756 452 1785 penes
474 1755 542 1786 quos
565 1751 649 1784 operlz
667 1756 784 1784 corpore
799 1745 899 1775 danda

190 1798 251 1818 aera
280 1791 398 1825 meruit,
424 1790 528 1830 Ordo,
553 1793 582 1818 et
604 1789 706 1829 quibus
727 1790 796 1818 satis
817 1789 899 1819 dedit

188 1831 375 1867 Aratha-sius,
400 1839 456 1863 ant
477 1843 546 1874 qnos
561 1833 640 1871 jure
660 1838 826 1871 persecutus
846 1837 898 1868 est,

185 1883 242 1912 pro
259 1874 396 1905 Cerdone.

229 1935 274 1939 ——
289 1919 319 1948 6.
341 1917 387 1948 τόν
401 1917 429 1948 δὲ
444 1918 546 1961 Μάνην]
572 1922 642 1948 sunt
657 1917 787 1947 absoluti
810 1928 897 1947 accu-

191 1960 304 1995 sativi„
325 1962 497 2000 cujusmodi
527 1961 719 1990 accusativos
751 1971 896 2001 usurpare

188 2003 427 2034 Demosthenem
455 2004 604 2044 exemplis
625 2004 742 2042 aliquot
762 2006 824 2042 jam
846 2015 896 2034 su-

188 2055 243 2084 pra
259 2048 405 2077 constitit.
429 2047 503 2087 qnod
526 2052 623 2076 antem
646 2047 684 2076 ad
707 2046 828 2077 Manem
851 2053 895 2076 at-

185 2089 269 2119 tinet.
304 2090 380 2120 alias
406 2091 530 2120 deesset
554 2090 630 2123 δπως
653 2088 808 2125 ἐκτήσατο,
836 2090 896 2130 iga.

185 2131 334 2164 RIanetem
357 2139 455 2163 autem
479 2134 618 2174 quomodo
633 2139 736 2164 nactus
751 2135 798 2169 sit,
816 2144 896 2164 nunc

183 2175 290 2206 dicam.

231 2237 272 2243 —
289 2222 319 2250 8.
341 2218 426 2260 αὐτὸ]
451 2220 571 2250 correxi
594 2218 684 2259 αὐτῷ’.
707 2221 745 2255 ei,
767 2219 895 2250 Arethu-

186 2263 233 2294 sio
249 2267 331 2302 puta.

225 2324 270 2330 —-
284 2308 314 2337 9.
337 2305 469 2348 ἇςχαῖον]
493 2310 566 2346 post
580 2307 699 2348 ἇξχαῖον
713 2315 795 2345 pono
811 2316 894 2336 com-

1582 179 1665 222 267

950 292 1009 312 ma.
1032 287 1129 312 toturn
1152 283 1241 317 illud.
1263 290 1321 315 tam
1349 291 1441 326 caput
1465 286 1511 316 vel
1535 291 1661 323 sortem,

950 335 1038 363 quam
1069 336 1186 361 usuras,
1212 330 1382 358 reddiderit
1409 330 1437 358 in
1466 330 1522 358 hoe
1552 339 1658 369 puer0,

950 369 1094 398 tantidem
1107 370 1268 405 aestimato,
1278 376 1367 409 atque
1378 378 1537 411 utrumque
1547 373 1660 402 efficie-

949 411 1013 446 bat,
1029 422 1095 441 sors
1110 423 1175 441 cum
1195 415 1293 442 usuris
1307 421 1490 452 computata.

989 472 1031 476 ——
1049 458 1099 484 15.
1124 468 1137 484 η
1154 454 1225 495 &enoc
1239 455 1411 494 (mcGon-oe
1402 457 1474 497 ἐκθερ
1477 458 1552 498 521]
1576 458 1657 488 idem

946 502 993 526 est
1009 508 1044 526 ac
1060 499 1083 526 si
1097 498 1247 528 dixisset:
1264 499 1278 529 ἦ
1294 499 1316 528 εἰ
1332 498 1442 537 μισθοῖ
1441 512 1486 529 ντο
1502 512 1534 529 το
1550 500 1656 540 ἐκθερί-

944 552 994 569 σαι
1009 539 1064 580 ὃὲι
1054 552 1081 574 ς
1099 553 1138 570 τι
1163 549 1211 570 aut
1234 543 1258 570 si
1287 542 1403 571 veniam
1429 545 1577 573 metendae
1600 534 1656 573 ali-

944 585 1030 620 cujus
1059 584 1174 620 seoetis
1197 590 1279 614 certa
1303 590 1391 624 pacta
1411 587 1551 614 mercede
1568 589 1655 616 rede-

944 627 1081 656 missent.
1105 629 1242 657 solebant
1265 638 1374 667 nempe
1399 627 1429 656 hi
1446 629 1551 657 rustici
1570 630 1653 659 servi

943 679 959 697 a
989 670 1150 699 fundorum
1179 671 1310 700 dominis
1340 675 1426 700 notas
1454 676 1574 709 segetes
1602 677 1655 701 aut

942 712 1059 742 fructus
1070 713 1237 750 hortorum,
1250 714 1417 750 vinearum,
1428 714 1653 744 olivetorumve

942 762 1024 785 certa
1041 758 1184 787 mercede
1201 757 1361 792 redimere,
1377 768 1412 786 ea
1435 758 1514 797 lege,
1538 762 1572 787 ut
1589 759 1652 787 fru-
1682 773 1687 779 -

941 803 1008 829 ctus
1039 801 1171 830 demessi
1201 801 1337 840 ipsorum
1368 807 1483 836 essent,
1513 801 1652 840 ipsisque

939 842 1047 872 liceret
1063 853 1119 881 pro
1136 844 1262 873 arbitrio
1279 855 1334 874 suo
1349 845 1495 874 vendere.

981 904 1025 909 —
1050 889 1102 919 25.
1135 887 1302 928 ἀνάγνωσις]
1341 887 1449 926 reliqui
1482 887 1650 925 vulgatam,

939 929 1118 959 existimans
1144 931 1222 959 inter
1245 936 1400 970 utramque
1422 931 1584 960 lectionem
1608 931 1651 961 nil

939 972 1095 1002 interesse.
1143 974 1308 1012 Colligitur
1321 984 1359 1003 ex
1377 974 1434 1003 hoc
1449 974 1529 1008 loco,
1543 974 1650 1013 plures

939 1016 1136 1045 consuevisse
1161 1016 1417 1056 interrogationes
1438 1017 1569 1055 partium
1587 1017 1650 1046 liti-

939 1058 1073 1104 gantium
1097 1059 1229 1095 institui,
1248 1066 1407 1098 antequam
1430 1060 1496 1089 dies
1518 1060 1650 1090 sorensis

937 1098 1015 1137 ipsis
1031 1100 1279 1131 constitueretur.

981 1144 1076 1172 1254.
1093 1144 1122 1171 6.
1140 1143 1202 1173 οὔτε
1217 1145 1286 1185 γὰρ]
1303 1145 1424 1175 correxi
1439 1145 1498 1175 οὐδὲ
1513 1147 1567 1185 γὰρ
1582 1157 1650 1177 mea

937 1191 1056 1221 sponte.
1073 1189 1178 1215 etenim
1193 1188 1328 1216 dominus
1341 1193 1369 1217 et
1381 1189 1491 1218 arbiter
1506 1190 1650 1228 quaesz'tio-

936 1229 982 1256 uis
994 1238 1049 1266 per
1065 1234 1206 1259 tormenta
1227 1241 1285 1259 nnn
1300 1240 1390 1260 eram.
1414 1237 1446 1260 et
1469 1234 1560 1261 verba
1584 1233 1648 1262 liaec

936 1270 994 1300 οὐδὲ
1010 1273 1061 1304 τῆς
1075 1270 1197 1303 §ao-mv
1211 1272 1296 1314 κύριος
1313 1271 1342 1304 ἓν
1366 1275 1582 1312 parentheseos
1606 1276 1648 1306 si-

937 1314 1004 1352 gnis
1018 1315 1140 1345 inclusi.

977 1375 1020 1380 —
1034 1360 1065 1388 ¹7.
1089 1358 1151 1388 οὔτε
1167 1361 1262 1394 καλῶς
1276 1358 1368 1402 ἔχειν]
1385 1360 1516 1391 subaudi
1532 1372 1549 1391 a
1565 1372 1649 1392 com-

935 1401 1018 1430 muni
1034 1401 1165 1441 ηγούμην.

978 1462 1019 1466 -
1033 1444 1109 1474 ibid.
1126 1444 1159 1474 τὸ
1174 1444 1334 1486 λεγόμενον]
1352 1446 1422 1476 dedi
1437 1448 1478 1476 ταὶ
1495 1447 1646 1487 λεγὸμενι.

933 1492 1005 1526 post
1026 1486 1079 1517 ὑπὸ
1105 1491 1161 1518 τῶν
1182 1487 1334 1528 ἀνθρώπων
1356 1500 1388 1519 v.
1405 1493 1435 1520 8.
1460 1490 1567 1520 addidi
1591 1490 1646 1532 ἐμὲ

933 1541 1030 1571 κρινειν.

975 1591 1018 1595 —-
1033 1575 1064 1604 8.
1088 1573 1210 1613 ἡγούμην
1223 1575 1266 1612 μῆ
1282 1574 1310 1603 οὗ
1326 1576 1375 1605 τὴν
1391 1575 1496 1617 ἄλλην]
1521 1577 1644 1607 correxi

934 1615 1055 1655 ἡγούμην
1069 1616 1097 1646 δὲ
1114 1618 1166 1647 δεῖν
1180 1618 1229 1647 τὴν
1242 1617 1341 1658 ἀρχήν.
1366 1618 1413 1647 sed
1435 1621 1644 1655 existimabam,

932 1660 1020 1689 illum
1045 1659 1221 1695 archontem,
1246 1662 1286 1689 ad
1311 1662 1396 1700 cnjus
1423 1662 1556 1693 tribunat
1586 1663 1646 1694 haec

932 1712 1020 1732 causa
1031 1704 1203 1741 pertineret,
1221 1707 1275 1732 aut
1289 1703 1409 1733 delectos
1425 1715 1443 1733 a
1457 1712 1571 1736 senatu.

977 1762 1018 1768 »-
1036 1748 1065 1776 9.
1082 1745 1264 1786 γράφεσθαι]
1282 1746 1372 1775 literis
1387 1758 1405 1776 α
1419 1748 1513 1777 scriba
1527 1749 1644 1787 publico

933 1790 1098 1829 consignari
1112 1795 1139 1819 et
1154 1791 1185 1819 in
1200 1795 1265 1819 acta
1281 1790 1402 1828 publica
1417 1791 1522 1832 referri
1537 1802 1644 1823 curare

932 1832 1042 1862 debere.

974 1893 1016 1898 —-
1039 1885 1108 1914 pen.
1132 1877 1186 1904 τῶν
1210 1874 1364 1915 ὑμετέρων]
1388 1876 1537 1916 mancipia
1562 1878 1642 1908 enim

931 1917 1088 1947 Arethusii
1119 1923 1205 1947 erant
1234 1920 1403 1949 confiscata.
1441 1920 1496 1949 sed
1518 1921 1642 1959 judices

931 1961 1038 1999 populi
1055 1971 1212 1999 personam
1230 1962 1387 1999 gerebant.

975 2006 1069 2035 1955.
1088 2007 1118 2035 9.
1142 2005 1154 2034 ἦ
1175 2004 1297 2045 ἀδελφὴ]
1322 2005 1373 2034 alii
1397 2005 1417 2034 οἳ
1434 2004 1561 2045 ἀδελφοί.
1584 2007 1641 2036 du-

931 2047 1026 2081 bium,
1040 2052 1138 2077 utrum
1156 2047 1279 2077 rectius.

973 2108 1016 2113 —
1032 2094 1084 2120 11.
1107 2093 1147 2121 τὲ
1163 2090 1266 2120 τούτων
1286 2090 1391 2130 αὐτῶν]
1415 2101 1448 2120 ea
1471 2091 1552 2127 bona,
1578 2103 1639 2133 (μισ.

929 2134 1055 2172 ipsorum
1067 2135 1199 2173 propria,
1214 2144 1270 2162 non
1283 2134 1453 2168 Arethusii,
1472 2141 1570 2164 essent.
1594 2136 1641 2165 vi-

930 2178 1040 2206 dentur
1059 2188 1096 2206 ex
1115 2178 1172 2207 hoc
1188 2178 1258 2206 loco
1273 2177 1380 2206 fratres
1396 2177 1567 2214 Arethusii,
1582 2179 1640 2208 Ni-

929 2225 1081 2250 costratus
1107 2225 1139 2250 et
1168 2219 1283 2255 Dinon,
1313 2220 1452 2249 advocati
1481 2221 1638 2251 Arethusii

930 2263 1035 2298 fuisse,
1057 2274 1120 2298 eos,
1138 2269 1241 2293 contra
1264 2273 1341 2302 quos
1362 2263 1412 2292 hic
1428 2264 1638 2303 Apollodorus

929 2312 1054 2346 pugnat.

434 2493 519 2535 AD
553 2494 921 2536 ORATIONEM
955 2495 1020 2536 IN
1053 2494 1378 2537 CONONEM.

225 2612 320 2641 Actor
329 2611 420 2651 hujus
431 2622 529 2641 causa>
539 2612 708 2642 estAristo.
718 2622 785 2651 v.p.
795 2613 888 2642 1266.

183 2656 236 2684 24.
258 2656 334 2684 Cum
353 2656 407 2684 hac
423 2655 557 2685 oratione
571 2655 719 2694 incipiunt
734 2655 763 2684 in
775 2654 891 2684 Codice

183 2697 361 2736 Augustano
402 2698 618 2728 Demosthenis
661 2698 814 2727 orationes
852 2697 890 2726 de

183 2741 284 2770 causis
303 2741 443 2779 privatis.
486 2741 733 2780 Superscriptum
750 2741 828 2770 enim
847 2740 891 2770 ibi

184 2783 230 2812 sio
245 2789 328 2813 erat:
345 2782 486 2814 ἷδιωτικοί.
499 2787 578 2814 κατὰ
589 2783 710 2817 Κόνωνος.
726 2784 892 2818 Praeterea,

183 2835 252 2855 cum
262 2827 388 2865 privata:
402 2828 619 2859 Demosthenis
629 2837 727 2856 causae
738 2826 890 2856 rarissime

186 2877 204 2896 a
219 2869 373 2899 veteribus
389 2870 564 2900 rhetoribus
581 2871 752 2905 laudentur,
769 2870 845 2904 haec,
859 2873 893 2898 ut

180 2908 215 2939 in
242 2911 372 2947 caeteris,
397 2923 463 2947 seu,
487 2913 707 2953 comparative,
735 2918 770 2942 ut.
800 2913 892 2952 vulgo

182 2958 346 2992 usurpant,
361 2955 500 2985 laudatur
516 2956 711 2987 creberrime.

232 2998 326 3027 1256.
352 3001 381 3027 1.
405 2997 604 3040 ὑβρισθεῖς-]
631 3000 713 3030 Citat
736 2999 766 3029 h.
781 2999 800 3029 1.
823 2997 893 3029 Ari-

926 2612 1020 2642 stides
1036 2622 1116 2652 τεχν.
1134 2622 1165 2650 p.
1181 2613 1254 2642 1⁶26.

967 2673 1010 2678 —-·
1034 2657 1064 2685 9.
1101 2656 1150 2688 τῖς
1176 2653 1274 2694 ῧζξεως
1298 2654 1436 2694 γραφαῖς]
1466 2652 1547 2683 Citat
1565 2653 1596 2682 h.
1613 2653 1634 2682 l.

926 2698 1078 2737 Harpocr.
1103 2709 1133 2727 v.
1157 2698 1260 2737 γραφή.
1282 2708 1406 2726 necesse
1430 2707 1549 2736 quoque
1576 2700 1632 2729 est,

926 2747 959 2771 ut
988 2741 1069 2771 idem
1096 2741 1126 2770 h.
1150 2741 1170 2770 1.
1200 2741 1228 2770 in
1261 2747 1360 2770 mente
1387 2740 1523 2769 habuerit
1548 2740 1576 2768 in
1602 2749 1633 2767 v.

925 2784 1035 2821 ἄπαγε,
1062 2783 1119 2814 nisi
1145 2784 1290 2814 memoria
1320 2794 1388 2813 eum
1421 2782 1575 2817 fefellerit,
1599 2785 1632 2809 ut

926 2828 1001 2857 banc
1016 2827 1181 2856 orationem
1199 2837 1253 2865 pro
1267 2826 1326 2856 alia
1341 2826 1458 2855 citaret.

967 2888 1011 2893 --
1026 2874 1078 2900 11.
1103 2870 1173 2910 υπὲς
1186 2872 1235 2900 τὴν
1250 2867 1366 2903 ἡλικίαν,
1381 2868 1410 2896 ἓν
1429 2867 1499 2907 ἔχων
1516 2864 1632 2895 ἐπεπόν-

926 2913 1000 2954 θειν]
1025 2914 1122 2952 probo
1142 2913 1302 2943 lectionem
1320 2909 1499 2949 Augustani,
1519 2909 1569 2947 qui
1586 2908 1631 2938 sic

927 2957 1077 2986 exhibet.-
1110 2955 1178 2994 ὑπὲρ
1204 2957 1252 2985 τὴν
1279 2952 1386 2983 ηλικίαν
1412 2951 1557 3004 [subaudi
1585 2954 1634 2981 τὴν

927 2998 1007 3039 ἒμῆν,
1023 3004 1075 3030 aut.
1089 3010 1137 3029 την
1152 3009 1194 3028 νυν
1206 2997 1269 3038 ἐμοὶ
1285 2995 1448 3036 σαρουσαν]
1466 2992 1500 3024 ὗν
1513 2994 1561 3035 [id
1574 2999 1632 3030 est,
