1931 3322
670 478 705 525 1.
735 477 770 526 Ι,
801 476 1064 525 REISKII

715 594 1020 634 ANNOTATA

843 709 888 728 ΛῘ)

550 789 1194 845 EPISTOLAS.

807 916 935 923 -.——

205 998 279 1028 462.
311 994 449 1026 Titulum
478 994 618 1034 epistolae
643 994 750 1033 primae
775 1004 855 1033 prae-

140 1039 295 1079 scriptum
305 1040 343 1069 ab
355 1038 445 1068 initio
462 1038 500 1067 ad
515 1048 547 1077 p.
565 1039 659 1069 1463.
675 1038 706 1068 5.
722 1036 855 1073 deduxi,

138 1088 172 1113 et
185 1093 263 1122 pone
279 1083 406 1114 verbum
421 1080 589 1113 ἐπιστέλλω
606 1080 769 1110 collocavi.

185 1144 228 1149 -
243 1128 275 1157 3.
293 1124 337 1167 δὲ]
354 1124 427 1155 dedi
443 1125 484 1155 δή.

188 1171 283 1200 1463.
298 1171 329 1199 4.
345 1165 488 1209 ἐπινοίας]
505 1167 627 1207 amliigo
644 1167 724 1197 inter
739 1163 858 1200 ἐπινοίας

143 1212 316 1252 vulgatum,
332 1217 362 1242 et
377 1210 534 1246 ἐπιπνοίας,
548 1210 758 1249 inspirationis.

186 1273 230 1279 —-
243 1256 295 1287 15.
315 1254 404 1296 ἔργον]
421 1254 573 1285 subaudi
563 1254 640 1292 υμῖν.
663 1252 786 1283 difficile
804 1262 858 1282 vo-

144 1299 193 1330 bis
207 1303 255 1329 est
268 1298 465 1338 acquiescere
478 1296 608 1328 consilio
621 1296 709 1327 vobis
725 1306 780 1335 per
793 1295 860 1336 epi-

144 1343 256 1373 stolam
272 1342 355 1377 dato,
370 1341 508 1380 illudque
524 1340 623 1380 sequi.

188 1404 230 1409 —-
241 1387 294 1415 21.
307 1384 355 1414 καὶ
367 1402 408 1408 —
419 1383 556 1426 εἰρῆσθαι]
574 1385 650 1413 bene
665 1383 779 1413 habent
790 1393 861 1413 ver-

145 1430 185 1459 ba
199 1427 247 1458 καὶ
256 1429 305 1459 σὺν
315 1427 392 1463 θεοῖς
401 1424 544 1468 tiezo-&aug
558 1426 687 1458 subaudi
700 1437 752 1465 μοι
763 1426 862 1456 ταῦτα

146 1471 302 1511 Βουλομαι,
321 1482 377 1511 pro
394 1471 475 1507 volo,
492 1471 575 1511 quod
593 1474 675 1505 sunt,
691 1469 862 1509 interjecta.

146 1515 210 1547 volo
224 1514 286 1552 hoc,
301 1515 377 1555 quod
391 1515 503 1551 dicam,
518 1514 574 1545 diis
583 1513 718 1553 propitiis
730 1512 802 1542 mihi
817 1513 863 1542 di-

147 1564 229 1588 ctum
238 1568 304 1589 esse.
320 1557 497 1598 praeferrem
511 1563 612 1589 tamen
623 1556 727 1596 utique
738 1554 864 1597 εἰρησθω,

147 1602 174 1632 si
191 1602 317 1632 codices
333 1602 363 1632 id
380 1601 498 1631 darent.

194 1646 289 1676 1464.
302 1647 353 1675 10.
368 1643 457 1684 μηδὲν
469 1642 552 1684 μηδ’]
569 1645 642 1675 dedi
658 1643 753 1685 μηδὲ
748 1642 773 1674 ἐν
783 1641 854 1683 μηδ’
856 1664 865 1673 .

147 1698 218 1718 nam
231 1698 290 1718 ‘non
306 1688 382 1718 idem
396 1698 492 1718 omnes
513 1697 612 1728 agere,
627 1698 729 1729 neque,
748 1688 772 1717 si
793 1686 865 1726 quid

148 1731 247 1773 agitis,
262 1731 294 1761 id
309 1729 464 1771 bonafide,
475 1732 536 1761 sine
549 1731 614 1761 cloio
628 1732 715 1768 malo,
728 1739 828 1772 agere.

192 1792 236 1798 -
252 1776 306 1805 17.
329 1773 408 1814 μήτε
422 1777 477 1804 τῶν
497 1776 554 1805 τῶν
562 1775 621 1817 -]
639 1779 692 1805 aut
710 1773 866 1815 probanda

151 1821 201 1848 est
215 1817 324 1848 Wolfii
339 1818 534 1856 conjectura·
552 1818 646 1871 mirre„
643 1820 699 1848 τῶν
713 1816 740 1848 ἐν
755 1817 865 1858 ἑκάστῃ

151 1862 206 1890 τῶν
221 1859 326 1890 πόλεων
340 1859 584 1901 συνηγωνισμένων
597 1862 657 1896 τοῖς
674 1849 867 1891 καθεστηκόσι

150 1902 259 1942 μηδενί.
282 1908 333 1933 aut
355 1904 471 1934 minore
497 1910 583 1934 motu
607 1915 665 1944 pro
687 1906 742 1934 τῶν
764 1903 868 1943 priore

153 1948 215 1985 leg.
233 1951 278 1976 est
294 1957 335 1985 τῳ
351 1946 505 1983 enclitice,
530 1948 561 1977 h.
577 1957 606 1976 e.
628 1947 693 1983 τινὶ,
717 1946 821 1982 alicui,
839 1951 869 1976 et

152 1988 178 2019 ἒν
193 1989 303 2032 ἑκάστῃ
314 1999 383 2019 eum
395 1990 525 2027 Wolfio,
538 1995 569 2020 et
584 1994 647 2020 tum
661 1988 870 2029 συνηγωνισμέ·

153 2044 186 2071 νῳ
202 2033 232 2062 in
243 2033 360 2068 dativo,
375 2043 444 2063 cum
457 2033 512 2063 illo
530 2033 627 2064 altero
643 2033 749 2063 dativo
765 2044 807 2072 τῳ
819 2043 870 2063 co-

154 2076 297 2106 haerente.
325 2077 389 2112 Pro
402 2075 601 2108 καθεστηκόσι
617 2077 719 2107 malim
735 2086 868 2107 συνεστη-

151 2118 226 2149 κόσι.
251 2119 282 2149 in
298 2129 410 2158 genere
421 2119 601 2150 masculino.
616 2130 707 2158 neque
720 2121 871 2160 cuiquam,

151 2164 203 2203 qui
218 2163 250 2192 in
263 2171 317 2192 sua
334 2173 447 2202 quaque
461 2163 579 2194 civitate
587 2168 755 2204 praesentem
770 2172 871 2192 rerum

153 2212 264 2236 statum
279 2206 375 2236 tuitus
384 2207 421 2235 sit
431 2223 484 2236 --.

199 2267 243 2272 --
259 2250 312 2279 90.
334 2249 400 2283 τοὺς
414 2247 577 2284 συνειδότας
588 2248 645 2290 —]
664 2248 789 2279 videtur
805 2249 873 2278 vul-

156 2299 228 2331 gata
244 2291 350 2330 lecti0,
366 2297 419 2322 aut
437 2294 515 2322 bona
534 2302 616 2328 esse,
634 2297 686 2323 aut
704 2291 802 2322 saltim
820 2292 874 2322 de·

156 2335 239 2366 fendi
251 2345 355 2375 posse,
371 2336 410 2365 ad
422 2335 498 2366 hanc
515 2336 696 2366 sententiam
710 2347 717 2365 ε
736 2335 810 2371 illos,
822 2336 874 2376 qui

155 2379 263 2410 conscii
276 2379 330 2409 sibi
348 2385 428 2415 sunt,
451 2378 536 2428 quod.
542 2378 733 2421 manifestum
747 2378 873 2409 habeam

155 2422 334 2462 periculum,
350 2427 385 2452 ut
397 2423 549 2452 necessarii
560 2431 673 2462 consum
675 2427 801 2453 ator-um
822 2422 874 2452 Sic

158 2466 195 2495 ad
214 2465 362 2495 verbum:
386 2476 451 2500 τους
469 2464 626 2500 συνειδότας
652 2467 749 2500 αὑτοῖς
772 2464 873 2507 ἔχουσι

157 2507 269 2540 κίνδυνον
297 2507 366 2549 (ubi
390 2506 490 2550 ’έχουσι
519 2512 568 2538 est
594 2509 718 2539 dativus
745 2509 874 2549 pluralis

157 2550 317 2592 participii
338 2550 518 2592 praesentis)
538 2551 618 2582 idem
640 2556 688 2582 est
704 2556 795 2591 atque
811 2563 876 2586 τους

159 2593 321 2629 συνειδότας
343 2594 451 2631 αὐτοῖς,
477 2593 521 2624 ὃτι
545 2593 644 2635 ἔχουσι
669 2593 780 2625 κίνδυναν
807 2595 875 2636 (ubi

160 2637 261 2680 ἔχουσι
284 2642 333 2668 est
354 2638 446 2668 tertia
454 2638 597 2691 “pluralis
614 2638 773 2668 indicativi
797 2649 874 2679 prae-

161 2680 305 2722 sentis)
291 2694 328 2717 ως
342 2680 489 2720 ἀναγκαιοι
502 2683 556 2711 τῶν
568 2680 788 2712 συνεστηκότων.
814 2683 876 2727 Ap—

161 2725 256 2764 pellat
271 2730 371 2755 autem
387 2726 428 2755 τὰ
442 2723 652 2755 καθεστήκοτα
668 2730 778 2754 statum
792 2716 877 2755 Grae·

163 2767 231 2804 cia,
251 2769 302 2807 qui
324 2773 388 2798 tum
412 2772 489 2804 erat,
514 2769 572 2798 sub
598 2768 767 2798 Alexandri
786 2770 832 2798 M.
847 2773 878 2798 et

164 2811 318 2850 Antipatri
333 2811 600 2850 Macedonumque
623 2811 809 2851 reliquorum
825 2811 879 2841 do-

163 2853 290 2889 minatu,
305 2853 479 2885 libertatem
496 2855 627 2885 Graeoiae
649 2855 800 2885 servitute
823 2865 879 2894 op-

164 2906 302 2936 pressam
318 2898 496 2928 teneutium.
540 2898 608 2929 Jam
630 2898 787 2928 exstincto
809 2898 880 2928 Ale-

168 2939 296 2976 xandro,
320 2945 372 2971 aut
398 2943 455 2972 sub
479 2945 617 2972 extrema
641 2942 708 2981 ejus
730 2946 881 2981 tempora,

167 2981 268 3012 Graeci
282 2982 453 3014 libertatem
476 2995 581 3014 rursus
596 2985 792 3015 affectabant.
816 2984 880 3024 qui-

168 3027 225 3055 bus
234 3031 340 3056 auctor
350 3031 382 3057 et
392 3028 630 3065 Demosthenes,
638 3033 670 3059 ut
681 3028 710 3059 in
720 3028 882 3065 nemiuem,

214 3077 231 3097 V
237 3077 290 3100 01..
310 3078 336 3099 V.

889 992 942 1032 qui
969 991 1173 1022 Macedonum
1200 991 1360 1022 studiosus
1388 991 1508 1026 fuisset,
1534 990 1604 1020 ideo

889 1035 990 1066 animo
1008 1035 1069 1064 sint
1085 1035 1208 1064 infesto.
1244 1035 1314 1065 Hos
1325 1035 1440 1065 amicos
1456 1035 1605 1065 Macedo-

890 1089 960 1109 num
995 1078 1131 1118 appellat
1167 1078 1232 1113 τοὺς
1265 1077 1485 1112 συνεστηκότας.
1523 1083 1554 1108 et
1584 1077 1606 1105 οῖ

890 1123 1038 1160 ἀναγκαῖοι
1067 1123 1123 1150 τῶν
1152 1122 1362 1152 συνεστηκότων
1391 1127 1462 1152 sunt
1489 1120 1523 1155 ii,
1554 1120 1608 1160 qui

892 1176 961 1196 cum
976 1164 1081 1195 amicis
1101 1165 1306 1195 Macedonum
1321 1176 1443 1196 causam
1460 1165 1607 1195 fecissent

892 1219 1094 1244 communem,
1116 1218 1185 1238 cum
1211 1207 1332 1248 illisque
1355 1208 1455 1247 juncti
1479 1207 1609 1237 fuissent

894 1251 1026 1282 vinculis
1058 1250 1296 1282 necessitudinis
1324 1251 1607 1282 indissolubilibus.

894 1295 1052 1326 Sententia
1075 1295 1173 1335 igitur
1197 1295 1258 1325 erit
1280 1296 1364 1325 haeez
1389 1300 1497 1325 auctor
1520 1293 1609 1324 vobis

895 1339 963 1375 sim,
982 1343 1015 1369 ut
1030 1337 1130 1368 animo
1150 1348 1223 1378 erga
1240 1338 1391 1369 neminem
1414 1337 1482 1368 sitis
1497 1337 1609 1368 acerbo

895 1393 1014 1419 eorum,
1033 1383 1059 1412 si
1075 1382 1126 1421 qui
1143 1392 1212 1412 cum
1230 1382 1454 1412 Macedonibus
1473 1381 1612 1411 fecerint.

897 1425 958 1464 Qui
973 1427 1051 1456 euim
1065 1424 1179 1455 conscii
1197 1425 1256 1456 sibi
1274 1426 1345 1461 siut,
1362 1436 1407 1461 se,
1424 1430 1456 1455 ut
1470 1434 1612 1454 necessa-

895 1470 959 1500 rios
981 1474 1012 1499 et
1036 1468 1203 1499 familiares
1225 1469 1367 1499 scelerati
1386 1468 1532 1503 sodalitii,
1548 1476 1612 1497 ma-

897 1513 1040 1543 nifestum
1072 1512 1103 1542 in
1134 1512 1300 1542 discrimen
1335 1512 1525 1547 incursuros,
1558 1521 1613 1540 eos

898 1560 996 1586 metus
1026 1556 1079 1586 ille
1105 1556 1142 1585 ad
1172 1556 1416 1595 conjunctionem
1443 1555 1614 1584 animorum

899 1600 1002 1638 adiget
1023 1604 1105 1629 tanto
1133 1598 1307 1635 arctiorem,
1331 1599 1526 1637 studiumque
1551 1596 1614 1627 illis

899 1643 991 1673 addet
1001 1646 1090 1682 atque
1101 1643 1325 1672 contentionem
1338 1647 1423 1672 tanto
1435 1641 1614 1671 alacriorem

899 1691 1002 1727 partes
1019 1696 1090 1715 suas
1106 1685 1206 1715 modis
1222 1686 1362 1716 omnibus
1380 1685 1498 1715 tuendi.

945 1731 1038 1760 1465.
1056 1731 1086 1760 6.
1108 1726 1242 1771 νομίζειν]
1266 1733 1336 1770 post
1356 1727 1475 1768 νομίζειν
1493 1726 1617 1758 videtur

900 1772 946 1803 ἔτι
961 1773 1084 1803 deesse.

943 1834 986 1839 -—
1001 1818 1053 1847 15.
1076 1813 1198 1857 αἰτίους]
1231 1815 1337 1853 addidi
1360 1814 1484 1855 quidem
1510 1814 1575 1847 τοὺς
1601 1823 1618 1842 e

902 1860 979 1890 Bav.
1000 1864 1070 1889 ante
1091 1857 1209 1895 αἰτίους,
1233 1869 1339 1889 verum
1364 1869 1403 1888 ne
1424 1858 1468 1888 sic
1495 1857 1619 1897 quidem

901 1907 1085 1942 persanatus
1096 1908 1144 1933 est
1156 1903 1206 1932 hic
1220 1903 1318 1937 locus,
1333 1912 1422 1940 quem
1440 1901 1486 1930 sic
1498 1901 1620 1930 videtur

903 1946 1128 1976 Demosthenes
1146 1945 1329 1985 reliquisse·
1355 1944 1369 1976 ἢ
1389 1944 1492 1986 κομιδῇ
1512 1943 1620 1981 ὀλίγους

902 1991 981 2024 τινὰς
996 1989 1028 2018 ἂν
1047 1989 1148 2024 αὐτους
1167 2000 1233 2022 ’τους
1255 1988 1362 2022 αἰτίους
1384 1978 1620 2026 καταλειφθῆναι.

903 2038 958 2062 aut
968 2033 1072 2071 oppido
1087 2042 1192 2071 paucos
1206 2032 1341 2073 quosdam
1353 2031 1491 2062 relictum
1509 2031 1550 2060 iri
1561 2031 1621 2060 cri—

906 2076 1062 2106 minationi
1078 2076 1218 2105 obnoxios.

947 2137 991 2142 —
1009 2121 1060 2149 17.
1086 2118 1133 2148 καὶ
1155 2120 1209 2148 τῶν
1225 2115 1293 2147 ἰδίων
1308 2115 1474 2157 μέμνησθε]
1498 2115 1600 2146 malim
1615 2127 1620 2144 :

905 2161 951 2191 καὶ
965 2164 1020 2192 τῶν
1034 2160 1105 2192 ἰδίων
1120 2161 1148 2191 οὐ
1163 2162 1229 2202 (vel
1247 2160 1308 2202 μὴ)
1321 2159 1490 2201 μέμνησθε.
1513 2165 1541 2190 et
1560 2160 1624 2198 pri-

906 2209 979 2235 vatae
993 2207 1017 2236 si
1031 2216 1095 2246 quae
1109 2215 1168 2235 suae
1183 2206 1289 2244 cuique
1299 2203 1530 2246 oblataefuerint
1541 2204 1624 2243 inju-

905 2250 970 2284 riae,
986 2259 1033 2279 eas
1046 2248 1184 2279 oblivioni
1199 2249 1278 2278 date.

949 2309 992 2315 --
1005 2294 1058 2324 25.
1074 2291 1197 2332 πρῶτον]
1222 2290 1296 2321 dedi
1310 2292 1439 2340 πρῶτος.
1456 2288 1601 2320 videtur
1592 2299 1623 2318 m

906 2334 997 2365 libris
1020 2336 1136 2375 duplex
1159 2335 1255 2366 fuisse
1271 2334 1406 2369 lectio,
1399 2345 1428 2364 in
1453 2332 1521 2363 aliis
1544 2333 1623 2367 haee,

907 2381 1017 2419 veih-oc
1043 2385 1128 2419 puta,
1151 2378 1180 2407 in
1204 2377 1405 2413 nominativo,
1429 2377 1459 2406 in
1484 2374 1577 2406 aliis’
1568 2374 1622 2415 εμὲ

907 2424 1024 2463 πρῶτον,
1040 2423 1069 2452 in
1085 2422 1273 2456 accusativo,
1285 2421 1384 2451 unde'
1377 2426 1463 2450 lstaec
1475 2420 1565 2449 nobis
1578 2423 1625 2448 est

907 2466 1028 2505 reliqua
1050 2466 1141 2502 faeta,
1165 2465 1236 2495 dum
1258 2464 1392 2504 perisset
1411 2462 1466 2504 ἐμὲ
1483 2473 1626 2493 neeessa-

908 2509 999 2539 rium.

953 2554 1049 2583 1466.
1071 2555 1123 2582 11.
1148 2549 1260 2593 ἐκείνου]
1286 2554 1358 2590 post
1381 2549 1480 2580 ἐκείνου
1504 2550 1626 2580 videtur

910 2594 968 2631 ὅτε,
983 2596 1032 2625 vel
1051 2595 1151 2625 simile
1168 2595 1254 2634 quid,
1268 2595 1388 2625 deesse.
1414 2594 1503 2624 Nunc
1518 2594 1627 2634 igitur,

911 2648 942 2668 eo
956 2639 1080 2673 sublato,
1095 2648 1161 2668 cum
1166 2637 1300 2679 fortuna
1315 2643 1439 2678 φωναὶ,
1456 2637 1627 2678 quibuscum

911 2683 943 2711 in
956 2687 1031 2721 post(
1034 2692 1049 2710 ν
1053 2692 1100 2710 um
1117 2687 1170 2711 stct
1184 2682 1272 2722 (quos
1289 2691 1333 2711 vos
1346 2691 1401 2712 esse
1416 2680 1559 2720 opor-let),
1572 2679 1626 2708 dn-

911 2735 1007 2765 cesque
1021 2725 1200 2755 constituite.

958 2769 1051 2798 1467.
1065 2770 1095 2798 6.
1111 2766 1414 2808 καταψηφιζομένους]
1429 2764 1556 2796 distinxi
1569 2774 1630 2792 nie·

913 2810 975 2841 lius
991 2811 1047 2846 sic,
1064 2816 1097 2842 ut
1118 2816 1188 2860 post
1203 2809 1491 2850 καταψηφιζομὲνους
1512 2817 1629 2837 comma

914 2865 1074 2894 ponerem,
1090 2854 1225 2894 positum
1246 2858 1316 2893 post
1333 2854 1466 2883 ἁπάντων
1481 2851 1630 2884 delerem,

915 2898 992 2928 ubi
984 2909 1013 2928 in
1030 2898 1084 2928 illo
1099 2898 1202 2937 priore
1220 2897 1402 2927 subauditur
1423 2894 1505 2933 ἐμοῦ
1525 2893 1555 2922 in
1572 2894 1629 2922 lioo

916 2941 1084 2981 posteriore
1100 2944 1155 2971 τῶν
1175 2941 1231 2979 ὺμε
1235 2940 1318 2980 *rigam
1335 2940 1428 2968 καλᾶν
1448 2950 1497 2967 και
1515 2936 1631 2965 δικαίων.

915 2994 961 3014 vos
983 2986 1082 3015 vestris
1100 2985 1226 3023 7ιιιίὁιιε
1249 2989 1334 3022 atque
1358 2981 1505 3011 decoribus
1528 2985 1632 3009 tosmet

916 3029 989 3066 ipsos
1014 3038 1140 3064 exsuere,
1155 3036 1243 3067 euque
1266 3025 1448 3065 rapientibus
1468 3023 1632 3060 concedere,

918 3074 937 3101 2
956 3082 974 3104 Q
