1997 3323
1 3207 3 3238 3
16 3176 30 3247 ll

4 3269 33 3323 Ll-

390 203 447 244 92
769 199 805 241 Ι.
831 200 864 242 Ι.
889 199 1117 242 REISKE
1152 199 1481 242 ANNOTATA

387 317 478 337 ruens
511 306 540 336 in
567 307 701 343 hostem,
732 312 876 347 protensa
901 314 931 338 et
956 313 1099 346 porrecta

385 351 533 380 adversus
570 350 757 390 Philippum,
791 361 972 391 procurrens
1010 356 1098 381 extra

384 393 481 422 aciem
498 394 595 432 quasi,
613 400 704 434 atque
730 395 828 424 solum
845 405 877 424 se
893 394 919 424 ei
937 394 1097 434 objicienti,

386 441 418 465 ut
442 437 671 476 antesignanuS,
697 443 750 467 ant
778 444 810 468 ut
839 442 959 467 auteres
986 438 1096 476 parieti

386 481 540 518 objectus,
563 485 611 510 aut
630 486 662 510 ut
683 481 778 510 moles
798 481 884 520 ponti
900 482 1034 519 objecta,
1058 481 1095 510 ad

385 523 534 553 undarum
553 523 611 553 vim
629 525 834 558 frangendam.

428 584 470 588 —--
485 568 537 597 19.
553 566 631 608 εῖχε]
651 578 717 596 cum
735 567 787 596 alii
801 568 907 596 darent
924 565 997 607 ἔχει,
1015 566 1096 605 coepi

386 609 424 638 de
445 609 521 650 ἔχειν
546 611 708 649 suspicari,
733 610 825 649 idque
853 611 892 639 de
915 620 983 640 ineo
1006 620 1094 640 sensu

384 654 517 690 praetuli.
563 654 759 683 Constructio
775 654 838 682 lia²c
856 658 920 682 est:
947 653 1025 689 Quae
1041 653 1096 683 ΙΕ-

383 696 504 726 sebines
528 697 565 725 ad
585 707 639 726 vos
664 697 862 731 renunciavit,
881 696 907 725 si
934 697 1036 725 omnia
1058 697 1096 725 ab

383 744 497 769 eventu
513 741 690 769 confirmata
711 744 791 773 sunt,
813 738 958 778 νομίσητε,
971 739 1095 768 arbitra-

383 781 470 818 mini,
483 788 533 812 aut
550 783 641 812 velim
660 793 714 812 vos
731 793 785 821 pro
802 782 894 811 certis
906 782 1017 811 habere
1029 781 1095 812 fiaec

383 825 514 861 dumne?
527 825 602 866 ἔχειν
616 829 711 859 καλῶς
727 827 765 855 τὰ
781 823 983 864 πεπξοιγμὲνοι,
999 829 1030 854 et
1047 836 1095 855 res

383 873 487 906 gestas
504 870 582 898 bene
605 870 716 898 habere
741 868 787 909 [id
805 874 851 897 est
869 872 936 896 acta
952 868 989 896 ab
1006 877 1042 896 eo
1066 868 1095 898 in

381 911 547 951 legatione,
574 916 604 942 et
630 912 824 951 postmodum
849 910 886 939 ad
908 920 963 939 vos
987 920 1096 940 renun-

383 955 474 996 tiata]
493 955 563 994 quia
578 965 595 984 a
611 955 740 985 veritate
756 958 884 984 eventus
900 954 1097 991 comprobata

384 999 518 1033 suntme}
527 997 559 1027 τὸ
567 998 750 1037 συμφ.,είὶιι
762 996 807 1026 his
816 996 893 1025 actis
905 1001 995 1035 atque
1004 1007 1096 1026 even-

386 1041 426 1070 tis
440 1041 517 1080 reip.
531 1042 688 1070 commoda
701 1045 730 1069 et
747 1041 858 1069 decora
871 1045 961 1069 aucta
974 1050 1054 1069 esse.

428 1085 501 1114 350.
520 1087 550 1114 52.
576 1086 631 1116 τὰς
648 1083 757 1124 αἰτίοις]
788 1084 913 1122 majora,
935 1083 1096 1118 atrociora,

383 1127 554 1156 enormiora
570 1126 705 1160 crimina,
723 1137 810 1165 quam
829 1131 978 1156 uteorum
997 1126 1096 1165 suspi-

383 1170 504 1199 cionem
521 1169 622 1208 capiat
639 1170 685 1200 vir
707 1169 772 1210 (vel
798 1180 886 1208 quarn
904 1180 970 1208 quae
987 1170 1097 1199 cadant

381 1213 412 1241 in
435 1213 543 1248 virum,
561 1223 648 1251 quam
669 1223 738 1252 quae
761 1217 924 1252 sperentur
942 1213 1096 1251 proficisci

382 1255 521 1294 potuisse
544 1256 581 1286 ab
598 1267 633 1285 eo
649 1255 747 1293 viro,)
773 1256 825 1295 qui
850 1262 908 1285 tam
930 1256 981 1291 sit,
1005 1261 1096 1295 atque

384 1299 490 1329 AEsch.
528 1305 585 1334 est,
618 1299 763 1338 ignobilis
794 1305 884 1338 atque
915 1304 1097 1329 contemtus.

383 1342 584 1372 Marcellinus
607 1344 642 1372 ad
663 1344 813 1382 Hermog.
836 1353 866 1381 p.
889 1345 961 1372 140.
982 1344 1034 1373 37.
1058 1343 1100 1372 δεῖ

382 1384 406 1415 δ’
421 1384 465 1415 ἀεὶ
482 1387 615 1421 σκοπεῖν,
636 1387 678 1425 μὴ
693 1384 789 1425 μεῖζόν
803 1384 867 1415 ἐστι
881 1387 930 1415 τοῦ
949 1385 1098 1425 προσ-ὤνιοι)

382 1426 415 1457 τὸ
430 1427 630 1469 ἐπιφερόμενον
646 1428 794 1467 ἔγκλημα.
808 1427 850 1458 ἵνα
869 1431 912 1468 μὴ
932 1427 1071 1462 ἀπίθανος
1085 1428 1097 1458 0‘

382 1470 464 1509 λόγος
491 1471 617 1509 γένηται.
644 1472 689 1502 διὰ
718 1473 803 1502 τοῦτο
832 1472 880 1502 καὶ
911 1470 1099 1510 Δημοσθένης

381 1517 567 1562 συνξωξᾱκὼε,
584 1514 628 1544 ὅτι
644 1527 677 1544 ’ΤΟ
692 1517 771 1544 κατὰ
786 1526 851 1550 Τθυς
866 1524 979 1547 <Dant-229
994 1514 1097 1552 ἔγκλη-

378 1570 427 1595 μοι
439 1556 557 1597 μεῖζον“
544 1569 572 1588 ην
586 1557 733 1599 Αἰσχίνου,
747 1557 910 1597 προσέθηκεν
921 1557 1012 1598 [350.
1026 1560 1078 1588 16.
1067 1558 1095 1608 ]

380 1600 435 1641 οἰχ
451 1601 485 1634 ὡς
503 1599 545 1631 δ’δε
563 1600 675 1636 Φωκέας
694 1602 839 1631 ἀπώλεσεν
854 1612 886 1631 αν
909 1599 972 1631 καθ’
990 1599 1096 1631 ἑαυτον.

380 1643 517 1683 φοβηθεὶς
538 1647 593 1684 γὰρ
616 1646 664 1675 τοῦ
683 1643 868 1683 ἔγκλημοιτος
890 1644 923 1673 τὸ
947 1643 1096 1679 ἀπίθανον,

382 1686 524 1726 συνὲζευξε
540 1687 572 1716 τὸ
589 1687 705 1727 ἀξίωμα
728 1689 778 1721 τῆς
799 1687 916 1721 πόλεως.
962 1687 1013 1716 Sic
1029 1697 1096 1716 cor-

382 1730 451 1759 rexi
473 1731 510 1759 de
530 1741 599 1760 meo
621 1741 710 1760 sensu
734 1734 888 1770 postrema
909 1731 998 1769 hujus
1021 1730 1095 1767 loci,

383 1783 451 1811 quae
468 1773 497 1802 in
514 1774 627 1803 Aldina
637 1774 782 1803 mendosa
800 1773 951 1811 leguntur.

424 1833 467 1838 -——
483 1818 514 1846 5.
539 1815 591 1846 εἶθ’
610 1813 688 1850 οὗτος
710 1816 799 1857 εἴπερ]
830 1817 923 1846 Haud
954 1817 1094 1855 equidem

381 1869 546 1898 repugnem
562 1860 818 1890 contendentibus
833 1859 908 1900 εἷ’ντες
926 1860 1095 1889 tollendum

382 1912 459 1931 esse.
483 1902 601 1939 fecerit,
624 1904 675 1942 qui
704 1903 798 1938 volet,
825 1914 879 1943 per
906 1913 954 1932 me
977 1902 1094 1933 licebit.

381 1945 435 1974 Sat
451 1955 575 1982 gravem
599 1952 697 1975 tamen
722 1956 844 1975 causam
866 1946 978 1975 nullam
994 1956 1095 1975 cerno.

380 1993 559 2018 caussantur
574 1988 596 2017 εἶ
613 1989 817 2028 praecessisse.
844 1988 895 2018 Sic
913 1989 970 2018 lioc
986 1999 1095 2027 super-

381 2042 546 2061 vacaneum
564 2032 638 2067 fieri,
655 2032 742 2071 quasi
757 2042 815 2061 non
832 2031 953 2061 Tullius
975 2042 1095 2070 quoque

382 2075 446 2112 pari
463 2076 554 2104 modo
569 2076 591 2104 si
605 2074 742 2104 iteraret.
787 2074 893 2104 Eodem
910 2076 941 2104 in
954 2075 1054 2114 gradu
1071 2076 1096 2104 εἰ

381 2127 464 2157 quem
475 2127 520 2147 vos
533 2118 739 2148 collocaveritis
747 2135 790 2140 -
799 2119 821 2147 z's
831 2118 962 2147 animum
971 2118 995 2147 si
1004 2118 1095 2147 indu.-

381 2161 456 2189 oeerit
471 2178 517 2190 -.
536 2161 652 2199 Ecquis
664 2166 721 2197 est,
735 2161 787 2199 qui
803 2161 879 2189 hanc
898 2161 1094 2191 Latinitatem

380 2203 502 2241 culpet?
528 2205 614 2242 cujus
638 2205 781 2242 exempla
799 2208 985 2233 sexcentena
1001 2213 1095 2242 penes

380 2246 513 2275 Tullium
530 2251 688 2285 prostant3
706 2257 885 2286 quamquam
903 2247 1022 2286 planius
1036 2246 1095 2276 uti-

380 2299 439 2327 que
457 2290 502 2318 sic
517 2290 658 2319 dicatur:
683 2291 800 2331 Eodem
818 2290 848 2319 in
866 2290 959 2327 gradu
978 2300 994 2319 a
1007 2289 1094 2319 vobis

379 2332 608 2362 collocatus—
624 2332 650 2363 si
672 2333 740 2372 quis
767 2332 898 2362 animum
925 2333 1095 2362 induxerit.

379 2372 457 2409 οὗτος
486 2375 615 2414 primum
647 2377 686 2406 ad
716 2377 800 2406 illum
842 2376 1094 2412 commentitium,

378 2418 610 2457 hypotheticum
620 2419 773 2449 hominem
786 2419 929 2456 refertur,
938 2419 1095 2459 posterius

379 2461 416 2490 ad
434 2461 621 2491 AEschinem.
654 2463 870 2492 Verumtamen
887 2473 924 2493 ne
941 2463 1014 2502 quid
1030 2462 1095 2492 dis-

378 2504 531 2540 simulem,
540 2505 648 2535 durum
658 2505 776 2560 utique,
788 2511 820 2535 ut
831 2506 974 2536 auribus
967 2515 1094 2535 lnSuave

380 2557 490 2576 sonans
506 2547 581 2588 εἶπες
597 2560 686 2584 ουτος,
707 2549 803 2589 ὥσπερ
821 2560 910 2586 ουτος,
934 2549 978 2579 ita
1000 2549 1093 2578 menti

380 2590 495 2620 accidit
517 2591 574 2620 hoc
590 2592 765 2631 ambiguum
791 2597 821 2621 et
835 2593 941 2628 fallax,
965 2597 997 2622 ul.
1017 2604 1095 2627 ουτος

378 2634 411 2663 in
427 2638 512 2663 tanta
535 2634 761 2673 propinquitate
777 2635 816 2664 de
832 2636 900 2665 aliis
917 2641 1008 2674 atque
1025 2636 1093 2665 aliis

380 2680 556 2715 usurpetur.
601 2678 734 2708 Suavius
750 2679 855 2717 utique
870 2685 1002 2713 sonaret,
1017 2679 1094 2708 mol-

375 2719 498 2759 liusque
514 2721 697 2759 procederet
724 2721 821 2750 oratio
847 2722 911 2751 sic:
940 2721 992 2752 εἶθ’
1014 2718 1094 2756 οὗτος

375 2760 522 2793 ἒξουλῆἓη.
536 2763 658 2793 omissis
671 2763 734 2794 illis
746 2764 841 2793 tribus
855 2766 1093 2804 supervacaneis

378 2805 537 2836 vocabulis
553 2805 639 2846 εἴπερ,
655 2806 748 2847 ὥσπερ
764 2805 852 2840 οὗτος.

419 2866 464 2873 --
479 2852 510 2880 8.
533 2849 561 2878 οὗ
576 2851 643 2889 γὰρ,
658 2849 680 2879 εἰ
695 2849 878 2891 ‹paduae—J
896 2851 1036 2880 Eustath.
1053 2851 1089 2880 ad

376 2892 506 2923 Homer.
527 2903 561 2932 p.
586 2894 682 2923 1356.
705 2891 739 2922 ’τό
768 2894 874 2932 φαῦλον
900 2893 929 2922 οὗ
952 2893 1033 2933 μόνον
1058 2892 1092 2924 τὸ

373 2935 524 2972 κακόηθες,
533 2936 568 2970 ὡς
577 2938 657 2976 παρὰ
669 2935 850 2977 Δημοσθένη·
862 2936 890 2966 οὗ
899 2938 964 2977 γὰρ,
978 2937 1001 2966 εἰ
1016 2936 1091 2976 φαύ-

374 2983 433 3013 λοις
461 2979 545 3018 ὑμεῖς
572 2977 679 3020 χρῆσθε
705 2980 763 3014 τοῖς
787 2980 977 3021 συμμάχων
1008 2979 1089 3020 [sic]

373 3022 453 3053 ἀλλὰ
467 3021 516 3052 καὶ
539 3021 573 3053 τὸ
590 3021 712 3061 ἀγαθὸν,
732 3023 768 3058 ὡς
789 3022 943 3064 Εὒςιπίδης.
987 3022 1090 3053 Locus

1133 307 1184 337 hic
1204 318 1243 338 ex
1264 308 1473 347 Hermogene,
1498 307 1523 337 si
1541 308 1618 338 bene
1634 307 1768 345 memini,
1791 308 1846 338 sed

1134 351 1198 380 sine
1209 351 1341 389 jndicio,
1356 352 1558 391 transcriptus
1571 356 1628 381 est.
1673 350 1768 391 Apud
1782 351 1845 381 De-

1133 395 1321 424 mosthenem
1336 404 1394 424 non
1407 395 1593 435 συμμάχοις,
1609 394 1661 424 sed
1676 391 1846 434 συμξούλοις

1132 437 1257 476 legitur,
1274 447 1304 476 p.
1321 438 1396 468 350.
1412 441 1443 468 8.
1461 438 1497 467 ad
1513 448 1601 476 quem
1620 437 1719 467 locum
1736 438 1845 476 procul

1132 481 1226 510 dubio
1243 481 1382 519 respexit
1398 481 1569 520 quicunque
1587 481 1678 519 liujus
1696 481 1844 511 observa·

1132 524 1224 553 tionis
1240 530 1345 553 auctor
1361 530 1418 560 est,
1441 534 1537 562 neque
1555 524 1733 560 verissimae,
1749 533 1846 563 neque

1133 566 1377 605 sapientissimae.

1175 627 1217 631 ——-
1232 612 1282 639 11.
1300 609 1358 639 οὐδὲ
1372 610 1477 639 πολλοῦ
1494 608 1550 649 δεῖ]
1563 608 1692 639 subaudi
1704 609 1784 639 ἀλλὰ
1797 608 1846 638 τοῦ

1132 651 1255 687 παντός.

1174 713 1217 717 -
1234 698 1283 726 14.
1309 696 1343 731 εἶ,
1364 694 1417 724 ὅσοι
1430 696 1486 736 -—]
1517 705 1572 734 pro
1593 694 1615 724 εἰ
1644 693 1731 724 initio
1755 695 1845 734 hujus

1133 748 1241 768 versus
1257 739 1358 768 malim
1372 739 1418 773 ὡς,
1431 744 1464 768 ut
1477 739 1662 778 respondeat
1674 738 1846 777 insequenti

1131 781 1185 822 οὐχ
1212 782 1247 815 ὡς
1279 792 1365 812 versu
1392 784 1442 813 16.
1473 782 1584 812 deinde
1614 781 1640 811 si
1671 781 1847 820 Philippus,

1132 824 1238 853 horum
1264 835 1337 854 usus
1364 835 1468 864 opera,
1492 826 1669 855 Phocenses
1699 824 1848 863 perdidit,

1131 873 1255 906 oportet
1270 868 1326 898 lioc
1342 873 1496 907 spectare,
1518 872 1662 907 corrupta
1680 871 1711 897 et
1726 867 1847 908 abjecta

1132 911 1170 938 ab
1187 910 1233 939 his
1250 920 1286 939 ea
1297 911 1396 940 omnia
1410 921 1491 946 esse,
1504 921 1571 950 quae
1588 911 1625 940 ad
1643 910 1845 941 Pliocensium

1132 952 1416 987 salutemssconl'erre
1433 954 1537 992 legati,
1559 964 1618 992 qua
1637 953 1743 992 legati,
1759 959 1849 992 potu-

1131 995 1238 1031 issent,
1257 996 1311 1025 sed
1338 996 1433 1031 istud,
1461 997 1541 1025 hunc
1564 996 1741 1026 AEschinem
1766 997 1847 1026 Plio-

1132 1049 1238 1068 censes
1249 1039 1434 1078 perdidisse.
1449 1039 1511 1076 Qui
1522 1039 1600 1069 enim
1611 1039 1638 1069 is
1647 1038 1762 1069 faceret
1770 1039 1844 1070 hoc.
1837 1039 1848 1060 ²

1173 1099 1217 1104 -—-
1236 1085 1285 1112 17.
1302 1081 1518 1123 προβούλευμα]
1541 1083 1624 1112 Citat
1639 1083 1668 1112 h.
1686 1083 1707 1113 l
1722 1083 1847 1122 Harpo-

1131 1129 1206 1155 crat.
1224 1136 1254 1155 v.
1270 1126 1483 1166 προβούλευμα.

1173 1186 1217 1191 -—
1236 1172 1286 1200 18.
1309 1167 1499 1208 ἐπαγγελίαν]
1528 1168 1649 1198 correxi
1681 1179 1788 1199 rursus
1811 1170 1847 1199 ἆ.-

1131 1211 1301 1250 παγγελίαν.
1317 1213 1571 1242 renuntiationem
1592 1222 1688 1242 meam
1707 1212 1745 1242 de
1762 1212 1848 1251 lega-

1133 1255 1226 1284 tione.

1173 1317 1217 1321 —
1234 1301 1285 1328 ‘20-
1304 1297 1358 1336 ἐγὼ
1380 1297 1435 1337 μὲν
1459 1296 1516 1330 οὐδὲ
1540 1296 1607 1328 τότε
1628 1297 1763 1336 σιγήσας,
1787 1297 1847 1329 οὐδὲ

1131 1341 1172 1370 νῦν
1192 1341 1382 1381 ἀφίσταμαι]
1407 1341 1526 1371 restitui
1557 1341 1719 1371 lectionem
1739 1342 1846 1380 Augu-

1132 1385 1221 1414 stani.
1264 1385 1363 1416 Jurini
1393 1386 1567 1424 conjectura
1596 1384 1690 1414 menti
1715 1385 1846 1415 oratoris

1132 1432 1291 1467 repugnat.
1313 1439 1382 1466 quae
1401 1428 1463 1457 liaec
1485 1434 1550 1458 est:
1573 1437 1632 1462 me,
1651 1427 1704 1466 qui
1720 1432 1784 1457 tum
1801 1433 1846 1457 ta-

1132 1471 1277 1506 cuissem,
1294 1481 1373 1501 nunc
1388 1475 1480 1510 caput
1503 1482 1520 1500 e
1540 1471 1650 1509 laqueo
1672 1471 1846 1507 extrahere,

1130 1520 1221 1553 atque
1238 1525 1360 1553 negare,
1385 1514 1456 1544 mihi
1480 1524 1548 1543 eum
1571 1514 1640 1544 istis
1656 1514 1748 1543 rebus
1763 1524 1847 1544 com-

1130 1567 1219 1587 mune
1236 1558 1397 1596 quicquam
1411 1568 1478 1587 esse
1491 1557 1559 1596 (vel
1575 1567 1698 1596 negare,
1713 1567 1763 1586 res
1779 1557 1848 1587 illas

1131 1601 1167 1629 ad
1186 1611 1234 1630 me
1253 1601 1432 1640 pertinere).
1452 1601 1501 1630 vel
1529 1610 1586 1630 non
1608 1610 1667 1636 me,
1691 1604 1754 1629 tum
1779 1601 1847 1639 qui-

1130 1644 1199 1672 dem
1217 1644 1363 1679 tacuisse,
1390 1654 1459 1673 cum
1482 1643 1565 1682 loqui
1588 1643 1776 1679 debuissem,
1799 1649 1847 1673 ut-

1130 1691 1201 1725 pote
1215 1697 1321 1716 versus
1335 1687 1365 1716 in
1381 1686 1493 1716 mediis
1509 1687 1599 1716 rebus
1617 1687 1769 1724 gerendis,
1781 1687 1846 1725 jam

1132 1740 1204 1760 vero
1218 1729 1362 1759 dedicere
1379 1735 1410 1759 et
1427 1731 1544 1768 ejurare
1560 1740 1678 1759 omnem
1696 1729 1737 1758 rei
1756 1730 1846 1767 liujus

1130 1773 1407 1812 participationem,
1435 1783 1503 1802 cum
1531 1773 1650 1803 videam
1680 1773 1846 1812 nequitiam

1131 1816 1293 1856 proditam,
1315 1821 1346 1845 et
1369 1827 1431 1846 rem
1454 1815 1556 1846 secius
1580 1813 1733 1851 evenisse,
1757 1826 1846 1855 quam

1130 1869 1313 1898 sperassem.
1357 1859 1485 1890 surinus
1510 1864 1609 1888 autem
1636 1859 1712 1888 hanc
1737 1859 1764 1888 ei
1788 1859 1846 1888 im-

1130 1907 1217 1941 putat
1232 1902 1410 1932 sententiam
1428 1902 1664 1932 alienissimam:
1681 1912 1728 1931 me
1746 1912 1845 1940 neque

1130 1951 1201 1974 tunc
1214 1946 1359 1981 tacuisse,
1376 1956 1472 1984 neque
1487 1955 1565 1975 nunc
1580 1944 1758 1974 renunciare
1775 1945 1845 1976 huic

1130 1987 1263 2026 negotio.

1173 2033 1248 2061 351.
1265 2035 1296 2061 1.
1312 2029 1470 2072 μαρτυξῖοι]
1495 2031 1618 2061 testium
1638 2035 1711 2071 puta
1736 2031 1847 2062 contir-

1130 2075 1288 2110 mantium,
1305 2074 1541 2104 Demosthenem
1558 2075 1590 2103 in
1606 2075 1691 2104 curia
1706 2075 1745 2103 de
1762 2075 1845 2114 lega-

1130 2117 1214 2146 tione
1224 2117 1451 2147 renunciantem
1463 2117 1583 2155 placide
1596 2123 1626 2147 et
1635 2127 1702 2146 cum
1716 2128 1844 2153 assensu

1128 2160 1266 2190 auditum
1283 2164 1373 2199 atque
1390 2160 1543 2189 laudatum
1560 2170 1639 2196 esse,
1657 2161 1736 2198 quod
1757 2160 1844 2190 visus

1130 2208 1212 2232 esset
1229 2213 1301 2233 vera
1318 2203 1470 2237 retulisse,
1486 2203 1610 2232 diversa
1629 2203 1768 2233 AEschini
1785 2214 1847 2233 cae-

1129 2246 1264 2285 terisque
1279 2246 1389 2284 legatis
1406 2246 1549 2276 reserens.

1171 2307 1215 2311 ——-
1229 2291 1260 2319 7.
1283 2290 1393 2330 πᾶσιν]
1416 2294 1486 2328 post
1501 2292 1591 2319 πᾶσιν
1606 2289 1779 2319 addendum
1798 2289 1846 2319 vi-

1129 2331 1220 2362 detur
1243 2332 1275 2361 ἂν
1294 2330 1334 2362 ἦν.
1358 2343 1426 2362 nam
1448 2342 1553 2363 omnes
1569 2332 1688 2372 pariter
1715 2333 1844 2363 nefanda

1128 2379 1368 2414 perpetrassent.

1171 2436 1214 2442 -—
1236 2420 1287 2449 17.
1310 2417 1353 2458 τῷ
1370 2417 1398 2449 δὲ
1422 2417 1511 2459 μηδὲν
1531 2417 1681 2458 αὐτῷ’-]
1707 2418 1843 2458 vulgaris

1129 2462 1221 2491 lectio
1238 2462 1396 2500 liujusloci
1409 2463 1473 2492 haec
1489 2466 1552 2492 est:
1568 2462 1612 2501 ’τῷ
1626 2460 1653 2491 δὲ
1663 2460 1751 2501 μηδὲν
1765 2461 1846 2500 αὐτῷ’

1129 2505 1261 2535 συνειδότι
1280 2503 1366 2540 δεινὸν,
1390 2505 1412 2535 εἲ
1429 2503 1530 2544 σιγῴη,
1552 2507 1667 2545 πονηρῶν
1691 2505 1740 2534 καὶ
1759 2505 1846 2535 δεινῶν

1128 2547 1210 2588 ἔργων
1222 2547 1289 2588 δόξα
1304 2549 1432 2578 κοινωνεῖν
1447 2549 1489 2588 τῷ
1501 2549 1658 2579 σιωπῆσαι.
1674 2558 1741 2586 quae
1757 2552 1846 2586 pote-

1130 2597 1174 2621 rat
1193 2591 1330 2631 probari,
1355 2592 1519 2622 dummodo
1542 2591 1655 2630 exigua
1676 2591 1845 2621 mutatione

1129 2633 1195 2672 δόξα
1214 2635 1244 2665 in
1261 2633 1337 2672 δόξαι
1352 2635 1534 2666 infinitivum
1554 2644 1617 2664 aor.
1640 2633 1731 2673 primi
1746 2639 1846 2664 muta-

1127 2683 1223 2708 retur.
1246 2678 1320 2708 mihi
1345 2678 1462 2718 placuit
1492 2677 1580 2707 aliam
1609 2677 1688 2707 viam
1713 2676 1770 2706 ire.
1815 2678 1843 2707 E

1128 2720 1213 2760 σιγᾳὶη
1226 2722 1366 2761 optativo
1381 2721 1469 2751 effeci
1490 2722 1577 2758 σιγῶν
1591 2719 1799 2760 participium,
1813 2724 1845 2750 et

1129 2775 1145 2794 e
1170 2764 1235 2804 δόξα.
1265 2764 1354 2794 effeci
1378 2763 1457 2802 δόξει.
1488 2764 1555 2794 viro
1577 2768 1679 2793 autem
1709 2763 1788 2792 bono
1811 2768 1844 2793 et

1127 2807 1267 2844 honesto,
1279 2807 1330 2847 qui
1348 2808 1459 2837 nullius
1474 2807 1544 2836 mali
1558 2805 1619 2836 sibi
1633 2806 1674 2836 sit
1687 2805 1842 2842 conscius,

1128 2850 1234 2890 utique
1251 2861 1344 2890 grave
1367 2850 1408 2880 sit
1429 2855 1459 2880 et
1482 2850 1638 2886 acerbum,
1663 2849 1691 2878 si
1713 2849 1843 2879 tacendo

1127 2894 1185 2923 sibi
1202 2894 1409 2933 suspicionem
1424 2892 1644 2922 communionis
1654 2892 1844 2922 contraxerit

1125 2935 1276 2967 foedorum
1307 2942 1399 2976 atque
1433 2936 1632 2966 scelestorum
1659 2935 1842 2967 facinorum.

1126 2979 1198 3010 Hoc
1209 2990 1314 3017 unum,
1328 2981 1436 3016 fateor,
1445 2989 1542 3009 meam
1553 2978 1667 3019 premit
1677 2979 1842 3014 rationem,

1125 3032 1306 3064 quamquam
1332 3027 1364 3055 et
1388 3023 1542 3063 vulgatam
1561 3022 1689 3062 perinde
1715 3021 1842 3062 premit,
