1931 3323
295 204 380 246 216
673 205 708 247 Ι.
738 205 772 247 Ι.
802 204 1027 249 REISKE
1061 207 1391 251 ANNOTATA

339 327 381 332 --
393 313 422 340 2.
439 308 474 340 σὲ
486 308 693 353 Ἀπολλόδωρον
702 311 784 354 ὄντα]
797 315 968 344 aculeatum
979 319 1010 345 et

297 364 430 383 amarum
453 354 579 384 dietum.
610 360 650 390 te,
676 358 725 397 qui
750 359 788 386 sis
810 358 1009 397 Apollodorus.

297 397 326 425 11.
345 407 371 425 e.
396 397 486 427 homo
509 398 677 428 dissolutus
705 404 736 429 et
764 401 906 435 stolidus,
930 401 1008 441 reip.

297 450 395 478 neque
423 441 557 477 deditus,
586 452 683 481 neque
712 444 879 479 studiosus,
910 455 1008 484 neque

296 484 414 522 peritus
440 495 539 514 rerum
564 485 713 520 civilium,
734 487 838 517 helluo
861 489 960 526 turpis
978 491 1008 517 et

295 527 439 565 cupidus,
470 532 586 557 tuarum
624 530 811 559 fortunarum
846 532 1008 569 prodigus,

295 570 459 600 alienarum
484 577 644 611 appetens,
667 574 855 612 turpissimis
879 575 1008 613 quibus-

293 623 354 652 que
372 615 471 644 modis
488 626 637 654 quaerens,
658 626 715 645 non
738 617 819 656 quod
842 627 960 654 serves,
977 622 1008 647 et

295 658 373 687 bene
396 658 541 694 colloces,
565 659 620 688 sed
646 660 728 698 qnod
754 660 852 690 ventri
872 660 928 690 des
951 671 1008 700 gu·

295 700 405 739 laeque.
952 701 956 704 ”

337 762 380 766 —
396 746 426 774 6.
443 743 490 773 οὐκ
504 743 609 785 manat]
628 749 699 784 post
710 745 757 775 eim
765 745 855 775 ἦδιιιοῦ
867 746 1007 786 suspicor

295 787 450 816 excidisse
465 787 544 823 τότε,
560 789 600 817 01)
616 798 747 827 sequens
763 790 937 827 oppositum
955 790 1007 819 νῦν.

293 840 351 859 non
367 836 440 860 tunc
455 831 611 868 patiebaris
622 832 778 871 injurium,
792 842 859 860 cum
873 838 905 862 tu
922 833 1007 862 deci-

293 874 382 902 deres
412 884 478 904 cum
513 874 708 909 Phormione,
741 885 870 914 eumque
905 875 1006 905 absol-

295 927 384 946 veres
398 929 405 954 ;
429 918 476 946 sed
492 927 572 947 nunc
587 918 790 947 calumniaris.

335 977 377 982 ---
395 963 424 990 9.
447 958 494 988 τὸν
505 962 558 1000 γὰρ
572 962 803 1001 συκοφαντοῦντα
817 960 862 991 ἀεί
876 972 917 998 τι,
930 960 1006 1000 νομίῃ

293 1001 347 1042 ζειν
369 1005 424 1044 χρὴ
452 1004 538 1032 ποιεῖν
566 1003 634 1043 νυνὶ]
667 1005 742 1034 bene
773 1004 898 1043 quidem
927 1005 1006 1035 vidit

293 1047 460 1076 Lambinus
474 1047 666 1077 sententiam.
687 1047 762 1077 nihil
775 1053 874 1078 tamen
893 1053 1006 1088 praeter

293 1090 420 1127 spiritus
444 1094 473 1119 et
493 1089 721 1121 distinctionem
739 1091 788 1120 hic
806 1091 864 1121 loci
883 1092 1006 1121 videtur

290 1143 359 1162 esse
383 1133 579 1172 niutandum3
609 1134 764 1173 quomodo
792 1134 863 1164 feci.
895 1135 1005 1165 sustuli

290 1176 370 1206 enim
390 1186 519 1211 comma,
530 1182 560 1206 et
572 1188 629 1216 pro
642 1175 685 1206 ἀεί
694 1190 725 1207 τι
737 1178 808 1207 dedi
822 1177 866 1207 ἀεὶ
878 1176 919 1207 τί.
932 1178 1004 1218 quid

288 1221 367 1249 enim
389 1219 536 1260 [subaudi
558 1220 643 1255 ἄλλο,
658 1221 758 1256 aliud,
779 1232 866 1260 quam
884 1223 942 1251 hoc
957 1222 1004 1261 ip-

290 1263 373 1304 sum]
391 1269 500 1301 oportet
516 1264 682 1295 existimare
703 1265 789 1294 illum
805 1275 892 1305 ogere
912 1276 1004 1300 nuuc,

288 1308 338 1345 qni
355 1316 462 1344 semper
483 1312 620 1346 qnoestunz
643 1318 657 1337 e
671 1308 828 1338 calumniis
852 1308 1004 1338 exercuit?

288 1351 376 1380 facile
389 1351 587 1380 sabaudiatur
603 1350 616 1382 ἢ
632 1352 729 1387 τοῦτο,
743 1355 795 1380 aut
810 1351 832 1380 εἰ
846 1352 889 1392 μὴ
905 1353 1001 1381 τοῦτο.

330 1412 371 1416 —-
392 1396 443 1424 19.
466 1392 579 1434 τρόπον]
604 1400 676 1434 post
700 1406 730 1425 v.
753 1393 852 1435 τρόπον
876 1395 1002 1425 videtur

1044 315 1110 354 λέγε
1127 316 1247 347 deesse.

1085 377 1127 382 -—-
1143 362 1194 390 20.
1218 358 1386 401 μαρτυρίαι]
1409 369 1467 389 11011
1490 358 1594 395 video,
1615 368 1707 398 quare
1724 358 1758 389 hi

1043 407 1139 432 testes
1164 405 1382 442 producantur,
1402 413 1461 442 qua
1482 401 1520 432 de
1542 412 1577 432 re
1600 401 1756 432 testaturi.

1042 456 1101 475 non
1118 446 1196 475 enim
1213 447 1252 475 de
1271 445 1454 485 Apollodori
1473 448 1625 475 testantur
1643 445 1758 486 impro-

1043 489 1147 518 bitate.
1177 499 1243 518 nam
1267 489 1306 518 de
1332 499 1368 519 ea
1394 492 1547 518 testantur
1568 488 1758 524 testimonia,

1042 542 1108 571 quae
1129 543 1160 561 v.
1181 535 1234 563 22.
1257 532 1408 573 jubentur
1429 531 1562 561 recitari.
1594 542 1694 571 neque
1717 532 1757 560 de

1041 575 1196 614 probitate
1213 576 1417 610 Phormionis,
1439 576 1527 613 cujus
1543 575 1757 605 demonstran-

1042 619 1089 647 dae
1113 629 1186 658 ergo
1210 630 1241 648 v.
1262 621 1315 651 23.
1341 617 1519 649 testimonia
1549 618 1757 656 proferuntur.

1040 662 1133 700 Atqui
1147 666 1260 701 praeter
1273 663 1338 692 haec
1351 663 1411 692 duo
1424 662 1465 691 nil
1478 661 1561 691 aliud
1572 661 1757 700 promiserat

1040 710 1143 735 orator
1158 705 1344 735 testimoniis
1361 705 1594 745 patefacturum.

1084 765 1124 770 -—
1143 748 1219 777 ibid.
1236 748 1301 778 ἴσθι
1317 748 1362 789 δὴ]
1380 749 1503 779 correxi
1518 747 1560 778 ἴθι
1577 748 1619 783 δὴ,
1632 748 1670 777 ab
1681 745 1759 787 εῖμι,

1040 800 1099 819 11011
1115 792 1152 820 ab
1168 791 1264 830 ἴσημι.

1085 835 1158 864 962.
1178 836 1229 864 18.
1253 833 1361 874 τούτῳ]
1386 833 1590 873 Apollodoro.

1083 876 1216 906 ——ibid.
1240 876 1346 916 τούτῳ]
1370 877 1560 907 Phormioni.

1083 936 1127 941 —
1142 921 1194 949 22.
1219 919 1298 957 λόγον
1313 919 1361 948 καὶ
1379 918 1585 960 συκοφαντίας]
1610 923 1662 949 aut
1684 930 1754 949 cum

1040 961 1220 1001 Augustano
1237 963 1404 993 tollendum
1421 968 1467 992 est
1483 961 1542 998 καὶ,
1560 966 1613 992 aut
1632 963 1692 1002 leg.
1707 962 1754 992 λό-

1040 1016 1105 1042 γους
1119 1005 1168 1035 καῖ
1183 1004 1385 1046 συκοφαντίας.
1407 1006 1439 1035 id
1457 1006 1537 1045 quod
1555 1005 1668 1035 malim.

1081 1066 1125 1071 —-
1138 1051 1190 1080 26.
1214 1049 1362 1089 ἁπάντων]
1385 1053 1458 1088 post
1476 1048 1618 1079 ἁπάντων
1633 1049 1755 1078 videtur

1038 1091 1148 1121 deesse
1175 1091 1188 1124 ἢ
1215 1093 1250 1127 ὡς
1271 1093 1318 1123 οὐκ
1341 1092 1458 1134 ἐνέμεινε
1482 1091 1605 1132 Φορμίων
1627 1091 1756 1122 ἅπασιν.

1038 1139 1093 1164 ant
1107 1139 1135 1165 te
1153 1146 1208 1166 non
1229 1137 1377 1166 absolvisse
1394 1135 1596 1166 Phormionem
1611 1135 1647 1164 ab
1662 1136 1755 1165 omni-

1038 1178 1091 1208 bus
1126 1180 1298 1210 criminibus
1328 1188 1378 1210 seu
1415 1178 1661 1215 incusationibus,
1697 1182 1754 1208 ant

1040 1220 1244 1253 Phormionem
1263 1224 1405 1253 recessisse
1428 1233 1446 1252 a
1466 1223 1572 1261 pactis,
1587 1231 1651 1262 qut?
1674 1231 1753 1252 socer

1038 1265 1206 1303 Apollodori
1221 1267 1334 1296 censuit
1345 1277 1427 1307 aequa
1442 1274 1507 1300 esse,
1519 1269 1548 1295 et
1560 1266 1619 1304 ipse
1635 1264 1753 1304 Apollo-

1036 1309 1126 1337 ‹Iorns
1141 1315 1210 1338 rata
1226 1309 1342 1339 habuit.

1080 1370 1121 1374 --
1137 1354 1189 1382 28.
1214 1353 1284 1393 τῶν]
1308 1352 1341 1382 id
1358 1356 1418 1387 est,
1440 1349 1509 1392 ὑπὲρ
1528 1353 1596 1386 τῶν,
1615 1355 1668 1380 aut
1690 1349 1752 1391 περὶ

1035 1396 1100 1426 τῶν.
1125 1395 1178 1425 sed
1196 1406 1319 1432 vereor,
1335 1406 1372 1425 ne
1384 1395 1457 1434 quid
1469 1394 1577 1424 horum
1591 1394 1751 1424 exciderit.

350 1566 435 1607 AD
470 1564 838 1607 ORATIONEM
871 1565 1195 1607 ADVERSUS
1230 1563 1682 1607 PANTAENETUM.

327 1692 401 1722 966.
418 1693 446 1720 (1.
461 1689 527 1730 μοι]
552 1689 675 1729 Scripta
687 1689 753 1719 haeo
770 1694 819 1719 est
832 1689 930 1720 oratio
945 1699 1000 1719 no·

285 1734 364 1763 mine
381 1733 538 1763 Nicobuli.
554 1744 586 1763 v.
601 1743 633 1772 p.
650 1734 724 1763 973.

326 1796 369 1800 —
385 1779 415 1807 6.
438 1775 590 1817 ἀφεῖσθαι]
614 1776 766 1805 desistere
789 1775 827 1805 ab
844 1775 902 1806 hoc
914 1778 999 1816 jure,

277 1822 330 1859 jus
346 1821 404 1850 11οο
421 1820 575 1854 omittere,
593 1830 692 1857 neque
708 1829 868 1858 usurpare.

324 1882 367 1886 —-
379 1867 408 1894 8.
422 1862 659 1903 ἀπηλλαγμένον]
672 1862 773 1892 malim
785 1861 998 1903 ἀπηλλαχότα..

326 1925 369 1930 -
386 1908 437 1937 15.
461 1906 508 1936 τὸν
521 1906 615 1947 νόμον]
632 1906 730 1945 legem
743 1904 827 1934 illam
844 1906 998 1945 designat,

283 1951 322 1981 ad
335 1961 424 1989 quem
441 1960 534 1980 versu
553 1953 582 1979 1.
594 1954 625 1979 et
640 1952 670 1979 2.
684 1949 787 1979 statim
804 1949 998 1988 provocavit.

324 2012 368 2016 ——
382 1997 432 2023 17.
450 1992 596 2034 ἐμμήνων]
614 1993 696 2022 Citat
710 1992 740 2022 11.
756 1993 778 2022 l.
796 1991 952 2032 Harpocr.
968 2003 998 2022 v.

282 2037 419 2077 ἔμμηνος.

325 2098 370 2103 —
392 2083 442 2111 18.
466 2080 559 2121 ἡμῶν]
588 2090 650 2115 me,
675 2078 829 2109 Nicobnlo
857 2083 944 2118 puta,
966 2084 998 2110 et

283 2124 367 2153 socio
383 2134 462 2159 meo,
478 2124 615 2163 Evergo.

327 2169 399 2197 967.
430 2169 461 2197 2.
491 2165 683 2206 κατορθῶσαι]
712 2165 876 2195 mulctatus
915 2165 996 2195 enim

284 2211 427 2249 Evergus
440 2210 537 2239 fuerat
551 2210 672 2239 duobus
684 2209 817 2239 talentis.
832 2219 863 2238 v.
874 2219 905 2248 p.
920 2211 995 2240 968.

282 2256 334 2285 23.
352 2259 384 2283 et
400 2256 473 2284 980.
491 2255 522 2283 6.

325 2314 367 2319 -
380 2299 432 2326 17.
449 2294 604 2337 Μοιςωνείᾳ]
622 2295 703 2325 Citat
719 2294 747 2324 11.
758 2294 780 2323 l.
797 2295 952 2334 Harpocr.
964 2306 993 2326 v.

281 2341 432 2380 Μαρώνεια.

324 2401 367 2407 ——
384 2386 435 2416 24.
458 2383 567 2423 τούτῳ]
591 2381 672 2419 huie,
687 2382 868 2412 Pantaeneto
885 2387 970 2421 puta.

324 2445 367 2449 —
382 2438 453 2466 pen.
475 2427 573 2467 λύσις]
594 2426 632 2456 ad
658 2425 740 2460 λύσις
763 2425 868 2454 addidi
892 2423 995 2464 τούτῳ.

282 2469 366 2504 λύσις
382 2475 430 2500 est
446 2471 547 2500 cautio
562 2469 716 2499 facultatis
732 2469 935 2508 oppignerata
949 2468 995 2498 in-

280 2518 327 2543 tra
344 2518 462 2543 certum
478 2519 599 2554 tempus
612 2512 783 2542 redimendi
796 2512 919 2542 reddito
935 2522 994 2541 aere

278 2557 390 2587 alieno,

327 2602 400 2630 968.
416 2601 447 2628 6.
471 2596 549 2633 οὗτός
564 2598 613 2637 γε]
631 2599 840 2628 Pantaenetus.

325 2661 368 2665 —
385 2645 436 2671 10.
460 2641 571 2683 ἐκεῖνος]
600 2644 752 2680 Evergus.

325 2705 368 2710 -—
380 2687 432 2715 12.
447 2683 546 2725 ἐλθὼν]
564 2690 665 2724 potest
676 2684 781 2714 haberi
798 2695 854 2724 pro
871 2684 992 2720 vocula,

281 2740 366 2760 more
379 2728 484 2759 Attico
500 2728 656 2767 eleganter
667 2728 867 2765 redundante,
881 2738 949 2758 cum
960 2728 993 2758 vi

281 2780 381 2804 tamen
394 2772 498 2811 aliqua
509 2771 641 2801 occulta.
658 2771 789 2806 libenter,
798 2772 915 2810 cupide.
930 2781 993 2800 ma-

282 2817 337 2847 lim
354 2823 454 2846 tamen
472 2816 538 2853 ejus
555 2815 624 2844 loco
639 2814 701 2851 legi
714 2813 781 2843 ἑκὼν
795 2813 862 2854 φης’
877 2813 993 2849 ἑκόντος.

281 2860 420 2891 ambabus
445 2859 579 2898 partibus
607 2859 639 2888 in
674 2857 750 2887 hanc
784 2867 847 2887 rem
875 2868 992 2887 consen-

280 2904 428 2935 tientibus.
898 2936 901 2941 ,

325 2965 367 2970 -—
382 2949 434 2978 15.
457 2945 504 2976 οὐκ
520 2941 692 2984 ἐπεξελθεῖν]
710 2943 772 2973 11115
787 2943 991 2974 creditoribus

281 2989 463 3025 Pantaeneti‚
478 2988 531 3029 qni
547 2988 605 3018 sibi
616 2987 669 3028 jus
686 2997 752 3016 esse
767 2986 797 3016 111
815 2997 863 3015 res
879 2997 896 3015 a
912 2987 991 3016 Pan-

278 3038 388 3064 taeneto
405 3034 621 3073 oppigneratas
637 3030 787 3066 dicerent,
799 3040 880 3063 sese.
895 3031 991 3060 Ever-

1033 1698 1117 1727 gum,
1137 1699 1196 1719 non
1217 1688 1405 1724 occurrisse,
1429 1698 1526 1728 neque
1552 1688 1748 1719 adversatum

1033 1742 1112 1762 esse.

1076 1793 1119 1798 —
1137 1776 1188 1806 20.
1205 1773 1236 1809 ἧς
1250 1772 1431 1815 ἐτιμήσατο]
1455 1772 1575 1804 correxi
1591 1771 1628 1808 οἷς
1643 1773 1750 1814 ἐτιμή-

1032 1829 1118 1850 σατο.
1134 1819 1217 1858 quod
1233 1818 1314 1848 idem
1331 1822 1380 1848 est
1391 1828 1425 1846 ac
1439 1817 1465 1846 si
1477 1817 1610 1848 dixisset
1622 1829 1629 1847 :
1646 1816 1673 1847 ἐν
1686 1816 1750 1847 τού-

1032 1873 1104 1898 τοις,
1119 1861 1139 1891 a
1155 1860 1333 1902 ἐτιμήσατο.
1367 1861 1564 1891 Satisfaotum
1581 1860 1641 1891 sibi
1657 1861 1749 1891 habet

1031 1914 1089 1944 per
1104 1916 1170 1935 eam
1187 1905 1344 1941 mulctam,
1361 1914 1450 1944 quam
1467 1905 1590 1943 Evergo
1606 1914 1623 1934 a
1634 1903 1749 1943 judici-

1033 1949 1090 1978 bus
1106 1948 1197 1978 scribi
1220 1953 1250 1977 et
1273 1947 1404 1987 irrogari
1424 1947 1546 1978 curavit
1569 1948 1650 1987 ipse,
1667 1948 1748 1977 Pan-

1031 1996 1160 2022 taenetus
1176 1996 1260 2031 puta.

1074 2053 1118 2058 —
1134 2038 1186 2066 21.
1209 2036 1265 2064 τῶν
1279 2033 1386 2075 αὐτῶν]
1410 2033 1476 2063 5011.
1490 2031 1695 2075 ἐγκλημάτων.

1073 2096 1116 2101 -
1133 2081 1186 2110 24.
1202 2077 1314 2119 ἐκεῖνος]
1339 2078 1493 2116 Evergus.

1075 2124 1149 2153 969.
1164 2125 1196 2153 4.
1220 2121 1397 2161 ἀπεδήμουν]
1421 2120 1544 2150 correxi
1559 2118 1724 2159 ἐπεδήμουν.

1073 2183 1117 2188 -——
1133 2167 1164 2197 5.
1187 2165 1269 2205 ἡμῖν]
1295 2164 1320 2193 51
1336 2164 1416 2193 bene
1432 2163 1536 2199 babet,
1551 2163 1591 2193 de
1607 2164 1673 2193 solo
1688 2162 1746 2193 Ni-

1031 2209 1141 2238 cobulo
1156 2207 1256 2247 accipi
1268 2207 1373 2236 debet.
1389 2205 1490 2236 malim
1505 2205 1695 2246 ῐειῐηεπέμοῖ,
1708 2216 1746 2236 ne

1030 2262 1117 2282 error
1145 2250 1342 2285 interveniat,
1367 2249 1421 2288 qui
1446 2249 1539 2279 facile
1565 2249 1680 2289 possit,
1704 2250 1745 2279 de

1029 2295 1191 2330 ambobus,
1207 2293 1364 2324 Nicobulo
1381 2298 1412 2323 et
1427 2292 1565 2332 Evergo,
1579 2292 1631 2323 hio
1647 2292 1709 2332 agi.

1071 2356 1115 2361 —
1129 2341 1160 2369 8.
1178 2338 1277 2368 τοῦτον
1291 2335 1348 2376 μὲν
1362 2335 1566 2376 ἀφεστηκότα]
1582 2336 1744 2366 Pantaenc-

1029 2384 1091 2411 tum
1109 2380 1269 2411 destitisse
1286 2380 1325 2409 ab
1342 2379 1517 2410 exercenda
1538 2379 1659 2409 officina
1679 2390 1744 2409 me-

1029 2425 1142 2454 tallica.

1071 2485 1114 2490 -
1130 2469 1182 2497 10.
1197 2465 1378 2505 Θαυμαστῶς
1393 2466 1428 2500 ὥς
1443 2464 1604 2507 ἐλυπήθην]
1621 2465 1745 2496 correxi

1029 2509 1206 2550 θαυμαστὸν
1220 2511 1256 2544 ὡς
1267 2508 1311 2540 ἐλ.
1328 2509 1412 2549 quod
1430 2509 1475 2539 510
1490 2509 1523 2539 111
1533 2510 1606 2539 edit.
1621 2509 1742 2539 Manut.

1027 2558 1061 2584 et
1073 2554 1173 2584 Felic.
1182 2553 1490 2593 reperirem-poterat
1499 2553 1574 2582 alias
1585 2553 1620 2585 ὡς
1632 2551 1744 2587 omitti,

1029 2603 1082 2628 aut
1096 2608 1164 2627 cum
1182 2606 1245 2631 πως
1260 2595 1404 2626 enclitico
1416 2595 1539 2626 mutari.

1072 2657 1115 2663 —
1128 2643 1181 2672 20.
1202 2638 1365 2680 κατεγέλα]
1390 2639 1580 2678 explodebat
1595 2648 1649 2668 eos
1665 2637 1742 2673 risu,

1029 2686 1220 2723 negabatque
1245 2682 1320 2713 mihi
1340 2683 1378 2712 ab
1392 2681 1455 2712 illis
1476 2681 1629 2712 molestiae
1651 2680 1741 2720 quid-

1028 2738 1117 2767 quam
1135 2727 1319 2758 exstiturum
1336 2735 1416 2755 esse.

1070 2789 1114 2794 -—-
1129 2771 1185 2804 ult.
1207 2768 1381 2802 CeBawiivwc
1402 2766 1487 2807 ἦμῗν]
1512 2765 1580 2797 scil.
1595 2767 1647 2798 τῆν
1668 2766 1743 2798 ὢνήν.

1027 2815 1195 2845 evictionem
1209 2812 1288 2843 nobis
1299 2816 1466 2851 praestante.

1073 2860 1147 2889 970.
1169 2859 1199 2886 2.
1222 2853 1288 2895 παρ’
1309 2853 1414 2894 αὐτῶν]
1438 2852 1595 2883 Sententia
1618 2857 1685 2882 est:
1705 2858 1741 2883 ‘nt

1029 2905 1085 2931 aut
1103 2911 1164 2935 nos,
1179 2898 1350 2929 Nicobulus
1374 2903 1406 2927 et
1427 2897 1580 2936 EverguS‚
1603 2896 1639 2925 ab
1662 2897 1740 2935 ipsis,

1029 2943 1180 2974 simulatis
1194 2942 1259 2972 illis
1280 2945 1312 2970 et
1334 2939 1506 2970 subornatis
1522 2939 1740 2975 creditoribus,

1028 2987 1079 3025 qui
1106 2997 1139 3016 se
1161 2994 1300 3015 nummos
1327 2983 1356 3012 111
1382 2982 1529 3013 officinam
1553 2982 1736 3013 metallicam

1027 3031 1207 3060 Pantaeneto
1238 3027 1411 3057 credidisse
1441 3026 1654 3062 mentirentur,
1677 3036 1737 3065 quo
