1931 3322
607 197 1090 242 ANNOTATIONES.

122 310 184 343 «τοῖς
193 307 335 350 Θεσξιιιοῖς·
345 307 470 348 αὐτάρκη
482 306 546 337 ἐστὶ
559 309 596 338 τὰ
609 306 824 348 προσοδευὸμενα

124 351 163 393 ’ᾖ
173 351 251 382 πόλει
264 352 418 393 χρήματα.

165 412 210 417 —
220 394 295 424 ibid.
306 395 420 433 μᾶλλον
433 392 461 423 δὲ
475 393 595 435 vav-ric]
621 392 782 424 Correctio
794 396 825 421 et

123 436 344 476 ωαςωνομασία.
376 436 461 466 Malo
485 442 586 467 autem
605 436 633 467 δὲ
656 435 762 468 ‘iram-3:
782 435 824 464 le·

122 488 205 516 gere,
217 489 306 518 quam
321 478 345 508 δ’
358 478 510 514 ἄτιταντοςε
534 484 567 509 ut
583 485 614 510 et
629 488 734 518 supra,
745 479 822 507 ἀπτο-

120 520 237 557 δώσ-ετε,
250 532 338 561 quam
353 523 580 552 ἇνταποδώσετε.

162 581 206 586 -
221 575 289 604 pen.
304 563 336 594 τί
349 564 402 602 οὖν,
418 566 449 595 ἄν
459 577 504 599 τις
517 565 604 605 εἴποι]
621 563 822 602 Ἀνθυποφρξίι,

118 605 169 636 cni
179 608 347 646 respondet
358 607 552 637 distinctione
566 607 740 640 verborum,
755 605 823 644 γρά-

120 655 165 688 φω
178 655 209 679 et
221 651 343 690 ἡγοῦμαι
358 650 419 681 δεῖν.

92 693 94 695 ’
164 709 208 714 -
219 692 295 722 ibid.
311 691 342 722 τί
352 690 408 733 οὖν]
433 692 484 722 Sic
496 691 604 721 ordina
620 692 728 720 verba:
754 689 823 718 εἴποι

120 745 167 768 τις
180 734 224 770 ἂν,
239 733 270 764 τί
284 732 326 764 οὖν
335 746 344 771 ;
366 737 402 763 σὺ
418 735 533 772 γςάφεις
548 731 636 762 ταῦτ’
650 732 718 761 εῖναι
733 743 823 771 στρα-

118 777 254 814 τιωτικά;
270 777 356 807 Sicut
369 777 447 807 dicit
457 776 578 812 Cicero,
590 780 610 793 “
623 774 723 814 Quid?
741 774 824 810 Quid

119 830 195 858 ergo
207 819 239 850 ?’'

163 862 295 893 —ibid.
318 864 355 893 σὺ
382 861 513 904 γράφεις]
545 862 670 902 γράφειν,
691 862 825 897 scrihere,

121 905 283 941 decernere,
294 906 443 937 decretum
441 905 561 946 facere,
565 905 653 945 ferre
669 905 767 944 legem.

147 958 208 972 '-—
223 950 276 979 ult.
293 949 341 979 οὔιι
355 949 458 991 ἔγωγε]
483 949 610 978 Scilicet
631 949 742 988 γξάφω,
759 944 827 976 ἀλλ’

122 992 256 1033 ἦγοῧμαι.
300 992 430 1031 Argutia
452 992 608 1022 sententiae
638 991 697 1020 sita
726 995 774 1020 est
796 990 826 1019 in

122 1035 228 1066 verbis
254 1036 380 1076 γράφειν,
406 1036 487 1074 qnod
516 1034 649 1074 capitale
678 1039 744 1064 erat
757 1045 763 1061 ε
798 1037 829 1063 et

124 1077 265 1116 ἡγεῖσθαι.
281 1079 362 1118 qnod
378 1079 436 1109 etsi
454 1078 606 1114 odiosum,
628 1077 758 1117 periculi
782 1082 826 1105 ta-

123 1131 192 1151 men
207 1132 330 1162 expers.
353 1123 420 1152 Nec
436 1121 515 1151 enim
531 1120 723 1160 cogitationis
738 1130 827 1159 poena

124 1165 277 1205 cuiqnam,
286 1164 540 1204 utjuriseonsulti
550 1165 669 1200 dicunt,
683 1163 827 1204 patienda

128 1213 187 1238 est.

171 1252 206 1281 P.
222 1253 274 1282 23.
285 1254 317 1281 1.
331 1251 416 1282 ταῦτ’
428 1251 511 1292 εῖναι]
536 1251 568 1282 Si
581 1251 694 1291 igitu:·j
707 1261 744 1279 :m
758 1254 827 1279 ante

125 1299 194 1324 sunt
209 1294 416 1331 militantium,
432 1295 505 1335 quid
520 1305 599 1334 opus
616 1301 662 1324 est
680 1304 759 1324 novo
774 1294 828 1323 de-

125 1336 232 1367 creto?
248 1338 301 1368 sed
312 1338 370 1368 hoo
381 1339 510 1378 negabat
523 1339 610 1377 plebs
621 1337 827 1367 Atheniensis.

125 1382 234 1410 Potest
244 1381 334 1411 etiarn
347 1382 446 1421 repeti
459 1382 585 1412 verbnm
595 1381 656 1416 δεῖν,
668 1385 701 1410 nt
711 1380 750 1410 sit
762 1391 827 1410 sen-

123 1423 231 1454 tentia:
245 1425 370 1464 ἡγοῦμαι
380 1424 434 1454 δεῖν
443 1423 530 1454 ταῦτ’
541 1424 609 1455 εῖναι
619 1425 826 1464 στρατιωτικά.

169 1484 214 1490 —
225 1469 255 1497 2.
271 1467 319 1496 καὶ
333 1466 404 1506 μίαν
423 1486 465 1490 -
479 1467 559 1509 εἶναι]
586 1469 662 1497 Haec
679 1466 829 1497 sententia

127 1508 159 1539 in
182 1511 273 1540 tertia
290 1510 473 1549 Olynthiaca
491 1511 651 1550 repetitur,
668 1516 699 1540 et
718 1511 828 1540 clarius

127 1552 317 1592 explicatur:
333 1555 383 1585 τὴν
396 1554 482 1586 αὐτὴν
493 1556 542 1584 τοῦ
557 1552 663 1589 λαζεῖν,
676 1554 725 1584 τοῦ
739 1565 829 1594 orga-

127 1596 278 1632 τεύεσθαι,
294 1601 354 1626 etc.
369 1596 451 1636 τάξιν
462 1597 592 1631 ποιήσας.
616 1597 727 1627 Exstat
742 1597 830 1636 hujus

128 1639 299 1678 argumenti
320 1645 384 1670 tota
398 1641 493 1670 oratio
510 1641 571 1681 περὶ
590 1640 761 1680 συντάξεως,
778 1640 831 1670 ubi

129 1682 168 1712 d‘e
183 1683 241 1713 hoo
256 1683 404 1713 vocabulo
419 1683 507 1723 plura
520 1684 633 1714 dicturi
649 1695 762 1714 sumus.

172 1743 216 1748 -—
234 1726 311 1756 ibid.
333 1726 466 1765 σύνταξιν
491 1726 570 1763 εῖναι,
594 1732 653 1757 etc.
676 1727 758 1767 ὑμεῖς
783 1726 829 1767 δὲ]

129 1767 247 1799 Iterum
262 1770 389 1806 confert,
403 1770 436 1800 τὸ
452 1769 507 1800 δέον
520 1771 568 1800 καὶ
583 1771 616 1800 τὸ
627 1769 771 1809 γινόμενον.

173 1829 217 1835 -
231 1814 262 1843 3.
284 1811 356 1842 οὔτω
380 1823 441 1847 πως
465 1813 528 1844 ἄνευ
549 1814 748 1854 πραγμάτων]
772 1814 833 1844 ἄνευ

132 1855 182 1884 τοῦ
205 1856 297 1885 Διποιεῗν
315 1857 356 1885 τὸ.
376 1855 483 1886 δέοντα.
509 1856 597 1895 μηδὲν
617 1859 756 1890 ποιοῦντες
779 1860 834 1887 τῶν

133 1896 252 1928 δέοντων.
274 1899 366 1934 otiosi,
387 1899 464 1929 nihil
485 1899 725 1930 administrantes
744 1906 771 1930 et
784 1910 835 1941 ge-

134 1945 237 1970 rentes.
280 1941 358 1979 Quis
383 1941 464 1972 istuc
489 1942 606 1972 nollet?
631 1943 677 1972 sic
701 1948 783 1973 certe
810 1941 836 1972 ἓν

135 1984 202 2016 ταῖς
215 1984 350 2024 μακάρων
364 1983 450 2020 νήσοις
468 1985 593 2015 vivitur.

178 2043 222 2049 —
237 2029 268 2056 4.
282 2026 348 2057 ἔστι
364 2026 394 2059 δὴ
406 2026 513 2069 λοιπὸν]
537 2029 690 2059 Eventum
705 2029 836 2070 ignaviae

135 2069 290 2099 ostendit:
314 2075 345 2100 et
359 2072 450 2101 tacite
464 2077 578 2109 monet,
594 2080 627 2102 ut
642 2073 768 2102 alienam
784 2083 836 2112 pe-

132 2112 253 2143 cuniam
261 2123 320 2143 non
329 2114 478 2155 accipere,
491 2125 580 2154 quam
590 2126 675 2146 suam
685 2117 835 2152 amittere,

131 2155 247 2185 malint.

177 2216 218 2222 —
231 2202 262 2232 5.
278 2201 412 2243 πολλῶν]
437 2202 561 2232 Scilicet
579 2203 749 2244 χρημάτων.
775 2204 837 2233 Re-

136 2248 242 2273 censet
264 2242 448 2275 Plutarchus
465 2246 589 2284 Crobyli
605 2247 741 2276 dictum:
765 2246 809 2276 ὅτι
825 2246 837 2276 ὃ

135 2284 268 2325 (πόλεμος
282 2286 451 2327 τεταγμένα
467 2289 496 2319 οὔ
510 2290 649 2325 σιτεῖται.
665 2290 772 2320 bellum
787 2290 838 2319 de-

137 2338 230 2359 menso
243 2340 299 2359 non
312 2332 405 2368 pasci.
416 2336 446 2361 et
459 2332 674 2372 Thucydides:
691 2332 734 2363 ὅτι
750 2333 762 2362 ὅ
778 2332 837 2363 wd-

138 2377 228 2420 λεμος
247 2371 352 2403 ἥκιστα
374 2372 421 2404 ἐπὶ
444 2375 535 2415 ῥητοῖς
557 2378 706 2418 προχωρεῖ,
723 2377 754 2406 id
778 2382 836 2411 est,

137 2421 272 2445 incertos
295 2426 364 2447 esse
387 2418 535 2448 bellorum
560 2428 698 2455 eventus,
720 2420 780 2454 vel,
806 2427 840 2449 ut

138 2457 246 2488 Livius
259 2459 404 2498 loquitur,
417 2464 571 2491 “eventus
584 2473 730 2502 nusquam
741 2463 839 2493 minus

137 2502 322 2540 respondere
338 2513 426 2541 quam
440 2505 472 2534 in
484 2504 607 2534 bellis.”

181 2562 224 2567 ——-
238 2547 268 2575 6.
289 2544 332 2575 δεῖ
352 2545 381 2576 δὴ
401 2548 576 2589 χρημάτων]
602 2548 697 2587 maun
713 2549 840 2588 ἀποφαν·

140 2589 216 2625 τικῗι,
232 2588 282 2618 cui
297 2588 350 2627 qni
366 2589 457 2620 fidem
473 2600 530 2620 non
546 2591 647 2627 habet,
663 2592 690 2621 is
707 2593 795 2622 abeat
808 2592 840 2621 in

140 2630 236 2679 forum
253 2641 354 2661 rerum
370 2633 528 2664 vaenalium
543 2634 608 2664 sine
624 2636 766 2673 pecunia:
779 2635 839 2665 imo

141 2683 170 2703 m
182 2673 297 2704 curiam
313 2675 414 2712 etiam,
429 2682 460 2707 et
473 2677 646 2707 ecclesiam.

184 2734 226 2741 —-
239 2716 318 2748 ibid.
340 2717 382 2749 δεῖ
403 2719 432 2751 δὴ
451 2721 627 2762 χξημάτων]
651 2721 789 2756 Scilicet,
804 2720 841 2756 εἷς

144 2757 190 2788 τὸν
217 2758 348 2801 πόλεμον.
376 2773 544 2802 quanquam
575 2763 605 2793 in
635 2775 711 2803 pace
740 2764 841 2795 etiam.

143 2801 224 2851 Ege-²
235 2809 333 2834 autem
344 2806 472 2845 pecunia
481 2807 703 2846 frugalissimus
714 2807 842 2846 quisque

144 2853 278 2882 numme,
309 2847 576 2887 luxuriosissimus
606 2850 750 2880 maxime.
796 2851 845 2880 Ita

146 2887 225 2917 enim
238 2888 282 2924 fit,
298 2894 332 2920 nt
346 2891 427 2922 canit
442 2892 591 2923 Ovidius:

145 2933 166 2947 “
182 2931 327 2969 Quaerere
341 2938 374 2964 ut
387 2936 557 2973 absumant,
572 2937 732 2976 absumpta
744 2935 846 2975 requi-

230 2983 297 3005 rere
308 2981 436 3015 certant,

148 3014 243 3088 Ἥῡῗίο
257 3017 333 3057 ipse
349 3019 433 3052 vitiis
447 3026 518 3053 sunt
531 3023 673 3054 alimenta
689 3021 804 3054 vices.”

213 3079 220 3089 .
239 3069 271 3091 v.

1493 192 1574 233 3:37

860 306 958 336 Nemo
975 309 1088 339 tamen,
1104 311 1136 334 ut
1153 315 1230 334 nuuc
1250 303 1374 340 vivitur,
1391 302 1455 333 sine
1472 312 1566 342 pecu-

860 349 910 378 nia
923 348 1082 377 commode
1098 353 1201 385 potest
1217 347 1330 377 vivere.

902 409 944 414 —
955 392 987 420 7.
1008 391 1063 419 τῶν
1076 389 1199 431 δεόντων]
1223 390 1362 425 Scilicet,
1378 389 1419 429 τῷ
1431 387 1561 427 πολέμῳ.

859 433 1043 463 Referendae
1059 437 1129 462 sunt
1142 433 1221 462 enim
1238 433 1393 471 pleraeque
1407 430 1563 462 sententiae

859 478 895 506 ad
912 477 942 506 id
960 476 1126 515 negotium,
1143 476 1191 504 cui
1208 476 1400 504 adhibentur.

900 537 943 542 --
968 519 1044 548 ibid.
1073 518 1187 555 λέγουσι
1220 517 1247 547 δὲ
1272 518 1318 548 καὶ
1345 517 1463 557 ἄλλους]
1499 516 1561 546 His

860 562 961 592 verbis
978 568 1009 591 et
1025 561 1228 600 arrogantiam
1246 560 1333 595 vitat,
1351 565 1381 589 et
1396 559 1562 589 Athenien-

859 606 937 634 sium
953 604 1129 634 facultatem
1146 608 1248 640 auget.

901 664 944 669 —
960 649 990 674 8.
1019 647 1066 674 καὶ
1090 645 1140 678 ἕως
1165 643 1246 685 ἐστὶ]
1279 646 1397 675 Iterum
1424 645 1566 674 admonet

859 698 1040 717 occasmnus.
1597 706 1601 710 .

902 749 941 753 -
952 734 1003 760 10.
1014 730 1086 769 ἄξιον
1096 730 1124 760 δὲ
1135 727 1337 769 ἐνθυμηθῆναι]
1351 728 1504 763 Ostendit,
1512 739 1564 766 pe-

860 773 979 803 cuniam
994 784 1051 802 uon
1062 773 1171 803 deesse
1185 770 1436 803 Atheniensibus.
1460 771 1520 800 Sed
1531 772 1563 800 id

860 817 991 846 nondum
1006 817 1080 846 satis
1096 823 1141 846 est
1154 817 1192 846 ad
1205 816 1322 846 animos
1337 824 1440 844 eorum
1458 814 1565 843 confir-

860 860 999 896 mandos,
1017 870 1094 898 quos
1115 859 1250 900 potentia
1264 857 1447 889 Macedonis
1462 857 1563 886 solici-

860 908 914 933 tat.
948 904 1024 932 Eam
1039 903 1133 943 igitur
1145 909 1176 933 et
1188 903 1285 942 ipsam
1301 911 1379 930 nunc
1391 900 1564 930 convellere

862 953 893 976 et
909 946 1090 976 labefactare
1108 952 1252 976 conatur:
1275 945 1368 984 idque
1383 944 1422 973 iis
1440 943 1565 973 rationi-

862 991 931 1025 bus,
946 1000 1020 1029 quas
1037 989 1144 1019 ordine
1159 990 1345 1020 videbimus.

904 1050 946 1055 -—
965 1033 1042 1062 ibid.
1065 1033 1153 1074 ἄξιον]
1188 1034 1324 1073 dignum,
1345 1031 1377 1060 id
1403 1036 1461 1066 est,
1490 1040 1563 1069 ope—

861 1086 903 1105 rze
921 1076 1062 1115 pretium.
1078 1075 1261 1115 ἐνθυμητέον,
1277 1072 1463 1113 ἐνθυμεῖσθαι
1478 1073 1544 1114 χςῆ.

903 1137 946 1142 —
961 1120 1035 1149 ibid.
1061 1117 1263 1160 ἐνθυμηθῆναι]
1282 1118 1486 1159 cogitationem
1505 1127 1566 1148 sus-

860 1173 964 1202 cipere.

904 1224 947 1229 -
962 1206 1038 1236 ibid.
1056 1209 1096 1237 τΞι
1112 1206 1292 1246 πράγματα]
1316 1205 1368 1234 Sic
1392 1203 1564 1233 ordinabis:

862 1248 887 1279 ἒν
902 1247 924 1289 ᾧ
941 1249 1079 1291 (scilicet
1095 1249 1192 1291 τόπῳ)
1215 1251 1255 1280 τὶ
1271 1249 1437 1288 ‘nquinat-ra
1455 1249 1496 1276 τὰ
1520 1253 1567 1276 Φι-

863 1292 980 1329 λίππου,
995 1291 1152 1324 καθέστηκε
1167 1292 1228 1323 νυνί.
1248 1303 1303 1333 qno
1323 1294 1354 1322 in
1371 1291 1429 1321 loco
1451 1292 1509 1320 sint
1525 1298 1569 1328 res

863 1336 1006 1376 Philippi,
1022 1338 1073 1377 qui
1086 1338 1123 1366 sit
1138 1342 1231 1366 status
1244 1337 1317 1373 ejus.

905 1398 947 1403 —-
961 1391 1031 1419 pen.
1047 1380 1110 1410 οὔτε
1121 1382 1176 1421 γᾶς
1190 1380 1224 1413 ὡς
1237 1378 1325 1418 δοκεῖ]
1350 1377 1487 1408 Primum
1501 1376 1568 1406 infi-

863 1423 993 1453 ciatione
1009 1424 1162 1463 proponit,
1177 1423 1353 1462 Philippum
1370 1432 1427 1451 non
1438 1431 1504 1451 esse
1520 1431 1568 1450 re-

863 1478 935 1496 vera
951 1472 1116 1505 potentem,
1132 1471 1185 1496 aut
1203 1467 1261 1495 hoc
1277 1471 1415 1504 tempore
1435 1464 1569 1493 fortuna·

863 1516 938 1546 tum,
960 1510 1014 1540 sed
1031 1510 1109 1539 falso
1125 1510 1227 1549 putari
1243 1509 1334 1538 talem
1353 1509 1390 1537 ab
1407 1507 1571 1546 imperitis.

864 1554 986 1584 Deinde
1002 1553 1169 1584 remotione
1186 1552 1318 1592 partium
1333 1551 1468 1591 idipsum
1489 1561 1572 1580 com-

863 1599 983 1637 probat.

907 1658 950 1663 -—
964 1640 1038 1670 ibid.
1053 1639 1111 1670 οἰδὲ
1125 1639 1193 1679 fig]
1221 1640 1325 1669 Verba
1342 1638 1387 1668 sic
1402 1634 1572 1668 ordinabis:

863 1686 903 1714 τὰ
919 1685 1088 1724 πράγματα
1103 1684 1188 1713 αὐτοῦ
1209 1683 1256 1712 οὐκ
1273 1682 1416 1722 εὖπςεπῶς
1432 1681 1572 1721 (scilieet

864 1726 943 1769 ἔχει)
960 1728 1013 1768 (ὡς
1025 1727 1107 1763 δοκεῖ,
1119 1726 1166 1755 καὶ
1180 1724 1276 1765 φήσειε
1289 1737 1334 1759 τις
1349 1724 1391 1760 ὲν,
1405 1725 1447 1763 μῆ
1462 1726 1572 1753 σκοπῶν

865 1770 1002 1810 ἀκριβῶς)
1027 1769 1086 1800 οὐδὲ
1110 1769 1226 1811 (οὕτως,
1241 1768 1360 1799 scilicet
1382 1766 1460 1808 ἔχει)
1483 1767 1519 1802 ὡς
1540 1766 1572 1796 ἃν

865 1813 926 1854 ἔχοι
947 1814 1111 1844 κάλλιστα.
1133 1823 1178 1842 res
1199 1814 1261 1852 ejus
1286 1823 1344 1842 non
1365 1812 1498 1841 decenter
1517 1810 1573 1850 (ut

866 1858 997 1891 videtur,
1009 1863 1037 1887 et
1051 1858 1143 1887 dicere
1155 1862 1241 1896 queat
1257 1856 1281 1885 is
1294 1856 1345 1896 qni
1359 1865 1418 1884 non
1434 1858 1575 1884 accurate

867 1900 1040 1939 inspexerit)
1056 1910 1143 1939 neque
1156 1901 1197 1928 ita
1210 1909 1236 1929 se
1249 1898 1365 1933 habent,
1376 1903 1412 1926 ut
1425 1897 1575 1933 haberent,

867 1944 892 1972 si
906 1948 994 1972 essent
1004 1943 1243 1981 praeclarissimae.
1281 1941 1437 1971 Potuisset
1448 1939 1574 1969 brevius

869 1986 990 2016 dicere:
1021 1987 1062 2015 τὰ
1083 1986 1252 2026 πράγματα
1280 1984 1368 2014 αὐτοῦ
1397 1981 1456 2014 οὔτ’
1479 1982 1575 2024 εὐπρε-

870 2031 950 2065 wig,
965 2030 1027 2060 οὔτε
1041 2028 1182 2059 κάλλιστ’
1195 2027 1268 2069 ἔχει,
1287 2029 1322 2061 ὡς
1337 2027 1419 2062 δοκεῖ,
1434 2031 1493 2056 etc.
1517 2031 1577 2056 sta-

870 2078 919 2102 tns
941 2082 1040 2103 rernm
1059 2074 1122 2112 ejus
1141 2083 1199 2101 non
1222 2077 1263 2101 est
1282 2070 1519 2110 pulcherrimus.-
1543 2074 1577 2099 ut

871 2115 982 2146 Cicero
993 2115 1081 2153 dicit,
1095 2120 1116 2134 ‘¹
1125 2116 1161 2145 In
1174 2119 1279 2144 senatu
1295 2113 1497 2154 pulcherrime
1508 2123 1576 2143 cum

871 2158 1057 2189 staremus.’'

914 2203 951 2232 P.
978 2205 1028 2234 24.
1052 2206 1083 2232 1.
1105 2200 1163 2232 οὔτ’
1185 2200 1220 2231 οἶν
1244 2199 1397 2243 ἐξήνεγκεν]
1423 2200 1451 2230 I.
1480 2199 1576 2240 Olyn-

871 2245 1003 2276 thiorum
1020 2245 1147 2275 rebellio
1160 2245 1326 2284 inopinata.

915 2306 959 2311 —
970 2289 1045 2319 ibid.
1062 2287 1210 2329 ἐξὲνεγκεν]
1227 2289 1264 2318 ab
1279 2287 1395 2328 ἐκφέρω.

914 2350 958 2355 --
972 2336 1000 2364 2.
1017 2332 1130 2372 τοῦτον]
1147 2332 1193 2361 τὸν
1206 2331 1397 2362 Ὀληνθιακόν.

915 2393 957 2399 ——
972 2377 1049 2406 ibid.
1081 2377 1218 2416 πολεμεῖν
1239 2374 1337 2416 αὐτὸν]
1368 2373 1497 2404 Scilicet
1532 2372 1577 2403 τὸν

874 2418 1010 2458 πόλεμον.
1029 2424 1116 2449 notus
1133 2418 1324 2448 Atticismus.

917 2480 960 2485 --
974 2463 1051 2493 ibid.
1067 2460 1160 2502 ᾠήθη]
1180 2463 1217 2491 ab
1233 2462 1338 2500 οἴομαι.

917 2524 960 2529 --
983 2508 1014 2536 3.
1048 2506 1083 2539 ὡς
1108 2503 1207 2544 ἐπιὼν]
1241 2511 1382 2544 tanquam
1404 2504 1447 2534 vel
1478 2504 1577 2534 statim

874 2559 1038 2590 aggressus,
1053 2549 1084 2578 id
1101 2553 1159 2583 est,
1175 2550 1252 2578 'l‘um
1270 2558 1337 2577 cum
1353 2547 1465 2577 bellum
1482 2547 1580 2576 susci-

875 2597 973 2631 peret,
999 2591 1139 2631 sperabat
1161 2603 1191 2622 se.
1214 2591 1311 2630 primo
1334 2591 1451 2630 impetu
1477 2590 1579 2620 conse-

874 2642 993 2665 cturum
1019 2645 1088 2665 esse
1112 2635 1229 2664 omniu:
1254 2645 1321 2673 quae
1345 2645 1417 2673 spes
1443 2645 1510 2664 eum
1537 2634 1579 2663 se-

874 2679 961 2708 fellit.
1006 2679 1078 2708 Hoc
1091 2678 1183 2718 igitur
1199 2677 1269 2716 quia
1281 2683 1392 2717 praeter
1408 2688 1492 2717 spem
1508 2687 1582 2705 eve-

875 2721 931 2757 nit,
954 2726 1011 2751 etc.
1038 2722 1173 2751 Possunt
1197 2721 1288 2751 etiam
1315 2722 1502 2761 (quanquam
1528 2719 1581 2748 ali-

877 2770 987 2803 quanto
1002 2764 1158 2805 coactius)
1174 2765 1268 2794 verba
1283 2764 1327 2794 sic
1343 2763 1496 2793 ordinari:
1514 2759 1584 2790 ἀλλ’

877 2807 1000 2848 ἤλπιζεν
1015 2807 1213 2847 ἀναιρήσεσθαι
1228 2808 1326 2837 πάντα
1342 2809 1381 2836 τὰ
1401 2806 1583 2844 πξάγματα,

878 2851 914 2885 ὡς
933 2851 1013 2886 τότε,
1035 2850 1129 2881 ἐπιών.
1151 2852 1284 2888 sperabut
1299 2851 1395 2879 omnia
1419 2859 1446 2878 se
1466 2850 1582 2887 negotia

878 2893 1081 2935 confecturum
1096 2905 1161 2930 esse,
1178 2902 1211 2924 ut
1229 2900 1303 2923 tunc
1324 2892 1470 2932 (scilicet,
1489 2901 1582 2929 quum

879 2938 1103 2976 Amphipolim,
1132 2938 1282 2977 Pydnam,
1313 2935 1490 2967 Pandarum,
1523 2938 1584 2963 etc.

881 2980 994 3021 cepit),
1009 2982 1101 3020 primo
1123 2982 1252 3019 impetn.-
1277 2979 1336 3013 vel,
1353 2987 1440 3017 quum
1455 2977 1583 3015 primum

882 3025 1039 3062 invasisset,
1061 3022 1263 3064 speratvitfore
1277 3027 1311 3051 ut
1330 3019 1465 3060 Olynthii
1487 3020 1585 3050 statim

885 3069 904 3097 ‘A
924 3077 943 3096 x
