1931 3322
294 206 377 248 AD
411 203 777 248 ORATIONEM
812 204 874 245 IN
907 204 1397 249 ARISTOCRATEM.

125 320 263 355 potestate
277 321 356 346 esset.

170 360 243 389 656.
249 360 280 398 6.
288 357 376 397 μηδὲν
385 357 478 398 εἴχετε
485 358 538 387 τῶν
546 355 641 386 ἄλλων
649 354 836 394 λογίσασθαι]

128 401 269 431 videatur
283 411 323 430 ex
340 401 517 439 insequente
533 400 687 439 opposito,
703 397 772 439 μηδ’
793 397 839 439 ἐφ’

129 444 206 482 ὑμῶν
215 444 306 474 αὐτῶν
315 442 401 474 οἷοί-τε
411 442 462 474 ’ἦτε
472 445 569 474 ταῦτα
579 444 708 478 συνιέναι,
720 446 836 472 senten-

126 486 199 516 tiam
205 487 293 526 hujus
300 487 426 516 membri
434 497 504 516 esse
513 492 656 526 oportere
664 487 739 515 hanc
748 495 754 514 ι
764 485 838 525 quod

124 531 150 559 si
163 538 253 568 neque
265 530 297 559 in
310 530 388 566 aliis,
396 539 445 560 seu
456 529 491 560 ab
503 530 629 560 aliorum
641 529 774 566 exemplis
786 529 839 558 ad-

125 573 240 606 moniti,
248 572 382 613 colligere
391 582 490 603 verum
499 578 526 603 et
536 577 646 603 rectum
655 573 779 611 possetis,
791 581 839 601 ue-

125 624 182 655 que
200 619 292 644 vestra
312 621 405 646 marte
421 616 548 654 reperire
567 621 652 655 atque
669 616 838 654 perspicere.

125 657 209 696 quod
219 658 245 687 si
257 658 300 688 ita
309 664 403 695 esset,
412 660 539 689 deberet
553 659 633 698 legi:
650 657 738 698 μηδὲν
751 655 842 699 εἴχετ’

125 699 174 731 ἐπὶ
188 702 244 730 τῶν
255 700 351 731 ἄλλων
364 701 555 740 λογίσασθαι.
574 706 780 731 verumtamen
795 701 841 730 in-

128 744 302 783 sequentia:
315 745 458 784 poteratis
470 744 566 776 saltim
579 745 615 774 ab
631 743 782 784 Olynthiis
794 754 841 773 ex-

127 787 252 826 emplum
263 792 374 826 petere:
391 799 448 818 non
461 789 614 828 patiuntur
627 788 702 817 hanc
721 792 840 816 senten-

127 829 201 860 tiam
220 840 239 860 ει
255 831 344 860 nobis
359 832 429 861 huic
445 832 513 860 loco
532 829 638 865 tribui,
662 830 717 860 sed
732 830 842 860 volunt

128 872 233 912 potins
248 883 318 903 eum
339 873 383 904 ita
401 874 510 914 accipi,
534 878 567 903 nt
588 873 685 903 dicat:
709 874 734 903 si
749 882 841 912 ‘neque

126 916 195 956 plus
210 916 277 946 aliis
293 919 439 956 saperetis,
454 927 544 957 neque
563 923 653 947 vestro
671 922 764 947 marte
783 916 842 946 haec

127 959 254 998 reperire
272 961 397 1000 possetis.
426 970 486 1000 quo
509 960 621 999 posito,
645 970 771 990 necesse
796 965 843 989 est

129 1002 211 1041 legi:
235 1002 258 1032 εἶ
271 1005 326 1043 γὰξ
341 1002 428 1043 μηδὲν
446 1003 541 1045 εἴχετε
562 1002 648 1032 πλέον
662 1003 713 1033 vel
734 1003 844 1042 ἄμεινον

128 1047 184 1074 τῶν
205 1044 302 1077 ἄλλων
324 1046 512 1085 λογίσασθαι.
540 1047 654 1086 populis
675 1047 700 1076 si
724 1047 843 1086 reliquis

129 1087 206 1119 nihil
215 1091 404 1127 praestaretis,
417 1089 527 1129 quibus
540 1089 664 1118 multum
676 1089 843 1128 praestatis,

129 1132 169 1161 ad
182 1131 411 1174 intelligentiam
425 1138 454 1164 et
455 1131 641 1174 facultatem
656 1133 770 1162 ratione
784 1133 842 1162 col-

129 1175 254 1216 ligendi.

173 1235 217 1240 —
232 1219 282 1247 13.
300 1217 384 1260 ἑλὼν]
401 1223 493 1258 capta
508 1217 646 1249 Potidaea
661 1222 745 1256 puta.

172 1279 217 1285 -—-
233 1262 283 1291 15.
299 1260 503 1303 ἐπεχείρησαν]
515 1262 637 1292 correxi
654 1259 842 1302 ἐπεχείρησεν.

132 1304 296 1344 Philippus
318 1315 356 1334 ne
381 1310 509 1335 conatus
530 1305 654 1344 quidem
682 1311 729 1334 est
756 1304 844 1334 aliter

130 1358 231 1387 agere,
256 1358 293 1377 ue
311 1348 342 1378 in
365 1354 494 1378 mentem
518 1348 640 1387 quidem
665 1348 723 1377 sibi
739 1348 844 1378 venire

130 1401 240 1430 passus
263 1396 312 1421 est
332 1392 524 1431 propositum
545 1392 614 1421 aliis
632 1391 732 1421 modis
748 1391 845 1431 Olyn-

132 1433 206 1464 thiis
221 1434 338 1464 utendi.
354 1435 467 1465 frustra
484 1434 621 1474 queritur
636 1435 728 1465 Wolf
738 1435 776 1464 de
792 1435 844 1464 ob·

132 1477 279 1507 scuritate
294 1478 384 1517 hujus
397 1478 551 1508 dictionis.

172 1536 216 1543 —
238 1522 292 1550 17.
322 1520 441 1564 πιστὸς]
464 1521 538 1552 dedi
560 1521 609 1551 καὶ
631 1519 736 1555 πιστὸς
756 1521 845 1551 etiam

124 1562 212 1604 fidus
225 1571 254 1595 et
265 1569 373 1594 certus.

174 1624 218 1629 --
233 1609 286 1639 2¹7.
299 1606 370 1637 ἀλλ’
381 1608 430 1639 οὐκ,
441 1607 573 1648 αἰσχρὸν]
588 1606 698 1637 inclusi
714 1606 845 1637 mediam

133 1660 242 1681 vocem
258 1651 359 1687 uncis,
372 1651 492 1681 tametsi
509 1650 661 1681 servanda
678 1661 715 1680 an
737 1651 846 1680 tollen-

133 1694 173 1723 da
187 1693 238 1730 sit,
252 1704 372 1724 mecum
386 1700 470 1724 certo
486 1694 672 1724 constituere
688 1704 846 1733 nequeam.

133 1736 239 1767 Habet
254 1737 333 1768 enim
346 1740 475 1777 utraque
490 1737 582 1773 ratio,
594 1747 654 1777 quo
671 1747 703 1767 se
716 1740 848 1767 tueatur.

177 1781 251 1811 657.
265 1784 295 1812 8.
318 1779 341 1810 εἰ
355 1780 561 1822 πολεμήσετε]
579 1780 700 1810 correxi
716 1780 738 1810 εἰ
756 1785 848 1810 πολε-

133 1822 276 1862 μήσεται,
290 1824 372 1864 quod
387 1824 470 1854 idem
485 1829 532 1854 est
547 1829 636 1863 atque
651 1821 849 1862 πολεμηθέσε-

135 1877 200 1903 ται,
224 1877 242 1897 e
271 1867 446 1906 conjectura
476 1877 555 1902 mea,
584 1867 779 1906 postmodum
810 1867 848 1895 ab

136 1911 316 1948 Angustam
331 1910 514 1940 confirmata.
528 1910 696 1949 respondet
712 1910 770 1939 hoc
786 1920 850 1939 me-

137 1952 198 1981 lius
211 1953 373 1992 praemisso
389 1952 603 1993 πολεμουμένης
617 1951 682 1992 μέν.

179 2013 224 2018 —-—
240 1999 290 2026 10.
306 1994 449 2036 διακόσια]
466 1996 587 2027 correxi
601 1994 760 2035 τριακόσια.
799 1994 851 2023 Sic

138 2039 312 2069 evidentius
329 2046 378 2069 est
399 2039 564 2069 discrimen
579 2042 670 2078 atque
689 2048 793 2077 pugna
808 2037 850 2066 in-

137 2086 186 2111 ter
199 2082 325 2122 triginta
340 2087 372 2112 et
387 2087 528 2118 trecenta,
541 2092 630 2122 quam
647 2081 726 2111 inter
743 2081 852 2122 trigin-

138 2129 168 2154 ta
185 2129 216 2154 et
230 2126 370 2155 ducenta.

181 2185 225 2191 —
240 2171 292 2199 12.
302 2170 344 2199 τὰ
358 2167 463 2208 πλείω]
481 2167 609 2198 subaudi
626 2166 791 2208 λαμβάνων.

179 2228 224 2234 -—
238 2213 291 2243 23.
308 2211 377 2252 γὰρ]
392 2211 495 2242 malim
511 2209 550 2241 δέ.

180 2272 223 2278 -—
239 2256 291 2285 25.
306 2253 398 2285 οὐδένα
413 2252 532 2285 πώποθ’
549 2252 628 2285 ὅντιν’
643 2253 688 2295 οὐ]
705 2256 753 2284 est
769 2252 850 2282 idem

138 2307 174 2328 ac
189 2297 215 2328 si
227 2297 373 2329 dixisset:
396 2296 487 2328 οὖδένα.
502 2298 621 2328 πώποτε
635 2295 714 2338 φίλον
727 2295 815 2338 εἶχον,
827 2294 852 2325 ὃν

139 2341 169 2370 οὗ
181 2341 348 2381 προῦδωκαν.

181 2401 226 2407 --
237 2386 289 2414 27.
313 2383 425 2425 φίλους]
438 2388 509 2423 post
524 2381 622 2423 φίλους
636 2384 745 2414 deesse
763 2382 852 2412 vide-

140 2430 191 2457 tur
205 2426 289 2468 ἔχειν.
313 2427 424 2458 deinde
442 2427 542 2457 malim
560 2426 594 2456 τὸ
614 2427 672 2456 hoc
692 2436 783 2457 versu
799 2426 853 2455 de-

138 2469 205 2500 leri.
233 2470 336 2510 aptius
358 2470 481 2500 videtur
507 2470 551 2500 sic
574 2469 714 2500 dicturus
737 2468 850 2499 fuisse:

140 2513 300 2553 λαμβάνειν
320 2515 455 2553 πολεμῶν
472 2531 515 2536 -
531 2517 564 2543 et
587 2514 629 2543 τὰ
651 2511 750 2550 πλείω,
767 2511 853 2554 (scil.

141 2555 316 2596 λαμβάνειν)
325 2555 403 2596 φίλος
417 2555 461 2586 ὢν.

154 2613 156 2615 ’
186 2601 262 2631 658.
277 2601 330 2630 15.
346 2596 555 2639 κατελάμβανε
570 2599 626 2632 τὰς
641 2596 757 2634 πόλεις,
769 2595 853 2630 ἠδίκει

142 2641 422 2685 μεθύων,ἒπαρρίνει]
438 2642 510 2672 nihil
521 2641 579 2672 h.l.
589 2641 658 2681 plns
670 2652 762 2672 ausus
776 2651 855 2677 sum,

143 2696 234 2726 quam
249 2690 284 2716 ut
299 2686 528 2716 distinctionem
542 2689 690 2714 mutarem
713 2685 752 2714 ad
774 2685 855 2714 hunc

143 2730 279 2766 modum,
289 2729 384 2765 ἦθίκει,
395 2728 513 2769 μεθύων
523 2726 663 2770 ἐπαρῴνει.
679 2731 709 2758 et
723 2728 768 2758 sic
779 2738 855 2767 quo-

145 2781 204 2812 que
217 2773 395 2803 distinctum
411 2773 442 2802 h.
455 2772 476 2802 l.
492 2772 523 2801 in
539 2773 720 2811 Augustano
743 2771 855 2811 reperi.

145 2820 177 2845 et
190 2816 293 2855 possit
308 2816 533 2856 quodammodo
549 2815 594 2845 sic
606 2814 689 2844 ferri.
714 2824 772 2854 ego
783 2824 856 2844 vere

144 2858 341 2901 nihilominus
354 2863 455 2890 tamen
470 2858 572 2888 locum
596 2857 641 2888 sic
661 2862 856 2896 pers-anatum

146 2902 375 2932 non-existimo.
402 2903 438 2932 ln
457 2903 637 2941 Angustano
653 2901 783 2940 aliisque
798 2910 856 2930 non

146 2948 195 2975 est
208 2945 264 2979 τᾶς
275 2944 385 2982 πόλεις,
399 2944 455 2976 sed
468 2945 518 2975 τὴν
529 2943 626 2974 πόλιν.
643 2944 787 2973 videntur
796 2953 858 2973 am-

146 2987 348 3020 baeteetiones
355 2987 536 3028 copulandae
546 2991 577 3018 et
588 2987 676 3017 locus
687 2987 732 3017 sic
744 2987 859 3017 consti-

146 3030 294 3064 tuendus:
306 3029 514 3072 κατιλᾶμςανε
523 3032 579 3066 τὰς
587 3029 692 3067 πόλεις,
701 3030 859 3069 occupabat

1492 207 1570 249 157

871 312 954 342 urbes
968 311 1090 342 Graecz'ae
1112 313 1145 342 in
1169 313 1365 345 Cher'rhoneso
1386 315 1450 356 (vel
1474 315 1577 355 potius

871 355 899 384 in
924 353 1015 394 Asia)
1034 355 1116 390 sitas,
1139 355 1186 395 (v.
1202 366 1233 394 p.
1251 359 1326 387 671.
1347 360 1377 388 8.
1403 358 1456 388 ubi
1483 359 1574 388 urbes

871 398 940 428 illas
955 397 1106 437 nominat)
1121 399 1171 428 τὴν
1182 398 1269 428 πάλιν
1285 399 1378 436 ἦδίκει,
1399 401 1510 436 urbem,
1523 412 1577 430 no·

873 447 964 470 stram
980 445 1066 480 puta,
1083 441 1230 476 Athenas,
1246 443 1364 480 injuriis
1379 445 1507 481 vexabat,
1522 455 1575 483 με·

872 483 938 514 Θόων
947 482 1095 524 ἐπαρῴνει,
1110 493 1161 523 per
1172 485 1371 513 temulentiam
1383 487 1580 523 insolescebat,

874 528 1018 567 modisque
1040 527 1138 557 stultis
1163 533 1190 557 et
1219 528 1351 567 indignis
1374 528 1577 566 importunum

872 577 958 610 utque
974 576 1138 609 proteo-vum
1157 580 1210 600 sese
1223 572 1351 611 gerebat.

914 631 958 636 —
973 623 1043 652 pen.
1063 613 1110 643 καὶ
1135 612 1164 643 ἢν
1190 611 1235 642 δ’τε
1263 613 1377 654 πᾶσαν]
1401 613 1504 643 delevi
1532 615 1579 645 δ’τε

869 657 939 695 jure
955 666 1035 686 meo.
1057 667 1124 686 nam
1148 656 1273 686 codices
1296 657 1345 686 bic
1368 657 1582 687 adversantur.

875 700 1067 730 Constructio
1079 700 1197 730 esthaec
1209 711 1214 729 :
1227 699 1275 729 καὶ
1284 699 1401 735 ταύτην,
1412 700 1441 729 ἓν
1453 698 1581 739 πέμψας

874 742 1015 782 -ἐξεῖλε
1041 745 1082 773 τοὶ
1109 741 1200 783 χωρία
1225 743 1312 782 ὑμῶν.
1335 744 1454 773 recitari
1472 744 1584 781 jubebo

874 787 950 816 robis
966 794 993 815 et
1009 786 1092 816 illam
1108 787 1205 826 Cotyis
1219 786 1379 824 epistolam,
1389 796 1475 826 quam
1486 787 1585 818 ad'vos

874 836 938 859 tum
953 831 1043 864 misit,
1061 839 1150 870 quum
1162 829 1336 870 Miltocydes
1350 841 1368 859 a
1384 839 1411 858 se
1422 828 1586 870 defecisset,

874 878 902 902 et
924 873 1008 902 istam
1027 872 1164 908 alteram,
1180 883 1280 912 quam,
1302 877 1360 902 toto
1377 872 1465 912 Cotys
1478 875 1587 912 potitus

874 917 1004 954 imperio,
1018 916 1058 945 acl
1076 915 1293 946 Timomachum
1308 916 1385 945 misit
1396 926 1406 952 ,-
1430 927 1486 956 qno
1495 915 1586 957 facta

875 965 974 989 vestrae
983 960 1102 989 ditionis
1111 959 1173 988 loca
1185 960 1260 989 vobis
1270 960 1380 999 eripuit
1393 959 1454 989 alia
1463 970 1495 989 ex
1507 960 1586 990 aliis.

878 1001 963 1031 Binoe
979 1002 1082 1041 itaque
1103 1003 1200 1032 literae
1216 1002 1325 1042 Cotyis
1348 1012 1587 1032 commemoran-

877 1050 936 1074 tur.
958 1046 1036 1075 unde
1052 1050 1172 1075 constat
1187 1056 1218 1085 p.
1235 1047 1307 1076 659.
1325 1049 1355 1075 1.
1377 1044 1532 1076 ἐπιστολαὶ
1554 1046 1585 1076 in

877 1098 1001 1118 numero
1016 1089 1129 1127 plurali
1145 1098 1212 1119 esse
1228 1089 1400 1127 legendum.

921 1133 995 1162 659.
1012 1133 1042 1162 3.
1059 1131 1092 1161 ἂν
1103 1130 1166 1170 ἐμοὶ
1182 1131 1342 1173 πεισθῆτε]
1361 1132 1421 1168 vel,
1439 1132 1519 1170 quod
1533 1132 1585 1162 alii

878 1175 1003 1204 codices
1017 1175 1102 1210 dant,
1119 1175 1150 1204 Ξιν
1165 1173 1229 1214 ἐμοὶ
1246 1174 1397 1210 πείθησθε,
1412 1176 1479 1204 loco
1505 1180 1588 1206 stant

877 1227 937 1247 non
961 1227 1029 1254 suo,
1043 1219 1159 1248 rectius
1176 1228 1265 1248 versu
1281 1222 1310 1251 6,
1330 1224 1398 1258 post
1423 1217 1517 1248 ἐκείνην
1537 1220 1586 1249 τὴν

878 1259 985 1291 πενία-τιν
1007 1261 1168 1291 stationem
1190 1266 1344 1295 tueantur,
1367 1266 1399 1291 ut
1428 1262 1467 1291 sit
1492 1260 1588 1292 ἐκείνην

878 1305 927 1334 τὴν
948 1302 1058 1340 πίε-τιν,
1086 1305 1119 1335 ἂν
1140 1303 1204 1343 ἐμοὶ
1232 1303 1382 1340 πείθησθε,
1411 1304 1585 1337 Βουλίισεσθε

878 1346 963 1388 ἔχειν.
991 1347 1163 1378 cautionem
1187 1348 1269 1378 illam
1296 1348 1339 1389 (si
1364 1358 1438 1377 meae
1463 1348 1587 1387 quidem

879 1391 1053 1421 auctoritati
1075 1392 1133 1421 hoc
1155 1392 1316 1432 deferetis)
1336 1392 1462 1432 erigetis.
1507 1391 1587 1421 Illuc

878 1434 1013 1473 quidem,
1037 1434 1062 1464 si
1079 1434 1289 1464 transferenda
1315 1445 1373 1464 non
1399 1435 1470 1469 sint,
1495 1435 1587 1464 nolim

880 1477 960 1506 enim
969 1478 1112 1517 equidem
1127 1479 1215 1516 hujus
1226 1478 1380 1508 violentiae
1392 1483 1498 1507 auctor
1510 1478 1588 1513 fieri,

880 1520 972 1550 tacite
991 1527 1091 1552 tamen
1117 1531 1133 1551 a
1156 1521 1286 1560 legentis
1310 1522 1459 1561 cujusque
1487 1528 1588 1552 mente

879 1565 1058 1594 referentur.

922 1625 963 1629 —
981 1610 1009 1638 6.
1026 1606 1206 1641 Βουλῆσεσθε
1231 1606 1321 1649 ἔχειν]
1347 1607 1502 1647 probabile
1524 1608 1557 1637 fit
1572 1619 1590 1638 e

881 1661 911 1679 v.
927 1651 980 1681 15.
1004 1655 1154 1680 oratorem
1178 1651 1303 1680 dedisse
1330 1649 1500 1681 ξουλῆο-εσθε
1523 1650 1591 1691 argit,-

880 1692 927 1722 τὸν
942 1693 1039 1733 Θρᾷκα
1062 1693 1145 1735 ἔχειν.
1189 1695 1335 1724 Profecto
1358 1695 1415 1724 nisi
1440 1694 1590 1724 addantur

881 1737 940 1767 ista
965 1738 1067 1773 ven-ha,
1091 1737 1183 1767 tacita
1206 1737 1304 1767 saltim
1331 1737 1515 1777 cogitatione
1536 1737 1590 1767 ad-

876 1780 964 1819 jungi
982 1781 1155 1810 consultum
1172 1779 1222 1810 sit.

924 1841 967 1845 —-
983 1825 1035 1853 ⁶27.
1051 1823 1167 1864 Αἰνίους]
1190 1824 1274 1853 Citat
1295 1825 1323 1853 h.
1339 1823 1360 1853 l.
1386 1824 1541 1862 Harpocr.
1559 1834 1589 1853 v,

885 1867 1008 1903 Αἶνείους,
1023 1867 1074 1896 ubi
1091 1877 1146 1907 per
1163 1868 1315 1897 memoriae
1333 1867 1448 1907 lapsum
1462 1877 1505 1896 or.
1522 1878 1593 1896 con-

883 1915 929 1939 tra
944 1910 1148 1940 Timocratem
1162 1911 1285 1949 allegat,
1297 1921 1353 1949 pro
1370 1910 1593 1947 Aristocratea,

884 1952 914 1981 id
931 1954 1012 1990 quod
1027 1954 1090 1992 jam
1106 1954 1247 1982 Valesius
1265 1953 1430 1982 annotavit.

928 1997 1003 2026 660.
1018 1998 1049 2026 3.
1067 1994 1259 2037 Ἀλέξανδρον]
1282 1996 1364 2025 Citat
1388 1996 1417 2025 h.
1430 1995 1451 2025 l.
1470 1995 1592 2035 Harpo-

884 2043 960 2067 crat.
974 2049 1004 2068 v.
1014 2037 1202 2080 Ἀλέξανδςος.
1227 2039 1277 2068 ubi
1291 2049 1388 2078 pauca
1402 2039 1591 2068 solummodo

884 2081 1022 2120 quaedam
1040 2082 1109 2112 hinc
1125 2084 1223 2117 affert,
1239 2088 1348 2112 caetera
1365 2083 1403 2112 de
1419 2093 1474 2111 suo
1497 2083 1593 2112 addit.

926 2142 971 2146 —
987 2127 1036 2154 10.
1052 2125 1185 2164 ἀσφαλὲς
1200 2125 1232 2155 ἂν
1245 2123 1275 2155 *riv
1287 2124 1336 2165 τὸ]
1353 2125 1470 2155 correxi
1492 2126 1592 2164 ἄσφα-

885 2166 934 2201 λὲς
947 2165 978 2197 ’ἦν
993 2179 1034 2207 τῳ
1052 2168 1239 2210 [enclitice],
1257 2167 1473 2209 tutmnfnisset
1489 2169 1595 2198 alicui.

927 2227 971 2233 -
989 2214 1037 2242 13.
1054 2210 1196 2253 Ἀργαῖον]
1215 2212 1297 2243 Citat
1313 2213 1342 2241 Ιι.
1354 2213 1375 2242 Ι.
1395 2213 1546 2251 Harpocr.
1561 2223 1593 2242 v.

885 2252 1026 2294 Ἀργαῖος.

927 2315 971 2320 -
987 2300 1038 2329 15.
1056 2297 1168 2339 αἰετοῖς]
1184 2297 1266 2327 redit
1282 2298 1319 2327 ad
1339 2297 1468 2329 ἀπέδωκε
1485 2298 1594 2329 πάντα.

885 2341 982 2371 omnia
997 2341 1067 2380 ipsis
1079 2342 1219 2377 reddidit,
1229 2351 1292 2381 quoe
1307 2343 1476 2371 amisissent.

928 2401 972 2408 —-
988 2387 1040 2415 18.
1056 2384 1176 2426 τούτων]
1201 2395 1269 2424 quae
1293 2385 1499 2414 Aristocrates
1521 2388 1595 2424 puta

886 2427 1068 2458 Charidemo
1090 2438 1168 2458 nunc
1191 2438 1209 2457 a
1229 2428 1318 2458 vobis
1340 2428 1502 2467 impetrare
1519 2428 1596 2458 vult.

887 2470 933 2500 sic
948 2481 1069 2510 quoque
1085 2482 1116 2510 p.
1134 2473 1207 2504 661.
1223 2473 1252 2500 Ξ.

930 2532 972 2537 ——
987 2524 1058 2553 peu.
1074 2513 1108 2544 τὸ
1123 2516 1207 2545 ποιεῖν
1221 2513 1320 2553 ἐξεῖναι
1335 2515 1434 2544 ταῦτα
1451 2515 1595 2556 κωλῦσαι]

887 2557 977 2597 paulo
989 2557 1162 2587 intricatior
1172 2559 1334 2588 verborum
1345 2558 1518 2591 collocatio,
1531 2568 1598 2596 quae

889 2600 934 2630 sic
949 2600 1064 2630 debent
1080 2601 1233 2631 construi:
1256 2602 1331 2631 ὥστε
1347 2601 1449 2635 αὐτοὺς
1470 2602 1599 2630 κωλῦσαι

888 2642 1001 2678 ἑαυτοῖς
1017 2642 1050 2673 τό
1064 2642 1162 2683 ἐξεῖναι
1176 2646 1261 2674 ποιεῖν
1272 2645 1382 2674 ταῦτα.
1404 2651 1439 2675 ut
1450 2646 1504 2683 ipsi
1515 2650 1599 2674 semet

888 2687 1060 2725 impediant,
1079 2689 1233 2728 quominus
1245 2688 1298 2718 sibi
1313 2688 1397 2718 liceat
1416 2686 1599 2728 hofcfucere,

887 2730 918 2759 b.
933 2740 960 2759 e.
977 2735 1012 2759 ut
1027 2730 1088 2770 ipsi
1105 2731 1165 2761 sibi
1182 2732 1316 2771 eripiant
1336 2731 1511 2761 facultatem
1532 2731 1599 2760 haec

889 2773 1031 2803 faciendi.

932 2815 1063 2846 —ibid.
1085 2815 1155 2846 ἀλλ’
1177 2816 1247 2859 ἄχρι
1270 2816 1386 2859 τούτου]
1414 2823 1599 2856 postremam

891 2869 999 2889 vocem
1015 2859 1109 2890 minui
1125 2860 1222 2900 prima
1240 2861 1368 2900 syllaba,
1392 2870 1458 2889 mea
1481 2863 1601 2898 sponte.

890 2902 938 2932 sed
951 2903 1175 2942 quadamtenus.
1189 2904 1236 2934 sed
1249 2904 1348 2943 aliquo
1362 2912 1462 2943 usque.
1487 2914 1537 2931 του
1552 2902 1601 2932 hic

891 2950 939 2976 est
954 2945 1141 2976 encliticum.

935 3007 978 3012 -—
988 2989 1043 3019 ult.
1056 2989 1205 3029 μηδέτεξον
1216 2991 1272 3019 τῶν
1282 2988 1392 3029 καιρῶν]
1411 2986 1532 3017 correxi
1544 2999 1603 3026 μη-

893 3031 1002 3072 strigon
1013 3031 1058 3062 τὸν
1068 3032 1166 3073 καιρόν.
1178 3033 1311 3061 neutrius
1323 3032 1374 3066 rei,
1383 3042 1480 3072 neque
1491 3030 1606 3061 amoris
