1931 3323
338 200 421 240 434

339 317 408 337 rum
432 310 605 350 occupavit.
651 313 743 351 Quod
762 283 925 354 Philippus
950 318 983 343 ut
1006 313 1058 342 de·

340 350 491 387 tenderet,
507 355 583 384 hano
598 365 677 385 nunc
699 356 798 386 voluit
818 356 919 396 legem
936 355 1059 391 sanciri,

341 394 420 424 utin
439 396 645 427 Macedonia
638 400 729 437 injus
742 406 926 430 vocarentur
943 409 1058 429 merca·

341 442 425 468 tores
441 440 634 470 Macedonici
648 444 685 471 ab
697 442 951 476 Atheniensibus,
957 443 1056 471 Athe-

328 480 389 511 .nis
404 482 610 514 Athenienses
627 495 643 513 a
662 486 894 515 Macedonibus,
912 485 1046 515 VVmsx.

385 542 406 547 -
415 529 489 559 ,.12
504 526 721 568 ὁμολογούμενον
731 547 771 551 -
783 529 991 570 καταστῆσαι]
1004 528 1057 558 Ci-

339 571 385 597 tat
399 569 534 599 Thomas
550 571 594 600 Μ.
613 581 643 608 p.
657 573 730 602 819.
746 574 810 602 Scn
820 583 943 602 AEFER.

386 613 516 643 P.168.
546 617 575 643 1.
605 613 840 656 βεβαιώσασθαι]
882 617 950 645 Non
979 615 1059 645 vidit

342 654 500 691 Reiskius,
517 657 638 687 sublata
654 664 726 697 post
741 656 971 688 Gsssazwnweaa'
965 665 1056 688 inter-

338 699 518 749 punctione,
546 702 704 739 jungenda
727 712 794 731 esse
814 702 909 731 verba
933 700 975 731 δ’τι
1000 699 1059 731 οὔτ’

337 739 490 779 ἐγκαλεῖτε
507 744 587 774 αὖτε.)
601 745 805 784 τάδικήματα.
840 744 965 773 Dicitur
977 744 1056 774 enim

339 782 472 822 ἐγκαλεῖν
491 785 545 816 τινί
560 799 601 822 τι,
619 798 648 817 v.
665 798 691 816 e.
711 789 749 817 de
766 788 843 817 male
861 792 947 826 gesta
963 787 1057 826 legat.

338 837 370 867 p.
401 830 464 859 352
503 832 554 860 29
579 830 609 859 in
639 832 738 860 Boeot.
766 832 805 861 de
833 831 905 861 dote
933 837 1003 860 inat.
1028 842 1058 870 p.

340 874 437 902 1014.
455 850 484 902 9.
511 873 559 902 ed.
576 873 681 903 Reisk.
700 874 831 905 Wmsx.
877 874 960 904 Add.
978 885 1008 904 v.

338 915 408 945 Jam
435 915 543 945 Wolfii
570 916 720 946 scholium
746 922 868 957 poterat
894 888 1057 948 Reiskiuni

332 957 369 998 ,5¹¹
387 963 499 988 rectam
516 959 595 989 viam
608 960 731 990 ducere.
758 961 806 990 De
821 961 1000 991 discrimine
1014 962 1061 991 in-

338 1005 386 1030 ter
402 1002 537 1031 medium
552 1002 774 1035 βεβαιώσασθαι
788 1005 817 1035 h.
836 1005 856 1034 l.
876 1010 907 1035 et
922 1005 1059 1035 activum

339 1042 493 1076 Βεβαιοῦτε
526 1057 555 1086 p.
591 1048 1057 1079 167.15.v.1nd.Graecit.

336 1085 537 1119 senui-m.

382 1148 424 1154 —
441 1134 471 1162 8.
496 1131 543 1172 ἐφ’
558 1134 627 1173 ἡμῖν
649 1135 704 1175 γὰρ
724 1141 752 1165 ἠν
769 1136 782 1166 ἦ
798 1134 968 1177 Μακεδονία]
994 1136 1058 1167 Au-

339 1183 452 1211 gerus:
480 1175 556 1206 Nam
577 1183 680 1208 nostrae
702 1182 840 1217 potestati
859 1180 978 1209 subdita
994 1187 1058 1210 erat

339 1216 530 1250 Macedonia.
576 1222 756 1261 Perperam,
795 1234 894 1263 neque
927 1224 966 1253 de
1005 1224 1056 1253 tali

337 1260 594 1294 Atheniensium
588 1275 616 1294 in
631 1266 870 1296 Macedoniam
865 1267 993 1305 imperio
1006 1278 1057 1297 co·

338 1303 509 1343 gitandum‚
533 1309 557 1337 si
581 1319 685 1339 verum
711 1315 758 1339 est
780 1311 958 1346 discrimen,
975 1312 1056 1349 quod

337 1346 422 1378 inter
443 1349 512 1380 εῖναι
535 1350 583 1382 ἐπί
609 1364 660 1382 τινι
689 1359 719 1382 et
746 1352 813 1383 εἶναι
838 1353 892 1384 ὑπό
915 1366 968 1384 τινι
988 1365 1057 1384 esse

339 1392 407 1421 vult
431 1394 567 1424 Orellius
592 1397 629 1425 ad
656 1397 1046 1437 Ιε(1(11.11.π.τ.ἆ.ντιδ.ρ

338 1434 414 1465 300.
431 1438 502 1467 coll.
522 1449 551 1478 p.
566 1441 639 1470 305.
659 1441 708 1470 ubl
723 1441 922 1471 noster-locus
934 1442 1059 1477 citatur,

337 1484 409 1518 post
426 1480 572 1520 illumque
589 1485 742 1522 Spohnius
759 1485 797 1514 ad
814 1485 845 1514 Ι
840 1487 1058 1515 ocrat.P‹-1ne

340 1531 409 1560 gyr-
431 1534 462 1562 p.
489 1527 542 1556 79.
567 1527 616 1556 cui
640 1528 807 1557 assentitur
829 1528 992 1558 Weiskius
1018 1528 1057 1558 de

340 1564 482 1605 Hyper.b
502 1569 528 1598 I.
549 1580 581 1608 p.
604 1573 656 1600 21.
684 1571 781 1600 Mihi
798 1572 921 1611 quidem
940 1582 988 1601 res
1005 1582 1058 1611 pa-

339 1618 406 1638 rum
421 1610 527 1649 liquet,
546 1623 600 1642 nec
616 1613 747 1643 sortasse
765 1615 834 1644 aliis
851 1615 994 1653 liquebit,
1007 1615 1057 1653 qui

339 1654 525 1684 contulerint
540 1657 827 1705 *Demosthenieap
844 1660 897 1689 35.
914 1661 944 1688 7.
962 1659 1059 1688 omni-

338 1705 440 1735 noque
458 1699 652 1728 meminerint
665 1700 924 1739 vaniloquentiam
938 1701 1059 1730 illorum

340 1746 507 1770 oratorum.
554 1743 623 1771 Hoc
646 1743 720 1771 satis
737 1750 866 1778 eertum,
882 1744 1058 1773 citeriorem

340 1782 538 1814 Graecitatetn
576 1786 651 1814 illud
689 1785 854 1816 discrimen
890 1786 1060 1826 ignorasse.

343 1826 479 1856 Galenus
501 1833 519 1857 t.
546 1829 584 1857 V.
605 1839 636 1867 p.
660 1831 732 1860 836.
760 1830 819 1859 ed.-
836 1829 922 1882 Lips.
947 1829 990 1859 ἵνα
1006 1832 1060 1869 γὰρ

340 1870 420 1909 μήτε
441 1869 488 1900 ἐπὶ
511 1872 571 1904 τοῖς
592 1871 737 1912 πολεμίοις
759 1870 847 1912 ώμεν,
871 1873 885 1903 ἢ
907 1871 978 1906 ἕλους
1001 1874 1061 1907 τοῖς

341 1924 421 1944 πονη
411 1915 463 1954 ξοῖς
493 1914 665 1963 ἀνθρώποις,
690 1928 755 1954 μητ
791 1915 839 1946 ἐπι
870 1917 932 1950 τοῖς
957 1914 1060 1956 Θηξίοις,

342 1956 430 1990 οἰκίας
445 1967 477 1986 τε
495 1959 541 1987 καὶ
562 1945 658 1993 πόλεις
674 1958 934 1999 οἶκοδομησάμεθα..
952 1961 1060 1990 IDEM.

386 2019 431 2025 -—-
448 2004 478 2032 9.
498 2001 546 2031 καὶ
564 2002 658 2041 φόρους
674 2004 741 2041 ἡμῖν
756 2003 848 2044 ἔφερε]
868 2004 906 2032 V.
923 2003 1062 2034 Boeckh.

344 2046 384 2076 de
401 2046 513 2075 OEcon.
538 2047 626 2084 polit.
649 2047 827 2077 Atheniens.
850 2053 874 2077 t.
889 2048 915 2077 1.
937 2058 967 2086 p.
987 2049 1061 2079 443.

344 2089 417 2119 coll.
437 2089 560 2119 Weisk.
576 2090 615 2118 de
638 2090 782 2130 Hyperb.
800 2092 827 2120 1.
847 2101 878 2130 p.
897 2093 949 2121 20.
974 2101 998 2120 s.
1011 2089 1062 2129 φό-

341 2144 400 2173 ρους
420 2132 472 2171 qui
497 2132 557 2161 alio
579 2143 668 2172 quam
693 2133 820 2174 proprio
836 2145 929 2164 sensu
947 2134 1062 2165 intelli-

343 2181 430 2216 gunt,
448 2175 592 2205 videntur
608 2188 720 2206 errare.
737 2179 845 2209 IDEM.

389 2222 466 2250 -2
471 2223 499 2249 2.
516 2217 564 2258 ὑφ’
575 2220 668 2262 ἡμῶν]
688 2222 770 2261 Lege
787 2233 826 2252 ex
843 2221 1062 2260 aliquoteodd.

342 2263 432 2301 ὑμῶν.
458 2263 503 2292 Ea
520 2263 599 2292 enim
614 2274 745 2302 persona
762 2270 793 2295 et
809 2266 837 2294 in
855 2265 1065 2295 antecedenti-

344 2306 404 2336 bus
420 2311 452 2336 et
475 2307 504 2336 in
525 2307 726 2346 sequentibus
746 2308 919 2338 adhibetur.
964 2309 1016 2338 Sic
1033 2313 1066 2339 et

345 2360 378 2388 p.
402 2351 475 2380 169.
497 2350 529 2380 5.
554 2350 656 2380 malim
676 2351 828 2391 ὑμετέρων,
852 2356 885 2381 ut
906 2356 972 2381 erat
988 2363 1017 2382 v.
1031 2353 1063 2383 3.

348 2394 427 2423 Haec
457 2393 487 2422 in
516 2393 602 2424 libris
633 2404 707 2425 mss.
734 2396 980 2432 confunduntur,
1008 2406 1064 2426 nec

347 2437 476 2466 mirum:
501 2443 638 2467 oratores
666 2438 745 2468 enim
773 2440 812 2469 de
839 2439 997 2479 republica
1018 2439 1064 2468 lo-

348 2484 476 2518 quentes
487 2480 660 2519 prorniscue
672 2482 820 2513 alterutra
834 2493 965 2522 persona
975 2487 1064 2513 utun-

348 2528 407 2552 tur.
454 2524 557 2561 Quare
578 2525 709 2563 primum
726 2526 829 2557 vicina.
846 2530 918 2556 sunt
936 2525 1066 2556 circum-

349 2565 522 2605 spicienda,
545 2567 670 2602 deinde,
691 2569 721 2599 in
747 2569 794 2599 his
818 2570 844 2599 si
862 2569 904 2599 nil
921 2570 1067 2600 momenti

350 2613 411 2644 est,
429 2610 571 2640 codicum
593 2612 775 2642 anctoritate
792 2613 944 2643 standum.
956 2614 1017 2643 lta
1033 2624 1065 2654 p.

351 2654 426 2692 172.
443 2655 494 2683 ⁴20.
521 2653 591 2693 lege
616 2653 755 2695 ἡμετέραν
779 2658 818 2686 ob
843 2656 959 2693 vicina,'
985 2662 1017 2686 et
1035 2668 1066 2696 p.

350 2688 423 2726 174.
440 2698 471 2725 7.
485 2697 696 2736 ἦμῶνοοοᾱό.
711 2699 844 2730 vasx.
861 2700 940 2739 ὑμῶν
954 2700 1068 2740 Anger.

349 2739 460 2770 Recte.
476 2741 675 2771 Sentinum.

344 2799 355 2809 -,
396 2783 434 2812 Ρ.
457 2785 530 2814 169.
553 2785 584 2814 2.
608 2781 660 2824 ἀφ’
677 2783 771 2826 ὑμῶν]
803 2786 886 2825 Lege
909 2786 1068 2826 ἀφιστάναι

351 2827 441 2865 ὑμῶν,
467 2827 570 2857 deleta
599 2828 833 2867 praepositione,
865 2839 956 2868 quam
985 2840 1068 2860 coin-

349 2870 455 2908 plures
497 2870 589 2900 codd.
633 2870 734 2910 iique—
760 2872 869 2911 optimi
912 2872 1067 2903 omittunt.

348 2912 504 2943 Πειεε..
585 2931 587 2936 .

392 2967 433 2979 —'
450 2956 526 2986 ibid.
544 2958 586 2995 μὴ
601 2956 850 2998 μόνον-Θάσον]
883 2959 992 2988 Lectio
1014 2969 1067 2999 ap-

347 3000 441 3038 pond
460 3000 597 3029 Francus.
614 3005 644 3030 et
660 3000 735 3032 Ald.
753 3002 841 3040 Tayl.
859 3012 898 3031 ex
917 3002 1068 3041 interpre-

345 3049 363 3071 1.·
359 3059 403 3071 .....
409 3049 467 3072 ι31111
471 3056 478 3071 1
497 3049 564 3072 nata
582 3047 744 3074 est.1'ro
760 3044 800 3074 τὰ
816 3045 897 3084 αὐτῷ’
912 3045 979 3085 iege
994 3045 1065 3076 ταῦ·-

554 203 805 244 WEISKH
848 204 920 245 ET
964 204 1309 246 SCHAEFERI
1347 204 1607 247 ANNOTT.

1093 313 1133 342 τὰ
1150 311 1239 352 aim-qi.
1253 313 1359 343 IDEM.

1136 346 1266 385 -ibid.
1291 367 1356 389 τους
1376 355 1506 396 φυγάδας
1520 367 1587 390 τους
1607 353 1675 395 παρ’
1689 353 1807 395 ἑαυτοῦ]

1094 399 1158 428 Pro
1177 411 1243 434 τους
1258 398 1324 439 παρ’
1340 399 1440 429 ἑαυτοῦ
1457 410 1571 440 repone
1593 409 1610 428 e
1626 398 1694 428 cod.
1717 397 1808 428 Harl.

1086 453 1158 479 frovq
1182 441 1249 481 'trag'
1272 442 1362 482 αὐτῷ.
1381 443 1515 481 Wmsx.
1547 441 1712 472 Genitivus
1729 441 1809 471 bene

1093 484 1193 514 habet.
1213 486 1250 515 V.
1265 491 1328 515 not.
1346 486 1384 515 ad
1400 496 1431 524 p.
1451 488 1503 517 13.
1522 488 1574 516 17.
1589 486 1797 523 Senianum.

1133 530 1225 559 —3.
1254 528 1493 570 διακεκομικὲναι]
1520 530 1636 559 Sensus
1662 533 1725 558 est:
1750 536 1810 557 ‘non

1092 569 1145 601 hnc
1164 573 1233 601 satis
1255 571 1351 611 habet,
1377 582 1405 602 se
1421 573 1529 602 exsules
1550 572 1734 607 Th'ast'ornm,
1759 571 1810 611 qui

1091 615 1173 653 apud
1197 616 1292 653 ipsum
1314 616 1347 644 in
1365 615 1541 645 Macedonia
1552 614 1696 656 fuerant,
1710 616 1809 653 inpa—

1091 659 1179 687 triam
1197 659 1353 694 reduxisse,
1368 659 1441 688 sed'
1425 670 1489 697 yum
1505 660 1588 698 cupit
1602 663 1709 688 ceteras
1719 659 1809 687 etiam

1092 701 1206 731 insulas
1220 711 1278 732 sure
1291 703 1424 739 potestati
1436 703 1586 745 subjicere.
1617 702 1700 731 Hinc
1715 705 1810 741 patet,

1093 754 1149 773 cur
1169 745 1372 783 praeteritum
1379 742 1603 786 διοιὴεκομικὲνοιι
1618 744 1812 780 adhibeatur,

1093 787 1209 826 quippe
1230 788 1259 817 in
1284 798 1316 817 re
1335 789 1505 827 praeterita,
1524 799 1581 818 non
1599 799 1732 828 praesens
1749 788 1811 817 Rea*—

1092 830 1231 871 κομίζεινῑ
1254 830 1284 859 id
1302 833 1382 870 quod
1400 833 1476 861 adeo
1493 831 1620 861 vexavit
1639 831 1811 867 Reiskium,

1094 880 1128 903 ut
1145 875 1220 904 mira
1242 874 1371 904 andacia
1389 874 1569 915 διακεκόμικε
1593 874 1757 914 legendum
1780 879 1812 904 et

1093 922 1164 955 post
1190 917 1286 952 νήσους
1314 918 1488 948 addendum
1519 916 1630 957 ἐλπίζει
1657 918 1812 948 suaderet.

1093 961 1189 1000 ,Jungi
1211 967 1313 990 antem
1343 961 1439 991 debet.
1463 960 1650 1000 ἀξιῶν-μὴ
1676 959 1809 1001 μόνον-

1093 1003 1367 1045 διακεκομικένοιι-
1379 1028 1386 1039 ,
1396 1006 1477 1035 ἀλλὰ
1489 1005 1536 1034 καὶ
1546 1022 1589 1028 --
1598 1003 1812 1041 ohanna-ean)

1094 1058 1132 1077 ne
1149 1054 1240 1088 putes
1262 1059 1330 1078 cum
1357 1048 1400 1079 Η.
1413 1049 1528 1078 Wolfio
1551 1053 1583 1078 et
1605 1048 1734 1078 Reiskio
1755 1045 1812 1077 h'os

1093 1091 1262 1124 infinitivos
1281 1102 1375 1131 posse
1392 1093 1529 1131 pendere
1552 1092 1590 1121 ab
1614 1091 1706 1121 ἄδειαν
1728 1090 1812 1122 δοθῆ-

1092 1147 1146 1166 ναι.
1193 1136 1270 1166 Tum
1293 1136 1374 1166 enini
1399 1136 1548 1175 scripturn
1569 1135 1651 1164 foret
1664 1134 1714 1164 vel
1731 1146 1811 1174 συμ-

1093 1177 1254 1218 πὲμποντι,
1272 1184 1304 1209 ut
1319 1184 1406 1208 antea
1428 1177 1608 1219 περιπλέοντι
1630 1178 1678 1208 καὶ
1700 1177 1810 1218 ὂρμιζοέ

1091 1223 1180 1261 μένῳ,
1208 1223 1257 1252 vel
1281 1221 1519 1262 συμπέμποντοι.
1564 1224 1667 1261 Quare
1694 1227 1728 1251 ut
1747 1221 1810 1251 loci

1091 1267 1168 1295 ratio
1194 1270 1225 1295 et
1247 1276 1344 1295 nexus
1366 1270 1479 1305 pateat,
1503 1266 1572 1295 colo
1593 1266 1702 1295 metius
1718 1267 1809 1304 quani

1091 1314 1242 1340 commate
1265 1314 1337 1349 post
1357 1310 1436 1348 ὑμῶν
1459 1309 1699 1348 interpunxeriS.
1713 1319 1810 1338 -κε-

1091 1351 1238 1391 κομικὲναι
1253 1353 1345 1383 codd.
1361 1363 1466 1383 omnes
1481 1357 1594 1392 praeter
1612 1353 1737 1386 Bavar„
1758 1352 1811 1391 qui

1092 1397 1185 1426 habet
1207 1395 1442 1436 διακεκομιιιένοιι,
1469 1396 1550 1426 unde
1571 1395 1740 1425 verisimile
1762 1399 1812 1425 est

1092 1441 1340 1480 praepositionem
1365 1440 1500 1470 affuisse.
1548 1440 1634 1477 Lege
1653 1450 1812 1468 κατακεκο-

1091 1483 1217 1522 μικέναι,
1249 1484 1290 1513 ita
1313 1488 1345 1513 ut
1367 1484 1516 1521 κατάγειν,
1537 1481 1676 1518 κατιέναι,
1703 1481 1810 1512 κατελὲ

1083 1526 1157 1568 θεῖν,
1175 1526 1307 1562 κάθοδος,
1324 1531 1382 1557 etc.
1394 1527 1541 1557 dicuntur
1554 1527 1593 1556 de
1604 1525 1766 1556 exsulibus
1781 1526 1810 1555 in

1094 1571 1224 1610 patriam
1249 1570 1396 1600 reductis.
1422 1571 1459 1599 V.
1484 1571 1617 1600 Pon-son.
1640 1569 1676 1599 ad
1700 1569 1809 1609 Eurip.

1095 1614 1181 1643 Med.
1198 1624 1228 1643 ν.
1247 1616 1343 1644 1011.
1366 1613 1628 1644 Cont'.Demosth.
1644 1613 1683 1642 de
1697 1623 1759 1643 cor.
1778 1624 1811 1653 p.

1094 1659 1170 1688 248.
1188 1659 1239 1687 19.
1256 1662 1287 1686 et
1302 1659 1376 1688 ⁴249.
1397 1659 1445 1686 18.
1459 1657 1609 1686 Aristocr.
1626 1667 1656 1696 p.
1670 1658 1745 1688 636.
1757 1659 1809 1688 24.

1094 1707 1124 1730 et
1147 1702 1220 1730 660.
1248 1703 1298 1731 13.
1325 1700 1374 1729 ed.
1406 1700 1513 1729 Reisk.
1547 1700 1682 1730 Wmsx.
1728 1700 1810 1730 Con·

1095 1743 1294 1772 structionem
1319 1742 1451 1781 periodi.
1473 1753 1531 1772 non
1556 1742 1707 1772 intricatae
1723 1743 1810 1774 illius

1094 1786 1230 1825 quidem,
1247 1786 1346 1825 qualis
1365 1787 1430 1816 visa
1446 1791 1493 1815 est
1509 1785 1648 1821 Reiskio,
1666 1786 1719 1816 sed
1736 1792 1812 1817 tam-

1095 1839 1131 1859 en
1154 1829 1246 1867 paulo
1266 1829 1425 1867 longioris,
1452 1829 1615 1860 Weiskius
1644 1831 1743 1869 probe
1768 1825 1814 1860 inss

1096 1871 1228 1915 tellexit.
1273 1873 1335 1914 Sed
1351 1873 1435 1912 quod
1455 1872 1618 1912 legendum
1641 1879 1746 1903 censet
1759 1886 1814 1904 κοι-

1095 1911 1322 1953 τακειιομικένοιι,
1339 1926 1397 1946 non
1414 1917 1575 1946 assentior.
1620 1915 1745 1946 Mireris
1760 1921 1814 1948 au*

1095 1963 1183 1995 tem,
1198 1959 1361 1989 Oratorem
1392 1959 1557 1999 scripsisse
1580 1959 1816 1999 διακεκομικὲναι,

1096 2013 1154 2032 nnn
1172 2001 1349 2041 διακομίσαι.
1375 2007 1408 2033 ut
1432 2003 1557 2042 scripsit
1575 2003 1815 2041 umacvaffiffmg

1096 2045 1283 2087 ὁμολογῆσαι,
1310 2045 1425 2083 δοθῆναι,
1447 2045 1658 2077 οἰκειώσασθαι.
1694 2046 1815 2078 Horum

1097 2089 1179 2119 enim
1195 2089 1413 2120 inlinitivorum
1432 2089 1567 2120 omnium
1583 2091 1689 2120 eadem
1704 2096 1752 2121 est
1766 2093 1815 2122 ra*-

1098 2134 1159 2163 tio:
1176 2133 1292 2173 quippe
1308 2133 1480 2173 significant
1492 2143 1625 2169 res‚non
1642 2144 1709 2173 quae
1727 2134 1817 2165 factae

1099 2177 1171 2212 sint,
1209 2177 1262 2206 sed
1294 2188 1369 2217 quas
1400 2177 1564 2217 Philippus
1602 2177 1669 2206 fieri
1700 2177 1816 2231 cupiat.

1098 2222 1176 2259 Quae
1194 2220 1264 2260 ipsa
1278 2231 1371 2250 causa
1387 2226 1445 2257 est,
1461 2231 1517 2251 cur
1533 2231 1564 2251 v.
1579 2222 1610 2251 2.
1625 2222 1682 2260 μὴ,
1698 2231 1758 2252 non
1775 2221 1816 2258 οὗ,

1098 2264 1231 2304 legatur.
1246 2265 1446 2295 Serum-En.

1142 2310 1229 2337 -4.
1244 2307 1454 2348 συμπέμπων]
1478 2308 1577 2338 Immo
1593 2307 1641 2338 vis
1656 2308 1816 2339 sententian

1099 2351 1180 2381 inest
1204 2361 1235 2381 ιιη
1258 2351 1490 2391 praepositione.
1511 2351 1650 2383 Wmsx.
1697 2351 1818 2392 Augeri

1102 2395 1255 2433 vulgatam
1289 2394 1433 2425 mutantis
1470 2394 1502 2424 in
1538 2393 1700 2434 πέμποντι,
1732 2395 1817 2436 quod

1100 2439 1177 2468 adeo
1201 2438 1232 2468 in
1257 2443 1379 2469 textum
1406 2438 1522 2474 intulit,
1544 2448 1692 2492 errorem
1710 2443 1818 2470 notare

1101 2482 1155 2512 vix
1169 2481 1288 2513 attinet.
1305 2481 1504 2514 Sexum-'mz-

1144 2528 1255 2555 -1o.
1281 2525 1430 2567 πςοτιμᾷ]
1464 2525 1505 2555 V.
1535 2524 1663 2556 Photius
1687 2536 1715 2555 ο.
1741 2526 1843 2557 343.⁴

1101 2570 1208 2601 lum.

1146 2631 1188 2637 —
1206 2615 1261 2645 16
1274 2611 1367 2644 οἴκαδε
1382 2610 1554 2654 λειμςάνειν]
1571 2604 1760 2653 Simpliciter
1773 2616 1821 2643 est

1102 2666 1164 2686 rem
1170 2656 1360 2696 familiarem
1379 2665 1499 2697 angere.
1543 2655 1582 2687 Id
1599 2660 1714 2685 tantum
1730 2655 1822 2687 abest

1104 2705 1138 2730 ut
1161 2700 1205 2730 illi
1236 2699 1375 2730 homines
1406 2703 1644 2739 consequantur,
1663 2702 1699 2728 ut
1723 2699 1819 2729 'etiam

1104 2754 1172 2782 quae
1188 2743 1276 2782 prius
1291 2743 1493 2783 possidebant
1507 2742 1702 2782 disperdant.
1731 2741 1821 2798 Conf.

1103 2785 1616 2826 p.15⁷.10.ed.Reisk.1nm1.

1146 2847 1190 2853 —
1206 2832 1259 2860 17.
1273 2829 1335 2869 πεξῖ
1350 2828 1379 2859 δὲ
1395 2831 1445 2863 τῆς
1456 2828 1672 2869 ἔπανορὲωσεως
1686 2829 1745 2864 τηςί
1753 2827 1822 2870 εἶρῆἑ

1104 2885 1148 2908 vm,-
1174 2884 1203 2903 ιι.
1235 2885 1266 2904 τ.
1290 2872 1338 2914 λ.]
1378 2873 1463 2903 Ordo
1490 2873 1663 2902 verborum
1677 2872 1727 2901 hic
1753 2877 1820 2902 est.

1052 2932 1058 2936 ·
1104 2916 1165 2956 περι
1185 2917 1236 2951 τῆς
1259 2912 1497 2956 ἔπανορθοῦο-εως,
1517 2927 1546 2947 ην
1566 2907 1821 2954 immeo-§caveis

1103 2959 1201 2990 ἔδοσαν
1228 2965 1289 2990 eto.
1322 2959 1342 2990 i.
1371 2970 1400 2989 e.
1428 2959 1474 2989 De
1496 2959 1715 2989 condicionibus·
1740 2959 1824 3005 pacis

1102 3013 1174 3043 quas
1189 3010 1224 3033 ut
1236 3007 1428 3043 mutaremus,
1439 3004 1639 3041 permiserunt
1645 3006 1706 3031 ete.
1712 3003 1781 3042 (ut
1788 3011 1821 3041 p.

1103 3049 1154 3078 84.
1172 3048 1203 3077 6.
1227 3046 1287 3087 περι
1312 3045 1339 3076 δὲ
1358 3047 1405 3076 τοῦ
1420 3045 1512 3086 ἑτέρὸῦ
1528 3042 1823 3085 ἒπανοςθώμᾱτος,ο
