<?xml version="1.0" encoding="UTF-8"?>
<!DOCTYPE html PUBLIC "-//W3C//DTD XHTML 1.0 Transitional//EN"
    "http://www.w3.org/TR/xhtml1/DTD/xhtml1-transitional.dtd">
<html xmlns="http://www.w3.org/1999/xhtml" xml:lang="en" lang="en">
 <head>
  <title>
</title>
<meta http-equiv="Content-Type" content="text/html;charset=utf-8" />
  <meta name='ocr-system' content='tesseract 3.04.00' />
  <meta name='ocr-capabilities' content='ocr_page ocr_carea ocr_par ocr_line ocrx_word'/>
</head>
<body>
  <div class='ocr_page' id='page_1' title='image "./oratoresatticie09dobs/oratoresatticie09dobs_0518.png"; bbox 0 0 1931 3323; ppageno 0'>
   <div class='ocr_carea' id='block_1_1' title="bbox 335 203 1072 2199">
    <p class='ocr_par' dir='ltr' id='par_1_1' title="bbox 360 203 1072 1167">
     <span class='ocr_line' id='line_1_1' title="bbox 369 203 672 245; baseline -0.003 0"><span class='ocrx_word' id='word_1_1' title='bbox 369 204 451 245; x_wconf 83' lang='lat'>506</span> <span class='ocrx_word' id='word_1_2' title='bbox 624 203 672 244; x_wconf 86' lang='grc' dir='ltr'>Τ.</span> 
     </span>
     <span class='ocr_line' id='line_1_2' title="bbox 367 307 1071 351; baseline 0.004 -14"><span class='ocrx_word' id='word_1_3' title='bbox 367 319 543 348; x_wconf 85' lang='lat' dir='ltr'>operarum:</span> <span class='ocrx_word' id='word_1_4' title='bbox 568 313 598 338; x_wconf 83' lang='lat' dir='ltr'>at</span> <span class='ocrx_word' id='word_1_5' title='bbox 616 307 768 351; x_wconf 81' lang='grc' dir='ltr'>μισθαρνία</span> <span class='ocrx_word' id='word_1_6' title='bbox 789 314 834 340; x_wconf 84' lang='lat' dir='ltr'>est</span> <span class='ocrx_word' id='word_1_7' title='bbox 849 310 902 344; x_wconf 66' lang='grc' dir='ltr'>τῆς</span> <span class='ocrx_word' id='word_1_8' title='bbox 918 308 1071 349; x_wconf 75' lang='grc' dir='ltr'>μεταβλη-</span> 
     </span>
     <span class='ocr_line' id='line_1_3' title="bbox 366 352 1071 393; baseline 0 -12"><span class='ocrx_word' id='word_1_9' title='bbox 366 354 456 387; x_wconf 70' lang='grc' dir='ltr'>τικῆς,</span> <span class='ocrx_word' id='word_1_10' title='bbox 473 353 664 382; x_wconf 74' lang='lat' dir='ltr'>mercenaria.</span> <span class='ocrx_word' id='word_1_11' title='bbox 688 353 819 383; x_wconf 87' lang='lat' dir='ltr'>Aristot.</span> <span class='ocrx_word' id='word_1_12' title='bbox 839 353 951 393; x_wconf 88' lang='lat' dir='ltr'>[Polit.</span> <span class='ocrx_word' id='word_1_13' title='bbox 964 354 983 382; x_wconf 88' lang='lat' dir='ltr'>i.</span> <span class='ocrx_word' id='word_1_14' title='bbox 1003 352 1071 392; x_wconf 92' lang='lat'><strong>11.]</strong></span> 
     </span>
     <span class='ocr_line' id='line_1_4' title="bbox 366 393 1070 436; baseline 0 -12"><span class='ocrx_word' id='word_1_15' title='bbox 366 394 457 434; x_wconf 79' lang='grc' dir='ltr'>τρίτον</span> <span class='ocrx_word' id='word_1_16' title='bbox 476 393 646 434; x_wconf 65' lang='grc' dir='ltr'>μισθαρνία.</span> <span class='ocrx_word' id='word_1_17' title='bbox 664 395 773 430; x_wconf 80' lang='grc' dir='ltr'>ταύτης</span> <span class='ocrx_word' id='word_1_18' title='bbox 792 396 819 426; x_wconf 75' lang='grc' dir='ltr'>δὲ</span> <span class='ocrx_word' id='word_1_19' title='bbox 843 398 857 426; x_wconf 83' lang='grc' dir='ltr'>ἦ</span> <span class='ocrx_word' id='word_1_20' title='bbox 876 396 931 436; x_wconf 82' lang='grc' dir='ltr'>μὲν</span> <span class='ocrx_word' id='word_1_21' title='bbox 948 398 1002 425; x_wconf 80' lang='grc' dir='ltr'>τῶν</span> <span class='ocrx_word' id='word_1_22' title='bbox 1017 396 1070 427; x_wconf 73' lang='grc' dir='ltr'>Βα-</span> 
     </span>
     <span class='ocr_line' id='line_1_5' title="bbox 365 437 1072 481; baseline 0.001 -14"><span class='ocrx_word' id='word_1_23' title='bbox 365 438 469 468; x_wconf 82' lang='grc' dir='ltr'>ναύσων</span> <span class='ocrx_word' id='word_1_24' title='bbox 483 441 599 479; x_wconf 70' lang='grc' dir='ltr'>τεχνῑν,</span> <span class='ocrx_word' id='word_1_25' title='bbox 612 439 626 467; x_wconf 77' lang='grc' dir='ltr'>ἦ</span> <span class='ocrx_word' id='word_1_26' title='bbox 639 437 665 468; x_wconf 76' lang='grc' dir='ltr'>δὲ</span> <span class='ocrx_word' id='word_1_27' title='bbox 678 443 733 469; x_wconf 77' lang='grc' dir='ltr'>τῶν</span> <span class='ocrx_word' id='word_1_28' title='bbox 747 439 874 481; x_wconf 77' lang='grc' dir='ltr'>ἀτέχνων</span> <span class='ocrx_word' id='word_1_29' title='bbox 887 439 934 468; x_wconf 76' lang='grc' dir='ltr'>καὶ</span> <span class='ocrx_word' id='word_1_30' title='bbox 951 439 1072 478; x_wconf 81' lang='grc' dir='ltr'>σώματι</span> 
     </span>
     <span class='ocr_line' id='line_1_6' title="bbox 365 480 1070 531; baseline 0 -21"><span class='ocrx_word' id='word_1_31' title='bbox 365 481 440 521; x_wconf 71' lang='grc' dir='ltr'>μόνῳ</span> <span class='ocrx_word' id='word_1_32' title='bbox 472 480 632 523; x_wconf 78' lang='grc' dir='ltr'>χρησίμων.</span> <span class='ocrx_word' id='word_1_33' title='bbox 665 485 860 518; x_wconf 79' lang='lat' dir='ltr'>mercenariae,</span> <span class='ocrx_word' id='word_1_34' title='bbox 897 480 1070 531; x_wconf 81' lang='grc' dir='ltr'>μισθαρνίας,</span> 
     </span>
     <span class='ocr_line' id='line_1_7' title="bbox 366 524 1071 565; baseline 0 -11"><span class='ocrx_word' id='word_1_35' title='bbox 366 524 456 563; x_wconf 57' lang='lat' dir='ltr'>hujus</span> <span class='ocrx_word' id='word_1_36' title='bbox 473 525 558 554; x_wconf 79' lang='lat' dir='ltr'>vocis</span> <span class='ocrx_word' id='word_1_37' title='bbox 574 525 641 553; x_wconf 79' lang='lat' dir='ltr'>duoe</span> <span class='ocrx_word' id='word_1_38' title='bbox 656 531 725 555; x_wconf 88' lang='lat' dir='ltr'>sunt</span> <span class='ocrx_word' id='word_1_39' title='bbox 741 526 869 565; x_wconf 78' lang='lat' dir='ltr'>species,</span> <span class='ocrx_word' id='word_1_40' title='bbox 887 525 985 564; x_wconf 81' lang='lat' dir='ltr'>inquit</span> <span class='ocrx_word' id='word_1_41' title='bbox 1001 525 1071 554; x_wconf 71' lang='lat' dir='ltr'>Ari-</span> 
     </span>
     <span class='ocr_line' id='line_1_8' title="bbox 363 565 1071 604; baseline 0.001 -8"><span class='ocrx_word' id='word_1_42' title='bbox 363 572 436 597; x_wconf 83' lang='lat' dir='ltr'>stot.</span> <span class='ocrx_word' id='word_1_43' title='bbox 461 578 518 597; x_wconf 87' lang='lat' dir='ltr'>nna</span> <span class='ocrx_word' id='word_1_44' title='bbox 535 565 690 604; x_wconf 75' lang='grc' dir='ltr'>Βαναύσαν,</span> <span class='ocrx_word' id='word_1_45' title='bbox 713 569 860 598; x_wconf 83' lang='lat' dir='ltr'>artificum</span> <span class='ocrx_word' id='word_1_46' title='bbox 882 568 1071 604; x_wconf 82' lang='lat' dir='ltr'>Judaeorum,</span> 
     </span>
     <span class='ocr_line' id='line_1_9' title="bbox 364 611 1072 649; baseline -0.001 -9"><span class='ocrx_word' id='word_1_47' title='bbox 364 612 415 649; x_wconf 92' lang='lat' dir='ltr'>qui</span> <span class='ocrx_word' id='word_1_48' title='bbox 434 616 514 640; x_wconf 82' lang='lat' dir='ltr'>artes</span> <span class='ocrx_word' id='word_1_49' title='bbox 532 620 603 639; x_wconf 86' lang='lat' dir='ltr'>suas</span> <span class='ocrx_word' id='word_1_50' title='bbox 619 611 730 641; x_wconf 74' lang='lat' dir='ltr'>habent</span> <span class='ocrx_word' id='word_1_51' title='bbox 750 613 882 645; x_wconf 80' lang='lat' dir='ltr'>venales,</span> <span class='ocrx_word' id='word_1_52' title='bbox 899 617 978 640; x_wconf 84' lang='lat' dir='ltr'>artes</span> <span class='ocrx_word' id='word_1_53' title='bbox 995 611 1072 640; x_wconf 82' lang='lat' dir='ltr'>viles</span> 
     </span>
     <span class='ocr_line' id='line_1_10' title="bbox 363 654 1072 691; baseline -0.001 -8"><span class='ocrx_word' id='word_1_54' title='bbox 363 659 395 683; x_wconf 88' lang='lat' dir='ltr'>et</span> <span class='ocrx_word' id='word_1_55' title='bbox 418 654 588 683; x_wconf 80' lang='lat' dir='ltr'>sellularias</span> <span class='ocrx_word' id='word_1_56' title='bbox 611 659 642 684; x_wconf 84' lang='lat' dir='ltr'>et</span> <span class='ocrx_word' id='word_1_57' title='bbox 665 655 824 684; x_wconf 82' lang='lat' dir='ltr'>sordidas:</span> <span class='ocrx_word' id='word_1_58' title='bbox 849 655 942 683; x_wconf 85' lang='lat' dir='ltr'>altera</span> <span class='ocrx_word' id='word_1_59' title='bbox 965 663 1072 691; x_wconf 86' lang='lat' dir='ltr'>opera-</span> 
     </span>
     <span class='ocr_line' id='line_1_11' title="bbox 363 697 1070 736; baseline -0.003 -10"><span class='ocrx_word' id='word_1_60' title='bbox 363 697 488 732; x_wconf 81' lang='lat' dir='ltr'>riorum,</span> <span class='ocrx_word' id='word_1_61' title='bbox 500 706 625 735; x_wconf 88' lang='lat' dir='ltr'>quorum</span> <span class='ocrx_word' id='word_1_62' title='bbox 639 707 733 736; x_wconf 76' lang='lat' dir='ltr'>opera</span> <span class='ocrx_word' id='word_1_63' title='bbox 749 707 806 725; x_wconf 93' lang='lat' dir='ltr'>non</span> <span class='ocrx_word' id='word_1_64' title='bbox 819 707 867 725; x_wconf 87' lang='lat' dir='ltr'>ars</span> <span class='ocrx_word' id='word_1_65' title='bbox 880 697 1070 730; x_wconf 74' lang='lat' dir='ltr'>conducitur,</span> 
     </span>
     <span class='ocr_line' id='line_1_12' title="bbox 363 739 1069 779; baseline -0.003 -10"><span class='ocrx_word' id='word_1_66' title='bbox 363 745 396 769; x_wconf 80' lang='lat' dir='ltr'>ut</span> <span class='ocrx_word' id='word_1_67' title='bbox 418 740 523 779; x_wconf 89' lang='lat' dir='ltr'>bajuli,</span> <span class='ocrx_word' id='word_1_68' title='bbox 540 741 704 778; x_wconf 60' lang='lat' dir='ltr'>caeterique</span> <span class='ocrx_word' id='word_1_69' title='bbox 721 739 772 778; x_wconf 88' lang='lat' dir='ltr'>qui</span> <span class='ocrx_word' id='word_1_70' title='bbox 791 739 928 777; x_wconf 77' lang='lat' dir='ltr'>eorporis</span> <span class='ocrx_word' id='word_1_71' title='bbox 948 748 1069 777; x_wconf 79' lang='lat' dir='ltr'>operam</span> 
     </span>
     <span class='ocr_line' id='line_1_13' title="bbox 360 781 1070 820; baseline -0.004 -8"><span class='ocrx_word' id='word_1_72' title='bbox 360 782 462 812; x_wconf 85' lang='lat' dir='ltr'>locant</span> <span class='ocrx_word' id='word_1_73' title='bbox 484 783 626 811; x_wconf 80' lang='lat' dir='ltr'>oneribus</span> <span class='ocrx_word' id='word_1_74' title='bbox 646 781 813 820; x_wconf 83' lang='lat' dir='ltr'>portandis,</span> <span class='ocrx_word' id='word_1_75' title='bbox 829 787 880 811; x_wconf 86' lang='lat' dir='ltr'>aut</span> <span class='ocrx_word' id='word_1_76' title='bbox 899 781 1070 820; x_wconf 80' lang='lat' dir='ltr'>ejusmodi3</span> 
     </span>
     <span class='ocr_line' id='line_1_14' title="bbox 361 824 1071 865; baseline -0.003 -10"><span class='ocrx_word' id='word_1_77' title='bbox 361 832 452 865; x_wconf 87' lang='lat' dir='ltr'>atque</span> <span class='ocrx_word' id='word_1_78' title='bbox 477 825 506 854; x_wconf 85' lang='lat' dir='ltr'>hi</span> <span class='ocrx_word' id='word_1_79' title='bbox 529 829 600 853; x_wconf 90' lang='lat' dir='ltr'>sunt</span> <span class='ocrx_word' id='word_1_80' title='bbox 625 835 701 863; x_wconf 77' lang='lat' dir='ltr'>quos</span> <span class='ocrx_word' id='word_1_81' title='bbox 723 824 860 865; x_wconf 79' lang='grc' dir='ltr'>ἀτέχνους</span> <span class='ocrx_word' id='word_1_82' title='bbox 879 825 926 853; x_wconf 77' lang='grc' dir='ltr'>καὶ</span> <span class='ocrx_word' id='word_1_83' title='bbox 951 825 1071 864; x_wconf 76' lang='grc' dir='ltr'>σώματι</span> 
     </span>
     <span class='ocr_line' id='line_1_15' title="bbox 361 866 1072 910; baseline 0 -13"><span class='ocrx_word' id='word_1_84' title='bbox 361 868 436 908; x_wconf 72' lang='grc' dir='ltr'>μόνῳ</span> <span class='ocrx_word' id='word_1_85' title='bbox 448 866 607 910; x_wconf 76' lang='grc' dir='ltr'>χρησίμους</span> <span class='ocrx_word' id='word_1_86' title='bbox 623 873 713 897; x_wconf 83' lang='lat' dir='ltr'>vocat</span> <span class='ocrx_word' id='word_1_87' title='bbox 731 868 846 897; x_wconf 63' lang='lat' dir='ltr'>philos.</span> <span class='ocrx_word' id='word_1_88' title='bbox 862 869 935 897; x_wconf 81' lang='lat' dir='ltr'>artis</span> <span class='ocrx_word' id='word_1_89' title='bbox 947 873 1072 906; x_wconf 77' lang='lat' dir='ltr'><strong><em>expertes</em></strong></span> 
     </span>
     <span class='ocr_line' id='line_1_16' title="bbox 360 911 1069 950; baseline -0.001 -10"><span class='ocrx_word' id='word_1_90' title='bbox 360 918 387 942; x_wconf 80' lang='lat' dir='ltr'>et</span> <span class='ocrx_word' id='word_1_91' title='bbox 408 914 463 941; x_wconf 79' lang='lat' dir='ltr'>salo</span> <span class='ocrx_word' id='word_1_92' title='bbox 483 919 598 949; x_wconf 82' lang='lat' dir='ltr'>corpore</span> <span class='ocrx_word' id='word_1_93' title='bbox 616 912 711 941; x_wconf 81' lang='lat' dir='ltr'>utiles.</span> <span class='ocrx_word' id='word_1_94' title='bbox 727 916 816 949; x_wconf 86' lang='lat' dir='ltr'>atque</span> <span class='ocrx_word' id='word_1_95' title='bbox 833 911 862 940; x_wconf 95' lang='lat' dir='ltr'>hi</span> <span class='ocrx_word' id='word_1_96' title='bbox 878 912 1001 950; x_wconf 85' lang='lat' dir='ltr'><strong>proprie</strong></span> <span class='ocrx_word' id='word_1_97' title='bbox 1017 921 1069 949; x_wconf 82' lang='grc' dir='ltr'>μι-</span> 
     </span>
     <span class='ocr_line' id='line_1_17' title="bbox 360 951 1069 993; baseline -0.004 -9"><span class='ocrx_word' id='word_1_98' title='bbox 360 953 476 989; x_wconf 73' lang='grc' dir='ltr'>σθωτοὶ,</span> <span class='ocrx_word' id='word_1_99' title='bbox 493 958 525 982; x_wconf 89' lang='lat' dir='ltr'>ut</span> <span class='ocrx_word' id='word_1_100' title='bbox 543 954 668 991; x_wconf 86' lang='lat' dir='ltr'>opifices</span> <span class='ocrx_word' id='word_1_101' title='bbox 692 954 852 989; x_wconf 70' lang='lat' dir='ltr'>sellularii,</span> <span class='ocrx_word' id='word_1_102' title='bbox 867 954 998 983; x_wconf 81' lang='lat' dir='ltr'>artifices</span> <span class='ocrx_word' id='word_1_103' title='bbox 1019 951 1069 993; x_wconf 85' lang='grc' dir='ltr'>μί-</span> 
     </span>
     <span class='ocr_line' id='line_1_18' title="bbox 360 995 1070 1037; baseline -0.001 -11"><span class='ocrx_word' id='word_1_104' title='bbox 360 996 478 1037; x_wconf 84' lang='grc' dir='ltr'>σθαρνοι,</span> <span class='ocrx_word' id='word_1_105' title='bbox 498 996 545 1025; x_wconf 91' lang='lat' dir='ltr'>vel</span> <span class='ocrx_word' id='word_1_106' title='bbox 563 995 735 1036; x_wconf 80' lang='grc' dir='ltr'>μισθαρνεῖς.</span> <span class='ocrx_word' id='word_1_107' title='bbox 779 997 847 1027; x_wconf 82' lang='lat' dir='ltr'>Jam</span> <span class='ocrx_word' id='word_1_108' title='bbox 870 1007 942 1026; x_wconf 89' lang='lat' dir='ltr'>vero</span> <span class='ocrx_word' id='word_1_109' title='bbox 959 996 1070 1037; x_wconf 66' lang='grc' dir='ltr'>μισθο-</span> 
     </span>
     <span class='ocr_line' id='line_1_19' title="bbox 360 1037 1069 1080; baseline 0 -12"><span class='ocrx_word' id='word_1_110' title='bbox 360 1042 458 1079; x_wconf 79' lang='grc' dir='ltr'>φορεῖν,</span> <span class='ocrx_word' id='word_1_111' title='bbox 474 1037 514 1074; x_wconf 85' lang='grc' dir='ltr'>ιά,</span> <span class='ocrx_word' id='word_1_112' title='bbox 532 1041 560 1074; x_wconf 74' lang='grc' dir='ltr'>ἃ,</span> <span class='ocrx_word' id='word_1_113' title='bbox 579 1040 760 1080; x_wconf 62' lang='grc' dir='ltr'>μισθοφόροι,</span> <span class='ocrx_word' id='word_1_114' title='bbox 776 1040 890 1070; x_wconf 83' lang='lat' dir='ltr'>dicitur</span> <span class='ocrx_word' id='word_1_115' title='bbox 908 1041 945 1070; x_wconf 86' lang='lat' dir='ltr'>de</span> <span class='ocrx_word' id='word_1_116' title='bbox 966 1039 1069 1069; x_wconf 88' lang='lat' dir='ltr'>militi-</span> 
     </span>
     <span class='ocr_line' id='line_1_20' title="bbox 360 1082 1069 1123; baseline -0.001 -10"><span class='ocrx_word' id='word_1_117' title='bbox 360 1084 416 1113; x_wconf 89' lang='lat' dir='ltr'>bus</span> <span class='ocrx_word' id='word_1_118' title='bbox 432 1083 573 1114; x_wconf 83' lang='lat' dir='ltr'><strong>mercede</strong></span> <span class='ocrx_word' id='word_1_119' title='bbox 590 1084 759 1113; x_wconf 72' lang='lat' dir='ltr'>conductis.</span> <span class='ocrx_word' id='word_1_120' title='bbox 777 1082 927 1122; x_wconf 63' lang='grc' dir='ltr'>μισθωτοὶ</span> <span class='ocrx_word' id='word_1_121' title='bbox 943 1083 1069 1123; x_wconf 81' lang='lat' dir='ltr'>proprie</span> 
     </span>
     <span class='ocr_line' id='line_1_21' title="bbox 361 1125 1071 1167; baseline 0 -12"><span class='ocrx_word' id='word_1_122' title='bbox 361 1132 430 1155; x_wconf 87' lang='lat' dir='ltr'>sunt</span> <span class='ocrx_word' id='word_1_123' title='bbox 455 1127 530 1155; x_wconf 83' lang='lat' dir='ltr'>servi</span> <span class='ocrx_word' id='word_1_124' title='bbox 558 1127 741 1161; x_wconf 75' lang='lat' dir='ltr'><strong><em>mercenarii,</em></strong></span> <span class='ocrx_word' id='word_1_125' title='bbox 766 1125 918 1167; x_wconf 64' lang='grc' dir='ltr'>μίσθαρνοι</span> <span class='ocrx_word' id='word_1_126' title='bbox 947 1126 1071 1167; x_wconf 59' lang='lat' dir='ltr'>opifices,</span> 
     </span>
    </p>

    <p class='ocr_par' dir='ltr' id='par_1_2' title="bbox 335 1167 840 1210">
     <span class='ocr_line' id='line_1_22' title="bbox 335 1167 840 1210; baseline 0.002 -12"><span class='ocrx_word' id='word_1_127' title='bbox 335 1180 339 1184; x_wconf 53' lang='lat'>¹</span> <span class='ocrx_word' id='word_1_128' title='bbox 358 1167 524 1210; x_wconf 79' lang='grc' dir='ltr'>μισθοφόροι</span> <span class='ocrx_word' id='word_1_129' title='bbox 540 1170 645 1199; x_wconf 73' lang='lat' dir='ltr'>milites</span> <span class='ocrx_word' id='word_1_130' title='bbox 658 1171 840 1199; x_wconf 78' lang='lat' dir='ltr'><strong><em>mercenarii.</em></strong></span> 
     </span>
    </p>

    <p class='ocr_par' dir='ltr' id='par_1_3' title="bbox 354 1211 1070 2199">
     <span class='ocr_line' id='line_1_23' title="bbox 402 1211 1070 1253; baseline -0.003 -10"><span class='ocrx_word' id='word_1_131' title='bbox 402 1230 445 1235; x_wconf 88' lang='lat'>——</span> <span class='ocrx_word' id='word_1_132' title='bbox 461 1217 510 1243; x_wconf 79' lang='lat'><strong>14.</strong></span> <span class='ocrx_word' id='word_1_133' title='bbox 532 1213 613 1246; x_wconf 75' lang='grc' dir='ltr'>ὅστις</span> <span class='ocrx_word' id='word_1_134' title='bbox 631 1212 728 1243; x_wconf 75' lang='grc' dir='ltr'>ἑαυτὸν</span> <span class='ocrx_word' id='word_1_135' title='bbox 748 1230 760 1236; x_wconf 88' lang='grc'>-</span> <span class='ocrx_word' id='word_1_136' title='bbox 777 1230 788 1235; x_wconf 96' lang='grc'><strong>-</strong></span> <span class='ocrx_word' id='word_1_137' title='bbox 805 1230 817 1237; x_wconf 88' lang='grc'><strong>-</strong></span> <span class='ocrx_word' id='word_1_138' title='bbox 838 1211 986 1253; x_wconf 65' lang='grc' dir='ltr'>προέσθαι</span> <span class='ocrx_word' id='word_1_139' title='bbox 1003 1211 1070 1245; x_wconf 72' lang='grc' dir='ltr'>βου-</span> 
     </span>
     <span class='ocr_line' id='line_1_24' title="bbox 358 1254 1069 1294; baseline 0.003 -10"><span class='ocrx_word' id='word_1_140' title='bbox 358 1254 498 1294; x_wconf 73' lang='grc' dir='ltr'>λῆσεται]</span> <span class='ocrx_word' id='word_1_141' title='bbox 526 1256 675 1286; x_wconf 78' lang='lat' dir='ltr'>Videmus</span> <span class='ocrx_word' id='word_1_142' title='bbox 698 1257 747 1285; x_wconf 84' lang='lat' dir='ltr'>hie</span> <span class='ocrx_word' id='word_1_143' title='bbox 769 1256 848 1285; x_wconf 82' lang='lat' dir='ltr'>inter</span> <span class='ocrx_word' id='word_1_144' title='bbox 869 1267 917 1286; x_wconf 87' lang='lat' dir='ltr'>res</span> <span class='ocrx_word' id='word_1_145' title='bbox 943 1255 1069 1286; x_wconf 85' lang='lat' dir='ltr'>maximi</span> 
     </span>
     <span class='ocr_line' id='line_1_25' title="bbox 359 1299 1067 1337; baseline 0 -9"><span class='ocrx_word' id='word_1_146' title='bbox 359 1299 450 1337; x_wconf 91' lang='lat' dir='ltr'>pretii</span> <span class='ocrx_word' id='word_1_147' title='bbox 476 1303 508 1328; x_wconf 86' lang='lat' dir='ltr'>et</span> <span class='ocrx_word' id='word_1_148' title='bbox 535 1300 657 1329; x_wconf 89' lang='lat' dir='ltr'>honoris</span> <span class='ocrx_word' id='word_1_149' title='bbox 681 1299 828 1329; x_wconf 82' lang='lat' dir='ltr'>numerari</span> <span class='ocrx_word' id='word_1_150' title='bbox 852 1299 882 1328; x_wconf 88' lang='lat' dir='ltr'>in</span> <span class='ocrx_word' id='word_1_151' title='bbox 908 1299 1067 1329; x_wconf 89' lang='lat' dir='ltr'>Demosth.</span> 
     </span>
     <span class='ocr_line' id='line_1_26' title="bbox 358 1342 1068 1381; baseline -0.001 -9"><span class='ocrx_word' id='word_1_152' title='bbox 358 1342 468 1381; x_wconf 73' lang='grc' dir='ltr'>τάφους</span> <span class='ocrx_word' id='word_1_153' title='bbox 478 1343 622 1380; x_wconf 71' lang='lat' dir='ltr'>sepulcra,</span> <span class='ocrx_word' id='word_1_154' title='bbox 636 1344 704 1372; x_wconf 83' lang='lat' dir='ltr'>etin</span> <span class='ocrx_word' id='word_1_155' title='bbox 715 1343 821 1372; x_wconf 88' lang='lat' dir='ltr'>eodem</span> <span class='ocrx_word' id='word_1_156' title='bbox 836 1342 904 1371; x_wconf 82' lang='lat' dir='ltr'>loco</span> <span class='ocrx_word' id='word_1_157' title='bbox 921 1346 950 1372; x_wconf 90' lang='lat' dir='ltr'>et</span> <span class='ocrx_word' id='word_1_158' title='bbox 962 1342 1068 1372; x_wconf 85' lang='lat' dir='ltr'>ordine</span> 
     </span>
     <span class='ocr_line' id='line_1_27' title="bbox 358 1385 1069 1425; baseline 0 -11"><span class='ocrx_word' id='word_1_159' title='bbox 358 1395 425 1414; x_wconf 86' lang='lat' dir='ltr'>curn</span> <span class='ocrx_word' id='word_1_160' title='bbox 447 1386 625 1424; x_wconf 82' lang='lat' dir='ltr'>parentibus</span> <span class='ocrx_word' id='word_1_161' title='bbox 647 1391 678 1415; x_wconf 81' lang='lat' dir='ltr'>et</span> <span class='ocrx_word' id='word_1_162' title='bbox 698 1386 796 1425; x_wconf 83' lang='lat' dir='ltr'>patria</span> <span class='ocrx_word' id='word_1_163' title='bbox 819 1385 900 1425; x_wconf 89' lang='lat' dir='ltr'>poni.</span> <span class='ocrx_word' id='word_1_164' title='bbox 946 1385 1069 1422; x_wconf 91' lang='lat' dir='ltr'>Quanta</span> 
     </span>
     <span class='ocr_line' id='line_1_28' title="bbox 358 1425 1068 1468; baseline 0 -11"><span class='ocrx_word' id='word_1_165' title='bbox 358 1425 450 1457; x_wconf 77' lang='lat' dir='ltr'>fuerit</span> <span class='ocrx_word' id='word_1_166' title='bbox 474 1429 683 1468; x_wconf 81' lang='lat' dir='ltr'>sepulcrorum</span> <span class='ocrx_word' id='word_1_167' title='bbox 706 1430 826 1467; x_wconf 85' lang='lat' dir='ltr'>religio,</span> <span class='ocrx_word' id='word_1_168' title='bbox 849 1434 880 1458; x_wconf 89' lang='lat' dir='ltr'>et</span> <span class='ocrx_word' id='word_1_169' title='bbox 903 1433 1015 1467; x_wconf 88' lang='lat' dir='ltr'>quanto</span> <span class='ocrx_word' id='word_1_170' title='bbox 1038 1428 1068 1458; x_wconf 89' lang='lat' dir='ltr'>in</span> 
     </span>
     <span class='ocr_line' id='line_1_29' title="bbox 357 1471 1068 1511; baseline 0 -11"><span class='ocrx_word' id='word_1_171' title='bbox 357 1471 471 1501; x_wconf 89' lang='lat' dir='ltr'>honore</span> <span class='ocrx_word' id='word_1_172' title='bbox 489 1473 601 1502; x_wconf 82' lang='lat' dir='ltr'>fuerint</span> <span class='ocrx_word' id='word_1_173' title='bbox 617 1473 718 1502; x_wconf 81' lang='lat' dir='ltr'>habita</span> <span class='ocrx_word' id='word_1_174' title='bbox 735 1474 772 1501; x_wconf 89' lang='lat' dir='ltr'>ab</span> <span class='ocrx_word' id='word_1_175' title='bbox 794 1472 938 1511; x_wconf 87' lang='lat' dir='ltr'>antiquis,</span> <span class='ocrx_word' id='word_1_176' title='bbox 954 1471 1068 1510; x_wconf 87' lang='lat' dir='ltr'>passim</span> 
     </span>
     <span class='ocr_line' id='line_1_30' title="bbox 357 1515 1068 1554; baseline 0.003 -11"><span class='ocrx_word' id='word_1_177' title='bbox 357 1515 482 1544; x_wconf 85' lang='lat' dir='ltr'>tradunt</span> <span class='ocrx_word' id='word_1_178' title='bbox 505 1521 654 1545; x_wconf 81' lang='lat' dir='ltr'>auctores.</span> <span class='ocrx_word' id='word_1_179' title='bbox 706 1516 777 1545; x_wconf 91' lang='lat' dir='ltr'>Non</span> <span class='ocrx_word' id='word_1_180' title='bbox 805 1516 915 1554; x_wconf 88' lang='lat' dir='ltr'>loquor</span> <span class='ocrx_word' id='word_1_181' title='bbox 940 1516 1003 1553; x_wconf 84' lang='lat' dir='ltr'>jam</span> <span class='ocrx_word' id='word_1_182' title='bbox 1029 1515 1068 1545; x_wconf 86' lang='lat' dir='ltr'>de</span> 
     </span>
     <span class='ocr_line' id='line_1_31' title="bbox 354 1558 1069 1597; baseline -0.001 -9"><span class='ocrx_word' id='word_1_183' title='bbox 354 1558 484 1592; x_wconf 81' lang='lat' dir='ltr'>Judaeis,</span> <span class='ocrx_word' id='word_1_184' title='bbox 514 1558 625 1597; x_wconf 84' lang='lat' dir='ltr'>quihus</span> <span class='ocrx_word' id='word_1_185' title='bbox 654 1559 693 1588; x_wconf 91' lang='lat' dir='ltr'>de</span> <span class='ocrx_word' id='word_1_186' title='bbox 729 1559 869 1597; x_wconf 88' lang='lat' dir='ltr'>sepulcro</span> <span class='ocrx_word' id='word_1_187' title='bbox 906 1558 1069 1597; x_wconf 86' lang='lat' dir='ltr'>peculiaris</span> 
     </span>
     <span class='ocr_line' id='line_1_32' title="bbox 355 1601 1070 1641; baseline 0 -11"><span class='ocrx_word' id='word_1_188' title='bbox 355 1601 493 1639; x_wconf 88' lang='lat' dir='ltr'>quaedam</span> <span class='ocrx_word' id='word_1_189' title='bbox 521 1611 595 1631; x_wconf 87' lang='lat' dir='ltr'>cura</span> <span class='ocrx_word' id='word_1_190' title='bbox 625 1608 716 1641; x_wconf 84' lang='lat' dir='ltr'>atque</span> <span class='ocrx_word' id='word_1_191' title='bbox 745 1601 822 1631; x_wconf 85' lang='lat' dir='ltr'>ratio</span> <span class='ocrx_word' id='word_1_192' title='bbox 852 1601 910 1631; x_wconf 84' lang='lat' dir='ltr'>fnit</span> <span class='ocrx_word' id='word_1_193' title='bbox 943 1607 1070 1640; x_wconf 82' lang='lat' dir='ltr'>propter</span> 
     </span>
     <span class='ocr_line' id='line_1_33' title="bbox 356 1644 1068 1684; baseline 0.001 -11"><span class='ocrx_word' id='word_1_194' title='bbox 356 1644 506 1674; x_wconf 90' lang='lat' dir='ltr'>Messiam</span> <span class='ocrx_word' id='word_1_195' title='bbox 528 1655 570 1674; x_wconf 87' lang='lat' dir='ltr'>sc.</span> <span class='ocrx_word' id='word_1_196' title='bbox 587 1650 759 1683; x_wconf 87' lang='lat' dir='ltr'>terramque</span> <span class='ocrx_word' id='word_1_197' title='bbox 775 1645 967 1684; x_wconf 80' lang='lat' dir='ltr'>promissam,</span> <span class='ocrx_word' id='word_1_198' title='bbox 982 1644 1068 1674; x_wconf 87' lang='lat' dir='ltr'>ideo-</span> 
     </span>
     <span class='ocr_line' id='line_1_34' title="bbox 355 1687 1068 1727; baseline 0.001 -11"><span class='ocrx_word' id='word_1_199' title='bbox 355 1697 413 1726; x_wconf 91' lang='lat' dir='ltr'>que</span> <span class='ocrx_word' id='word_1_200' title='bbox 427 1687 465 1716; x_wconf 92' lang='lat' dir='ltr'>iis</span> <span class='ocrx_word' id='word_1_201' title='bbox 482 1698 675 1727; x_wconf 86' lang='lat' dir='ltr'>summopere</span> <span class='ocrx_word' id='word_1_202' title='bbox 685 1688 714 1717; x_wconf 92' lang='lat' dir='ltr'>id</span> <span class='ocrx_word' id='word_1_203' title='bbox 727 1699 849 1726; x_wconf 82' lang='lat' dir='ltr'>semper</span> <span class='ocrx_word' id='word_1_204' title='bbox 862 1688 890 1716; x_wconf 88' lang='lat' dir='ltr'>in</span> <span class='ocrx_word' id='word_1_205' title='bbox 907 1688 987 1718; x_wconf 87' lang='lat' dir='ltr'>votis</span> <span class='ocrx_word' id='word_1_206' title='bbox 999 1687 1068 1723; x_wconf 87' lang='lat' dir='ltr'>fuit,</span> 
     </span>
     <span class='ocr_line' id='line_1_35' title="bbox 356 1729 1067 1770; baseline 0 -11"><span class='ocrx_word' id='word_1_207' title='bbox 356 1734 389 1759; x_wconf 89' lang='lat' dir='ltr'>ut</span> <span class='ocrx_word' id='word_1_208' title='bbox 410 1740 478 1759; x_wconf 86' lang='lat' dir='ltr'>eum</span> <span class='ocrx_word' id='word_1_209' title='bbox 502 1730 656 1769; x_wconf 81' lang='lat' dir='ltr'>prioribus</span> <span class='ocrx_word' id='word_1_210' title='bbox 680 1731 744 1760; x_wconf 88' lang='lat' dir='ltr'>suis</span> <span class='ocrx_word' id='word_1_211' title='bbox 759 1731 808 1767; x_wconf 91' lang='lat' dir='ltr'>(ut</span> <span class='ocrx_word' id='word_1_212' title='bbox 832 1741 891 1759; x_wconf 85' lang='lat' dir='ltr'>scr.</span> <span class='ocrx_word' id='word_1_213' title='bbox 918 1729 1067 1770; x_wconf 89' lang='lat' dir='ltr'>loquitur)</span> 
     </span>
     <span class='ocr_line' id='line_1_36' title="bbox 356 1772 1068 1812; baseline 0.001 -10"><span class='ocrx_word' id='word_1_214' title='bbox 356 1772 437 1802; x_wconf 84' lang='lat' dir='ltr'>inter</span> <span class='ocrx_word' id='word_1_215' title='bbox 458 1779 654 1803; x_wconf 89' lang='lat' dir='ltr'>monumenta</span> <span class='ocrx_word' id='word_1_216' title='bbox 678 1774 892 1812; x_wconf 79' lang='lat' dir='ltr'>sepelirentur,</span> <span class='ocrx_word' id='word_1_217' title='bbox 909 1773 1014 1802; x_wconf 85' lang='lat' dir='ltr'>saltem</span> <span class='ocrx_word' id='word_1_218' title='bbox 1035 1779 1068 1803; x_wconf 80' lang='lat' dir='ltr'>ut</span> 
     </span>
     <span class='ocr_line' id='line_1_37' title="bbox 355 1816 960 1855; baseline 0 -10"><span class='ocrx_word' id='word_1_219' title='bbox 355 1816 437 1845; x_wconf 83' lang='lat' dir='ltr'>inter</span> <span class='ocrx_word' id='word_1_220' title='bbox 453 1816 560 1854; x_wconf 84' lang='lat' dir='ltr'>patriae</span> <span class='ocrx_word' id='word_1_221' title='bbox 577 1816 650 1846; x_wconf 89' lang='lat' dir='ltr'>fines</span> <span class='ocrx_word' id='word_1_222' title='bbox 668 1822 697 1846; x_wconf 90' lang='lat' dir='ltr'>et</span> <span class='ocrx_word' id='word_1_223' title='bbox 710 1816 857 1855; x_wconf 86' lang='lat' dir='ltr'>pomoeria</span> <span class='ocrx_word' id='word_1_224' title='bbox 872 1822 960 1845; x_wconf 84' lang='lat' dir='ltr'>terrae</span> 
     </span>
     <span class='ocr_line' id='line_1_38' title="bbox 356 1859 1068 1898; baseline 0 -10"><span class='ocrx_word' id='word_1_225' title='bbox 356 1859 411 1888; x_wconf 90' lang='lat' dir='ltr'>sed</span> <span class='ocrx_word' id='word_1_226' title='bbox 435 1859 521 1888; x_wconf 89' lang='lat' dir='ltr'>nobis</span> <span class='ocrx_word' id='word_1_227' title='bbox 542 1859 581 1888; x_wconf 88' lang='lat' dir='ltr'>de</span> <span class='ocrx_word' id='word_1_228' title='bbox 603 1859 743 1889; x_wconf 84' lang='lat' dir='ltr'>Ethniois</span> <span class='ocrx_word' id='word_1_229' title='bbox 759 1861 820 1898; x_wconf 86' lang='lat' dir='ltr'>jam</span> <span class='ocrx_word' id='word_1_230' title='bbox 842 1869 941 1888; x_wconf 87' lang='lat' dir='ltr'>sermo</span> <span class='ocrx_word' id='word_1_231' title='bbox 962 1864 1020 1894; x_wconf 86' lang='lat' dir='ltr'>est,</span> <span class='ocrx_word' id='word_1_232' title='bbox 1038 1864 1068 1888; x_wconf 88' lang='lat' dir='ltr'>et</span> 
     </span>
     <span class='ocr_line' id='line_1_39' title="bbox 355 1901 1067 1941; baseline 0.001 -11"><span class='ocrx_word' id='word_1_233' title='bbox 355 1901 521 1941; x_wconf 88' lang='lat' dir='ltr'>plerosque</span> <span class='ocrx_word' id='word_1_234' title='bbox 538 1906 622 1931; x_wconf 77' lang='lat' dir='ltr'>certe</span> <span class='ocrx_word' id='word_1_235' title='bbox 644 1903 782 1932; x_wconf 86' lang='lat' dir='ltr'>Gentiles</span> <span class='ocrx_word' id='word_1_236' title='bbox 802 1901 982 1940; x_wconf 82' lang='lat' dir='ltr'>sepulcralis</span> <span class='ocrx_word' id='word_1_237' title='bbox 1003 1902 1067 1931; x_wconf 81' lang='lat' dir='ltr'>haec</span> 
     </span>
     <span class='ocr_line' id='line_1_40' title="bbox 355 1945 1067 1985; baseline 0 -11"><span class='ocrx_word' id='word_1_238' title='bbox 355 1945 466 1984; x_wconf 89' lang='lat' dir='ltr'>religio</span> <span class='ocrx_word' id='word_1_239' title='bbox 482 1945 631 1984; x_wconf 83' lang='lat' dir='ltr'>pervasit,</span> <span class='ocrx_word' id='word_1_240' title='bbox 646 1956 816 1985; x_wconf 83' lang='lat' dir='ltr'><strong>quanquam</strong></span> <span class='ocrx_word' id='word_1_241' title='bbox 841 1945 1007 1984; x_wconf 81' lang='lat' dir='ltr'>sepulturae</span> <span class='ocrx_word' id='word_1_242' title='bbox 1026 1945 1067 1974; x_wconf 87' lang='lat' dir='ltr'>ri-</span> 
     </span>
     <span class='ocr_line' id='line_1_41' title="bbox 354 1986 1067 2027; baseline 0 -10"><span class='ocrx_word' id='word_1_243' title='bbox 354 1988 436 2018; x_wconf 87' lang='lat' dir='ltr'><strong>tibus</strong></span> <span class='ocrx_word' id='word_1_244' title='bbox 451 1986 577 2018; x_wconf 83' lang='lat' dir='ltr'>multum</span> <span class='ocrx_word' id='word_1_245' title='bbox 594 1989 673 2018; x_wconf 85' lang='lat' dir='ltr'>inter</span> <span class='ocrx_word' id='word_1_246' title='bbox 694 1999 727 2019; x_wconf 87' lang='lat' dir='ltr'>se</span> <span class='ocrx_word' id='word_1_247' title='bbox 749 1989 972 2027; x_wconf 78' lang='lat' dir='ltr'>discrepabant.</span> <span class='ocrx_word' id='word_1_248' title='bbox 1019 1989 1067 2018; x_wconf 90' lang='lat' dir='ltr'>De</span> 
     </span>
     <span class='ocr_line' id='line_1_42' title="bbox 355 2031 1064 2071; baseline -0.001 -10"><span class='ocrx_word' id='word_1_249' title='bbox 355 2032 466 2071; x_wconf 90' lang='lat' dir='ltr'>quibus</span> <span class='ocrx_word' id='word_1_250' title='bbox 478 2031 614 2067; x_wconf 85' lang='lat' dir='ltr'>videndi,</span> <span class='ocrx_word' id='word_1_251' title='bbox 627 2032 677 2070; x_wconf 89' lang='lat' dir='ltr'>qui</span> <span class='ocrx_word' id='word_1_252' title='bbox 689 2033 728 2061; x_wconf 85' lang='lat' dir='ltr'>de</span> <span class='ocrx_word' id='word_1_253' title='bbox 739 2033 845 2061; x_wconf 86' lang='lat' dir='ltr'>funere</span> <span class='ocrx_word' id='word_1_254' title='bbox 857 2032 1064 2071; x_wconf 88' lang='lat' dir='ltr'>scripserunt·</span> 
     </span>
     <span class='ocr_line' id='line_1_43' title="bbox 354 2074 1066 2114; baseline 0 -10"><span class='ocrx_word' id='word_1_255' title='bbox 354 2084 414 2104; x_wconf 87' lang='lat' dir='ltr'>non</span> <span class='ocrx_word' id='word_1_256' title='bbox 437 2074 516 2104; x_wconf 89' lang='lat' dir='ltr'>enim</span> <span class='ocrx_word' id='word_1_257' title='bbox 533 2075 707 2114; x_wconf 86' lang='lat' dir='ltr'>compilabo</span> <span class='ocrx_word' id='word_1_258' title='bbox 723 2085 828 2104; x_wconf 87' lang='lat' dir='ltr'>eorum</span> <span class='ocrx_word' id='word_1_259' title='bbox 846 2074 972 2105; x_wconf 86' lang='lat' dir='ltr'>scrinia.</span> <span class='ocrx_word' id='word_1_260' title='bbox 1019 2075 1066 2104; x_wconf 90' lang='lat' dir='ltr'>De</span> 
     </span>
     <span class='ocr_line' id='line_1_44' title="bbox 354 2117 1067 2157; baseline 0.001 -11"><span class='ocrx_word' id='word_1_261' title='bbox 354 2118 469 2147; x_wconf 89' lang='lat' dir='ltr'>honore</span> <span class='ocrx_word' id='word_1_262' title='bbox 485 2118 593 2157; x_wconf 86' lang='lat' dir='ltr'>patriae</span> <span class='ocrx_word' id='word_1_263' title='bbox 614 2119 780 2156; x_wconf 82' lang='lat' dir='ltr'>sepulturae</span> <span class='ocrx_word' id='word_1_264' title='bbox 801 2119 881 2157; x_wconf 89' lang='lat' dir='ltr'>apud</span> <span class='ocrx_word' id='word_1_265' title='bbox 905 2117 997 2147; x_wconf 90' lang='lat' dir='ltr'>Ethn.</span> <span class='ocrx_word' id='word_1_266' title='bbox 1014 2128 1067 2147; x_wconf 88' lang='lat' dir='ltr'>an-</span> 
     </span>
     <span class='ocr_line' id='line_1_45' title="bbox 356 2160 1066 2199; baseline 0 -9"><span class='ocrx_word' id='word_1_267' title='bbox 356 2160 560 2199; x_wconf 76' lang='lat' dir='ltr'>tiquissimum</span> <span class='ocrx_word' id='word_1_268' title='bbox 581 2166 627 2190; x_wconf 88' lang='lat' dir='ltr'>est</span> <span class='ocrx_word' id='word_1_269' title='bbox 645 2161 722 2190; x_wconf 89' lang='lat' dir='ltr'>illud</span> <span class='ocrx_word' id='word_1_270' title='bbox 745 2160 838 2191; x_wconf 89' lang='lat' dir='ltr'>Hom.</span> <span class='ocrx_word' id='word_1_271' title='bbox 859 2160 1066 2190; x_wconf 81' lang='lat' dir='ltr'>testimonium</span> 
     </span>
    </p>
   </div>
   <div class='ocr_carea' id='block_1_2' title="bbox 357 2203 576 2245">
    <p class='ocr_par' dir='ltr' id='par_1_4' title="bbox 357 2203 576 2245">
     <span class='ocr_line' id='line_1_46' title="bbox 357 2203 576 2245; baseline 0.009 -13"><span class='ocrx_word' id='word_1_272' title='bbox 357 2203 415 2245; x_wconf 75' lang='grc' dir='ltr'>[ΙΙ</span> <span class='ocrx_word' id='word_1_273' title='bbox 431 2209 468 2233; x_wconf 93' lang='grc' dir='ltr'>Π.</span> <span class='ocrx_word' id='word_1_274' title='bbox 485 2204 576 2245; x_wconf 84' lang='lat'>674]</span> 
     </span>
    </p>
   </div>
   <div class='ocr_carea' id='block_1_3' title="bbox 394 2269 1067 2388">
    <p class='ocr_par' dir='ltr' id='par_1_5' title="bbox 394 2269 1067 2388">
     <span class='ocr_line' id='line_1_47' title="bbox 394 2269 1067 2324; baseline 0.003 -24.042"><span class='ocrx_word' id='word_1_275' title='bbox 394 2269 510 2300; x_wconf 57' lang='lat' dir='ltr'>&#39;evea‘</span> <span class='ocrx_word' id='word_1_276' title='bbox 502 2281 513 2300; x_wconf 91' lang='grc' dir='ltr'>ε</span> <span class='ocrx_word' id='word_1_277' title='bbox 530 2269 708 2312; x_wconf 74' lang='grc' dir='ltr'>ταρχύσουσι</span> <span class='ocrx_word' id='word_1_278' title='bbox 725 2271 891 2310; x_wconf 77' lang='grc' dir='ltr'>κασίγνητοί</span> <span class='ocrx_word' id='word_1_279' title='bbox 908 2282 940 2301; x_wconf 86' lang='grc' dir='ltr'>τε</span> <span class='ocrx_word' id='word_1_280' title='bbox 958 2270 1020 2324; x_wconf 52' lang='grc' dir='ltr'>ἔται</span> <span class='ocrx_word' id='word_1_281' title='bbox 1033 2283 1067 2302; x_wconf 84' lang='grc' dir='ltr'>τε</span> 
     </span>
     <span class='ocr_line' id='line_1_48' title="bbox 398 2302 1067 2386; baseline 0.001 -42"><span class='ocrx_word' id='word_1_282' title='bbox 398 2302 548 2386; x_wconf 65' lang='grc' dir='ltr'>Τύμςέ)</span> <span class='ocrx_word' id='word_1_283' title='bbox 527 2324 560 2343; x_wconf 83' lang='grc' dir='ltr'>τε</span> <span class='ocrx_word' id='word_1_284' title='bbox 582 2314 677 2345; x_wconf 76' lang='grc' dir='ltr'>στήλη</span> <span class='ocrx_word' id='word_1_285' title='bbox 700 2314 797 2345; x_wconf 85' lang='grc' dir='ltr'>τε·τό</span> <span class='ocrx_word' id='word_1_286' title='bbox 820 2317 886 2356; x_wconf 73' lang='grc' dir='ltr'>γὰρ</span> <span class='ocrx_word' id='word_1_287' title='bbox 896 2314 978 2356; x_wconf 76' lang='grc' dir='ltr'>γέρας</span> <span class='ocrx_word' id='word_1_288' title='bbox 1001 2314 1067 2346; x_wconf 81' lang='grc' dir='ltr'>ἐστι</span> 
     </span>
     <span class='ocr_line' id='line_1_49' title="bbox 503 2357 628 2388; baseline 0.018 -3"><span class='ocrx_word' id='word_1_289' title='bbox 503 2357 628 2388; x_wconf 81' lang='grc' dir='ltr'>ανὸντων.</span> 
     </span>
    </p>
   </div>
   <div class='ocr_carea' id='block_1_4' title="bbox 353 2415 1066 3059">
    <p class='ocr_par' dir='ltr' id='par_1_6' title="bbox 353 2415 1066 3059">
     <span class='ocr_line' id='line_1_50' title="bbox 356 2415 1065 2458; baseline 0.006 -14"><span class='ocrx_word' id='word_1_290' title='bbox 356 2415 416 2445; x_wconf 88' lang='lat' dir='ltr'>Sed</span> <span class='ocrx_word' id='word_1_291' title='bbox 438 2415 476 2445; x_wconf 90' lang='lat' dir='ltr'>de</span> <span class='ocrx_word' id='word_1_292' title='bbox 497 2416 567 2446; x_wconf 90' lang='lat' dir='ltr'>aliis</span> <span class='ocrx_word' id='word_1_293' title='bbox 589 2417 732 2455; x_wconf 87' lang='lat' dir='ltr'>gentibus</span> <span class='ocrx_word' id='word_1_294' title='bbox 752 2418 802 2448; x_wconf 80' lang='lat' dir='ltr'>hio</span> <span class='ocrx_word' id='word_1_295' title='bbox 821 2428 879 2447; x_wconf 92' lang='lat' dir='ltr'>non</span> <span class='ocrx_word' id='word_1_296' title='bbox 901 2428 988 2458; x_wconf 79' lang='lat' dir='ltr'>agam</span> <span class='ocrx_word' id='word_1_297' title='bbox 1007 2418 1065 2448; x_wconf 90' lang='lat' dir='ltr'>nisi</span> 
     </span>
     <span class='ocr_line' id='line_1_51' title="bbox 354 2460 1065 2500; baseline 0.004 -12"><span class='ocrx_word' id='word_1_298' title='bbox 354 2463 471 2488; x_wconf 82' lang='lat' dir='ltr'>tantum</span> <span class='ocrx_word' id='word_1_299' title='bbox 496 2460 535 2489; x_wconf 91' lang='lat' dir='ltr'>de</span> <span class='ocrx_word' id='word_1_300' title='bbox 562 2460 692 2495; x_wconf 78' lang='lat' dir='ltr'>Graeois,</span> <span class='ocrx_word' id='word_1_301' title='bbox 718 2461 757 2491; x_wconf 91' lang='lat' dir='ltr'>de</span> <span class='ocrx_word' id='word_1_302' title='bbox 784 2461 895 2500; x_wconf 90' lang='lat' dir='ltr'>quibus</span> <span class='ocrx_word' id='word_1_303' title='bbox 922 2461 971 2491; x_wconf 86' lang='lat' dir='ltr'>hie</span> <span class='ocrx_word' id='word_1_304' title='bbox 1003 2462 1065 2491; x_wconf 89' lang='lat' dir='ltr'>De-</span> 
     </span>
     <span class='ocr_line' id='line_1_52' title="bbox 354 2502 1066 2545; baseline 0.006 -15"><span class='ocrx_word' id='word_1_305' title='bbox 354 2502 468 2531; x_wconf 86' lang='lat' dir='ltr'>mosth.</span> <span class='ocrx_word' id='word_1_306' title='bbox 515 2502 589 2537; x_wconf 79' lang='lat' dir='ltr'>Quis</span> <span class='ocrx_word' id='word_1_307' title='bbox 609 2513 709 2533; x_wconf 84' lang='lat' dir='ltr'>eorum</span> <span class='ocrx_word' id='word_1_308' title='bbox 731 2504 865 2545; x_wconf 89' lang='lat' dir='ltr'>(inquit)</span> <span class='ocrx_word' id='word_1_309' title='bbox 894 2505 937 2534; x_wconf 87' lang='lat' dir='ltr'>ita</span> <span class='ocrx_word' id='word_1_310' title='bbox 961 2503 1066 2544; x_wconf 74' lang='lat' dir='ltr'>infelix</span> 
     </span>
     <span class='ocr_line' id='line_1_53' title="bbox 353 2546 1065 2587; baseline 0.003 -13"><span class='ocrx_word' id='word_1_311' title='bbox 353 2550 405 2580; x_wconf 81' lang='lat' dir='ltr'>esc,</span> <span class='ocrx_word' id='word_1_312' title='bbox 420 2550 455 2574; x_wconf 81' lang='lat' dir='ltr'>ut</span> <span class='ocrx_word' id='word_1_313' title='bbox 465 2546 600 2583; x_wconf 81' lang='lat' dir='ltr'>seipsum,</span> <span class='ocrx_word' id='word_1_314' title='bbox 615 2553 760 2585; x_wconf 81' lang='lat' dir='ltr'>parentes,</span> <span class='ocrx_word' id='word_1_315' title='bbox 771 2548 1065 2587; x_wconf 75' lang='lat' dir='ltr'>sepulcra,pertrium‚</span> 
     </span>
     <span class='ocr_line' id='line_1_54' title="bbox 355 2588 1066 2630; baseline 0.006 -14"><span class='ocrx_word' id='word_1_316' title='bbox 355 2588 452 2626; x_wconf 66' lang='lat' dir='ltr'>exigui</span> <span class='ocrx_word' id='word_1_317' title='bbox 463 2588 667 2628; x_wconf 76' lang='lat' dir='ltr'>iucelligratia</span> <span class='ocrx_word' id='word_1_318' title='bbox 675 2591 851 2628; x_wconf 55' lang='lat' dir='ltr'>perdel-eant</span> <span class='ocrx_word' id='word_1_319' title='bbox 858 2592 978 2630; x_wconf 81' lang='lat' dir='ltr'>prodere</span> <span class='ocrx_word' id='word_1_320' title='bbox 987 2591 1066 2625; x_wconf 75' lang='lat' dir='ltr'>velit,</span> 
     </span>
     <span class='ocr_line' id='line_1_55' title="bbox 354 2630 1064 2673; baseline 0.006 -14"><span class='ocrx_word' id='word_1_321' title='bbox 354 2630 388 2660; x_wconf 84' lang='lat' dir='ltr'>id</span> <span class='ocrx_word' id='word_1_322' title='bbox 400 2631 478 2660; x_wconf 85' lang='lat' dir='ltr'>enirn</span> <span class='ocrx_word' id='word_1_323' title='bbox 493 2636 541 2660; x_wconf 78' lang='lat' dir='ltr'>est</span> <span class='ocrx_word' id='word_1_324' title='bbox 552 2630 698 2671; x_wconf 73' lang='grc' dir='ltr'>προέσθαι,</span> <span class='ocrx_word' id='word_1_325' title='bbox 712 2634 750 2662; x_wconf 88' lang='lat' dir='ltr'>de</span> <span class='ocrx_word' id='word_1_326' title='bbox 761 2644 821 2673; x_wconf 88' lang='lat' dir='ltr'>quo</span> <span class='ocrx_word' id='word_1_327' title='bbox 835 2634 929 2663; x_wconf 83' lang='lat' dir='ltr'>verbo</span> <span class='ocrx_word' id='word_1_328' title='bbox 942 2633 1064 2663; x_wconf 85' lang='lat' dir='ltr'>memini</span> 
     </span>
     <span class='ocr_line' id='line_1_56' title="bbox 355 2673 1063 2707; baseline 0.006 -5"><span class='ocrx_word' id='word_1_329' title='bbox 355 2683 404 2702; x_wconf 89' lang='lat' dir='ltr'>me</span> <span class='ocrx_word' id='word_1_330' title='bbox 421 2673 539 2703; x_wconf 69' lang='lat' dir='ltr'>dixisse</span> <span class='ocrx_word' id='word_1_331' title='bbox 559 2680 657 2704; x_wconf 82' lang='lat' dir='ltr'>antea.</span> <span class='ocrx_word' id='word_1_332' title='bbox 703 2676 779 2705; x_wconf 85' lang='lat' dir='ltr'>Cum</span> <span class='ocrx_word' id='word_1_333' title='bbox 798 2687 871 2706; x_wconf 87' lang='lat' dir='ltr'>vero</span> <span class='ocrx_word' id='word_1_334' title='bbox 887 2677 989 2706; x_wconf 86' lang='lat' dir='ltr'>caeteri</span> <span class='ocrx_word' id='word_1_335' title='bbox 1007 2678 1063 2707; x_wconf 89' lang='lat' dir='ltr'>Gr.</span> 
     </span>
     <span class='ocr_line' id='line_1_57' title="bbox 356 2714 1066 2759; baseline 0.004 -13"><span class='ocrx_word' id='word_1_336' title='bbox 356 2721 420 2746; x_wconf 84' lang='lat' dir='ltr'>tum</span> <span class='ocrx_word' id='word_1_337' title='bbox 431 2717 579 2756; x_wconf 84' lang='lat' dir='ltr'><strong>imprimis</strong></span> <span class='ocrx_word' id='word_1_338' title='bbox 589 2717 805 2754; x_wconf 75' lang='lat' dir='ltr'>Athenienses,</span> <span class='ocrx_word' id='word_1_339' title='bbox 816 2714 882 2753; x_wconf 66' lang='grc' dir='ltr'>τοὺξ</span> <span class='ocrx_word' id='word_1_340' title='bbox 894 2721 1066 2759; x_wconf 78' lang='grc' dir='ltr'>προγονικοὺς</span> 
     </span>
     <span class='ocr_line' id='line_1_58' title="bbox 355 2760 1065 2801; baseline 0.004 -12"><span class='ocrx_word' id='word_1_341' title='bbox 355 2760 474 2798; x_wconf 69' lang='grc' dir='ltr'>τάφους,</span> <span class='ocrx_word' id='word_1_342' title='bbox 494 2760 524 2789; x_wconf 87' lang='lat' dir='ltr'>h.</span> <span class='ocrx_word' id='word_1_343' title='bbox 545 2770 573 2790; x_wconf 85' lang='lat' dir='ltr'>e.</span> <span class='ocrx_word' id='word_1_344' title='bbox 590 2761 733 2800; x_wconf 84' lang='lat' dir='ltr'>sepulcra</span> <span class='ocrx_word' id='word_1_345' title='bbox 748 2763 908 2800; x_wconf 84' lang='lat' dir='ltr'>majorum,</span> <span class='ocrx_word' id='word_1_346' title='bbox 925 2763 1065 2801; x_wconf 83' lang='lat' dir='ltr'>sepulcra</span> 
     </span>
     <span class='ocr_line' id='line_1_59' title="bbox 356 2803 1065 2842; baseline 0.004 -10"><span class='ocrx_word' id='word_1_347' title='bbox 356 2803 468 2842; x_wconf 82' lang='lat' dir='ltr'>patria,</span> <span class='ocrx_word' id='word_1_348' title='bbox 493 2813 545 2832; x_wconf 88' lang='lat' dir='ltr'>seu</span> <span class='ocrx_word' id='word_1_349' title='bbox 570 2804 706 2842; x_wconf 83' lang='lat' dir='ltr'>gentilia,</span> <span class='ocrx_word' id='word_1_350' title='bbox 734 2805 867 2834; x_wconf 82' lang='lat' dir='ltr'>maximo</span> <span class='ocrx_word' id='word_1_351' title='bbox 897 2806 1011 2835; x_wconf 88' lang='lat' dir='ltr'>honore</span> <span class='ocrx_word' id='word_1_352' title='bbox 1035 2811 1065 2835; x_wconf 88' lang='lat' dir='ltr'>et</span> 
     </span>
     <span class='ocr_line' id='line_1_60' title="bbox 357 2846 1064 2885; baseline 0.004 -10"><span class='ocrx_word' id='word_1_353' title='bbox 357 2846 552 2875; x_wconf 80' lang='lat' dir='ltr'>veneratione</span> <span class='ocrx_word' id='word_1_354' title='bbox 580 2848 849 2885; x_wconf 84' lang='lat' dir='ltr'>prosequebantur.</span> <span class='ocrx_word' id='word_1_355' title='bbox 902 2849 985 2878; x_wconf 85' lang='lat' dir='ltr'>Hinc</span> <span class='ocrx_word' id='word_1_356' title='bbox 1010 2860 1064 2878; x_wconf 91' lang='lat' dir='ltr'>ex-</span> 
     </span>
     <span class='ocr_line' id='line_1_61' title="bbox 357 2888 1064 2928; baseline 0.006 -11"><span class='ocrx_word' id='word_1_357' title='bbox 357 2888 498 2918; x_wconf 82' lang='lat' dir='ltr'>clamatio</span> <span class='ocrx_word' id='word_1_358' title='bbox 513 2889 568 2918; x_wconf 79' lang='lat' dir='ltr'>illa</span> <span class='ocrx_word' id='word_1_359' title='bbox 579 2890 659 2928; x_wconf 87' lang='lat' dir='ltr'>apud</span> <span class='ocrx_word' id='word_1_360' title='bbox 675 2890 763 2919; x_wconf 82' lang='lat' dir='ltr'>Rhet.</span> <span class='ocrx_word' id='word_1_361' title='bbox 779 2889 846 2920; x_wconf 77' lang='lat' dir='ltr'>An.</span> <span class='ocrx_word' id='word_1_362' title='bbox 857 2889 881 2919; x_wconf 66' lang='grc' dir='ltr'><em>ὦ</em></span> <span class='ocrx_word' id='word_1_363' title='bbox 894 2893 931 2928; x_wconf 76' lang='grc' dir='ltr'>γῆ</span> <span class='ocrx_word' id='word_1_364' title='bbox 944 2892 992 2920; x_wconf 74' lang='grc' dir='ltr'>καὶ</span> <span class='ocrx_word' id='word_1_365' title='bbox 1004 2892 1064 2923; x_wconf 69' lang='grc' dir='ltr'>ἥλιε</span> 
     </span>
     <span class='ocr_line' id='line_1_62' title="bbox 356 2931 1064 2973; baseline 0.004 -13"><span class='ocrx_word' id='word_1_366' title='bbox 356 2931 405 2960; x_wconf 81' lang='grc' dir='ltr'>καῖ</span> <span class='ocrx_word' id='word_1_367' title='bbox 416 2932 472 2971; x_wconf 74' lang='grc' dir='ltr'>ἱερὰ</span> <span class='ocrx_word' id='word_1_368' title='bbox 486 2932 534 2961; x_wconf 75' lang='grc' dir='ltr'>καὶ</span> <span class='ocrx_word' id='word_1_369' title='bbox 546 2933 652 2972; x_wconf 75' lang='grc' dir='ltr'>τάφος.</span> <span class='ocrx_word' id='word_1_370' title='bbox 667 2934 762 2962; x_wconf 74' lang='lat' dir='ltr'>Theo.</span> <span class='ocrx_word' id='word_1_371' title='bbox 780 2934 948 2973; x_wconf 82' lang='lat' dir='ltr'>Progymn.</span> <span class='ocrx_word' id='word_1_372' title='bbox 974 2936 1064 2964; x_wconf 87' lang='lat' dir='ltr'>Unde</span> 
     </span>
     <span class='ocr_line' id='line_1_63' title="bbox 355 2975 1062 3016; baseline 0.006 -13"><span class='ocrx_word' id='word_1_373' title='bbox 355 2984 422 3004; x_wconf 86' lang='lat' dir='ltr'>mos</span> <span class='ocrx_word' id='word_1_374' title='bbox 437 2975 489 3003; x_wconf 86' lang='lat' dir='ltr'>ille</span> <span class='ocrx_word' id='word_1_375' title='bbox 510 2976 674 3005; x_wconf 81' lang='lat' dir='ltr'>honorifice</span> <span class='ocrx_word' id='word_1_376' title='bbox 688 2976 872 3016; x_wconf 85' lang='lat' dir='ltr'>sepeliendi,</span> <span class='ocrx_word' id='word_1_377' title='bbox 888 2982 940 3006; x_wconf 80' lang='lat' dir='ltr'>aut</span> <span class='ocrx_word' id='word_1_378' title='bbox 956 2977 1062 3007; x_wconf 82' lang='lat' dir='ltr'>saltem</span> 
     </span>
     <span class='ocr_line' id='line_1_64' title="bbox 353 3017 1063 3059; baseline 0.006 -13"><span class='ocrx_word' id='word_1_379' title='bbox 353 3017 524 3053; x_wconf 75' lang='lat' dir='ltr'>funerandi,</span> <span class='ocrx_word' id='word_1_380' title='bbox 551 3028 605 3047; x_wconf 82' lang='lat' dir='ltr'>eos</span> <span class='ocrx_word' id='word_1_381' title='bbox 628 3025 750 3058; x_wconf 84' lang='lat' dir='ltr'>sumptu</span> <span class='ocrx_word' id='word_1_382' title='bbox 773 3019 908 3057; x_wconf 82' lang='lat' dir='ltr'>publico,</span> <span class='ocrx_word' id='word_1_383' title='bbox 930 3020 982 3059; x_wconf 89' lang='lat' dir='ltr'>qui</span> <span class='ocrx_word' id='word_1_384' title='bbox 1005 3031 1063 3059; x_wconf 89' lang='lat' dir='ltr'>pro</span> 
     </span>
    </p>
   </div>
   <div class='ocr_carea' id='block_1_5' title="bbox 704 202 1492 253">
    <p class='ocr_par' dir='ltr' id='par_1_7' title="bbox 704 202 1492 253">
     <span class='ocr_line' id='line_1_65' title="bbox 704 202 1492 253; baseline 0.001 -9"><span class='ocrx_word' id='word_1_385' title='bbox 704 202 979 244; x_wconf 87' lang='lat' dir='ltr'>STANLEII</span> <span class='ocrx_word' id='word_1_386' title='bbox 1017 202 1492 253; x_wconf 86' lang='lat' dir='ltr'>ANNOTATIONES</span> 
     </span>
    </p>
   </div>
   <div class='ocr_carea' id='block_1_6' title="bbox 1097 309 1812 3061">
    <p class='ocr_par' dir='ltr' id='par_1_8' title="bbox 1097 309 1812 2965">
     <span class='ocr_line' id='line_1_66' title="bbox 1107 309 1808 350; baseline 0.004 -11"><span class='ocrx_word' id='word_1_387' title='bbox 1107 309 1204 348; x_wconf 85' lang='lat' dir='ltr'>patria</span> <span class='ocrx_word' id='word_1_388' title='bbox 1236 314 1406 350; x_wconf 78' lang='lat' dir='ltr'>pugnantes</span> <span class='ocrx_word' id='word_1_389' title='bbox 1435 310 1553 340; x_wconf 77' lang='lat' dir='ltr'>fortiter</span> <span class='ocrx_word' id='word_1_390' title='bbox 1585 312 1790 342; x_wconf 79' lang='lat' dir='ltr'>occubuerant</span> <span class='ocrx_word' id='word_1_391' title='bbox 1797 321 1808 342; x_wconf 69' lang='grc' dir='ltr'>ε</span> 
     </span>
     <span class='ocr_line' id='line_1_67' title="bbox 1108 353 1810 392; baseline 0.003 -10"><span class='ocrx_word' id='word_1_392' title='bbox 1108 363 1168 391; x_wconf 89' lang='lat' dir='ltr'>qua</span> <span class='ocrx_word' id='word_1_393' title='bbox 1183 353 1220 382; x_wconf 89' lang='lat' dir='ltr'>de</span> <span class='ocrx_word' id='word_1_394' title='bbox 1241 363 1274 383; x_wconf 88' lang='lat' dir='ltr'>re</span> <span class='ocrx_word' id='word_1_395' title='bbox 1296 358 1400 383; x_wconf 80' lang='lat' dir='ltr'>exstat</span> <span class='ocrx_word' id='word_1_396' title='bbox 1414 353 1616 392; x_wconf 86' lang='lat' dir='ltr'>pulcherrima</span> <span class='ocrx_word' id='word_1_397' title='bbox 1633 354 1730 384; x_wconf 83' lang='lat' dir='ltr'>oratio</span> <span class='ocrx_word' id='word_1_398' title='bbox 1748 356 1810 385; x_wconf 75' lang='lat' dir='ltr'>P&#39;e-</span> 
     </span>
     <span class='ocr_line' id='line_1_68' title="bbox 1107 396 1809 436; baseline 0.003 -11"><span class='ocrx_word' id='word_1_399' title='bbox 1107 396 1191 425; x_wconf 87' lang='lat' dir='ltr'>riclis</span> <span class='ocrx_word' id='word_1_400' title='bbox 1222 396 1302 435; x_wconf 85' lang='lat' dir='ltr'>apud</span> <span class='ocrx_word' id='word_1_401' title='bbox 1330 396 1552 436; x_wconf 66' lang='lat' dir='ltr'>Thucydidem.</span> <span class='ocrx_word' id='word_1_402' title='bbox 1606 398 1706 436; x_wconf 79' lang='lat' dir='ltr'>Atque</span> <span class='ocrx_word' id='word_1_403' title='bbox 1739 398 1809 428; x_wconf 80' lang='lat' dir='ltr'>hinc</span> 
     </span>
     <span class='ocr_line' id='line_1_69' title="bbox 1106 439 1806 491; baseline 0.003 -23"><span class='ocrx_word' id='word_1_404' title='bbox 1106 439 1255 477; x_wconf 85' lang='lat' dir='ltr'>praeclara</span> <span class='ocrx_word' id='word_1_405' title='bbox 1284 439 1336 468; x_wconf 90' lang='lat' dir='ltr'>illa</span> <span class='ocrx_word' id='word_1_406' title='bbox 1365 439 1415 468; x_wconf 62' lang='lat' dir='ltr'>le&lt;</span> <span class='ocrx_word' id='word_1_407' title='bbox 1447 439 1579 474; x_wconf 86' lang='lat' dir='ltr'>Solonis,</span> <span class='ocrx_word' id='word_1_408' title='bbox 1585 441 1675 491; x_wconf 88' lang='lat' dir='ltr'>apud</span> <span class='ocrx_word' id='word_1_409' title='bbox 1695 440 1806 470; x_wconf 88' lang='lat' dir='ltr'>AElian.</span> 
     </span>
     <span class='ocr_line' id='line_1_70' title="bbox 1107 481 1809 522; baseline 0.003 -12"><span class='ocrx_word' id='word_1_410' title='bbox 1107 481 1164 522; x_wconf 92' lang='lat' dir='ltr'><strong>[V.</strong></span> <span class='ocrx_word' id='word_1_411' title='bbox 1183 482 1225 512; x_wconf 88' lang='lat' dir='ltr'>H.</span> <span class='ocrx_word' id='word_1_412' title='bbox 1244 482 1265 511; x_wconf 89' lang='grc' dir='ltr'>Ι.</span> <span class='ocrx_word' id='word_1_413' title='bbox 1279 492 1310 511; x_wconf 85' lang='lat' dir='ltr'><strong>v.</strong></span> <span class='ocrx_word' id='word_1_414' title='bbox 1328 484 1380 512; x_wconf 84' lang='lat'><strong>14.</strong></span> <span class='ocrx_word' id='word_1_415' title='bbox 1384 482 1398 522; x_wconf 95' lang='lat'>]</span> <span class='ocrx_word' id='word_1_416' title='bbox 1415 481 1497 520; x_wconf 79' lang='grc' dir='ltr'>νόμος</span> <span class='ocrx_word' id='word_1_417' title='bbox 1510 482 1558 511; x_wconf 84' lang='grc' dir='ltr'>και</span> <span class='ocrx_word' id='word_1_418' title='bbox 1574 494 1650 516; x_wconf 79' lang='grc' dir='ltr'>ουτος</span> <span class='ocrx_word' id='word_1_419' title='bbox 1666 482 1809 518; x_wconf 76' lang='grc' dir='ltr'>Ἀττικὸς,</span> 
     </span>
     <span class='ocr_line' id='line_1_71' title="bbox 1099 524 1810 565; baseline 0.001 -11.024"><span class='ocrx_word' id='word_1_420' title='bbox 1099 525 1153 558; x_wconf 74' lang='grc' dir='ltr'><strong>“;·Ο</strong></span> <span class='ocrx_word' id='word_1_421' title='bbox 1174 524 1205 554; x_wconf 75' lang='grc' dir='ltr'>ἂν</span> <span class='ocrx_word' id='word_1_422' title='bbox 1226 525 1331 563; x_wconf 76' lang='grc' dir='ltr'>οἷτάφῳ</span> <span class='ocrx_word' id='word_1_423' title='bbox 1347 525 1486 565; x_wconf 79' lang='grc' dir='ltr'>περιτύχῃ</span> <span class='ocrx_word' id='word_1_424' title='bbox 1504 526 1624 565; x_wconf 74' lang='grc' dir='ltr'>σώματι</span> <span class='ocrx_word' id='word_1_425' title='bbox 1642 526 1810 565; x_wconf 64' lang='grc' dir='ltr'>ἀνθρώπου,</span> 
     </span>
     <span class='ocr_line' id='line_1_72' title="bbox 1105 567 1810 607; baseline 0.004 -11"><span class='ocrx_word' id='word_1_426' title='bbox 1105 568 1219 601; x_wconf 73' lang='grc' dir='ltr'>πάντως</span> <span class='ocrx_word' id='word_1_427' title='bbox 1235 567 1402 600; x_wconf 71' lang='grc' dir='ltr'>ἐπιβάλλειν</span> <span class='ocrx_word' id='word_1_428' title='bbox 1411 567 1489 606; x_wconf 77' lang='grc' dir='ltr'>αὐτῷ</span> <span class='ocrx_word' id='word_1_429' title='bbox 1501 569 1560 604; x_wconf 66' lang='grc' dir='ltr'>γῆν.</span> <span class='ocrx_word' id='word_1_430' title='bbox 1572 569 1653 607; x_wconf 91' lang='lat' dir='ltr'>quod</span> <span class='ocrx_word' id='word_1_431' title='bbox 1666 574 1696 598; x_wconf 89' lang='lat' dir='ltr'>et</span> <span class='ocrx_word' id='word_1_432' title='bbox 1710 574 1810 599; x_wconf 85' lang='lat' dir='ltr'>monet</span> 
     </span>
     <span class='ocr_line' id='line_1_73' title="bbox 1106 601 1811 653; baseline 0.003 -13"><span class='ocrx_word' id='word_1_433' title='bbox 1106 611 1315 649; x_wconf 71' lang='grc' dir='ltr'>Ριιοο)1.1ιοο</span> <span class='ocrx_word' id='word_1_434' title='bbox 1332 601 1486 640; x_wconf 83' lang='lat' dir='ltr'>versiculo</span> <span class='ocrx_word' id='word_1_435' title='bbox 1505 620 1598 641; x_wconf 84' lang='lat' dir='ltr'>carm.</span> <span class='ocrx_word' id='word_1_436' title='bbox 1617 610 1704 653; x_wconf 66' lang='lat'>[94]</span> <span class='ocrx_word' id='word_1_437' title='bbox 1724 613 1811 642; x_wconf 79' lang='grc' dir='ltr'>Γαῖαν</span> 
     </span>
     <span class='ocr_line' id='line_1_74' title="bbox 1106 651 1810 695; baseline 0.004 -13"><span class='ocrx_word' id='word_1_438' title='bbox 1106 651 1314 692; x_wconf 65' lang='grc' dir='ltr'>ἔπιμοιρᾶσθαι</span> <span class='ocrx_word' id='word_1_439' title='bbox 1351 654 1540 695; x_wconf 79' lang='grc' dir='ltr'>ἀταρχεύτοις</span> <span class='ocrx_word' id='word_1_440' title='bbox 1570 656 1709 684; x_wconf 71' lang='grc' dir='ltr'>νεκύεσσι.</span> <span class='ocrx_word' id='word_1_441' title='bbox 1771 656 1810 685; x_wconf 82' lang='lat' dir='ltr'>Et</span> 
     </span>
     <span class='ocr_line' id='line_1_75' title="bbox 1105 696 1809 737; baseline 0.003 -12"><span class='ocrx_word' id='word_1_442' title='bbox 1105 705 1274 735; x_wconf 78' lang='lat' dir='ltr'>quanquam</span> <span class='ocrx_word' id='word_1_443' title='bbox 1292 697 1342 726; x_wconf 82' lang='lat' dir='ltr'>ille</span> <span class='ocrx_word' id='word_1_444' title='bbox 1362 696 1467 737; x_wconf 89' lang='lat' dir='ltr'>[Virg.</span> <span class='ocrx_word' id='word_1_445' title='bbox 1479 697 1552 726; x_wconf 89' lang='lat' dir='ltr'>AEn.</span> <span class='ocrx_word' id='word_1_446' title='bbox 1564 697 1596 726; x_wconf 87' lang='lat' dir='ltr'>ii.</span> <span class='ocrx_word' id='word_1_447' title='bbox 1613 699 1687 728; x_wconf 65' lang='lat'><strong>646.</strong></span> <span class='ocrx_word' id='word_1_448' title='bbox 1692 697 1703 737; x_wconf 91' lang='lat'>]</span> <span class='ocrx_word' id='word_1_449' title='bbox 1720 697 1809 727; x_wconf 83' lang='lat' dir='ltr'>dixe-</span> 
     </span>
     <span class='ocr_line' id='line_1_76' title="bbox 1105 739 1810 778; baseline 0.003 -10"><span class='ocrx_word' id='word_1_450' title='bbox 1105 741 1156 773; x_wconf 83' lang='lat' dir='ltr'>rit,</span> <span class='ocrx_word' id='word_1_451' title='bbox 1179 743 1200 756; x_wconf 77' lang='lat'>‘⁶</span> <span class='ocrx_word' id='word_1_452' title='bbox 1217 739 1314 769; x_wconf 78' lang='lat' dir='ltr'>facilis</span> <span class='ocrx_word' id='word_1_453' title='bbox 1336 740 1455 777; x_wconf 86' lang='lat' dir='ltr'>jactura</span> <span class='ocrx_word' id='word_1_454' title='bbox 1483 739 1640 778; x_wconf 82' lang='lat' dir='ltr'>sepulcri,&#39;</span> <span class='ocrx_word' id='word_1_455' title='bbox 1645 740 1652 751; x_wconf 81' lang='lat'>’</span> <span class='ocrx_word' id='word_1_456' title='bbox 1675 746 1706 770; x_wconf 84' lang='lat' dir='ltr'>et</span> <span class='ocrx_word' id='word_1_457' title='bbox 1731 741 1810 770; x_wconf 85' lang='lat' dir='ltr'>alter</span> 
     </span>
     <span class='ocr_line' id='line_1_77' title="bbox 1106 781 1809 822; baseline 0.003 -12"><span class='ocrx_word' id='word_1_458' title='bbox 1106 781 1262 820; x_wconf 75' lang='lat' dir='ltr'>[Tbucyd.</span> <span class='ocrx_word' id='word_1_459' title='bbox 1282 783 1303 811; x_wconf 91' lang='lat' dir='ltr'>l.</span> <span class='ocrx_word' id='word_1_460' title='bbox 1317 782 1351 811; x_wconf 82' lang='lat' dir='ltr'>ii.</span> <span class='ocrx_word' id='word_1_461' title='bbox 1368 781 1438 821; x_wconf 62' lang='lat'>43]</span> <span class='ocrx_word' id='word_1_462' title='bbox 1457 782 1554 822; x_wconf 70' lang='grc' dir='ltr'>ἀνδρῶν</span> <span class='ocrx_word' id='word_1_463' title='bbox 1569 781 1710 822; x_wconf 78' lang='grc' dir='ltr'>ἐπιφανῶν</span> <span class='ocrx_word' id='word_1_464' title='bbox 1725 785 1809 813; x_wconf 76' lang='grc' dir='ltr'>πΞσα</span> 
     </span>
     <span class='ocr_line' id='line_1_78' title="bbox 1104 823 1810 864; baseline 0.004 -11"><span class='ocrx_word' id='word_1_465' title='bbox 1104 826 1141 862; x_wconf 74' lang='grc' dir='ltr'>γῆ</span> <span class='ocrx_word' id='word_1_466' title='bbox 1151 824 1253 864; x_wconf 76' lang='grc' dir='ltr'>τάφος,</span> <span class='ocrx_word' id='word_1_467' title='bbox 1269 829 1381 861; x_wconf 84' lang='lat' dir='ltr'>tamen,</span> <span class='ocrx_word' id='word_1_468' title='bbox 1396 823 1509 864; x_wconf 72' lang='grc' dir='ltr'>ἀταφία</span> <span class='ocrx_word' id='word_1_469' title='bbox 1523 836 1638 864; x_wconf 83' lang='lat' dir='ltr'>magnae</span> <span class='ocrx_word' id='word_1_470' title='bbox 1655 826 1810 856; x_wconf 83' lang='lat' dir='ltr'>calamita-</span> 
     </span>
     <span class='ocr_line' id='line_1_79' title="bbox 1107 868 1809 907; baseline 0.004 -11"><span class='ocrx_word' id='word_1_471' title='bbox 1107 869 1144 897; x_wconf 86' lang='lat' dir='ltr'>tis</span> <span class='ocrx_word' id='word_1_472' title='bbox 1159 873 1250 906; x_wconf 83' lang='lat' dir='ltr'>atque</span> <span class='ocrx_word' id='word_1_473' title='bbox 1265 868 1353 897; x_wconf 78' lang='lat' dir='ltr'>etiarn</span> <span class='ocrx_word' id='word_1_474' title='bbox 1365 877 1462 907; x_wconf 84' lang='lat' dir='ltr'>poenae</span> <span class='ocrx_word' id='word_1_475' title='bbox 1476 868 1544 897; x_wconf 87' lang='lat' dir='ltr'>loco</span> <span class='ocrx_word' id='word_1_476' title='bbox 1558 868 1657 898; x_wconf 82' lang='lat' dir='ltr'>habita</span> <span class='ocrx_word' id='word_1_477' title='bbox 1668 875 1715 899; x_wconf 75' lang='lat' dir='ltr'>est</span> <span class='ocrx_word' id='word_1_478' title='bbox 1728 870 1809 907; x_wconf 87' lang='lat' dir='ltr'>apud</span> 
     </span>
     <span class='ocr_line' id='line_1_80' title="bbox 1105 911 1809 950; baseline 0.001 -10"><span class='ocrx_word' id='word_1_479' title='bbox 1105 912 1159 940; x_wconf 88' lang='lat' dir='ltr'>Gr.</span> <span class='ocrx_word' id='word_1_480' title='bbox 1182 915 1202 928; x_wconf 88' lang='lat'>“</span> <span class='ocrx_word' id='word_1_481' title='bbox 1218 911 1360 950; x_wconf 84' lang='lat' dir='ltr'>sepulcro</span> <span class='ocrx_word' id='word_1_482' title='bbox 1382 921 1426 940; x_wconf 88' lang='lat' dir='ltr'>sc.</span> <span class='ocrx_word' id='word_1_483' title='bbox 1450 921 1552 940; x_wconf 81' lang='lat' dir='ltr'>carere</span> <span class='ocrx_word' id='word_1_484' title='bbox 1573 916 1604 941; x_wconf 90' lang='lat' dir='ltr'>et</span> <span class='ocrx_word' id='word_1_485' title='bbox 1622 911 1809 942; x_wconf 85' lang='lat' dir='ltr'>inhumatum</span> 
     </span>
     <span class='ocr_line' id='line_1_81' title="bbox 1105 953 1809 993; baseline 0.006 -12"><span class='ocrx_word' id='word_1_486' title='bbox 1105 953 1246 992; x_wconf 79' lang='lat' dir='ltr'>projici‚’&#39;</span> <span class='ocrx_word' id='word_1_487' title='bbox 1268 965 1323 984; x_wconf 83' lang='lat' dir='ltr'>nec</span> <span class='ocrx_word' id='word_1_488' title='bbox 1350 958 1465 983; x_wconf 89' lang='lat' dir='ltr'>tantum</span> <span class='ocrx_word' id='word_1_489' title='bbox 1491 953 1611 993; x_wconf 79' lang='grc' dir='ltr'>αταφον,</span> <span class='ocrx_word' id='word_1_490' title='bbox 1636 956 1691 985; x_wconf 86' lang='lat' dir='ltr'>sed</span> <span class='ocrx_word' id='word_1_491' title='bbox 1718 955 1809 985; x_wconf 88' lang='lat' dir='ltr'>etiam</span> 
     </span>
     <span class='ocr_line' id='line_1_82' title="bbox 1104 996 1808 1036; baseline 0.003 -11"><span class='ocrx_word' id='word_1_492' title='bbox 1104 996 1350 1036; x_wconf 59' lang='lat' dir='ltr'>AEw6vassov,esse,</span> <span class='ocrx_word' id='word_1_493' title='bbox 1360 1007 1415 1036; x_wconf 89' lang='lat' dir='ltr'>pro</span> <span class='ocrx_word' id='word_1_494' title='bbox 1428 1007 1536 1036; x_wconf 86' lang='lat' dir='ltr'>magno</span> <span class='ocrx_word' id='word_1_495' title='bbox 1553 996 1717 1027; x_wconf 77' lang='lat' dir='ltr'>infortunio</span> <span class='ocrx_word' id='word_1_496' title='bbox 1732 1003 1808 1029; x_wconf 83' lang='lat' dir='ltr'>erat.</span> 
     </span>
     <span class='ocr_line' id='line_1_83' title="bbox 1105 1039 1812 1081; baseline 0 -12"><span class='ocrx_word' id='word_1_497' title='bbox 1105 1040 1258 1069; x_wconf 82' lang='lat' dir='ltr'>Differunt</span> <span class='ocrx_word' id='word_1_498' title='bbox 1268 1047 1368 1070; x_wconf 82' lang='lat' dir='ltr'>autem</span> <span class='ocrx_word' id='word_1_499' title='bbox 1376 1039 1485 1079; x_wconf 68' lang='grc' dir='ltr'>ἄταφος</span> <span class='ocrx_word' id='word_1_500' title='bbox 1493 1045 1523 1069; x_wconf 87' lang='lat' dir='ltr'>et</span> <span class='ocrx_word' id='word_1_501' title='bbox 1530 1039 1690 1080; x_wconf 72' lang='grc' dir='ltr'>εἰποταφος.</span> <span class='ocrx_word' id='word_1_502' title='bbox 1698 1041 1812 1081; x_wconf 75' lang='grc' dir='ltr'>ἄταφος</span> 
     </span>
     <span class='ocr_line' id='line_1_84' title="bbox 1104 1083 1812 1124; baseline 0.004 -12"><span class='ocrx_word' id='word_1_503' title='bbox 1104 1087 1152 1112; x_wconf 82' lang='lat' dir='ltr'>est</span> <span class='ocrx_word' id='word_1_504' title='bbox 1171 1083 1295 1122; x_wconf 73' lang='lat' dir='ltr'>sepulcri</span> <span class='ocrx_word' id='word_1_505' title='bbox 1313 1093 1419 1122; x_wconf 71' lang='lat' dir='ltr'>expers,</span> <span class='ocrx_word' id='word_1_506' title='bbox 1433 1083 1484 1123; x_wconf 80' lang='lat' dir='ltr'>qni</span> <span class='ocrx_word' id='word_1_507' title='bbox 1503 1093 1560 1113; x_wconf 83' lang='lat' dir='ltr'>non</span> <span class='ocrx_word' id='word_1_508' title='bbox 1577 1085 1691 1114; x_wconf 80' lang='lat' dir='ltr'>omnino</span> <span class='ocrx_word' id='word_1_509' title='bbox 1710 1085 1812 1124; x_wconf 77' lang='lat' dir='ltr'>sepeli-</span> 
     </span>
     <span class='ocr_line' id='line_1_85' title="bbox 1102 1124 1811 1166; baseline 0.004 -11"><span class='ocrx_word' id='word_1_510' title='bbox 1102 1131 1175 1163; x_wconf 68' lang='grc' dir='ltr'>ται-ς</span> <span class='ocrx_word' id='word_1_511' title='bbox 1199 1124 1360 1166; x_wconf 79' lang='grc' dir='ltr'>ἀπόταφος,</span> <span class='ocrx_word' id='word_1_512' title='bbox 1376 1127 1427 1166; x_wconf 81' lang='lat' dir='ltr'>qui</span> <span class='ocrx_word' id='word_1_513' title='bbox 1444 1127 1522 1156; x_wconf 85' lang='lat' dir='ltr'>inter</span> <span class='ocrx_word' id='word_1_514' title='bbox 1539 1136 1604 1157; x_wconf 85' lang='lat' dir='ltr'>suos</span> <span class='ocrx_word' id='word_1_515' title='bbox 1625 1126 1736 1157; x_wconf 81' lang='lat' dir='ltr'>thecam</span> <span class='ocrx_word' id='word_1_516' title='bbox 1752 1139 1811 1158; x_wconf 83' lang='lat' dir='ltr'>non</span> 
     </span>
     <span class='ocr_line' id='line_1_86' title="bbox 1102 1169 1810 1210; baseline 0.001 -11"><span class='ocrx_word' id='word_1_517' title='bbox 1102 1169 1222 1206; x_wconf 79' lang='lat' dir='ltr'>obtinet,</span> <span class='ocrx_word' id='word_1_518' title='bbox 1235 1171 1282 1199; x_wconf 82' lang='lat' dir='ltr'>sed</span> <span class='ocrx_word' id='word_1_519' title='bbox 1295 1169 1404 1199; x_wconf 74' lang='lat' dir='ltr'>alicubi</span> <span class='ocrx_word' id='word_1_520' title='bbox 1418 1170 1447 1199; x_wconf 86' lang='lat' dir='ltr'>in</span> <span class='ocrx_word' id='word_1_521' title='bbox 1459 1171 1613 1210; x_wconf 76' lang='lat' dir='ltr'>peregrino</span> <span class='ocrx_word' id='word_1_522' title='bbox 1623 1170 1680 1200; x_wconf 81' lang='lat' dir='ltr'>solo</span> <span class='ocrx_word' id='word_1_523' title='bbox 1689 1177 1715 1200; x_wconf 83' lang='lat' dir='ltr'>et</span> <span class='ocrx_word' id='word_1_524' title='bbox 1728 1176 1810 1200; x_wconf 72' lang='lat' dir='ltr'>extra</span> 
     </span>
     <span class='ocr_line' id='line_1_87' title="bbox 1100 1213 1811 1254; baseline 0.001 -12"><span class='ocrx_word' id='word_1_525' title='bbox 1100 1213 1231 1251; x_wconf 81' lang='lat' dir='ltr'>patriam</span> <span class='ocrx_word' id='word_1_526' title='bbox 1255 1213 1402 1251; x_wconf 81' lang='lat' dir='ltr'>sepelitur.</span> <span class='ocrx_word' id='word_1_527' title='bbox 1448 1213 1634 1252; x_wconf 85' lang='lat' dir='ltr'>Harpocrat.</span> <span class='ocrx_word' id='word_1_528' title='bbox 1659 1213 1811 1254; x_wconf 77' lang='grc' dir='ltr'>ἀπόταφος</span> 
     </span>
     <span class='ocr_line' id='line_1_88' title="bbox 1102 1254 1810 1296; baseline 0.003 -11"><span class='ocrx_word' id='word_1_529' title='bbox 1102 1255 1166 1286; x_wconf 71' lang='grc' dir='ltr'>ἀντὶ</span> <span class='ocrx_word' id='word_1_530' title='bbox 1176 1257 1224 1286; x_wconf 81' lang='grc' dir='ltr'>τοῦ</span> <span class='ocrx_word' id='word_1_531' title='bbox 1234 1254 1461 1295; x_wconf 73' lang='grc' dir='ltr'>ἀπεστερημένος</span> <span class='ocrx_word' id='word_1_532' title='bbox 1469 1258 1523 1286; x_wconf 78' lang='grc' dir='ltr'>τῶν</span> <span class='ocrx_word' id='word_1_533' title='bbox 1531 1259 1691 1296; x_wconf 79' lang='grc' dir='ltr'>προγονικῶν</span> <span class='ocrx_word' id='word_1_534' title='bbox 1698 1258 1810 1296; x_wconf 74' lang='grc' dir='ltr'>τάφων,</span> 
     </span>
     <span class='ocr_line' id='line_1_89' title="bbox 1103 1299 1807 1338; baseline 0.003 -10"><span class='ocrx_word' id='word_1_535' title='bbox 1103 1300 1153 1338; x_wconf 82' lang='lat' dir='ltr'>qni</span> <span class='ocrx_word' id='word_1_536' title='bbox 1166 1300 1301 1338; x_wconf 78' lang='lat' dir='ltr'>privatus</span> <span class='ocrx_word' id='word_1_537' title='bbox 1316 1304 1357 1328; x_wconf 83' lang='lat' dir='ltr'>est</span> <span class='ocrx_word' id='word_1_538' title='bbox 1374 1299 1517 1337; x_wconf 78' lang='lat' dir='ltr'>majorum</span> <span class='ocrx_word' id='word_1_539' title='bbox 1530 1309 1650 1329; x_wconf 78' lang='lat' dir='ltr'>suorum</span> <span class='ocrx_word' id='word_1_540' title='bbox 1665 1300 1807 1338; x_wconf 77' lang='lat' dir='ltr'>sepulcro.</span> 
     </span>
     <span class='ocr_line' id='line_1_90' title="bbox 1104 1342 1810 1381; baseline 0.001 -10"><span class='ocrx_word' id='word_1_541' title='bbox 1104 1342 1143 1371; x_wconf 88' lang='lat' dir='ltr'>Et</span> <span class='ocrx_word' id='word_1_542' title='bbox 1164 1347 1247 1372; x_wconf 83' lang='lat' dir='ltr'>certe</span> <span class='ocrx_word' id='word_1_543' title='bbox 1269 1342 1486 1377; x_wconf 78' lang='lat' dir='ltr'>Athenienses,</span> <span class='ocrx_word' id='word_1_544' title='bbox 1509 1343 1580 1381; x_wconf 89' lang='lat' dir='ltr'>quia</span> <span class='ocrx_word' id='word_1_545' title='bbox 1601 1343 1810 1381; x_wconf 83' lang='lat' dir='ltr'>gloriabantur</span> 
     </span>
     <span class='ocr_line' id='line_1_91' title="bbox 1103 1384 1809 1426; baseline 0.003 -12"><span class='ocrx_word' id='word_1_546' title='bbox 1103 1395 1136 1414; x_wconf 92' lang='lat' dir='ltr'>se</span> <span class='ocrx_word' id='word_1_547' title='bbox 1149 1384 1331 1426; x_wconf 70' lang='grc' dir='ltr'>αὐτόχθονας</span> <span class='ocrx_word' id='word_1_548' title='bbox 1346 1395 1427 1421; x_wconf 87' lang='lat' dir='ltr'>esse,</span> <span class='ocrx_word' id='word_1_549' title='bbox 1440 1384 1557 1415; x_wconf 85' lang='lat' dir='ltr'>idcirco</span> <span class='ocrx_word' id='word_1_550' title='bbox 1569 1386 1748 1416; x_wconf 83' lang='lat' dir='ltr'>Judaeorum</span> <span class='ocrx_word' id='word_1_551' title='bbox 1763 1386 1809 1416; x_wconf 87' lang='lat' dir='ltr'>in·</span> 
     </span>
     <span class='ocr_line' id='line_1_92' title="bbox 1103 1428 1809 1468; baseline 0.003 -11"><span class='ocrx_word' id='word_1_552' title='bbox 1103 1432 1164 1457; x_wconf 89' lang='lat' dir='ltr'>star</span> <span class='ocrx_word' id='word_1_553' title='bbox 1175 1428 1303 1468; x_wconf 84' lang='lat' dir='ltr'>quadam</span> <span class='ocrx_word' id='word_1_554' title='bbox 1315 1433 1403 1458; x_wconf 90' lang='lat' dir='ltr'>terrae</span> <span class='ocrx_word' id='word_1_555' title='bbox 1415 1438 1478 1458; x_wconf 85' lang='lat' dir='ltr'>suae</span> <span class='ocrx_word' id='word_1_556' title='bbox 1487 1428 1648 1467; x_wconf 85' lang='lat' dir='ltr'>religione,</span> <span class='ocrx_word' id='word_1_557' title='bbox 1657 1439 1694 1459; x_wconf 90' lang='lat' dir='ltr'>ne</span> <span class='ocrx_word' id='word_1_558' title='bbox 1707 1429 1809 1459; x_wconf 77' lang='lat' dir='ltr'>dicam</span> 
     </span>
     <span class='ocr_line' id='line_1_93' title="bbox 1103 1471 1810 1511; baseline 0.003 -11"><span class='ocrx_word' id='word_1_559' title='bbox 1103 1471 1334 1510; x_wconf 74' lang='lat' dir='ltr'>superstitione,</span> <span class='ocrx_word' id='word_1_560' title='bbox 1364 1472 1553 1507; x_wconf 83' lang='lat' dir='ltr'>tenebantur,</span> <span class='ocrx_word' id='word_1_561' title='bbox 1587 1482 1623 1502; x_wconf 85' lang='lat' dir='ltr'>ac</span> <span class='ocrx_word' id='word_1_562' title='bbox 1653 1472 1680 1502; x_wconf 89' lang='lat' dir='ltr'>si</span> <span class='ocrx_word' id='word_1_563' title='bbox 1710 1473 1810 1511; x_wconf 83' lang='lat' dir='ltr'>patria</span> 
     </span>
     <span class='ocr_line' id='line_1_94' title="bbox 1102 1515 1810 1554; baseline 0.001 -10"><span class='ocrx_word' id='word_1_564' title='bbox 1102 1525 1222 1554; x_wconf 91' lang='lat' dir='ltr'>quoque</span> <span class='ocrx_word' id='word_1_565' title='bbox 1235 1515 1370 1554; x_wconf 87' lang='lat' dir='ltr'>ipsorum</span> <span class='ocrx_word' id='word_1_566' title='bbox 1380 1515 1491 1545; x_wconf 81' lang='lat' dir='ltr'>fuisset</span> <span class='ocrx_word' id='word_1_567' title='bbox 1501 1519 1582 1544; x_wconf 88' lang='lat' dir='ltr'>terra</span> <span class='ocrx_word' id='word_1_568' title='bbox 1593 1521 1709 1554; x_wconf 83' lang='lat' dir='ltr'>sancta3</span> <span class='ocrx_word' id='word_1_569' title='bbox 1725 1515 1810 1546; x_wconf 86' lang='lat' dir='ltr'>ideo-</span> 
     </span>
     <span class='ocr_line' id='line_1_95' title="bbox 1102 1557 1810 1597; baseline 0 -9"><span class='ocrx_word' id='word_1_570' title='bbox 1102 1568 1160 1597; x_wconf 89' lang='lat' dir='ltr'>que</span> <span class='ocrx_word' id='word_1_571' title='bbox 1176 1557 1325 1597; x_wconf 77' lang='grc' dir='ltr'>ἀπόταφον</span> <span class='ocrx_word' id='word_1_572' title='bbox 1339 1568 1407 1587; x_wconf 88' lang='lat' dir='ltr'>esse</span> <span class='ocrx_word' id='word_1_573' title='bbox 1424 1563 1453 1588; x_wconf 88' lang='lat' dir='ltr'>et</span> <span class='ocrx_word' id='word_1_574' title='bbox 1469 1563 1558 1588; x_wconf 84' lang='lat' dir='ltr'>extra</span> <span class='ocrx_word' id='word_1_575' title='bbox 1572 1559 1679 1597; x_wconf 78' lang='lat' dir='ltr'>patriae</span> <span class='ocrx_word' id='word_1_576' title='bbox 1695 1558 1810 1597; x_wconf 16' lang='lat' dir='ltr'>suaexli-</span> 
     </span>
     <span class='ocr_line' id='line_1_96' title="bbox 1102 1600 1809 1641; baseline 0.003 -11"><span class='ocrx_word' id='word_1_577' title='bbox 1102 1601 1191 1632; x_wconf 87' lang='lat' dir='ltr'>mites</span> <span class='ocrx_word' id='word_1_578' title='bbox 1208 1600 1331 1641; x_wconf 88' lang='lat' dir='ltr'>sepeliri</span> <span class='ocrx_word' id='word_1_579' title='bbox 1347 1601 1447 1640; x_wconf 86' lang='lat' dir='ltr'>magni</span> <span class='ocrx_word' id='word_1_580' title='bbox 1464 1601 1620 1631; x_wconf 79' lang='lat' dir='ltr'>infortunii</span> <span class='ocrx_word' id='word_1_581' title='bbox 1636 1602 1702 1631; x_wconf 85' lang='lat' dir='ltr'>loco</span> <span class='ocrx_word' id='word_1_582' title='bbox 1714 1603 1809 1632; x_wconf 84' lang='lat' dir='ltr'>duce-</span> 
     </span>
     <span class='ocr_line' id='line_1_97' title="bbox 1103 1643 1808 1685; baseline 0.004 -12"><span class='ocrx_word' id='word_1_583' title='bbox 1103 1645 1185 1674; x_wconf 83' lang='lat' dir='ltr'>bant.</span> <span class='ocrx_word' id='word_1_584' title='bbox 1200 1644 1266 1675; x_wconf 79' lang='lat' dir='ltr'>cic,</span> <span class='ocrx_word' id='word_1_585' title='bbox 1278 1655 1334 1684; x_wconf 90' lang='lat' dir='ltr'>pro</span> <span class='ocrx_word' id='word_1_586' title='bbox 1346 1644 1379 1673; x_wconf 78' lang='lat'><strong>1..</strong></span> <span class='ocrx_word' id='word_1_587' title='bbox 1389 1644 1493 1674; x_wconf 85' lang='lat' dir='ltr'>Flacc.</span> <span class='ocrx_word' id='word_1_588' title='bbox 1506 1643 1551 1684; x_wconf 81' lang='lat' dir='ltr'><strong>[c.</strong></span> <span class='ocrx_word' id='word_1_589' title='bbox 1565 1645 1633 1685; x_wconf 65' lang='lat'>26]</span> <span class='ocrx_word' id='word_1_590' title='bbox 1644 1645 1684 1674; x_wconf 89' lang='lat' dir='ltr'>de</span> <span class='ocrx_word' id='word_1_591' title='bbox 1695 1645 1808 1676; x_wconf 80' lang='lat' dir='ltr'>Athen.</span> 
     </span>
     <span class='ocr_line' id='line_1_98' title="bbox 1103 1688 1809 1727; baseline 0.003 -10"><span class='ocrx_word' id='word_1_592' title='bbox 1103 1690 1123 1704; x_wconf 78' lang='lat'>‘¹</span> <span class='ocrx_word' id='word_1_593' title='bbox 1140 1688 1216 1725; x_wconf 85' lang='lat' dir='ltr'>Quae</span> <span class='ocrx_word' id='word_1_594' title='bbox 1231 1692 1383 1718; x_wconf 86' lang='lat' dir='ltr'>vetustate</span> <span class='ocrx_word' id='word_1_595' title='bbox 1406 1697 1442 1716; x_wconf 86' lang='lat' dir='ltr'>ea</span> <span class='ocrx_word' id='word_1_596' title='bbox 1463 1692 1521 1722; x_wconf 87' lang='lat' dir='ltr'>est,</span> <span class='ocrx_word' id='word_1_597' title='bbox 1535 1692 1570 1717; x_wconf 82' lang='lat' dir='ltr'>ut</span> <span class='ocrx_word' id='word_1_598' title='bbox 1592 1688 1660 1727; x_wconf 89' lang='lat' dir='ltr'>ipsa</span> <span class='ocrx_word' id='word_1_599' title='bbox 1679 1698 1718 1718; x_wconf 88' lang='lat' dir='ltr'>ex</span> <span class='ocrx_word' id='word_1_600' title='bbox 1742 1699 1809 1719; x_wconf 84' lang='lat' dir='ltr'>sese</span> 
     </span>
     <span class='ocr_line' id='line_1_99' title="bbox 1103 1730 1807 1770; baseline 0.003 -11"><span class='ocrx_word' id='word_1_601' title='bbox 1103 1740 1176 1760; x_wconf 92' lang='lat' dir='ltr'>suos</span> <span class='ocrx_word' id='word_1_602' title='bbox 1206 1730 1290 1760; x_wconf 86' lang='lat' dir='ltr'>cives</span> <span class='ocrx_word' id='word_1_603' title='bbox 1318 1730 1457 1770; x_wconf 84' lang='lat' dir='ltr'>genuisse</span> <span class='ocrx_word' id='word_1_604' title='bbox 1482 1731 1620 1767; x_wconf 86' lang='lat' dir='ltr'>dicatur;</span> <span class='ocrx_word' id='word_1_605' title='bbox 1650 1736 1681 1760; x_wconf 87' lang='lat' dir='ltr'>et</span> <span class='ocrx_word' id='word_1_606' title='bbox 1703 1742 1807 1762; x_wconf 85' lang='lat' dir='ltr'>eorum</span> 
     </span>
     <span class='ocr_line' id='line_1_100' title="bbox 1102 1773 1807 1812; baseline 0.004 -11"><span class='ocrx_word' id='word_1_607' title='bbox 1102 1773 1208 1802; x_wconf 86' lang='lat' dir='ltr'>eadem</span> <span class='ocrx_word' id='word_1_608' title='bbox 1229 1778 1309 1803; x_wconf 84' lang='lat' dir='ltr'>terra</span> <span class='ocrx_word' id='word_1_609' title='bbox 1332 1783 1451 1811; x_wconf 81' lang='lat' dir='ltr'>parens,</span> <span class='ocrx_word' id='word_1_610' title='bbox 1473 1773 1576 1809; x_wconf 81' lang='lat' dir='ltr'>altrix,</span> <span class='ocrx_word' id='word_1_611' title='bbox 1592 1774 1703 1812; x_wconf 86' lang='lat' dir='ltr'>patria,</span> <span class='ocrx_word' id='word_1_612' title='bbox 1723 1775 1807 1804; x_wconf 86' lang='lat' dir='ltr'>dica·</span> 
     </span>
     <span class='ocr_line' id='line_1_101' title="bbox 1101 1815 1808 1856; baseline 0.004 -12"><span class='ocrx_word' id='word_1_613' title='bbox 1101 1815 1181 1845; x_wconf 87' lang='lat' dir='ltr'>tur.’&#39;</span> <span class='ocrx_word' id='word_1_614' title='bbox 1225 1816 1364 1855; x_wconf 82' lang='lat' dir='ltr'>Hesych.</span> <span class='ocrx_word' id='word_1_615' title='bbox 1381 1815 1538 1855; x_wconf 76' lang='grc' dir='ltr'>ἀπόταφοι,</span> <span class='ocrx_word' id='word_1_616' title='bbox 1553 1817 1575 1846; x_wconf 80' lang='grc' dir='ltr'>οἳ</span> <span class='ocrx_word' id='word_1_617' title='bbox 1597 1817 1808 1856; x_wconf 77' lang='grc' dir='ltr'>συνηριστευκό-</span> 
     </span>
     <span class='ocr_line' id='line_1_102' title="bbox 1101 1857 1811 1900; baseline 0.004 -13"><span class='ocrx_word' id='word_1_618' title='bbox 1101 1867 1149 1892; x_wconf 80' lang='grc' dir='ltr'>τες</span> <span class='ocrx_word' id='word_1_619' title='bbox 1170 1860 1218 1889; x_wconf 80' lang='grc' dir='ltr'>τῆν</span> <span class='ocrx_word' id='word_1_620' title='bbox 1232 1857 1373 1898; x_wconf 73' lang='grc' dir='ltr'>ἐλευθέραν</span> <span class='ocrx_word' id='word_1_621' title='bbox 1387 1859 1475 1889; x_wconf 76' lang='grc' dir='ltr'>δοῦλοι</span> <span class='ocrx_word' id='word_1_622' title='bbox 1493 1859 1541 1888; x_wconf 76' lang='grc' dir='ltr'>καὶ</span> <span class='ocrx_word' id='word_1_623' title='bbox 1557 1862 1599 1899; x_wconf 76' lang='grc' dir='ltr'>μῆ</span> <span class='ocrx_word' id='word_1_624' title='bbox 1621 1860 1811 1900; x_wconf 77' lang='grc' dir='ltr'>συνταφέντες</span> 
     </span>
     <span class='ocr_line' id='line_1_103' title="bbox 1100 1900 1808 1942; baseline 0.004 -12"><span class='ocrx_word' id='word_1_625' title='bbox 1100 1900 1214 1935; x_wconf 75' lang='grc' dir='ltr'>αὐτούς.</span> <span class='ocrx_word' id='word_1_626' title='bbox 1260 1902 1294 1932; x_wconf 93' lang='lat' dir='ltr'>In</span> <span class='ocrx_word' id='word_1_627' title='bbox 1309 1902 1420 1941; x_wconf 88' lang='lat' dir='ltr'>quibus</span> <span class='ocrx_word' id='word_1_628' title='bbox 1435 1902 1536 1932; x_wconf 86' lang='lat' dir='ltr'>verbis</span> <span class='ocrx_word' id='word_1_629' title='bbox 1549 1903 1637 1942; x_wconf 85' lang='lat' dir='ltr'>plane</span> <span class='ocrx_word' id='word_1_630' title='bbox 1653 1914 1685 1933; x_wconf 86' lang='lat' dir='ltr'>se</span> <span class='ocrx_word' id='word_1_631' title='bbox 1696 1904 1808 1934; x_wconf 81' lang='lat' dir='ltr'>fatetur</span> 
     </span>
     <span class='ocr_line' id='line_1_104' title="bbox 1102 1945 1807 1986; baseline 0.003 -12"><span class='ocrx_word' id='word_1_632' title='bbox 1102 1946 1283 1975; x_wconf 84' lang='lat' dir='ltr'>Maussacus</span> <span class='ocrx_word' id='word_1_633' title='bbox 1308 1945 1385 1986; x_wconf 87' lang='lat' dir='ltr'>[sic]</span> <span class='ocrx_word' id='word_1_634' title='bbox 1411 1945 1489 1974; x_wconf 89' lang='lat' dir='ltr'>notis</span> <span class='ocrx_word' id='word_1_635' title='bbox 1516 1946 1544 1975; x_wconf 90' lang='lat' dir='ltr'>in</span> <span class='ocrx_word' id='word_1_636' title='bbox 1576 1947 1728 1986; x_wconf 88' lang='lat' dir='ltr'>Harpocr.</span> <span class='ocrx_word' id='word_1_637' title='bbox 1751 1957 1807 1976; x_wconf 89' lang='lat' dir='ltr'>nee</span> 
     </span>
     <span class='ocr_line' id='line_1_105' title="bbox 1101 1988 1808 2027; baseline 0.003 -10"><span class='ocrx_word' id='word_1_638' title='bbox 1101 1989 1238 2017; x_wconf 86' lang='lat' dir='ltr'>meminit</span> <span class='ocrx_word' id='word_1_639' title='bbox 1250 1999 1282 2018; x_wconf 88' lang='lat' dir='ltr'>se</span> <span class='ocrx_word' id='word_1_640' title='bbox 1299 1988 1399 2018; x_wconf 83' lang='lat' dir='ltr'>simile</span> <span class='ocrx_word' id='word_1_641' title='bbox 1413 1988 1574 2027; x_wconf 85' lang='lat' dir='ltr'>quicquam</span> <span class='ocrx_word' id='word_1_642' title='bbox 1588 1989 1618 2019; x_wconf 93' lang='lat' dir='ltr'>in</span> <span class='ocrx_word' id='word_1_643' title='bbox 1634 2000 1808 2020; x_wconf 84' lang='lat' dir='ltr'>monumen-</span> 
     </span>
     <span class='ocr_line' id='line_1_106' title="bbox 1101 2031 1806 2070; baseline 0.003 -10"><span class='ocrx_word' id='word_1_644' title='bbox 1101 2031 1140 2060; x_wconf 87' lang='lat' dir='ltr'>tis</span> <span class='ocrx_word' id='word_1_645' title='bbox 1155 2036 1293 2061; x_wconf 86' lang='lat' dir='ltr'>veterum</span> <span class='ocrx_word' id='word_1_646' title='bbox 1310 2031 1435 2070; x_wconf 85' lang='lat' dir='ltr'>legisse.</span> <span class='ocrx_word' id='word_1_647' title='bbox 1467 2032 1594 2061; x_wconf 85' lang='lat' dir='ltr'>Frustra</span> <span class='ocrx_word' id='word_1_648' title='bbox 1610 2032 1705 2069; x_wconf 78' lang='lat' dir='ltr'>igitur</span> <span class='ocrx_word' id='word_1_649' title='bbox 1721 2033 1806 2062; x_wconf 88' lang='lat' dir='ltr'>illum</span> 
     </span>
     <span class='ocr_line' id='line_1_107' title="bbox 1101 2073 1807 2125; baseline 0.004 -22"><span class='ocrx_word' id='word_1_650' title='bbox 1101 2073 1201 2104; x_wconf 82' lang='lat' dir='ltr'>locum</span> <span class='ocrx_word' id='word_1_651' title='bbox 1227 2080 1333 2110; x_wconf 86' lang='lat' dir='ltr'>tentat,</span> <span class='ocrx_word' id='word_1_652' title='bbox 1337 2075 1417 2125; x_wconf 38' lang='lat' dir='ltr'>„lega</span> <span class='ocrx_word' id='word_1_653' title='bbox 1441 2084 1498 2112; x_wconf 86' lang='lat' dir='ltr'>pro</span> <span class='ocrx_word' id='word_1_654' title='bbox 1520 2076 1568 2105; x_wconf 73' lang='grc' dir='ltr'>τὴν</span> <span class='ocrx_word' id='word_1_655' title='bbox 1592 2074 1748 2115; x_wconf 67' lang='grc' dir='ltr'>ἐλευθέραν,</span> <span class='ocrx_word' id='word_1_656' title='bbox 1769 2088 1807 2117; x_wconf 77' lang='grc' dir='ltr'>τῃ</span> 
     </span>
     <span class='ocr_line' id='line_1_108' title="bbox 1101 2115 1807 2158; baseline 0.003 -12"><span class='ocrx_word' id='word_1_657' title='bbox 1101 2115 1228 2158; x_wconf 80' lang='grc' dir='ltr'>ἐλευθέρα</span> <span class='ocrx_word' id='word_1_658' title='bbox 1245 2118 1292 2147; x_wconf 90' lang='lat' dir='ltr'>vel</span> <span class='ocrx_word' id='word_1_659' title='bbox 1313 2129 1347 2158; x_wconf 79' lang='grc' dir='ltr'>τῃ</span> <span class='ocrx_word' id='word_1_660' title='bbox 1373 2116 1528 2158; x_wconf 63' lang='grc' dir='ltr'>ἐλευθερίᾳ,</span> <span class='ocrx_word' id='word_1_661' title='bbox 1543 2118 1594 2148; x_wconf 88' lang='lat' dir='ltr'>sed</span> <span class='ocrx_word' id='word_1_662' title='bbox 1616 2119 1699 2148; x_wconf 90' lang='lat' dir='ltr'>nullo</span> <span class='ocrx_word' id='word_1_663' title='bbox 1715 2129 1807 2148; x_wconf 89' lang='lat' dir='ltr'>sensu</span> 
     </span>
     <span class='ocr_line' id='line_1_109' title="bbox 1101 2161 1807 2199; baseline 0.003 -10"><span class='ocrx_word' id='word_1_664' title='bbox 1101 2170 1199 2199; x_wconf 84' lang='lat' dir='ltr'>neque</span> <span class='ocrx_word' id='word_1_665' title='bbox 1214 2171 1369 2191; x_wconf 84' lang='lat' dir='ltr'>successu.</span> <span class='ocrx_word' id='word_1_666' title='bbox 1393 2161 1445 2190; x_wconf 85' lang='lat' dir='ltr'>Sic</span> <span class='ocrx_word' id='word_1_667' title='bbox 1461 2161 1521 2199; x_wconf 86' lang='lat' dir='ltr'>leg.</span> <span class='ocrx_word' id='word_1_668' title='bbox 1530 2166 1561 2191; x_wconf 88' lang='lat' dir='ltr'>et</span> <span class='ocrx_word' id='word_1_669' title='bbox 1573 2171 1651 2192; x_wconf 86' lang='lat' dir='ltr'>corr.</span> <span class='ocrx_word' id='word_1_670' title='bbox 1665 2172 1699 2192; x_wconf 80' lang='lat' dir='ltr'>ea</span> <span class='ocrx_word' id='word_1_671' title='bbox 1712 2163 1807 2192; x_wconf 86' lang='lat' dir='ltr'>verba</span> 
     </span>
     <span class='ocr_line' id='line_1_110' title="bbox 1101 2204 1809 2245; baseline 0.004 -13"><span class='ocrx_word' id='word_1_672' title='bbox 1101 2213 1168 2233; x_wconf 89' lang='lat' dir='ltr'>meo</span> <span class='ocrx_word' id='word_1_673' title='bbox 1184 2204 1343 2244; x_wconf 82' lang='lat' dir='ltr'>periculo:</span> <span class='ocrx_word' id='word_1_674' title='bbox 1368 2204 1526 2243; x_wconf 75' lang='grc' dir='ltr'>ἇπὸταφοι,</span> <span class='ocrx_word' id='word_1_675' title='bbox 1545 2204 1568 2233; x_wconf 75' lang='grc' dir='ltr'>οἱ</span> <span class='ocrx_word' id='word_1_676' title='bbox 1587 2216 1732 2245; x_wconf 76' lang='grc' dir='ltr'>συνηριστ.</span> <span class='ocrx_word' id='word_1_677' title='bbox 1747 2217 1809 2239; x_wconf 84' lang='grc' dir='ltr'>τοις</span> 
     </span>
     <span class='ocr_line' id='line_1_111' title="bbox 1100 2245 1807 2288; baseline 0.004 -13"><span class='ocrx_word' id='word_1_678' title='bbox 1100 2245 1265 2287; x_wconf 65' lang='grc' dir='ltr'>ἐλευθέροις,</span> <span class='ocrx_word' id='word_1_679' title='bbox 1275 2252 1335 2277; x_wconf 83' lang='lat' dir='ltr'>etc.</span> <span class='ocrx_word' id='word_1_680' title='bbox 1366 2245 1526 2286; x_wconf 77' lang='grc' dir='ltr'>Ἀπόταφοι</span> <span class='ocrx_word' id='word_1_681' title='bbox 1538 2249 1624 2286; x_wconf 84' lang='lat' dir='ltr'>qnasi</span> <span class='ocrx_word' id='word_1_682' title='bbox 1639 2249 1807 2288; x_wconf 82' lang='lat' dir='ltr'>exsepulti‚</span> 
     </span>
     <span class='ocr_line' id='line_1_112' title="bbox 1101 2290 1807 2331; baseline 0.003 -12"><span class='ocrx_word' id='word_1_683' title='bbox 1101 2290 1151 2320; x_wconf 87' lang='lat' dir='ltr'>vel</span> <span class='ocrx_word' id='word_1_684' title='bbox 1169 2295 1256 2320; x_wconf 82' lang='lat' dir='ltr'>extra</span> <span class='ocrx_word' id='word_1_685' title='bbox 1271 2291 1397 2330; x_wconf 86' lang='lat' dir='ltr'>sepulti,</span> <span class='ocrx_word' id='word_1_686' title='bbox 1413 2291 1459 2320; x_wconf 89' lang='lat' dir='ltr'>vel</span> <span class='ocrx_word' id='word_1_687' title='bbox 1473 2291 1599 2320; x_wconf 87' lang='lat' dir='ltr'>seorsim</span> <span class='ocrx_word' id='word_1_688' title='bbox 1617 2291 1741 2331; x_wconf 86' lang='lat' dir='ltr'>sepulti,</span> <span class='ocrx_word' id='word_1_689' title='bbox 1758 2291 1807 2321; x_wconf 81' lang='lat' dir='ltr'>di-</span> 
     </span>
     <span class='ocr_line' id='line_1_113' title="bbox 1100 2333 1807 2373; baseline 0.003 -11"><span class='ocrx_word' id='word_1_690' title='bbox 1100 2334 1247 2363; x_wconf 85' lang='lat' dir='ltr'>cebantur</span> <span class='ocrx_word' id='word_1_691' title='bbox 1263 2334 1356 2370; x_wconf 80' lang='lat' dir='ltr'>servi,</span> <span class='ocrx_word' id='word_1_692' title='bbox 1369 2333 1432 2373; x_wconf 91' lang='lat' dir='ltr'>qui,</span> <span class='ocrx_word' id='word_1_693' title='bbox 1448 2344 1538 2373; x_wconf 91' lang='lat' dir='ltr'>quum</span> <span class='ocrx_word' id='word_1_694' title='bbox 1556 2343 1614 2363; x_wconf 86' lang='lat' dir='ltr'>nna</span> <span class='ocrx_word' id='word_1_695' title='bbox 1628 2344 1695 2364; x_wconf 86' lang='lat' dir='ltr'>cum</span> <span class='ocrx_word' id='word_1_696' title='bbox 1710 2334 1807 2364; x_wconf 87' lang='lat' dir='ltr'>homi-</span> 
     </span>
     <span class='ocr_line' id='line_1_114' title="bbox 1101 2376 1806 2416; baseline 0.004 -11"><span class='ocrx_word' id='word_1_697' title='bbox 1101 2376 1190 2406; x_wconf 91' lang='lat' dir='ltr'>nibus</span> <span class='ocrx_word' id='word_1_698' title='bbox 1207 2376 1313 2406; x_wconf 89' lang='lat' dir='ltr'>liberis</span> <span class='ocrx_word' id='word_1_699' title='bbox 1337 2382 1460 2407; x_wconf 87' lang='lat' dir='ltr'>strenue</span> <span class='ocrx_word' id='word_1_700' title='bbox 1484 2383 1672 2416; x_wconf 84' lang='lat' dir='ltr'>pugnassent</span> <span class='ocrx_word' id='word_1_701' title='bbox 1690 2382 1720 2407; x_wconf 86' lang='lat' dir='ltr'>et</span> <span class='ocrx_word' id='word_1_702' title='bbox 1741 2388 1806 2408; x_wconf 88' lang='lat' dir='ltr'>rem</span> 
     </span>
     <span class='ocr_line' id='line_1_115' title="bbox 1101 2418 1806 2458; baseline 0.004 -10"><span class='ocrx_word' id='word_1_703' title='bbox 1101 2418 1247 2458; x_wconf 81' lang='lat' dir='ltr'>praeclare</span> <span class='ocrx_word' id='word_1_704' title='bbox 1268 2419 1434 2458; x_wconf 84' lang='lat' dir='ltr'>gessissent</span> <span class='ocrx_word' id='word_1_705' title='bbox 1452 2419 1482 2449; x_wconf 90' lang='lat' dir='ltr'>in</span> <span class='ocrx_word' id='word_1_706' title='bbox 1502 2420 1596 2456; x_wconf 88' lang='lat' dir='ltr'>bello,</span> <span class='ocrx_word' id='word_1_707' title='bbox 1617 2419 1744 2451; x_wconf 82' lang='lat' dir='ltr'>seorsim</span> <span class='ocrx_word' id='word_1_708' title='bbox 1761 2426 1806 2451; x_wconf 87' lang='lat' dir='ltr'>ta-</span> 
     </span>
     <span class='ocr_line' id='line_1_116' title="bbox 1101 2461 1806 2505; baseline 0.001 -13"><span class='ocrx_word' id='word_1_709' title='bbox 1101 2473 1168 2492; x_wconf 82' lang='lat' dir='ltr'>rnen</span> <span class='ocrx_word' id='word_1_710' title='bbox 1191 2463 1228 2492; x_wconf 93' lang='lat' dir='ltr'>ab</span> <span class='ocrx_word' id='word_1_711' title='bbox 1247 2461 1295 2498; x_wconf 81' lang='lat' dir='ltr'>iis,</span> <span class='ocrx_word' id='word_1_712' title='bbox 1310 2467 1341 2493; x_wconf 90' lang='lat' dir='ltr'>et</span> <span class='ocrx_word' id='word_1_713' title='bbox 1362 2472 1419 2493; x_wconf 89' lang='lat' dir='ltr'>non</span> <span class='ocrx_word' id='word_1_714' title='bbox 1438 2472 1497 2493; x_wconf 85' lang='lat' dir='ltr'>una</span> <span class='ocrx_word' id='word_1_715' title='bbox 1518 2474 1586 2493; x_wconf 85' lang='lat' dir='ltr'>cum</span> <span class='ocrx_word' id='word_1_716' title='bbox 1608 2463 1659 2500; x_wconf 83' lang='lat' dir='ltr'>iis,</span> <span class='ocrx_word' id='word_1_717' title='bbox 1676 2463 1806 2505; x_wconf 87' lang='lat' dir='ltr'>sepelie-</span> 
     </span>
     <span class='ocr_line' id='line_1_117' title="bbox 1101 2505 1807 2544; baseline 0.004 -10"><span class='ocrx_word' id='word_1_718' title='bbox 1101 2507 1221 2541; x_wconf 81' lang='lat' dir='ltr'>bantur,</span> <span class='ocrx_word' id='word_1_719' title='bbox 1245 2506 1315 2544; x_wconf 84' lang='lat' dir='ltr'>quia</span> <span class='ocrx_word' id='word_1_720' title='bbox 1338 2505 1491 2536; x_wconf 85' lang='lat' dir='ltr'>inferioris</span> <span class='ocrx_word' id='word_1_721' title='bbox 1513 2511 1600 2536; x_wconf 83' lang='lat' dir='ltr'>erant</span> <span class='ocrx_word' id='word_1_722' title='bbox 1623 2507 1751 2537; x_wconf 82' lang='lat' dir='ltr'>fortunae</span> <span class='ocrx_word' id='word_1_723' title='bbox 1775 2513 1807 2538; x_wconf 78' lang='lat' dir='ltr'>et</span> 
     </span>
     <span class='ocr_line' id='line_1_118' title="bbox 1101 2548 1804 2590; baseline 0.003 -12"><span class='ocrx_word' id='word_1_724' title='bbox 1101 2548 1297 2578; x_wconf 88' lang='lat' dir='ltr'>conditionis.</span> <span class='ocrx_word' id='word_1_725' title='bbox 1342 2548 1509 2590; x_wconf 80' lang='grc' dir='ltr'>Ἀριστεύειν</span> <span class='ocrx_word' id='word_1_726' title='bbox 1535 2553 1583 2579; x_wconf 87' lang='lat' dir='ltr'>est</span> <span class='ocrx_word' id='word_1_727' title='bbox 1594 2548 1725 2590; x_wconf 81' lang='lat' dir='ltr'>sortiter</span> <span class='ocrx_word' id='word_1_728' title='bbox 1745 2560 1804 2590; x_wconf 80' lang='lat' dir='ltr'>pu.-</span> 
     </span>
     <span class='ocr_line' id='line_1_119' title="bbox 1097 2593 1807 2634; baseline 0.004 -14"><span class='ocrx_word' id='word_1_729' title='bbox 1097 2602 1202 2632; x_wconf 69' lang='lat' dir='ltr'>guaoe,</span> <span class='ocrx_word' id='word_1_730' title='bbox 1215 2596 1332 2621; x_wconf 77' lang='lat' dir='ltr'>strenue</span> <span class='ocrx_word' id='word_1_731' title='bbox 1346 2602 1405 2622; x_wconf 84' lang='lat' dir='ltr'>rem</span> <span class='ocrx_word' id='word_1_732' title='bbox 1418 2601 1530 2632; x_wconf 83' lang='lat' dir='ltr'>gerere,</span> <span class='ocrx_word' id='word_1_733' title='bbox 1546 2597 1577 2622; x_wconf 83' lang='lat' dir='ltr'>et</span> <span class='ocrx_word' id='word_1_734' title='bbox 1591 2593 1613 2622; x_wconf 81' lang='lat' dir='ltr'>oi</span> <span class='ocrx_word' id='word_1_735' title='bbox 1628 2603 1807 2634; x_wconf 76' lang='grc' dir='ltr'>συνηριστευ-</span> 
     </span>
     <span class='ocr_line' id='line_1_120' title="bbox 1099 2634 1805 2676; baseline 0.004 -13"><span class='ocrx_word' id='word_1_736' title='bbox 1099 2634 1179 2668; x_wconf 78' lang='grc' dir='ltr'>κότες</span> <span class='ocrx_word' id='word_1_737' title='bbox 1203 2636 1262 2668; x_wconf 81' lang='grc' dir='ltr'>τοῖς</span> <span class='ocrx_word' id='word_1_738' title='bbox 1283 2634 1438 2675; x_wconf 66' lang='grc' dir='ltr'>ἐλευθέροις</span> <span class='ocrx_word' id='word_1_739' title='bbox 1458 2635 1558 2671; x_wconf 75' lang='grc' dir='ltr'>δοῦλοι,</span> <span class='ocrx_word' id='word_1_740' title='bbox 1577 2636 1649 2666; x_wconf 85' lang='lat' dir='ltr'>servi</span> <span class='ocrx_word' id='word_1_741' title='bbox 1672 2637 1722 2676; x_wconf 82' lang='lat' dir='ltr'>qui</span> <span class='ocrx_word' id='word_1_742' title='bbox 1742 2646 1805 2666; x_wconf 80' lang='lat' dir='ltr'>una</span> 
     </span>
     <span class='ocr_line' id='line_1_121' title="bbox 1099 2678 1806 2717; baseline 0.001 -10"><span class='ocrx_word' id='word_1_743' title='bbox 1099 2687 1167 2707; x_wconf 87' lang='lat' dir='ltr'>cum</span> <span class='ocrx_word' id='word_1_744' title='bbox 1183 2678 1347 2708; x_wconf 79' lang='lat' dir='ltr'>hominibus</span> <span class='ocrx_word' id='word_1_745' title='bbox 1365 2679 1461 2709; x_wconf 79' lang='lat' dir='ltr'>liberis</span> <span class='ocrx_word' id='word_1_746' title='bbox 1479 2678 1625 2717; x_wconf 64' lang='lat' dir='ltr'>praeclare</span> <span class='ocrx_word' id='word_1_747' title='bbox 1637 2688 1664 2708; x_wconf 81' lang='lat' dir='ltr'>se</span> <span class='ocrx_word' id='word_1_748' title='bbox 1685 2680 1717 2709; x_wconf 86' lang='lat' dir='ltr'>in</span> <span class='ocrx_word' id='word_1_749' title='bbox 1732 2678 1806 2708; x_wconf 85' lang='lat' dir='ltr'>bello</span> 
     </span>
     <span class='ocr_line' id='line_1_122' title="bbox 1097 2721 1803 2761; baseline 0.001 -11"><span class='ocrx_word' id='word_1_750' title='bbox 1097 2726 1258 2761; x_wconf 82' lang='lat' dir='ltr'>gesserunt.</span> <span class='ocrx_word' id='word_1_751' title='bbox 1311 2721 1398 2751; x_wconf 88' lang='lat' dir='ltr'>Licet</span> <span class='ocrx_word' id='word_1_752' title='bbox 1425 2721 1522 2761; x_wconf 88' lang='lat' dir='ltr'>igitur</span> <span class='ocrx_word' id='word_1_753' title='bbox 1551 2722 1670 2759; x_wconf 87' lang='lat' dir='ltr'>utrique</span> <span class='ocrx_word' id='word_1_754' title='bbox 1696 2722 1803 2751; x_wconf 88' lang='lat' dir='ltr'>eodem</span> 
     </span>
     <span class='ocr_line' id='line_1_123' title="bbox 1100 2763 1806 2803; baseline 0.003 -10"><span class='ocrx_word' id='word_1_755' title='bbox 1100 2764 1162 2793; x_wconf 85' lang='lat' dir='ltr'>fato</span> <span class='ocrx_word' id='word_1_756' title='bbox 1179 2764 1286 2800; x_wconf 83' lang='lat' dir='ltr'>functi,</span> <span class='ocrx_word' id='word_1_757' title='bbox 1302 2768 1362 2794; x_wconf 84' lang='lat' dir='ltr'>tam</span> <span class='ocrx_word' id='word_1_758' title='bbox 1383 2763 1472 2794; x_wconf 88' lang='lat' dir='ltr'>liberi</span> <span class='ocrx_word' id='word_1_759' title='bbox 1496 2774 1582 2803; x_wconf 80' lang='lat' dir='ltr'>quarn</span> <span class='ocrx_word' id='word_1_760' title='bbox 1600 2763 1695 2798; x_wconf 84' lang='lat' dir='ltr'>servi,</span> <span class='ocrx_word' id='word_1_761' title='bbox 1711 2765 1806 2795; x_wconf 88' lang='lat' dir='ltr'>hono-</span> 
     </span>
     <span class='ocr_line' id='line_1_124' title="bbox 1101 2807 1804 2846; baseline 0.001 -10"><span class='ocrx_word' id='word_1_762' title='bbox 1101 2807 1184 2837; x_wconf 82' lang='lat' dir='ltr'>rifice</span> <span class='ocrx_word' id='word_1_763' title='bbox 1210 2807 1314 2836; x_wconf 76' lang='lat' dir='ltr'>funere</span> <span class='ocrx_word' id='word_1_764' title='bbox 1342 2813 1372 2836; x_wconf 87' lang='lat' dir='ltr'>et</span> <span class='ocrx_word' id='word_1_765' title='bbox 1400 2807 1542 2846; x_wconf 84' lang='lat' dir='ltr'>sepulcro</span> <span class='ocrx_word' id='word_1_766' title='bbox 1567 2807 1740 2846; x_wconf 85' lang='lat' dir='ltr'>gaudebant</span> <span class='ocrx_word' id='word_1_767' title='bbox 1765 2818 1804 2837; x_wconf 85' lang='lat' dir='ltr'>ex</span> 
     </span>
     <span class='ocr_line' id='line_1_125' title="bbox 1100 2849 1806 2889; baseline 0.001 -10"><span class='ocrx_word' id='word_1_768' title='bbox 1100 2856 1219 2889; x_wconf 85' lang='lat' dir='ltr'>sumptu</span> <span class='ocrx_word' id='word_1_769' title='bbox 1241 2851 1376 2889; x_wconf 83' lang='lat' dir='ltr'>publico,</span> <span class='ocrx_word' id='word_1_770' title='bbox 1396 2849 1523 2880; x_wconf 78' lang='lat' dir='ltr'>seorsim</span> <span class='ocrx_word' id='word_1_771' title='bbox 1548 2856 1646 2878; x_wconf 84' lang='lat' dir='ltr'>tamen</span> <span class='ocrx_word' id='word_1_772' title='bbox 1667 2861 1684 2879; x_wconf 90' lang='lat' dir='ltr'>a</span> <span class='ocrx_word' id='word_1_773' title='bbox 1707 2861 1740 2880; x_wconf 87' lang='lat' dir='ltr'>se</span> <span class='ocrx_word' id='word_1_774' title='bbox 1760 2851 1806 2880; x_wconf 93' lang='lat' dir='ltr'>in-</span> 
     </span>
     <span class='ocr_line' id='line_1_126' title="bbox 1100 2893 1808 2933; baseline 0.001 -11"><span class='ocrx_word' id='word_1_775' title='bbox 1100 2893 1197 2922; x_wconf 82' lang='lat' dir='ltr'>vicem</span> <span class='ocrx_word' id='word_1_776' title='bbox 1219 2893 1455 2933; x_wconf 81' lang='lat' dir='ltr'>sepeliebantur,</span> <span class='ocrx_word' id='word_1_777' title='bbox 1472 2894 1513 2922; x_wconf 89' lang='lat' dir='ltr'>ob</span> <span class='ocrx_word' id='word_1_778' title='bbox 1532 2893 1624 2922; x_wconf 82' lang='lat' dir='ltr'>sortis</span> <span class='ocrx_word' id='word_1_779' title='bbox 1641 2893 1808 2932; x_wconf 80' lang='lat' dir='ltr'>disparita-</span> 
     </span>
     <span class='ocr_line' id='line_1_127' title="bbox 1097 2940 1169 2965; baseline -0.014 0"><span class='ocrx_word' id='word_1_780' title='bbox 1097 2940 1169 2965; x_wconf 86' lang='lat' dir='ltr'>tem.</span> 
     </span>
    </p>

    <p class='ocr_par' dir='ltr' id='par_1_9' title="bbox 1099 2976 1805 3061">
     <span class='ocr_line' id='line_1_128' title="bbox 1142 2976 1805 3019; baseline 0.002 -12"><span class='ocrx_word' id='word_1_781' title='bbox 1142 2979 1180 3008; x_wconf 90' lang='lat' dir='ltr'><strong>P.</strong></span> <span class='ocrx_word' id='word_1_782' title='bbox 1198 2980 1271 3009; x_wconf 64' lang='lat'><strong>295.</strong></span> <span class='ocrx_word' id='word_1_783' title='bbox 1287 2981 1316 3008; x_wconf 69' lang='lat'><strong>2.</strong></span> <span class='ocrx_word' id='word_1_784' title='bbox 1333 2979 1445 3007; x_wconf 67' lang='grc' dir='ltr'>πολλῶν</span> <span class='ocrx_word' id='word_1_785' title='bbox 1456 2976 1488 3008; x_wconf 69' lang='grc' dir='ltr'>ἂν</span> <span class='ocrx_word' id='word_1_786' title='bbox 1501 2978 1662 3019; x_wconf 71' lang='grc' dir='ltr'>χρημάτων</span> <span class='ocrx_word' id='word_1_787' title='bbox 1676 2996 1719 3001; x_wconf 92' lang='lat'>——</span> <span class='ocrx_word' id='word_1_788' title='bbox 1733 2977 1805 3018; x_wconf 70' lang='grc' dir='ltr'>ωρί·</span> 
     </span>
     <span class='ocr_line' id='line_1_129' title="bbox 1099 3020 1801 3061; baseline 0 -12"><span class='ocrx_word' id='word_1_789' title='bbox 1099 3020 1202 3061; x_wconf 81' lang='grc' dir='ltr'>ασθαι]</span> <span class='ocrx_word' id='word_1_790' title='bbox 1223 3022 1324 3052; x_wconf 78' lang='lat' dir='ltr'>mnllis</span> <span class='ocrx_word' id='word_1_791' title='bbox 1342 3021 1472 3060; x_wconf 67' lang='lat' dir='ltr'>pecuniis</span> <span class='ocrx_word' id='word_1_792' title='bbox 1496 3021 1645 3051; x_wconf 76' lang='lat' dir='ltr'>redimere.</span> <span class='ocrx_word' id='word_1_793' title='bbox 1697 3021 1801 3051; x_wconf 81' lang='lat' dir='ltr'>&#39;l&#39;rala-</span> 
     </span>
    </p>
   </div>
  </div>
 </body>
</html>
