1997 3323
375 200 428 241 88
738 200 772 243 l.
798 200 833 244 Ι.
857 200 1083 243 REISKE

1119 200 1447 244 ANNOTATA

494 362 578 403 AD
611 362 976 405 ORATIONEM
1012 363 1093 405 DE
1125 330 1312 405 FALSA
1347 363 1708 406 LEGATIONE.

414 469 489 498 341.
505 471 535 498 1.
557 466 608 499 ὅση
622 467 737 511 μὲνὴ]
767 469 852 499 Citat
878 470 936 499 boc
959 468 1081 499 initium

371 511 512 542 Clemens
529 511 752 542 Alexandrinus
768 523 800 552 p.
816 514 891 542 748.
907 514 958 543 24.
987 513 1079 550 Quod

371 555 410 584 ad
427 553 550 585 titulum
565 555 678 595 Taylor
692 556 846 592 admonet,
858 556 889 585 in
899 556 1080 595 Augustano

371 597 417 627 sic
434 602 591 628 exaratum
608 609 689 634 esse,
703 598 762 638 περὶ
775 597 1082 638 παραπρεσβείαςκατ’

370 637 519 682 Αἰσχίνου,
528 641 560 670 id
571 640 615 671 sic
628 651 662 671 se
673 642 774 671 habet.
800 642 896 671 Tituli
909 642 1080 672 orationum

369 683 400 713 in
418 683 472 713 illo
489 684 597 714 codice
613 688 644 714 et
659 684 833 723 praescripti
850 690 922 715 sunt
938 685 1079 715 orationi-

370 727 427 757 bus
443 727 635 757 ordientibus
651 731 682 756 et
698 727 861 767 subscripti
883 728 1078 758 exeuntibus.

371 769 537 809 Estitaque
547 770 618 800 huic
629 770 759 800 orationi
770 771 985 810 praescriptum
996 771 1081 801 aliud

369 813 456 849 nihil,
471 818 673 853 praeterquam
690 812 758 853 περὶ
773 814 825 846 τῆς
838 812 1080 853 παραπρεσζείοις

369 855 450 894 λόγος
463 855 513 890 ις’.
557 856 594 886 In
609 857 667 886 fine
679 861 779 886 autem
794 857 853 885 hoo
870 861 918 885 est
934 857 1057 887 schema
1072 868 1079 886 :

368 899 515 937 primum,
530 898 601 938 ipso
617 899 671 930 illo
688 899 717 929 in
736 909 827 929 versu
841 904 1010 938 postremo,
1028 900 1080 929 ubi

361 940 501 973 *Ἐλλησιν
516 942 595 978 exit,
612 944 650 972 ab
671 943 776 972 eadem
789 952 878 971 manu
890 942 1080 980 adscriptum

368 989 417 1014 est
431 990 697 1015 ΚΑΤΑΙΣΧΙΝΟΥε
722 988 786 1014 tum
802 985 963 1024 interjecto
985 996 1077 1016 versu

369 1038 440 1062 uuo,
466 1028 567 1057 obsito
598 1027 688 1066 nugis
719 1033 975 1064 ornamentorum,
1001 1038 1077 1068 quas

369 1070 553 1100 membranis
567 1070 631 1100 suis
648 1070 768 1101 illinere
784 1072 882 1101 solent
898 1071 1026 1108 librarii,
1036 1072 1079 1101 le

371 1112 464 1153 gitur,
481 1117 513 1143 ut
529 1113 628 1150 initio,
645 1115 722 1154 παρὰ
747 1115 799 1148 τῆς
819 1113 1076 1156 παραπρεσβείας.

368 1157 427 1186 Est
444 1161 543 1186 autem
559 1156 786 1198 παραπρεσβεία,
802 1167 872 1187 cum
894 1157 1078 1197 legationem

368 1209 454 1228 suam
476 1199 593 1237 leg-atus
608 1201 686 1231 mala
701 1200 760 1230 fide
781 1200 913 1240 peragit,
928 1205 963 1230 ut
978 1201 1079 1240 prosit

367 1242 522 1277 hostibus,
553 1242 634 1273 obsit
663 1243 780 1274 amicis.
807 1254 838 1274 v.
865 1244 1022 1283 Harpocr.
1048 1255 1077 1274 v.

367 1286 623 1326 παραφρυκτωρεῖν.
667 1287 781 1326 Taylor
807 1287 884 1316 hanc
909 1286 1077 1317 orationem

367 1328 491 1358 scholiis
505 1332 536 1358 et
551 1328 727 1369 quisquiliis
742 1329 793 1370 (ut
813 1331 880 1369 ejus
896 1330 1077 1360 vocabulum

366 1370 514 1412 referam)
538 1375 656 1403 scatere
676 1372 843 1408 contendit,
859 1373 938 1403 ultra
953 1373 1077 1403 modum

366 1419 398 1443 et
413 1418 526 1453 praeter
540 1425 603 1445 rem
621 1416 648 1445 ei
664 1416 804 1445 infestus.

410 1475 452 1480 -
466 1459 495 1488 9.
518 1456 737 1499 ἐνθυμούμενος]
759 1458 881 1489 correxi
896 1457 1077 1498 ἐνθυμουμέ-

368 1510 436 1536 νους,
452 1500 520 1530 scil.
535 1501 623 1540 ὑμᾶς.
639 1508 728 1541 aptus
744 1507 792 1532 est
808 1502 858 1531 hic
879 1502 1076 1532 aecusativus

366 1553 406 1572 ex
417 1543 568 1573 infinitivo
581 1545 729 1575 ποιεῖσθαι
746 1555 837 1574 versu
853 1548 883 1575 7.

408 1603 450 1608 —-
464 1589 514 1618 15.
531 1588 579 1617 τὴν
594 1586 748 1629 ἀειλογίαν]
766 1588 867 1618 locum
880 1588 910 1617 h.
923 1587 998 1617 oitat
1013 1586 1076 1626 Ap-

366 1629 449 1659 sines
464 1640 494 1669 p.
506 1631 581 1660 ¹704.
594 1633 647 1661 34.

408 1690 451 1695 —
466 1675 516 1703 16.
542 1672 663 1713 τούτων]
685 1678 756 1712 post
771 1673 877 1705 τούτων
891 1683 973 1713 aegre
994 1672 1077 1704 desi-

366 1715 441 1745 dero
457 1716 607 1746 ποιοῦντα.

409 1776 451 1781 -
468 1761 518 1789 18.
544 1758 589 1788 τὸν
604 1758 659 1799 μὲν
671 1757 782 1800 ἀνῄρηκε
792 1759 849 1800 —]
872 1757 1022 1789 Aristides
1037 1759 1077 1789 de

367 1803 407 1831 D.
423 1803 459 1832 C.
475 1812 506 1839 p.
522 1804 594 1833 256.
620 1801 804 1841 ἀξιοπιστίας
823 1802 850 1832 δὲ
865 1801 914 1832 καὶ
931 1800 1078 1839 ἔπιψεύδε·

365 1843 444 1874 σθαι.
460 1842 558 1875 οἷον-
569 1844 594 1875 ἐν
603 1846 645 1884 τῷ
658 1843 725 1874 κατ’
738 1843 886 1886 Αἰσχίνου,
895 1843 928 1874 τὸ
939 1843 994 1885 μὲν
1008 1846 1078 1876 ἀλη-

365 1886 427 1921 θές·
445 1888 492 1917 καὶ
508 1887 553 1918 τόν
567 1888 624 1928 μὲν
634 1886 743 1928 ἀνῄρηκε
757 1891 812 1918 τῶν
829 1887 877 1918 ἐπὶ
891 1890 947 1922 ’τὰς
962 1887 1079 1921 εὒθύνοις

363 1928 512 1962 ἐλθόντων.
532 1930 565 1960 τὸ
592 1931 620 1961 δὲ
644 1931 707 1970 ἑξῆς
730 1930 944 1968 κατεψεύσατο·
968 1932 1030 1964 τοῖς
1053 1931 1078 1961 δ’

365 1974 487 2004 ἀπειλεῖ.
532 1974 719 2004 Scholiastes
736 1974 943 2013 Hermogenis
958 1985 989 2014 p.
1002 1976 1076 2004 114.

366 2018 418 2047 32.
435 2015 477 2047 δ’τι
492 2016 547 2057 μὲν
569 2016 719 2058 Τίμαρχος
734 2016 922 2058 κατηγόρησεν
939 2016 1078 2057 [AEsohi-

365 2070 433 2089 nem
446 2060 549 2100 puta]‚
561 2059 649 2092 παντί
662 2072 703 2100 τῳ
718 2060 795 2091 δῆλον
810 2060 842 2091 ’ἐκ
856 2070 889 2090 τε
904 2062 959 2090 τῶν
974 2060 1080 2100 ἱστορι-

364 2105 428 2138 κῶν,
440 2103 485 2132 καὶ
502 2102 534 2142 ἐξ
546 2101 580 2133 ὦν
595 2102 775 2144 Δημοσθένης
788 2103 870 2144 φησί·
885 2102 932 2133 τόν
946 2102 1002 2144 μὲν
1015 2101 1079 2145 ἀνῇ·

365 2156 427 2185 ρηκε
444 2148 498 2175 τῶν
513 2145 652 2177 ἐλθόντων
666 2146 715 2177 ἐπὶ
730 2146 925 2180 τὰςεύθύνας.

407 2206 449 2211 -·
465 2191 516 2219 20.
543 2189 802 2230 ἀσυμφορώτατον]
826 2188 1031 2228 spernendum
1048 2187 1078 2218 in

365 2242 398 2261 se
414 2242 472 2261 non
496 2232 537 2262 sit
559 2235 667 2263 vocab.
693 2231 1005 2272 Βαρυσυμφορώτοιτον,
1021 2232 1078 2262 sed

366 2278 413 2304 est
427 2275 556 2312 tragico,
573 2286 662 2314 quam
679 2280 810 2311 oratore,
825 2274 961 2314 dignius,

408 2319 482 2349 342.
499 2321 530 2349 2.
552 2317 586 2348 τὸ
609 2317 665 2358 μὲν
679 2316 720 2348 οὖν
735 2317 880 2360 ἐλέγχειν]
909 2317 994 2347 Citat
1010 2317 1079 2348 Ari-

363 2361 460 2390 stides
476 2371 506 2399 p.
519 2363 592 2392 250.

405 2420 450 2427 --
462 2406 491 2433 8.
518 2406 570 2434 τῶν
582 2405 689 2444 καιρῶν,
703 2402 717 2435 ἢ
730 2405 784 2433 τῶν
797 2404 979 2453 πραγμάτων
994 2402 1076 2444 εῖναι]

364 2447 432 2476 scil.
460 2445 486 2476 ἐν
506 2447 603 2489 κράτει
626 2447 704 2478 εἰναι.
732 2447 781 2477 vel
809 2448 870 2477 sio:
898 2444 1079 2486 αγωνίζονται

364 2488 431 2529 παρ’
446 2491 522 2529 ὑμιν,
538 2491 566 2520 οὐ
585 2491 665 2529 μόνον
680 2492 720 2520 τὰ
736 2491 917 2530 πράγματα,
934 2491 1015 2520 ἀλλὰ
1030 2489 1079 2521 καὶ

362 2533 384 2562 οἷ
413 2533 509 2573 καιροί.
543 2545 596 2563 vos
626 2543 687 2562 non
713 2534 770 2563 hoc
797 2533 944 2572 spectatis
974 2533 1079 2570 modo,

363 2586 432 2614 quae
445 2577 485 2605 sit
496 2587 598 2613 causa,
613 2587 680 2616 quae
694 2581 812 2611 natura,
823 2581 854 2606 et
867 2587 933 2615 quae
944 2576 1079 2606 rationes

363 2618 408 2648 rei
425 2624 529 2658 gestae,
542 2621 597 2650 sed
612 2630 670 2649 non
681 2619 782 2649 minus
795 2630 917 2659 quoque
932 2625 1080 2659 tempora,

366 2663 487 2702 quando
503 2663 636 2702 quidque
653 2667 754 2692 actum
771 2663 822 2692 sit.

407 2722 451 2727 -—
468 2708 519 2735 ll.
544 2703 660 2745 δοκοῖτἼ
685 2705 808 2735 correxi
826 2703 928 2735 δοκεῖτ’
947 2705 978 2734 ἰη
996 2704 1078 2734 indi-

365 2748 478 2779 nativo.
490 2748 635 2788 imposuit
645 2747 779 2778 librariis
794 2752 824 2778 et
837 2748 1009 2778 editoribus
1025 2748 1078 2777 ad-

365 2791 461 2821 ditum
477 2791 517 2822 οἷν.
541 2793 596 2822 sed
612 2792 669 2821 boc
686 2801 744 2821 non
762 2791 799 2820 ad
813 2790 918 2821 δοκεῖτε
933 2790 1078 2830 pertinet,

367 2835 420 2865 sed
437 2835 475 2865 ad
491 2837 585 2874 γνῶναι
601 2839 632 2864 et
648 2834 775 2864 δικάσαι.
797 2833 892 2864 dictio
918 2832 951 2864 ἐκ
972 2832 1078 2863 τούτων

367 2878 519 2917 significat
543 2878 573 2907 in
597 2882 680 2908 tanta
702 2876 863 2916 iniquitate
885 2876 946 2907 loci
973 2877 1077 2912 vestri,

366 2931 525 2960 causaeque
549 2925 609 2951 tam
633 2931 650 2950 a
666 2924 752 2960 parte
780 2930 858 2956 mea,
881 2920 1076 2956 accusatoris,

367 2973 455 3001 quam
478 2974 496 2994 a
517 2969 603 3003 parte
631 2963 686 2999 rei,
713 2967 744 2993 et
769 2962 1078 2999 circumstantiarum,

366 3016 426 3045 quo
453 3008 588 3046 pertinet
615 3005 799 3038 diuturnitas
824 3005 972 3045 temporis
998 3005 1077 3036 inter

1114 479 1176 499 rem
1187 474 1302 507 gestam
1320 474 1350 499 et
1365 471 1589 501 accusationem
1601 471 1710 511 elapsi.
1733 470 1824 500 Nunc

1115 513 1248 551 aperiam
1269 513 1371 549 vobis,
1388 515 1540 552 quomodo
1556 514 1630 544 mihi
1647 514 1825 550 videamini,

1114 557 1207 585 rebus
1230 556 1274 585 sic
1301 567 1334 586 se
1360 556 1542 587 habentibus
1575 557 1620 598 [b.
1649 568 1677 587 e.
1703 557 1826 588 tametsi

1115 599 1222 628 soletis
1241 604 1391 629 vetustate
1416 600 1576 630 obliterata
1602 600 1758 636 oblivisci,
1773 604 1826 630 aut

1115 651 1131 670 a
1143 641 1307 672 crebritate
1323 646 1355 672 et
1371 643 1569 680 assuetudine
1585 641 1825 681 flagitiorum'ad

1114 689 1267 724 torporem
1292 686 1442 724 quendam
1463 684 1610 726 remitti],
1626 685 1824 716 nihilominus

1114 732 1212 757 tamen
1230 733 1260 758 et
1278 729 1436 758 veritatem
1462 729 1551 768 hujus
1576 739 1678 759 causae
1700 739 1826 768 perspe-

1114 771 1193 801 cturi
1219 781 1299 807 esse,
1323 777 1354 801 et
1377 782 1495 811 aequam
1522 781 1687 812 veramque
1712 771 1825 802 dicturi

1115 814 1309 844 sentenfiam.

1157 874 1201 879 —-
1218 859 1267 888 13.
1284 856 1361 888 τίνων
1376 857 1566 898 προσηκει-]
1583 858 1683 888 locum
1705 857 1736 888 h.
1750 857 1826 888 citat

1115 899 1265 939 Hermog.
1277 910 1309 939 p.
1321 902 1395 931 132.
1410 906 1441 930 et
1452 902 1525 931 230.
1542 900 1586 930 ibi
1600 901 1631 930 in
1646 900 1748 940 capite
1761 901 1826 941 περὶ

1114 944 1365 982 ωροκατεισκευῆς,
1381 942 1432 972 hie
1448 942 1480 972 in
1505 953 1574 982 cap.
1596 944 1657 984 περὶ
1673 943 1826 984 εὐκρινείας.

1113 984 1186 1015 item
1199 985 1351 1015 Aristides
1363 995 1396 1024 p.
1409 987 1482 1016 228.
1496 987 1583 1026 cujus
1597 986 1662 1016 haec
1675 991 1745 1016 sunt
1757 997 1829 1016 ver-

1111 1028 1169 1057 ba:
1189 1039 1233 1058 we
1235 1027 1346 1069 ριβολῆς
1362 1027 1392 1058 δὲ
1407 1030 1538 1082 σχῆμα.
1532 1028 1581 1059 καὶ
1596 1029 1630 1058 *rb
1644 1027 1826 1070 κατ’ἆπαρί-

1111 1070 1234 1110 θμησιν,
1235 1041 1430 1112 ξ’πειραὶδειγμιοι
1446 1070 1474 1102 δὲ
1489 1070 1591 1102 τούτου
1605 1070 1631 1102 ἐν
1645 1084 1687 1112 τῳ
1701 1084 1753 1107 της
1767 1083 1827 1102 ποι-

1112 1113 1339 1154 ραπρεσβείας,“
1330 1114 1400 1145 ὅπου
1421 1113 1510 1153 λέγει·
1527 1113 1589 1145 τίνα
1612 1126 1653 1146 ουν
1670 1117 1724 1157 χρη
1746 1118 1824 1156 παρὰ

1112 1157 1285 1199 πρεσβευτοῦ
1302 1157 1381 1196 λόγον
1396 1156 1498 1191 λοιβειν
1512 1162 1572 1188 eto.

1154 1218 1197 1223 ——-
1210 1202 1262 1231 15.
1279 1203 1393 1242 Ιπρῶτον
1408 1200 1521 1242 μὲν--]
1538 1201 1617 1232 forte
1630 1199 1681 1236 sit,
1695 1199 1745 1230 cui
1759 1200 1823 1231 ele-

1113 1243 1234 1283 gantius
1250 1243 1391 1274 videatur
1407 1244 1546 1274 dictum·
1538 1255 1570 1274 1n
1594 1243 1732 1283 genitivo
1751 1244 1824 1283 plu-

1110 1286 1179 1322 rali,
1189 1286 1304 1326 πρώτων
1315 1291 1346 1316 et
1360 1285 1490 1327 δευτέρων
1501 1290 1532 1316 et
1545 1287 1655 1327 τρίτων.
1673 1296 1732 1325 ego
1751 1297 1824 1317 vero

1113 1330 1270 1367 vulgatam
1285 1330 1368 1360 haud
1390 1330 1590 1378 reprehendo.
1634 1329 1826 1360 Scholiastes

1111 1372 1262 1411 Hermog.
1286 1382 1318 1411 p.
1341 1374 1416 1404 388.
1441 1375 1471 1403 6.
1497 1372 1536 1402 ad
1558 1372 1617 1402 ista
1638 1372 1749 1402 Herm.
1775 1373 1826 1403 και

1111 1414 1281 1455 ἀναστρέφει
1306 1416 1355 1446 τὴν
1379 1414 1461 1453 τάξιν
1477 1416 1542 1445 haec
1558 1416 1668 1445 babet:
1692 1414 1791 1454 ἕδειγ
1771 1417 1826 1469 γὰρ

1111 1457 1209 1494 εἶπειν,
1227 1460 1333 1498 πρῶτον
1348 1458 1404 1511 μὲν
1419 1456 1457 1488 ων
1472 1458 1692 1505 προσετάξατε,
1706 1455 1812 1489 εἶτα.
1788 1469 1825 1489 ων

1110 1499 1232 1536 ἔπεισεν,
1260 1500 1326 1532 εἶτα
1353 1512 1391 1532 ων
1418 1500 1609 1539 ἀπήγγειλεν.
1636 1499 1706 1531 ἀλλ’
1731 1499 1825 1533 ἐπειδῆ

1110 1555 1198 1573 τουτο
1213 1541 1354 1583 μέγιστον
1370 1545 1492 1575 ποιεῖται
1508 1545 1557 1574 τοῦ
1573 1543 1758 1583 ἐγκλήματος
1773 1556 1826 1576 ση-

1110 1597 1201 1626 μειον,
1212 1585 1244 1616 ‘rei
1255 1588 1296 1616 τὰ
1309 1585 1396 1624 ψευδη
1406 1586 1585 1626 ἀπαγγειλοιι
1595 1598 1654 1622 τοις
1662 1585 1828 1624 Ἀθηνοιιοις,

1112 1630 1156 1660 ὅτι
1181 1628 1362 1660 σωθήσονται
1385 1630 1501 1666 Φωκεῖς,
1522 1631 1703 1661 ἂωολουντοιι
1725 1629 1754 1660 δὲ
1769 1636 1826 1662 Θη-

1112 1671 1196 1708 Casta,
1212 1673 1257 1702 διὰ
1280 1674 1377 1709 τοῦτο,
1392 1674 1442 1703 τοῦ
1465 1673 1611 1726 χρησίμου
1633 1671 1728 1708 ἕνεκεν,
1745 1673 1825 1714 προέ-

1111 1714 1196 1754 τοιξεν
1218 1714 1300 1751 αυτό,
1321 1716 1370 1746 και
1390 1715 1428 1747 ‘riu‘
1447 1713 1556 1756 ἀταξίᾳ.
1569 1715 1676 1756 ‘refiget’
1666 1715 1824 1757 εχρὴσατο.

1153 1776 1197 1781 —
1209 1760 1259 1790 19.
1276 1758 1401 1789 ἑκάστου
1416 1759 1534 1790 addidi.
1549 1758 1682 1790 subaudi
1696 1759 1827 1799 προσήκει

1112 1800 1190 1840 λόγον
1205 1802 1282 1841 ὑμᾶς
1296 1799 1402 1832 λαξεῖν.

1153 1862 1197 1867 --
1212 1847 1264 1876 24.
1280 1843 1493 1885 ἐπέμφθησαν]
1510 1844 1631 1875 correxi
1649 1842 1823 1884 ἐξεπέμφθ.

1111 1887 1215 1917 malim
1232 1892 1344 1924 tamen,
1359 1888 1392 1918 id
1409 1889 1491 1928 quod
1509 1887 1660 1917 sententia
1675 1889 1826 1926 postulat,

1111 1931 1147 1965 ὡς
1176 1928 1368 1971 ἀκριέἑστερον
1395 1930 1463 1970 [vel
1489 1929 1682 1970 σαφέστερον]
1712 1929 1825 1961 εἰδότων

1112 1972 1261 2013 [subaudi
1275 1973 1407 2015 τούτους]
1429 1972 1496 2015 orgaz,-
1517 1972 1560 2008 οὓς
1582 1971 1824 2013 ἐξεπέμφθησαν.

1112 2016 1228 2047 auditis
1253 2016 1460 2055 disputantes,
1480 2016 1550 2051 rati,
1571 2015 1681 2046 melius
1703 2026 1757 2046 eos
1773 2016 1826 2046 lia-

1113 2060 1185 2089 bere
1208 2064 1391 2099 perspectos
1416 2060 1550 2100 populos
1573 2060 1663 2094 istos,
1686 2060 1724 2088 ad
1747 2069 1825 2098 quos

1112 2107 1217 2132 essent
1231 2102 1375 2142 ablegati.
1391 2107 1536 2133 caeterum
1560 2102 1639 2132 haud
1668 2101 1769 2140 placet
1792 2102 1824 2132 in

1112 2146 1170 2176 hoo
1185 2146 1254 2176 loco
1276 2145 1368 2176 nimis
1388 2144 1534 2186 argutari.
1549 2154 1618 2174 nam
1640 2143 1716 2173 alias
1733 2144 1824 2175 nimis

1111 2188 1210 2219 multa
1232 2193 1336 2218 essent
1360 2188 1543 2229 supplenda,
1569 2188 1609 2218 de
1632 2187 1745 2222 causis,
1769 2198 1824 2218 cur

1112 2241 1238 2261 necesse
1252 2231 1303 2267 sit,
1311 2231 1420 2261 horum
1433 2230 1570 2271 capitum
1582 2229 1824 2270 uniuscujusque

1113 2274 1242 2304 seorsim
1265 2274 1413 2304 rationem
1429 2285 1448 2306 a
1466 2275 1568 2314 legato
1588 2278 1742 2312 repetere.
1765 2284 1826 2304 nou

1112 2321 1244 2352 constat,
1268 2327 1339 2347 num
1364 2317 1497 2348 voluerit
1521 2316 1747 2347 Demosthenes
1766 2317 1827 2348 ista

1113 2360 1282 2390 subtilitate
1299 2360 1474 2391 academica
1488 2360 1657 2400 disputare.
1674 2364 1705 2390 et
1720 2367 1825 2390 orator

1112 2403 1202 2433 aliter
1218 2403 1343 2440 dividit,
1359 2404 1509 2443 aliterque
1525 2403 1725 2440 demonstrat,
1734 2413 1824 2442 quam

1113 2445 1480 2487 philosophus,populari
1492 2446 1625 2486 quodam
1641 2446 1744 2476 modo.
1757 2457 1825 2477 nam

1112 2489 1195 2528 plebi
1212 2489 1366 2520 subtilitas
1382 2495 1411 2520 et
1425 2500 1546 2520 morosa
1558 2488 1719 2528 diligentia
1730 2488 1760 2519 in
1774 2500 1825 2520 ac-

1113 2533 1341 2563 commodandis
1368 2533 1446 2563 scito
1469 2532 1583 2572 cuique
1608 2532 1672 2562 suis
1699 2531 1826 2563 demon-

1114 2575 1326 2611 strationibus,
1335 2585 1393 2606 non
1407 2577 1522 2616 placet,
1535 2585 1634 2614 neque
1649 2574 1689 2605 ad
1701 2580 1826 2615 captum

1114 2620 1179 2658 ejus
1207 2623 1264 2648 est.
1286 2624 1438 2658 praeterea
1453 2620 1581 2650 tradunt
1596 2621 1730 2654 veteres,
1747 2619 1826 2649 hano

1113 2661 1281 2692 orationem
1298 2663 1335 2692 ab
1351 2668 1474 2693 oratore
1497 2661 1689 2692 illaboratam
1705 2666 1737 2691 et
1753 2661 1827 2691 affe-

1113 2709 1193 2735 ctam
1206 2715 1276 2735 esse
1292 2705 1442 2736 relictam.
1460 2715 1520 2745 quo
1535 2703 1636 2733 minus
1651 2707 1698 2733 est
1713 2704 1826 2734 miran-

1113 2748 1197 2784 dum,
1212 2748 1307 2778 multa
1323 2749 1425 2779 inesse
1440 2747 1543 2778 hiulca
1557 2751 1588 2776 et
1599 2746 1678 2776 male
1693 2750 1824 2778 tornata.

1113 2791 1138 2820 si
1161 2791 1273 2827 insunt,
1298 2792 1377 2831 quod
1404 2790 1547 2832 equidem
1572 2789 1719 2820 affirmare
1742 2790 1825 2820 haud

1112 2834 1220 2864 ausim.

1154 2895 1198 2900 —
1213 2878 1264 2908 26.
1292 2874 1563 2917 συμέεβουλευκὼς]
1590 2876 1763 2913 civibusne,
1787 2886 1825 2906 an

1112 2920 1252 2950 hostibus
1267 2919 1278 2949 ?

1154 2980 1198 2986 ——
1212 2973 1282 3002 pen.
1306 2959 1512 3003 ἐψηφίσασθε]
1541 2961 1570 2991 in
1594 2961 1747 2992 mandatis
1770 2971 1824 2992 ve-

1113 3006 1184 3036 stris
1209 3005 1311 3044 legato
1338 3004 1477 3036 facienda
1499 3004 1623 3037 disertis
1652 3004 1755 3035 verbis
1778 3004 1824 3035 in-
