1931 3323
681 222 714 263 l.
740 222 774 264 I.
795 221 1019 264 REISKE
1051 222 1384 265 ANNOTATA

775 394 860 436 AD
895 394 1292 440 AMATORIUM.

342 584 519 625 Wesseling
534 585 572 615 ad
590 585 782 616 Herodotum
799 596 830 625 p.
845 589 896 617 13.
911 597 928 616 a
941 597 1012 626 pen.

301 636 456 659 auctorem
473 629 547 658 facit
561 629 791 665 Androtionem,
811 630 921 660 ductus
941 641 1013 660 cau-

301 671 358 707 sis,
370 682 445 710 quas
463 673 545 710 apud
562 672 660 711 ipsum
678 672 758 701 vide.

343 717 438 745 1401.
456 717 506 745 13.
530 715 542 744 ὁ
561 715 616 753 μὲν
633 712 689 755 οὖν]
711 713 724 743 ὃ
746 715 830 751 dedi,
853 714 883 744 in
905 721 1012 746 neutro

299 757 420 787 articuli
444 757 654 797 postpositivi,
672 768 728 797 pro
752 758 918 787 masculino
934 769 1012 797 prae-

297 801 436 839 positivi.
460 802 541 840 quod
559 802 670 831 habeas
687 801 818 830 maxime
833 802 1011 831 amatorium

297 843 387 882 hujus
414 844 554 883 opusculi
578 844 628 884 (id
651 849 708 879 est,
727 843 770 878 id,
792 845 874 883 quod
901 845 1012 874 habeas

296 886 453 926 praecipue
483 898 538 926 pro
568 892 675 917 natura
701 892 733 916 et
759 893 896 916 extremo
925 888 1011 926 hujus

297 930 450 959 amatoriae
463 929 713 970 disputationis),
728 930 785 960 hoc
798 935 856 966 est,
872 930 905 960 τὸ
917 929 1009 970 ἔξωτι-

295 972 340 1002 κᾶν
361 978 408 1003 est
431 973 474 1008 id,
497 983 557 1012 quo
579 979 611 1003 et
630 973 757 1003 amantis
785 984 856 1013 erga
879 978 1010 1003 amatum

295 1025 379 1044 amor
405 1016 536 1046 maxime
567 1017 751 1052 declaratur,
778 1021 808 1046 et
835 1017 924 1046 amati
950 1028 1010 1053 res,

295 1058 403 1094 decus,
422 1060 503 1089 salus
519 1061 652 1090 maxime
666 1064 790 1090 ornatur
804 1064 897 1100 atque
916 1060 1010 1090 stabi-

294 1101 379 1131 titur.

338 1162 381 1167 —-
406 1146 457 1174 18.
487 1143 514 1180 ὅς
539 1145 598 1186 τις]
628 1145 702 1174 dedi
729 1145 755 1174 ἕν
777 1157 832 1178 τις.
877 1145 1009 1174 Videtur

295 1192 412 1224 auctor,
434 1187 574 1227 quisquis
596 1188 664 1223 fuit,
681 1188 724 1217 ita
739 1188 864 1217 dedisse
880 1198 886 1216 :
910 1188 1008 1217 πάντα

294 1229 323 1260 δὲ
349 1231 447 1260 τοῦτον
471 1230 644 1271 stygem-raa
668 1229 714 1260 τὸν
735 1229 843 1271 τρόπον,
865 1229 893 1260 ὁ’ν
912 1242 1008 1264 τις-

294 1274 392 1303 omnia
408 1280 505 1304 autem
517 1275 556 1304 ad
572 1273 650 1304 hunc
665 1275 773 1312 scripta
789 1280 855 1304 sunt
871 1274 998 1304 modum.

337 1333 382 1339 --
398 1319 450 1347 19.
472 1315 587 1358 CzCM‘w]
612 1322 657 1347 est
683 1317 807 1346 libellus
834 1316 1007 1356 pugillaris,

295 1359 325 1389 in
348 1370 439 1400 quem
465 1361 629 1390 subitarias
653 1360 857 1398 cogitationes
880 1362 1005 1399 conjici-

293 1413 373 1438 mus,
397 1403 501 1433 verbis
526 1408 634 1442 sponte
661 1404 921 1438 succurrentibus,
948 1414 1006 1433 non

293 1446 463 1477 meditatis.
487 1451 518 1476 et
538 1447 568 1476 in
584 1457 644 1486 quo
667 1447 906 1476 lucubrationum
924 1447 1007 1476 rudi-

293 1493 394 1519 menta
411 1490 610 1519 delineamus.
624 1499 654 1519 v.
666 1500 697 1529 p.
711 1491 806 1521 1283.
818 1494 848 1520 4.
871 1491 893 1520 οῖ
909 1496 1007 1520 λεκτι-

292 1533 333 1561 κοῖ
357 1535 411 1562 τῶν
434 1532 523 1571 λόγων
547 1538 618 1563 511111
640 1533 910 1563 commentationes
935 1535 1006 1563 sim·

292 1575 380 1615 plici,
395 1576 566 1610 illaborata.
589 1576 684 1612 facili,
707 1576 846 1616 populari
869 1577 1005 1607 dictione

293 1620 485 1659 conscriptae,
502 1631 561 1659 qua
571 1620 704 1649 solemus
716 1619 742 1649 ἐν
757 1619 798 1658 τῷ
813 1619 902 1657 λέγειν
913 1619 944 1650 ἐκ
956 1622 1006 1650 τοῦ

292 1665 492 1704 σαραχςῆμα,
517 1664 549 1693 iu
573 1663 705 1692 fortuitis
732 1667 784 1692 aut
807 1664 1006 1694 familiaribus

291 1706 520 1744 congressibus,
535 1707 591 1736 uti.

334 1766 378 1770 —
394 1751 445 1778 20.
462 1748 561 1788 ὁμοίως
577 1761 614 1782 οις
624 1749 680 1789 —]
705 1749 786 1778 idem
804 1754 851 1779 est
865 1760 899 1779 ac
917 1750 942 1779 si
959 1750 1006 1779 di·

291 1791 411 1821 xisset:
441 1791 543 1832 ὁμοίως
569 1792 677 1827 τούτοις
699 1793 757 1826 τοῖς
782 1792 884 1831 λόγοις,
908 1792 950 1827 οὓς
975 1792 1006 1823 ἂν

291 1834 362 1864 Εἰπῦί
377 1846 422 1868 Τις
437 1833 467 1864 ἐκ.
483 1847 532 1865 Τθυ
549 1847 748 1877 Ἠαξαχρημα.

334 1880 446 1909 ——023
470 1890 535 1913 τους
549 1879 618 1920 μὲν]
644 1879 715 1908 illos
738 1878 850 1918 prioris
873 1879 1005 1918 generis,

291 1922 357 1955 τους
371 1922 528 1955 λεκτικούς.
552 1933 616 1956 τους
639 1921 678 1957 δὲ,
701 1923 792 1952 hosce
817 1922 1005 1962 posterioris,

290 1963 321 1993 in
338 1964 461 2004 longius
474 1970 596 2004 tempus
612 1966 784 1995 duraturos.

332 2025 376 2030 -——
399 2018 468 2047 pen.
491 2008 711 2050 ἀποδεικτικους]
742 2008 814 2038 dedi
844 2006 1006 2038 ἐπιδεικτι-

290 2049 361 2084 κούς.
378 2051 589 2087 ostensionales,
613 2063 629 2081 e
647 2062 757 2092 genere
773 2052 941 2082 orationum
957 2052 1005 2082 de-

291 2096 481 2124 monstrativo
498 2096 589 2134 vulgo
608 2096 651 2125 sie
668 2095 774 2125 dicto·
767 2119 775 2133 ,
800 2095 880 2134 quod
899 2106 1005 2125 nomen

291 2147 345 2166 cur
359 2136 405 2166 illi
417 2137 523 2175 generi
536 2138 773 2177 sitimpositum,
785 2138 850 2168 dixi
863 2138 1005 2177 pluribus

291 2180 330 2208 ad
367 2180 582 2219 Antliologiam
622 2181 811 2211 Constantini
851 2182 1005 2220 Cephalae.

294 2222 364 2252 Vim
396 2223 462 2261 ejus
492 2234 550 2253 non
582 2224 703 2254 videtur
733 2224 911 2263 percepisse
941 2224 1005 2260 ille,

291 2265 428 2305 quisquis
444 2266 514 2302 suit,
530 2267 623 2306 quiin
640 2268 775 2307 margine
792 2269 893 2297 Lutet.
910 2277 1005 2307 appo-

292 2308 354 2338 suit
368 2310 417 2338 τοῦ
431 2309 501 2343 Βίου.

336 2354 430 2382 1402.
457 2355 508 2383 10.
541 2353 699 2395 δυσκόλως]
724 2358 775 2383 aut
805 2353 1006 2383 adsciscenda

291 2400 338 2424 est
366 2395 459 2425 lectio
488 2397 644 2435 marginis,
670 2402 722 2427 ant
750 2398 811 2435 leg.
838 2395 1005 2430 διακεῖσθαι,

292 2438 374 2476 quod
400 2439 542 2478 equidem
567 2440 680 2469 malim.
706 2445 758 2470 aut
781 2439 933 2478 φαίνεσθαι
955 2441 1005 2469 vel

290 2479 409 2519 ὁρᾶσθαι
436 2482 635 2523 διακειμένους.
663 2484 744 2523 quod
769 2484 808 2513 dc
832 2493 901 2513 meo
925 2494 1004 2523 prae-

291 2523 361 2553 tuli.

334 2584 377 2589 —
395 2569 444 2596 14.
470 2567 597 2609 ἀπονοῖᾳ]
623 2569 722 2607 possit
740 2569 822 2599 serri.
847 2570 924 2599 haud
943 2569 1005 2599 dis·

290 2609 386 2649 plicet
399 2614 497 2639 tamen
509 2610 625 2652 ἀπηνεία
636 2612 792 2652 marginis.
809 2613 1004 2649 truculenliae,

291 2654 442 2683 scoevitati.

335 2714 377 2719 —
390 2698 442 2726 21.
457 2694 470 2724 3
485 2695 564 2736 μόνον
576 2697 639 2726 ὶδιον
654 2696 726 2739 ἔθος]
743 2699 812 2728 fort.
827 2697 912 2738 leg.n
900 2712 911 2728 ο
927 2698 1006 2738 μόνον

291 2749 319 2770 νη
335 2738 381 2770 Δί’
397 2737 422 2769 ἓν
438 2738 514 2773 ἔθνος
529 2739 584 2781 οὐχ
599 2740 784 2780 ἅπασι.1]ιιιι),
800 2752 939 2780 11²1a,per
953 2742 1005 2772 Jo-

290 2792 364 2818 vem,
379 2782 437 2812 sola
450 2783 530 2812 natio
543 2783 723 2822 (amantium
737 2784 826 2824 puta)
842 2796 898 2814 non
913 2787 1005 2816 omni-

291 2825 503 2855 bus—saltim
520 2824 590 2860 ἐ’Θνος
606 2827 643 2856 de
661 2837 728 2856 meo
744 2837 834 2856 sensu
851 2828 933 2857 dedi.

333 2886 377 2891 —
399 2869 454 2898 ult.
479 2868 654 2909 ηὐξήθησαν]
680 2869 829 2899 cumulate
851 2877 1006 2912 ornateque

291 2914 351 2942 sint
365 2917 501 2950 peractae.
519 2922 548 2941 v.
565 2922 596 2951 p.
613 2914 707 2943 1406.
726 2915 754 2942 6.

334 2957 428 2985 1403.
447 2959 497 2984 11.
521 2955 570 2984 καὶ
589 2957 638 2986 τῆν
656 2956 719 2996 σὴν]
744 2954 792 2984 καὶ
813 2956 936 2985 videtur
951 2957 1004 2986 de·

290 2998 403 3027 fectum
427 2999 568 3036 prodere.
594 2999 695 3029 malim
716 3000 833 3033 abesse,
850 3003 902 3028 aut
921 2999 1005 3029 aliud

289 3041 362 3082 quid
380 3041 450 3072 addi
467 3052 535 3072 cum
547 3041 679 3084 χαλεπὸν
692 3043 729 3072 ad
742 3042 918 3072 senteutiam
932 3053 1003 3072 con-

1049 586 1186 616 veniens.
1202 587 1272 616 fort.
1287 585 1464 617 ἐπικίνδυνον.

1090 647 1132 652 —-
1149 633 1198 661 12.
1222 629 1460 681 ἐπικινδυνότερον]
1480 633 1548 670 post
1562 628 1759 661 ἔπικινδυνὸτει

1047 683 1086 713 ρον
1110 674 1181 702 addi
1210 673 1301 703 velim
1327 675 1380 713 τῷ.
1417 675 1460 714 τῷ
1484 672 1531 703 τὸν
1559 670 1760 713 συμςουλεύειν

1045 715 1203 755 μέλλοντα.
1219 723 1371 756 propterea
1381 718 1456 758 quod
1472 717 1532 754 ille,
1542 717 1594 757 qui
1608 718 1759 748 consitium

1047 760 1118 789 dare
1135 760 1212 789 vult.

1089 819 1132 824 —-
1158 805 1208 832 13.
1232 802 1395 844 ὑπεύθυνον]
1420 813 1478 833 11011
1507 803 1597 831 modo
1623 806 1757 833 eventus

1046 843 1110 873 dati
1125 846 1244 875 consilii
1260 857 1277 875 a
1294 847 1469 876 consultore
1490 846 1683 884 praestandus
1699 851 1757 882 est,

1046 888 1098 916 sed
1115 888 1205 917 etiam
1225 888 1294 917 vitae
1314 889 1405 925 ratio,
1424 898 1596 927 moresque,
1621 898 1658 917 ne
1679 898 1758 927 prae-

1046 930 1146 969 ceptis
1163 936 1342 971 repugnent.

1088 976 1183 1004 1404.
1203 976 1232 1005 9.
1256 976 1354 1004 ταῢτα
1377 971 1511 1012 δηλώσω]
1533 972 1635 1002 malim
1658 974 1758 1003 ταῦτα

1043 1017 1083 1045 νῦν
1094 1016 1230 1048 δηλῶσαι.
1246 1028 1337 1053 nunc,
1350 1021 1476 1056 propter
1490 1015 1678 1055 oppositum,
1693 1027 1758 1047 mo-

1044 1059 1084 1088 do
1102 1061 1304 1099 praemissum,
1320 1059 1440 1099 ὕστερον.

1086 1120 1130 1124 —
1148 1106 1197 1132 12.
1221 1103 1267 1130 καὶ
1284 1103 1386 1132 τούτου
1401 1101 1433 1131 τό
1447 1100 1571 1143 χρῶμα]
1590 1101 1691 1131 malim
1707 1101 1757 1132 καὶ

1043 1144 1127 1173 τοῦτο
1142 1143 1175 1173 τό
1189 1147 1310 1185 χρῶμα.

1084 1204 1128 1209 —
1144 1188 1195 1217 13.
1220 1188 1327 1229 σῶμα]
1344 1193 1417 1227 post
1431 1189 1523 1228 σῶμα
1536 1187 1659 1218 videtur
1670 1187 1757 1219 καλὸν

1041 1229 1159 1259 deesse.

1084 1276 1191 1303 -ΞΟ,
1215 1273 1313 1314 φύσιν]
1337 1274 1409 1304 dedi
1433 1273 1553 1314 φύσεως.
1576 1273 1700 1304 videtur
1723 1275 1754 1305 in

1041 1315 1127 1345 libris
1141 1316 1211 1345 olim
1227 1317 1256 1346 h.
1266 1317 1287 1346 1.
1300 1317 1416 1357 duplex
1430 1322 1550 1347 versata
1567 1327 1636 1347 esse
1650 1317 1754 1354 lectio,

1041 1357 1092 1388 ἐπ’
1105 1359 1251 1399 ἀνθρώπου
1267 1360 1376 1400 φύσεως
1391 1359 1465 1401 ἔχει,
1481 1360 1574 1390 altera
1590 1358 1637 1390 ἐπ’
1653 1359 1755 1401 1³2ngAE-

1041 1413 1095 1431 που
1110 1402 1192 1441 φύσιν
1206 1402 1291 1433 ἕλκει.
1310 1403 1457 1444 pertrahit
1473 1404 1605 1434 divinam
1621 1404 1754 1442 majesta-

1043 1450 1098 1475 tem
1111 1447 1150 1475 ad
1166 1445 1322 1476 humanam
1337 1451 1489 1476 naturam.

1083 1506 1127 1511 ——-
1153 1492 1204 1520 022.
1235 1489 1424 1530 ἀνυπονόητον]
1456 1499 1543 1520 nemo
1568 1488 1755 1528 suspicatur,

1040 1531 1126 1561 illum
1150 1533 1281 1563 colorem
1302 1533 1465 1574 pigmentis
1489 1533 1648 1573 quaesitum
1672 1543 1754 1570 esse,

1041 1585 1094 1605 seu
1111 1575 1272 1606 factitium.

1087 1621 1180 1649 1405.
1201 1621 1231 1650 5.
1255 1622 1310 1649 τῶν
1333 1618 1491 1668 ὀμμάτων]
1518 1617 1647 1649 subaudi
1673 1630 1755 1649 οντων

1041 1659 1278 1701 ἐπιφανεστάτων
1292 1673 1309 1692 a
1323 1662 1485 1692 communi.

1083 1722 1126 1727 —
1151 1708 1201 1735 18.
1235 1706 1383 1740 τοσαύτας
1420 1705 1645 1745 ὑπεναντιώσεις]
1683 1706 1754 1736 fort.

1040 1747 1100 1786 leg.
1114 1750 1154 1778 τὰ
1169 1749 1316 1783 τοσαύτας
1331 1748 1435 1790 ’έχοντα
1452 1749 1672 1782 ὑπεναντιώσεις
1689 1748 1755 1789 πρὸς

1041 1790 1167 1822 ἄλληλα.
1180 1791 1313 1833 jbrtuna
1335 1802 1379 1822 res
1398 1792 1448 1822 has
1463 1799 1559 1827 nacta,
1580 1795 1621 1821 tot
1636 1793 1714 1821 inter
1727 1801 1755 1822 se

1041 1833 1173 1864 habentes
1187 1836 1384 1871 adversitates,
1400 1835 1449 1865 vel
1461 1836 1686 1875 repugnantias.

1082 1895 1125 1900 —-
1154 1880 1206 1908 20.
1237 1878 1335 1921 εὺχῆν]
1362 1878 1450 1917 quasi
1478 1877 1598 1917 signum
1629 1878 1752 1917 aliquod

1041 1920 1198 1959 perficiens
1220 1931 1237 1950 e
1260 1927 1332 1952 voto
1354 1922 1568 1951 dedicandum.
1594 1926 1657 1956 aut,
1677 1931 1711 1951 ac
1728 1922 1754 1952 si

1040 1963 1160 2002 signum
1178 1965 1301 2004 aliquod
1320 1965 1515 2005 perfecisset,
1530 1965 1611 2003 quod
1627 1965 1679 1994 ille
1696 1964 1752 1995 sibi

1041 2017 1057 2036 a
1078 2007 1198 2037 fortuna
1213 2008 1317 2047 perfici
1334 2013 1366 2038 et
1380 2007 1530 2038 elaborari
1546 2008 1627 2038 votis
1643 2018 1753 2038 conce-

1040 2050 1101 2089 ptis
1115 2051 1292 2090 flagitasset.

1083 2111 1124 2116 —
1141 2096 1192 2125 22.
1217 2095 1344 2136 ἱστᾶσα]
1369 2094 1479 2125 Wolfii
1502 2095 1665 2124 συνιστᾶσα
1684 2104 1753 2124 011111

1039 2138 1180 2176 probem,
1196 2147 1287 2167 ausus
1303 2142 1403 2167 tamen
1419 2147 1476 2167 non
1493 2147 1558 2167 sum
1576 2137 1725 2176 recipere.

1081 2198 1125 2202 —
1140 2182 1191 2211 95.
1207 2180 1401 2220 ἐπαινοῦντες]
1419 2185 1489 2220 post
1504 2178 1686 2215 ἐπαινοῦντες,
1701 2184 1753 2210 aut

1040 2222 1134 2259 circa,
1158 2224 1266 2253 deesse
1290 2223 1414 2253 videtur
1432 2235 1475 2259 τι,
1495 2226 1547 2252 aut
1564 2223 1648 2252 τοῦτο
1662 2221 1753 2262 μόνον.

1040 2265 1115 2296 hanc
1127 2267 1216 2296 solam
1231 2272 1353 2296 tuarum
1371 2266 1503 2297 laudum.

1082 2327 1123 2331 ——
1142 2310 1196 2338 ult.
1211 2309 1366 2350 ὑποβάλω]
1382 2319 1440 2339 uon
1456 2313 1540 2338 caret
1550 2310 1654 2347 specie
1669 2309 1753 2350 ὑπεξ-

1039 2351 1122 2384 Hem
1150 2353 1303 2392 marginis,
1329 2354 1367 2382 ob
1394 2353 1558 2392 insequens
1585 2353 1753 2393 ὑπεςτεῒναι.

1038 2395 1154 2425 retineo
1169 2399 1267 2425 tamen
1286 2396 1450 2433 vulgatam.

1083 2440 1179 2468 1406.
1198 2442 1225 2468 1.
1249 2437 1280 2473 ἧς
1301 2438 1385 2479 μηδ’]
1408 2438 1509 2469 malim
1533 2437 1571 2469 ἦν.
1593 2449 1660 2468 nam
1682 2449 1753 2468 cum

1039 2482 1216 2512 accusativo
1230 2482 1430 2518 construitur,
1443 2482 1470 2511 si
1485 2481 1564 2512 bene
1577 2481 1752 2511 commemi-

1039 2525 1082 2560 ni,
1100 2525 1226 2555 verbum
1243 2525 1409 2566 ὑπερτείνειν
1426 2526 1458 2555 in
1475 2534 1568 2555 sensu
1581 2525 1752 2564 superandi,

1039 2578 1096 2597 non
1113 2578 1180 2598 cum
1195 2569 1344 2607 genitivo.

1081 2628 1125 2634 —-
1150 2614 1179 2641 ’7.
1209 2613 1342 2642 τοσαῦτα
1371 2610 1518 2642 ἐπαινέσαι
1549 2609 1625 2651 ἔχω]
1649 2609 1751 2640 malim

1038 2656 1173 2684 τοσαῦτα
1194 2653 1348 2689 ἐπαινέσας
1367 2653 1413 2686 ἐῶ.
1445 2655 1508 2684 istis
1529 2654 1753 2683 commemoratis

1040 2697 1186 2734 laudibus,
1204 2698 1256 2728 hoc
1267 2703 1475 2739 argumentum
1487 2697 1605 2736 depono,
1618 2696 1656 2725 ad
1669 2695 1752 2726 aliud

1040 2741 1232 2771 transiturus.

1081 2801 1124 2806 —
1141 2787 1192 2814 10.
1206 2784 1266 2825 σοι]
1281 2784 1311 2814 id
1329 2787 1387 2820 est,
1401 2782 1427 2813 ἐν
1437 2781 1491 2818 σοὶ,
1506 2782 1554 2811 vel
1566 2779 1616 2812 ἔνι-ι’
1628 2793 1682 2812 σοι.
1701 2783 1751 2813 vel

1039 2827 1088 2858 τὴν
1102 2828 1162 2863 σὴν,
1180 2827 1246 2857 scil.
1261 2825 1378 2862 ἡλικίαν,
1393 2826 1440 2856 vel
1455 2825 1471 2856 ‘ri
1488 2825 1534 2856 σή.

1082 2887 1124 2893 —
1142 2874 1192 2900 11.
1209 2869 1418 2910 ἐξαμαρτάνει]
1434 2874 1465 2898 01
1481 2879 1510 2898 ν.
1528 2870 1578 2898 13.
1595 2866 1754 2909 προῄρηται,

1040 2917 1127 2942 tueor
1142 2919 1173 2943 et
1189 2924 1289 2943 servo.
1313 2913 1393 2941 redit
1410 2911 1489 2942 enim
1507 2912 1546 2941 ad
1561 2916 1615 2940 tua
1630 2918 1709 2942 zetas.

1081 2973 1123 2978 -—
1141 2957 1195 2986 ult.
1218 2957 1337 2986 τοσοῦτο
1356 2954 1475 2995 τούτων]
1500 2954 1600 2984 malim
1621 2955 1754 2986 τοσοῦτον

1039 2997 1065 3028 ἐν
1081 2998 1182 3038 τούτῳ.

1082 3044 1177 3073 1407.
1204 3044 1233 3072 2³.
1263 3039 1514 3084 περιγεγενῆσθαι]
1545 3041 1673 3072 subaudi
1701 3042 1752 3074 τῖῐς
