1931 3322
397 178 481 220 AD
514 175 879 219 ORATIONEM

172 287 336 317 annotatae.
357 285 530 314 συνιστάνειν
550 283 633 314 aliud
651 283 725 313 nihil
749 283 799 313 hic
822 287 881 318 est,

172 337 262 366 quam
276 337 395 367 rogare,
410 328 579 366 injungere,
591 327 774 357 demandare
789 326 880 356 alicui

172 369 285 409 aliquid
297 370 457 409 agendum.
494 370 687 405 Constructio
702 370 803 408 itaque
815 370 879 399 haec

173 417 239 447 est:
262 409 285 452 ςῖ
305 414 475 453 «παρασχεῖν
496 411 530 442 τὸ
548 414 643 443 ναῦλον
665 410 711 442 τὸν
734 412 800 450 ἐμὸν
821 423 878 442 πα-

169 453 250 495 τέρι,
265 451 343 489 οὗτος
354 455 532 492 συνέστησεν,
547 456 576 486 id
595 462 652 491 est,
665 454 817 485 ἐκέλευσεν.
827 456 879 485 cui

170 499 284 528 tradere
293 503 320 527 et
328 508 481 529 numerare
488 499 642 529 mercedem
651 505 775 528 vet-turre
784 507 877 528 meum

165 547 293 580 patrem,
308 541 366 580 ipse
383 540 550 572 Timotheus
563 547 728 582 rogaverat.

216 601 254 606 —
263 586 315 614 22.
324 584 372 614 καὶ
383 584 600 626 προσελθόντος]
612 583 875 623 θᾱᾶίᾱίοοριιίωη,

168 636 238 665 quae
254 628 427 658 necessaria
441 633 497 658 est.
513 638 580 657 nam
597 627 624 657 si
646 627 812 662 omittatur,
828 637 875 656 re·

167 669 251 699 diret
266 670 362 699 oratio
377 671 416 700 ad
430 671 634 706 Timotheum,
648 672 684 701 ad
699 680 789 710 quem
803 671 875 699 ἀπο-

168 711 320 752 δημοῦντος
349 712 450 744 τούτου
475 714 567 744 redit.
593 723 700 744 verum
730 714 786 743 hoe
816 723 874 743 non

162 757 282 795 ,patitur
293 757 453 792 sententia,
467 767 535 796 quae
545 756 664 796 liquido
677 758 876 792 demonstrat,

166 798 372 838 προσελθόντος
385 800 422 829 ad
440 799 573 830 Φιλώνδου
586 800 698 831 redire.
719 800 876 830 Sententia

166 840 234 872 haec
261 847 326 872 est:
349 843 518 873 Philondas
542 854 610 873 cum
639 855 656 873 e
680 843 875 878 Macedonia,

167 884 248 915 uude
268 885 351 925 ligna
373 886 531 922 afferebat,
548 887 681 916 redisset
702 897 756 927 per
772 887 874 917 Timo-

168 927 232 957 thei
248 929 427 966 absentiam,
442 931 479 960 ad
501 935 680 970 patremque
699 940 800 960 meum
823 939 873 959 uc-

166 970 324 1002 cessisset.

209 1016 317 1046 —25.
338 1013 386 1044 τὸν
407 1015 559 1056 Φιλώνδαν]
582 1015 702 1046 correxi
722 1015 789 1056 πρὸς
810 1021 873 1046 Φιλ.

165 1067 238 1098 erga
261 1057 451 1095 Philondom,
474 1059 504 1089 h.
529 1070 556 1090 e.
584 1069 685 1090 coram
713 1059 874 1089 Philonda.

162 1100 218 1138 'vel
247 1101 418 1137 constituit,
442 1102 582 1133 condixit
610 1112 679 1132 cum
711 1102 873 1132 Philonda.

164 1142 328 1182 Vulgatam
344 1145 371 1174 si
381 1144 435 1184 qui
452 1150 584 1180 tuentur,
596 1145 659 1175 illis
673 1155 799 1175 necesse
814 1151 872 1180 est,

164 1190 200 1216 ut
219 1196 337 1217 comma
358 1188 538 1218 transferant
552 1199 571 1218 a
590 1187 725 1219 Φιλώνδαν
743 1189 781 1218 ad
796 1187 873 1218 συνέ-

163 1239 279 1266 στησεν,
293 1230 324 1259 h.
334 1240 361 1260 e.
377 1237 412 1261 ut
426 1231 473 1261 sic
483 1231 698 1271 interpungant
710 1243 717 1261 :
731 1231 778 1261 καὶ
796 1231 873 1262 συνέ-

162 1283 269 1310 στησε,
280 1272 327 1302 ’τὸν
339 1274 476 1304 Φιλώνδαν
486 1275 682 1315 πςοσοιγαγών.
699 1281 734 1304 ut
748 1286 872 1305 accusa-

162 1315 247 1345 tivus
270 1316 334 1352 hic,
353 1327 412 1347 non
437 1327 506 1350 cum
531 1316 700 1354 συνέστησε,
725 1319 778 1348 sed
803 1329 870 1348 curn

162 1361 359 1398 wgoeayay&v
381 1363 601 1391 construendus
622 1363 673 1391 sit.
692 1363 871 1402 quemadmo-

161 1402 232 1431 dum
250 1401 413 1434 Timotheus
425 1415 493 1435 cum
507 1405 593 1435 classe
603 1405 747 1435 discedens
758 1410 872 1444 putrem

161 1451 332 1485 rogaverat,
352 1452 417 1477 tum
435 1452 529 1486 pater,
549 1447 728 1478 Philondam
747 1459 765 1477 α
788 1458 815 1478 se
833 1449 872 1478 ad

160 1497 284 1518 mensam
299 1491 503 1529 argentarium
512 1501 580 1521 cum
591 1491 771 1528 adduxisset,
782 1493 870 1531 impe-

161 1532 241 1561 ravit
258 1530 438 1563 Phormioni.

163 1603 167 1608 ,
205 1576 300 1606 1193.
321 1578 352 1606 2.
373 1576 422 1606 καὶ
447 1575 549 1606 τούτου
569 1574 666 1615 ’ἦν-]
687 1575 820 1606 distinxi
841 1581 873 1607 et.

160 1617 282 1647 correxi
301 1618 367 1652 sic:
389 1619 438 1649 nai
459 1617 562 1649 τούτου
575 1616 616 1648 ’ἦν’
634 1619 684 1659 (et
698 1617 788 1658 hujus
801 1630 871 1660 qno-

160 1670 225 1700 que,
255 1661 408 1692 Timothei
440 1668 526 1701 puta,
555 1663 640 1702 tigna
668 1663 771 1702 erant)
801 1662 869 1693 ὑπό-

158 1713 264 1743 μνημα,
278 1702 302 1733 δ’
311 1703 508 1746 ἀπεγςίιψατο
524 1704 575 1735 τῆν
589 1715 622 1734 τε
636 1705 743 1746 χρείαν,
757 1706 870 1736 notitiae

157 1756 225 1776 vero
246 1747 307 1777 loco
326 1748 453 1778 adscribi
470 1749 612 1783 curavits
624 1753 700 1784 tum,
720 1748 808 1787 cujus
825 1750 869 1779 rei

157 1799 258 1826 causa,
276 1792 427 1831 seu'quem
439 1790 584 1827 inustam,
594 1790 675 1820 istud
689 1801 724 1821 aes
738 1802 757 1820 α
770 1801 870 1822 mensa

157 1837 297 1863 mutuum
311 1840 379 1864 esset
389 1840 529 1871 sumtum,
541 1840 603 1864 tum
618 1844 720 1863 ‘nomen
735 1835 808 1873 ejus,
819 1836 869 1875 qui

157 1877 307 1906 sumsisset.
329 1877 487 1916 ὑπόμνημα,
507 1882 555 1907 est
576 1877 620 1912 id,
639 1877 721 1916 quod
739 1877 775 1907 ad
797 1877 869 1908 arti-

157 1918 260 1949 culum
274 1920 485 1960 principalem,
495 1925 529 1950 ut
543 1920 573 1949 iu
582 1920 694 1949 tabulis
705 1920 869 1951 mensario-

158 1971 238 1998 rurn,
254 1967 317 1998 aut,
333 1969 366 1993 ut
386 1963 416 1993 in
438 1963 646 2003 grammatica,
661 1963 700 1992 ad
721 1964 869 2002 regulam,

156 2004 385 2043 admonitionis,
399 2007 447 2036 vel
458 2006 648 2046 exceptionis
659 2016 744 2045 ergo,
756 2007 868 2037 minus-

157 2047 236 2082 culis
259 2048 358 2079 literis
379 2049 577 2080 adscribitur.
602 2059 659 2090 pro
674 2049 869 2090 ἀπεγράψατο

155 2091 259 2121 malim
275 2092 372 2133 ὑπεγρ.

199 2152 242 2157 -
257 2136 287 2166 5.
300 2133 502 2169 Ἀλκισθένους
511 2135 659 2177 ἄρχοντος]
673 2136 745 2166 dedi
755 2146 795 2166 ex
804 2136 867 2166 Au-

157 2182 286 2219 gustano
307 2176 494 2213 Ἀλκισθένης
509 2179 613 2220 ἄςχων.
637 2190 703 2209 nam
721 2179 767 2209 sic
789 2189 867 2219 prae-

157 2219 350 2252 scribebatur
366 2223 397 2252 in
411 2223 513 2262 capite
533 2223 653 2262 paginae
673 2224 760 2262 cujus
777 2223 867 2252 tabu-

155 2264 252 2305 larum
276 2265 514 2296 mensariarum:
537 2265 568 2295 in
594 2266 794 2302 nominativo,
808 2275 866 2296 non

155 2307 189 2338 iu
203 2306 352 2348 genitivo.

212 2367 256 2373 -—
269 2352 302 2380 7.
314 2351 485 2393 Αἰγιαλεὺς]
501 2351 559 2387 sic,
569 2362 604 2382 au
621 2352 784 2390 Αἷγιαλιεὺς
795 2362 868 2383 exa·

155 2393 282 2424 randum
307 2395 358 2430 sit,
380 2395 490 2434 quaerit
517 2395 622 2425 Vales.
648 2396 688 2426 ad
713 2396 868 2435 Harpoor.

198 2496 243 2503 ·—-
261 2481 292 2510 8.
309 2478 480 2521 ἀποδημῶν]
506 2480 629 2521 ambigo
653 2481 734 2512 inter
758 2482 867 2523 vulga-

156 2527 231 2559 tam,
247 2527 279 2552 et
293 2520 449 2563 ἐπιδημῶν.

159 2565 161 2567 ’
197 2584 242 2589 -
253 2567 282 2597 9.
293 2565 341 2596 καὶ
350 2565 484 2607 κοινωνὸς]
497 2565 702 2597 memorabilis
715 2573 761 2597 est
773 2567 866 2598 lectio

155 2608 329 2650 Augustani
347 2609 395 2639 καὶ
411 2609 515 2640 Κόνωνι.
535 2620 602 2649 quae
618 2610 721 2640 nescio
740 2622 776 2640 an
794 2621 868 2641 vera

156 2653 208 2684 sit.
252 2652 409 2683 Fortassis
432 2653 537 2683 Conon
561 2659 627 2683 erat
650 2653 811 2692 trapezita,
835 2660 867 2684 et

153 2695 237 2726 idem
252 2695 317 2731 ille,
333 2697 422 2736 cujus
444 2697 553 2726 crebra
568 2696 681 2726 mentio
703 2697 733 2726 tit
749 2697 780 2726 in
795 2707 865 2727 ora-

154 2739 239 2770 tione
265 2740 406 2778 proxima
431 2738 583 2779 superiori
605 2739 637 2769 in
664 2740 866 2779 Olympiodo-

155 2792 282 2812 rum.v.
300 2792 334 2822 p.
352 2784 446 2814 1168.
472 2785 524 2814 12.
569 2783 639 2813 Nisi
662 2783 725 2812 duo
748 2782 864 2813 diversi

156 2823 296 2856 homines
325 2825 374 2856 hio
401 2826 534 2856 fuissent
561 2824 721 2866 appellati,
749 2831 811 2861 aut,
839 2826 864 2856 si

158 2867 242 2899 solus
257 2868 401 2899 Phormio
415 2869 527 2900 suisset
544 2869 729 2908 appellatus,
744 2879 800 2899 cur
815 2879 864 2899 re-

157 2910 288 2951 petisset
307 2921 416 2942 nomen
439 2912 643 2948 Phormionis,
659 2917 690 2942 et
711 2923 770 2942 non
791 2912 865 2943 satis

157 2953 317 2986 habuisset
330 2954 412 2994 αὐτῷ’
423 2955 526 2986 dicere
544 2966 635 2986 versu
654 2955 713 2986 10?
731 2975 742 2992 x

199 3013 242 3021 —-
259 2999 308 3040 151.
335 2998 508 3040 λυκουργεΐς]
533 2999 655 3030 correxi
683 2999 862 3040 λυκιουςγεῖς.

914 175 978 216 ΙΝ
1007 174 1398 218 TIMOTHEUM.
1543 168 1626 211 259

915 281 1039 312 celeber
1051 281 1101 310 hic
1116 281 1204 310 locus
1221 285 1268 311 est
1283 280 1314 310 in
1333 278 1456 318 scriptis
1473 283 1622 315 gramma-

914 325 1046 354 ticorum
1062 329 1200 354 veterum
1213 329 1242 352 et
1251 323 1464 353 recentiorum.
1480 331 1511 349 v.
1527 317 1622 348 Athe-

914 377 1010 398 uaeum
1026 377 1058 406 p.
1077 368 1153 398 486.
1178 376 1205 395 c.
1227 367 1380 404 Harpocr.
1404 375 1432 394 v.
1457 361 1621 399 λυκιουγεῖς.

914 410 1067 449 Leopard.
1087 410 1217 439 Emend.
1238 409 1285 442 11,
1303 411 1354 438 18.
1370 418 1402 446 p.
1425 409 1499 437 228.
1516 410 1539 434 t.
1555 404 1620 433 111.

914 455 1022 493 Lamp.
1040 453 1117 483 crit.
1129 454 1253 482 Gruter.
1269 451 1454 480 Valkenaer.
1469 448 1506 478 ad
1517 447 1620 477 Hero-

910 497 976 526 dot.
989 507 1020 536 p.
1031 498 1106 528 543.

952 557 995 563 --
1010 542 1061 570 21.
1077 538 1153 579 ὅσον]
1171 537 1239 568 scil.
1255 535 1386 577 ἀργύριον.

952 601 996 606 —
1016 586 1067 613 25.
1091 581 1118 623 ὃ]
1144 581 1224 611 redit
1249 582 1288 610 ad
1311 576 1466 618 ὀφείλοντα..
1492 573 1618 604 curabat

909 626 1104 657 Timotheum
1119 623 1245 655 inscribi
1262 624 1294 653 in
1309 620 1434 654 tabulis,
1450 623 1483 648 ut
1503 617 1616 667 deben-

910 674 969 700 tem
995 670 1026 699 id
1047 670 1128 705 aeris,
1144 668 1224 708 quod
1247 672 1329 697 esset
1348 661 1538 694 Timosthenl
1560 668 1616 698 pro

911 712 1019 754 phialis
1034 722 1208 752 repensum.
1221 721 1250 740 v.
1268 721 1300 750 p.
1316 709 1411 740 1‘203.
1429 707 1460 735 6.
1496 746 1502 756 μ
1593 743 1601 750 ¹

954 756 1048 786 1195.
1065 759 1116 786 ΞΟ.
1137 752 1298 794 τολμήσει]
1318 756 1388 792 post
1409 755 1552 788 τολμησει
1570 755 1617 774 vr·
1667 767 1672 772 .

909 800 1000 829 detur
1015 799 1123 829 deesse
1139 797 1237 837 λέγειν.
1589 829 1597 839 x

952 859 995 865 -·
1015 842 1070 872 ult.
1096 841 1252 872 κατέλιπεν
1274 856 1317 862 -·
1339 836 1440 868 ἑαυτοῦ
1464 850 1507 858 ·-
1527 829 1614 871 φησί]

909 886 982 916 dedi
990 884 1148 919 κατέλιπες
1157 883 1316 913 -σοιυτοῦ
1324 899 1364 904 -
1375 882 1428 920 φῆς
1439 879 1469 908 ἰι]
1481 874 1617 906 secunda

909 940 1048 968 persona.
1094 929 1128 958 Si
1152 937 1246 967 negas
1274 924 1455 956 Philondam
1476 930 1492 950 a
1522 923 1553 948 te
1577 916 1614 946 ad

908 978 1024 1013 patrem
1037 983 1105 1002 esse
1121 972 1298 1006 adductum,
1312 969 1402 1008 eique
1417 965 1614 996 monstratum

907 1021 999 1055 atque
1011 1015 1262 1045 commendatum.
1588 1046 1595 1053 ⁵

951 1061 1046 1089 1196.
1060 1060 1112 1089 24.
1126 1058 1175 1087 τοῦ
1191 1055 1328 1096 ἀδελφοῦ]
1343 1054 1397 1084 sed
1414 1048 1555 1083 Pasicles
1566 1056 1615 1076 vix

907 1101 1085 1142 quadrimus
1100 1107 1176 1136 erat,
1192 1111 1258 1130 cum
1276 1098 1369 1129 Pasio
1385 1098 1580 1139 moreretur..
1606 1131 1614 1139 ι

948 1163 993 1168 -
1007 1146 1059 1175 27.
1081 1144 1129 1173 καὶ
1144 1144 1249 1183 γίνεται
1265 1141 1333 1181 έμόν
1347 1140 1379 1170 τὸ
1394 1137 1493 1180 μέρος]
1510 1132 1617 1187 addid}

907 1187 949 1218 τό.
975 1188 1067 1218 idem'
1083 1193 1132 1217 est
1153 1197 1188 1217 ac
1214 1187 1239 1216 si
1260 1185 1413 1215 dixisset:
1436 1181 1484 1211 καὶ
1507 1186 1616 1217 ywere-t

907 1233 991 1262 τοῦτο
1001 1230 1035 1261 τὸ
1046 1230 1167 1271 ἆξγύςιον
1180 1229 1258 1270 ἐμὸν,
1273 1234 1304 1258 et
1319 1227 1400 1268 quod
1414 1226 1528 1275 factum
1541 1219 1616 1274 illud

906 1285 949 1304 aes
973 1285 1087 1312 meum,
1107 1284 1162 1304 seu
1184 1273 1260 1303 mihi
1283 1272 1455 1305 obvenerit,
1477 1277 1556 1316 uasta.
1582 1273 1616 1291 το

906 1317 974 1358 ἒμόν
992 1317 1088 1359 μέρος,
1109 1322 1273 1357 propterea
1288 1314 1369 1354 quod
1391 1313 1421 1343 iu
1441 1315 1614 1351 portionem

905 1362 1094 1392 haereditatis
1108 1371 1205 1391 meam
1219 1359 1362 1389 collatum
1378 1361 1472 1386 esset.
1606 1392 1615 1402 x

951 1407 1035 1436 1197
1038 1426 1046 1435 .
1061 1409 1093 1435 4.
1104 1404 1175 1444 τῷδε
1185 1400 1362 1443 Φρασιηρίδῃ]
1376 1396 1498 1429 correxi
1514 1394 1570 1433 ἐγὼ
1586 1394 1615 1423 δε

906 1454 996 1488 0220·-
1009 1448 1066 1478 hoc
1082 1446 1110 1477 δὲ
1127 1458 1183 1477 non
1200 1451 1247 1476 est
1262 1445 1386 1484 quidem
1398 1440 1614 1473 necessarium,

906 1496 938 1520 et
952 1491 1041 1521 facile
1063 1495 1185 1530 poterat
1200 1499 1237 1518 eo
1259 1497 1362 1517 carere
1386 1484 1496 1518 oratio,
1515 1491 1616 1521 neque

905 1538 1005 1564 tamen
1027 1540 1075 1564 est
1097 1532 1277 1566 tollendum,
1297 1530 1349 1560 sed
1371 1527 1523 1558 redundat
1543 1534 1614 1554 cum

905 1578 1069 1617 elegantia,
1095 1581 1127 1606 et
1151 1584 1199 1605 est
1224 1574 1346 1604 iteratio
1370 1577 1401 1602 et
1424 1570 1512 1610 quasi
1536 1568 1613 1598 echo

904 1620 1057 1658 praemissi
1072 1619 1101 1649 δὲ
1118 1630 1146 1649 v.
1162 1623 1191 1649 1.
1205 1616 1364 1648 senteutiae
1377 1615 1474 1645 series
1489 1614 1554 1642 haec
1567 1615 1615 1641 est

904 1680 946 1684 —
961 1669 989 1692 et
1001 1663 1087 1702 quod,
1098 1672 1164 1692 cum
1182 1660 1344 1690 Timotheus
1353 1658 1425 1688 mihi
1439 1657 1614 1695 sponsionem

903 1706 984 1744 apud
999 1705 1146 1735 arbitrum
1161 1702 1287 1745 deferret
1297 1712 1400 1745 ÷eg0
1415 1697 1615 1747 Phr-asicrz'dae

902 1749 1012 1778 codices
1020 1748 1171 1778 rationum
1178 1746 1307 1786 prolatos
1316 1747 1348 1775 in
1358 1753 1462 1774 manus
1471 1743 1615 1780 dederzm‚

903 1792 1050 1831 quaerendi
1074 1802 1142 1831 ergo
1165 1808 1209 1813 ——
1233 1789 1339 1819 harum
1361 1797 1461 1817 rerum
1484 1786 1613 1815 omnium

903 1839 936 1864 tu
950 1835 1043 1864 scriba
1057 1835 1150 1864 recita
1165 1834 1217 1863 hoc
1232 1832 1434 1864 testimonium.
1460 1830 1612 1860 Caeternm

903 1882 970 1906 utra
988 1877 1080 1907 lectio
1101 1878 1141 1907 sit
1160 1876 1350 1907 emendatior
1368 1870 1558 1913 Φρασιηρίδης,
1575 1881 1613 1900 an

903 1919 1112 1960 Φρασικλείδης,
1126 1920 1156 1949 iu
1172 1920 1274 1950 medio
1288 1918 1468 1956 relinquam.

944 1981 987 1986 —
1009 1965 1060 1994 13.
1084 1963 1133 1993 καὶ
1156 1963 1194 1997 εἷς
1221 1961 1275 1998 δ’,τι
1305 1959 1394 1994 ἔλαβε
1417 1958 1451 1989 τὸ
1476 1956 1612 1998 ἇςγῦριον]

902 2006 988 2036 uncis
1005 2006 1127 2043 inclusi,
1146 2017 1213 2036 uam
1234 2007 1272 2035 ab
1290 2005 1469 2043 Augustano
1491 2003 1613 2036 absunt,

901 2054 933 2078 et
947 2054 1096 2088 praeterea
1112 2050 1194 2080 idem
1213 2049 1320 2079 dicunt
1335 2057 1404 2077 cum
1423 2043 1612 2085 insequenti-

902 2092 959 2122 bus
975 2093 1023 2122 nai
1040 2093 1078 2127 εἰς
1092 2093 1111 2122 ἃ
1126 2093 1341 2134 κατεχρήσατο.

945 2138 1040 2168 1198.
1064 2138 1117 2167 10.
1136 2134 1290 2166 ἐπιτηδείου
1309 2133 1385 2169 ὄντος
1405 2131 1484 2172 αὑτῷ
1503 2136 1612 2161 Καλλι-

901 2179 1043 2222 στράτου]
1060 2180 1196 2219 pendent
1210 2179 1241 2209 hi
1258 2176 1388 2218 genitivi
1400 2183 1431 2206 et
1446 2179 1561 2211 natant,
1577 2178 1611 2204 ut

901 2221 1020 2262 liquido
1028 2228 1150 2253 constet
1161 2222 1276 2262 aliquid
1288 2222 1407 2251 deesse.
1421 2229 1519 2258 neque
1531 2218 1612 2248 enim

900 2265 1024 2296 invenio
1047 2266 1136 2296 facile
1161 2266 1191 2296 in
1213 2264 1432 2307 superioribus,
1454 2263 1536 2302 qnod
1560 2261 1611 2292 hio

900 2309 993 2339 tacite
1009 2314 1177 2350 repetatur.
1192 2319 1286 2349 quare
1301 2307 1401 2338 nullus
1415 2307 1553 2336 dubitavi
1568 2307 1613 2336 le-

901 2351 1032 2383 ctionem
1060 2352 1206 2392 marginis
1236 2354 1341 2383 Lutet.
1368 2348 1520 2379 ἐπιτήδειον
1543 2349 1611 2380 ὄντα,

900 2395 983 2435 αὐτῷ’
1004 2395 1222 2437 Καλλίστρατον
1245 2395 1402 2434 adoptare,
1423 2393 1547 2423 tametsi
1571 2394 1610 2423 de

901 2445 1024 2470 auctore
1040 2441 1129 2478 hujus
1148 2439 1290 2469 lectionis
1308 2436 1380 2467 mihi
1404 2445 1463 2466 uon
1479 2442 1612 2468 constat.

901 2481 955 2512 Sic
968 2483 1059 2524 plana
1074 2487 1123 2513 est
1137 2482 1245 2519 oratio,
1262 2491 1330 2522 quae
1349 2479 1385 2509 ad
1401 2479 1466 2510 ἴστε
1482 2481 1611 2511 refertur

901 2535 932 2555 v.
947 2528 979 2556 7.

942 2586 986 2591 —
1002 2572 1053 2599 11.
1070 2568 1148 2598 ὥστε
1162 2566 1232 2607 μηδ’
1245 2565 1450 2607 ἐναντιοῦσθαι]
1473 2577 1529 2605 pro
1547 2577 1611 2596 me—

900 2612 951 2642 dia
966 2622 1042 2642 voce
1058 2612 1130 2642 dedi
1145 2610 1233 2651 μηδὲν
1247 2621 1264 2641 e
1280 2610 1379 2640 libris.
1423 2611 1484 2640 Sed
1503 2609 1550 2640 vel
1566 2611 1610 2641 sic

900 2655 1033 2685 nondum
1057 2659 1179 2684 sanatus
1199 2654 1322 2684 videtur
1344 2653 1431 2683 locus
1455 2663 1536 2689 esse,
1557 2654 1610 2683 sed

899 2697 945 2728 sic
960 2698 1019 2737 leg.
1033 2697 1109 2727 ὥστε
1123 2696 1193 2737 μηδ’
1205 2695 1301 2727 ἐκεῖνον
1314 2695 1402 2737 μηδὲν
1410 2694 1614 2726 ἐναντιοῦσθαι.

898 2741 980 2777 adeo,
995 2747 1029 2771 ut
1050 2748 1085 2770 rie
1104 2741 1155 2771 ille
1169 2741 1297 2781 quidem,
1313 2739 1506 2770 Callistratus
1526 2745 1612 2777 puta,

898 2785 1051 2825 quicquam
1067 2785 1093 2814 ei
1099 2783 1212 2825 fuisset
1227 2785 1446 2814 adversaturus.

941 2845 983 2850 ——
1000 2830 1050 2857 14.
1065 2829 1180 2867 μᾶλλον
1195 2827 1209 2858 ἢ
1225 2827 1289 2868 οὐκ]
1306 2827 1354 2856 οὐκ
1369 2826 1491 2855 videtur
1505 2824 1610 2854 delen-

898 2871 981 2901 dum.
992 2869 1051 2900 nisi
1068 2871 1208 2901 volumus
1224 2870 1304 2900 huuc
1317 2869 1516 2900 Atticismum
1530 2877 1611 2904 esse,

898 2919 931 2944 et.
943 2913 1113 2953 accipimus
1125 2913 1290 2943 dictionem
1301 2915 1416 2952 μᾶλλον
1429 2909 1442 2940 ἢ
1455 2910 1482 2939 οὐ
1493 2920 1549 2948 pro
1562 2910 1611 2939 καὶ

897 2957 927 2987 οὐ
941 2959 1067 2997 μᾶλλον.
1082 2968 1139 2997 qua
1153 2958 1188 2987 de
1203 2965 1292 2986 causa
1310 2956 1443 2985 valuisset
1458 2959 1541 2991 pater
1559 2952 1610 2983 Τι’-

897 3000 1042 3031 motheum
1063 3001 1143 3030 uobis
1162 3000 1334 3030 creditorem
1355 2999 1499 3027 incertum
1520 2995 1610 3026 relin-
