1931 3323
315 202 399 244 428

313 308 438 339 fitentur
451 308 497 350 (p.
510 311 584 341 175.
601 309 685 351 17.),
700 321 733 341 se
750 311 924 352 Callippum
942 322 1035 353 παρω-

313 351 405 392 νόμων
418 362 593 390 accusasse,
608 355 690 393 quod
703 354 839 392 tulisset,
850 356 1035 386 Chersonesi

336 396 468 426 uandam
488 402 606 436 partem
626 408 696 427 esse
718 398 952 436 Gordianorum,
974 409 1034 429 non

345 438 571 470 theniensium:
595 438 743 471 Libanius
761 446 875 479 narrat,
890 453 949 472 non
972 444 1035 473 De-

311 482 519 519 mosthenem,
542 484 597 514 sed
621 484 840 525 Hegesippum
863 488 1033 516 accusatio-

314 534 384 554 nem
400 525 486 555 illam
501 526 692 566 instituisse3
716 539 776 568 quo
798 534 916 569 patere,
932 530 1034 570 hujus,

314 578 374 597 non
390 568 475 599 illius
490 574 625 601 nostram
641 582 712 602 esse
728 571 937 603 orationem-¹9
970 574 1033 603 Sed

313 611 426 650 quibus
442 613 475 644 id
488 620 590 645 narret
604 615 698 646 fretus
711 616 911 655 argumentis,
922 616 1033 655 quibus

314 655 459 693 testibus,
480 667 540 687 non
560 658 655 696 dicit;
678 658 785 698 decipi
808 659 906 698 igitur
921 659 1033 699 potuit.

314 697 380 734 Qui
395 709 481 731 error
490 711 551 740 quo
567 702 688 732 facilius
701 707 880 738 excusetur,
893 712 949 741 age
961 713 1033 732 con-

311 742 473 780 cedamus,
486 743 663 784 Callippum
681 747 720 775 ab
738 746 923 785 Hegesippo
936 745 1033 776 fuisse

314 790 512 817 accusatum:
537 792 568 817 at
583 788 686 827 potuit
701 788 762 818 alia
781 789 812 819 in
833 798 926 819 causa
940 789 978 818 ab
995 799 1032 819 eo

313 830 472 869 accusar13
489 830 593 870 potuit
608 836 639 861 et
654 831 684 861 in
700 832 807 862 eadem
824 832 888 868 illa,
906 832 962 862 sed
977 832 1032 870 ita,

314 876 349 901 ut
371 873 598 904 Demosthenes
616 874 723 905 libello
746 876 885 906 exhibito
909 885 1032 906 causam

311 913 505 954 institueret,
537 918 740 958 Hegesippus
766 923 868 949 autem
896 920 1033 950 oratione

311 957 417 989 habita
429 964 531 999 partes
544 962 736 992 accusatoris
746 961 949 1003 perageret-²⁰
969 964 1031 994 Sed

312 1002 386 1031 nolo
403 1003 573 1034 halucinari
588 1005 619 1035 in
635 1005 821 1045 explicando
842 1005 965 1037 Libanii
985 1018 1033 1037 er-

312 1054 403 1084 rore3
417 1046 501 1096 ‘satis
522 1053 572 1078 est
589 1053 708 1088 patere,
727 1053 802 1089 quot
824 1050 925 1081 modis
944 1050 1033 1091 gigni

313 1097 401 1118 error
415 1094 476 1120 iste
490 1092 637 1130 potuerit.

358 1132 437 1162 Duae
455 1140 527 1165 sunt
545 1140 698 1175 praeterea
714 1147 777 1175 res,
797 1148 877 1177 quae,
895 1138 922 1169 si
937 1149 1033 1179 appa-

304 1181 429 1214 -rerent,
444 1177 519 1208 nihil
536 1184 641 1210 essent
652 1180 739 1210 dubii
755 1181 927 1212 relicturae:
942 1183 1033 1212 nimi-

310 1228 380 1248 rum
403 1220 430 1250 si
448 1227 604 1253 constaret
621 1224 862 1254 Demosthenem
882 1230 933 1255 aut
952 1225 1032 1265 legis

310 1261 352 1291 de
365 1264 452 1301 pacis
461 1265 592 1296 formula
602 1268 759 1303 mutanda,
773 1272 825 1296 aut
836 1267 978 1308 responsi
992 1268 1032 1298 ad

310 1305 455 1347 Philippi
475 1308 639 1349 epistolam
662 1309 720 1339 hac
740 1310 878 1340 oratioue
898 1321 1031 1341 comme-

310 1355 458 1381 moratam
476 1352 574 1383 fuisse
598 1356 768 1383 auctorem.
814 1355 933 1384 Noster
951 1355 1032 1385 enim

310 1398 416 1423 orator
437 1398 468 1424 et
484 1394 568 1426 illam
588 1396 689 1437 legem
712 1406 745 1426 se
761 1396 840 1427 dicit
855 1397 967 1428 tulisse
981 1398 1030 1439 (p.

310 1437 385 1468 171.
405 1440 457 1477 10,
476 1440 528 1469 18.
543 1439 585 1470 cf.
598 1450 629 1478 p.
647 1441 720 1470 170.
733 1440 781 1480 2.)
802 1445 834 1471 et
851 1441 891 1471 de
910 1442 968 1471 hoo
983 1451 1032 1471 re·

309 1489 424 1518 sponso
445 1483 510 1520 jam
527 1493 562 1512 se
583 1483 622 1513 ad
641 1483 790 1523 populum
811 1494 881 1514 esse
897 1484 1030 1515 laturum

308 1524 472 1561 profitetur
486 1527 532 1566 (p.
550 1528 625 1559 176.
641 1525 702 1568 9.).
725 1527 787 1557 Sed
803 1531 913 1558 neutra
929 1529 969 1558 de
986 1539 1030 1565 re,

308 1566 341 1596 in
362 1571 446 1597 tanto
467 1574 608 1600 veterum
631 1569 766 1608 silentio,
784 1571 951 1612 quidquam
972 1581 1031 1611 pro

306 1614 394 1641 certo
410 1615 514 1651 potest
529 1614 684 1645 constitui.

351 1656 468 1693 Quare,
481 1656 623 1696 quoniam
633 1657 771 1688 historiae
782 1658 967 1690 documenta
976 1669 1031 1690 nos

307 1697 467 1735 deficiunt,
482 1710 539 1739 age
551 1701 590 1730 de
604 1701 750 1732 orationis
765 1703 864 1733 indole
880 1708 911 1733 et
925 1703 1030 1734 dictio-

306 1750 344 1770 ne
359 1741 542 1774 videamus:
565 1755 633 1784 quae
653 1755 766 1786 anceps
790 1752 822 1776 et
843 1746 962 1776 lubrica
982 1750 1031 1776 est

307 1783 497 1826 disputati03
520 1797 588 1818 nam
614 1788 652 1818 ad
678 1799 801 1819 sensum
825 1789 889 1819 fere
918 1795 1031 1820 cuncta

306 1828 492 1860 referuntur.
527 1831 638 1871 Itaque
655 1831 805 1862 Libauius
821 1833 944 1863 omuino
961 1833 1029 1873 qui-

307 1870 379 1901 dem
411 1872 550 1910 affirmat,
571 1875 698 1905 dicendi
724 1886 820 1915 genus
847 1887 1029 1916 omnemque

306 1914 455 1945 orationis
468 1917 738 1949 conformationem
750 1918 925 1959 languidam
936 1930 1030 1959 quan-

305 1957 375 1988 dam
391 1959 451 1990 sibi
465 1959 563 1993 videri
579 1973 615 1993 ac
624 1961 821 2000 dissolutam,
837 1968 868 1994 et
883 1974 901 1994 a
914 1965 1028 1994 Demo-

717 201 969 245 wEISKn
1004 182 1408 245 DissERTATIO

1071 311 1188 342 sthenis
1208 311 1333 352 ingenio
1356 312 1570 343 abhorrentem
1579 310 1613 350 3²¹
1644 312 1699 342 sed
1724 311 1788 344 sin-

1071 355 1152 394 gula,
1171 365 1239 394 quae
1255 355 1388 386 maxime
1408 355 1605 394 displiceant,
1620 365 1679 385 non
1704 366 1788 386 com-

1069 404 1232 435 memorat,
1246 398 1306 428 nisi
1323 409 1425 434 unum,
1441 399 1481 428 de
1497 409 1558 438 quo
1573 398 1686 428 deinde
1699 398 1788 429 vidc-

1070 442 1182 472 bimus.
1235 443 1350 481 Atque,
1379 446 1412 472 ut
1442 452 1555 477 verum
1579 442 1687 477 fatear,
1712 441 1788 472 mihi

1070 495 1205 525 quoque,
1220 486 1397 516 universam
1419 484 1446 515 si
1467 489 1589 525 spectes
1606 486 1788 522 orationem,

1070 529 1269 569 simplicioris
1287 529 1339 558 illa
1355 533 1386 558 et
1396 528 1559 559 sedatioris
1571 528 1686 568 ingenii
1699 529 1787 559 vide-

1069 576 1130 609 tur,
1141 583 1197 602 nec
1210 579 1310 603 tamen
1322 571 1530 603 Demosthene
1541 572 1677 611 indigna.
1694 572 1788 602 Nam-

1069 626 1139 655 que,
1161 621 1193 646 ut
1209 616 1342 646 Photius
1358 620 1442 646 recte
1460 619 1566 645 monet
1581 614 1629 656 (v.
1643 621 1707 646 not.
1723 616 1785 657 8.),

1069 659 1172 689 cuncti
1189 660 1252 690 sere
1267 659 1437 698 scriptores
1452 658 1616 698 aliquando
1626 659 1786 698 paululum

1068 712 1086 731 a
1102 706 1201 732 semet
1215 703 1403 743 discrepant,
1419 712 1474 732 seu
1494 712 1583 732 casus
1606 713 1662 732 seu
1677 703 1722 733 rei
1737 713 1788 733 ra-

1068 744 1111 774 tio
1127 744 1170 774 ita
1190 746 1306 776 tulerit.
1351 746 1490 776 Maxime
1510 751 1611 776 autem
1632 746 1691 776 hoc
1707 746 1740 776 fit
1756 746 1787 777 in

1068 787 1258 826 oratoribus,
1279 788 1334 819 ubi
1357 789 1542 829 permultum
1565 789 1704 826 interest,
1724 800 1787 829 quo

1067 834 1219 871 tempore,
1238 832 1351 871 quibus
1375 832 1586 868 audientibus,
1609 843 1669 872 qun
1690 834 1734 863 de
1752 844 1787 864 re

1067 875 1183 905 dicant.
1228 876 1344 906 Mirum
1361 875 1459 915 igitur
1473 885 1533 905 non
1550 879 1609 912 est,
1628 876 1654 905 si
1671 876 1788 906 Demo-

1068 918 1205 955 sthenes,
1222 930 1312 958 quum
1330 923 1378 949 tot
1392 919 1432 950 de
1452 919 1545 948 rebus
1562 923 1685 959 tamque
1706 919 1788 950 inter

1067 971 1100 992 se
1131 962 1267 993 diversis
1299 962 1380 993 intra
1409 962 1568 992 mediocre
1598 962 1664 992 sine
1691 963 1788 994 dubio

1066 1006 1216 1045 temporis
1246 1006 1380 1046 spatium
1407 1006 1574 1036 dicendum
1603 1009 1699 1042 esset,
1726 1017 1787 1037 non

1068 1053 1129 1079 tam
1150 1049 1299 1080 concinna
1314 1048 1416 1089 potuit
1438 1049 1484 1079 uti
1502 1048 1649 1079 orationis
1671 1049 1789 1080 descri-

1066 1093 1185 1133 ptione,
1199 1104 1255 1124 nec
1277 1098 1339 1124 tam
1360 1093 1457 1123 libero
1474 1092 1692 1123 sententiarum
1714 1093 1788 1124 illu-

1068 1137 1177 1167 strium
1190 1138 1417 1177 verborumque
1432 1135 1573 1176 gravium
1587 1136 1714 1167 devolvi
1728 1137 1788 1167 flu-

1067 1191 1160 1210 mine.

1110 1224 1184 1254 Huc
1201 1224 1332 1260 accedit,
1348 1224 1431 1263 quod
1445 1222 1547 1261 iubis,
1562 1224 1786 1265 quaeleguntm·

1067 1277 1085 1296 a
1101 1268 1204 1303 nobis,
1219 1277 1278 1296 non
1294 1267 1471 1302 audiuntur,
1484 1267 1673 1297 orationibus
1688 1269 1787 1298 multo

1066 1310 1139 1350 plus
1169 1310 1310 1347 interest,
1340 1311 1496 1349 quomodo
1523 1320 1568 1340 eae
1602 1311 1788 1350 conscriptae

1068 1353 1140 1390 sint,
1163 1363 1253 1394 quam
1273 1354 1429 1393 quomodo
1451 1353 1577 1384 habitae.
1622 1354 1702 1384 Nam
1725 1364 1786 1384 nou

1067 1397 1161 1427 modo
1176 1398 1208 1427 in
1224 1397 1264 1427 iis
1281 1396 1482 1434 orationibus,
1498 1407 1566 1436 quae
1582 1407 1599 1427 a
1612 1397 1713 1428 scriba
1727 1408 1784 1437 po-

1067 1441 1129 1471 tius
1146 1445 1299 1480 exceptae,
1310 1451 1400 1480 quam
1416 1442 1454 1471 ab
1466 1440 1536 1480 ipso
1548 1445 1670 1471 oratore
1682 1441 1785 1472 consi-

1067 1488 1168 1524 gnatae
1195 1484 1353 1522 videntur,
1377 1484 1473 1514 multa
1499 1483 1589 1514 facile
1618 1488 1786 1523 potuerunt

1067 1528 1235 1569 corrumpi,
1247 1527 1302 1558 sed
1316 1527 1376 1568 ipsi
1387 1527 1477 1558 etiam
1493 1531 1632 1558 oratores
1645 1528 1695 1558 vel
1712 1539 1786 1569 neg-

1066 1571 1216 1611 ligentius
1239 1581 1294 1601 sua
1310 1571 1410 1601 literis
1433 1571 1615 1602 mandarunt
1637 1572 1689 1602 vel
1712 1572 1784 1603 dili-

1067 1615 1191 1655 gentius
1214 1615 1394 1655 poliverunt
1424 1618 1515 1654 atque
1545 1620 1785 1647 exornaverunt.

1066 1659 1184 1696 Quare,
1211 1658 1292 1689 sicut
1318 1659 1357 1688 de
1383 1657 1532 1688 Cicerone
1558 1662 1691 1694 constat,
1714 1669 1783 1690 eum

1065 1703 1219 1733 orationes
1235 1701 1361 1742 publice
1374 1701 1491 1731 liabitas
1500 1701 1614 1731 deinde
1625 1712 1642 1730 a
1653 1702 1719 1731 soro
1734 1713 1784 1732 re-

1066 1756 1205 1786 gressum
1234 1744 1319 1776 domi
1348 1755 1412 1775 suae
1441 1755 1509 1775 esse
1535 1749 1785 1783 commentatum,

1064 1790 1146 1820 idem
1179 1790 1218 1819 de
1244 1788 1453 1819 Demosthene
1479 1788 1608 1818 dubium
1636 1798 1695 1818 non
1726 1794 1784 1821 est.

1064 1834 1145 1863 Nam
1169 1837 1201 1863 et
1217 1833 1314 1863 multa
1334 1832 1478 1872 leguntur
1497 1831 1579 1871 apud
1597 1831 1785 1862 Demosthe-

1064 1887 1133 1906 nem
1149 1875 1238 1906 aliter
1253 1876 1380 1915 scripta,
1397 1885 1486 1915 quarn
1501 1875 1605 1905 habita
1620 1875 1785 1912 meruius-'2

1063 1924 1095 1949 et
1111 1930 1180 1959 quae
1200 1920 1356 1959 leguntur,
1381 1929 1439 1959 pro
1463 1919 1689 1949 commentandi
1711 1919 1783 1950 dili-

1064 1964 1167 2004 gentia
1182 1969 1253 1994 sunt
1268 1963 1348 1994 inter
1364 1973 1398 1994 se
1413 1961 1577 1994 dit'ersa.²³
1599 1962 1708 1994 Potuit
1723 1962 1784 2002 igi-

349 2045 376 2066 ¹⁹
390 2046 499 2078 Libau.
513 2047 544 2078 in
557 2060 621 2090 arg.
638 2061 685 2081 or.
695 2051 734 2080 de
751 2051 826 2082 Hal.
840 2053 920 2082 κατὰ
932 2049 1108 2081 Καλλίππου
1121 2050 1173 2081 τοῦ
1186 2048 1341 2082 Παιανιέως
1354 2047 1438 2086 <pne-iv
1452 2047 1464 2077 ὅ
1479 2045 1527 2077 τόν
1540 2046 1620 2086 λόγον
1632 2049 1787 2088 γεγραφὼς·

303 2089 503 2132 ἀπενηνοχὲναι
519 2095 627 2133 γςαψῆν
640 2092 821 2133 παρανόμων.
837 2091 970 2132 φαίνεται
983 2092 1011 2123 δὲ
1021 2093 1076 2133 οὐχ
1091 2095 1103 2123 ὁ
1119 2090 1319 2132 Δημοσθένης,
1333 2089 1405 2120 ἀλλ’
1419 2090 1432 2120 ὅ
1444 2091 1630 2129 Ἡγήσιππος
1640 2093 1690 2122 τὴν
1701 2093 1782 2122 κατὰ

304 2134 356 2162 τοῦ
372 2132 547 2164 Καλλίππου
561 2136 668 2175 γξαφῆν
682 2135 903 2175 ἐνστησάμενος.

349 2174 378 2194 2⁰
392 2177 503 2216 Itaque
521 2178 724 2218 Hegesippus
744 2189 803 2208 non
825 2179 934 2218 γραφὴν
952 2175 1152 2208 ἒνσ-τῆσαισθαι
1175 2175 1368 2220 (ἆωενέγκαι,
1390 2175 1594 2217 γράψασθαι),
1610 2177 1666 2207 sed
1681 2177 1780 2218 διῶξαι

304 2217 537 2262 (κατηγορῆσαι)
556 2221 620 2251 dici
645 2222 791 2253 debebat.
836 2222 899 2258 Sic,
921 2226 956 2251 ut
977 2221 1123 2261 exemplo
1139 2222 1169 2252 in
1185 2222 1298 2261 vulgus
1320 2225 1393 2251 noto
1412 2225 1545 2256 utamur,
1559 2221 1732 2257 Socratem,
1747 2226 1782 2251 ut

303 2263 401 2294 refert
414 2265 502 2295 Max.
518 2265 593 2304 Tyr.
610 2264 697 2296 Diss.
712 2267 742 2296 9.
764 2263 892 2300 Μέλιτος
901 2265 958 2305 μὲν
973 2264 1136 2306 ἐγράψατο,
1148 2264 1264 2299 ’Ἄνυτος
1280 2263 1304 2294 δ’
1318 2264 1464 2303 εἶα-ἤγαγε,
1482 2263 1578 2293 Λύκων
1592 2261 1616 2291 δ’
1630 2262 1735 2294 ἐδίωκε.

348 2305 374 2324 ²¹
392 2308 501 2338 Liban.
518 2309 539 2339 l.
556 2311 587 2338 1.
601 2318 635 2348 p.
648 2311 723 2340 164.
739 2311 769 2340 6.
795 2309 807 2339 ὅ
824 2308 904 2348 λόγος
920 2308 949 2340 οὗ
964 2309 1040 2339 δοκεῖ
1058 2320 1109 2349 μοι
1125 2315 1206 2348 Δημ.
1232 2308 1312 2339 εἶναι.
1327 2308 1407 2338 δηλοῖ
1424 2305 1454 2336 δὲ
1477 2307 1491 2337 ἦ
1509 2307 1614 2346 φράσις
1634 2307 1682 2337 καὶ
1699 2309 1713 2338 ἡ
1728 2309 1785 2343 ’τῆς

302 2348 467 2385 συνθέσεως
481 2350 611 2392 ἇςμονία,
627 2353 703 2383 πολὺ
719 2351 766 2382 ’τὸν
788 2352 1001 2393 Δημοσθενικὸν
1017 2353 1179 2393 πεφευγυῖα
1198 2351 1299 2388 τύπον,
1318 2349 1446 2393 ἀνειμένη
1469 2360 1503 2380 ’τε
1521 2350 1570 2380 καὶ
1589 2349 1782 2392 διαλελυμένη

304 2395 384 2433 παρὰ
399 2395 448 2426 τὴν
463 2395 536 2426 ἰδέαν
550 2394 655 2426 τούτου
665 2397 716 2427 τοῦ
729 2396 849 2437 ῥήτορος.

347 2439 374 2458 ²²
389 2439 439 2468 Ita
457 2439 625 2470 AEschines
642 2443 862 2470 commemorat
884 2439 1026 2480 quaedam
1049 2449 1089 2469 ex
1114 2438 1333 2470 Demosthenis
1357 2437 1494 2469 oratione
1516 2436 1715 2480 παραπρεσβη
1738 2437 1779 2469 de

305 2477 457 2522 Dionysii
473 2487 504 2512 et
519 2483 678 2514 AEschinis
694 2483 898 2514 similitudine
914 2483 1041 2525 (AEsch.
1055 2493 1101 2513 or.
1113 2494 1241 2525 παραπρ.
1254 2493 1286 2522 p.
1296 2481 1401 2524 194.)‚
1413 2483 1452 2512 de
1462 2481 1600 2512 mulieris
1614 2482 1781 2512 Himeraeae
1809 2486 1822 2491 ²

305 2525 426 2554 somnio
443 2523 569 2566 (AEsch.
585 2526 697 2569 ibid.),
711 2528 750 2557 de
764 2529 886 2567 Satyro,
903 2527 956 2567 qui
973 2525 1165 2565 captivorum
1191 2526 1381 2566 quorundam
1399 2525 1632 2556 Atheniensium
1653 2526 1779 2555 liberta-

303 2570 367 2597 tem
384 2578 402 2597 a
418 2569 564 2608 Philippo
578 2569 801 2610 impetraverat
812 2571 906 2613 (ibid.
921 2581 953 2610 p.
962 2569 1067 2610 321),
1081 2581 1208 2609 quarum
1218 2576 1320 2600 rerum
1336 2569 1413 2600 nihil
1424 2568 1577 2608 legiturin
1591 2568 1780 2599 Demosthe-v

303 2610 352 2640 nis
366 2611 505 2642 oratione
520 2613 772 2654 παραπρεσβείας
795 2615 876 2645 unde
893 2615 982 2645 Hier.
994 2613 1128 2644 Wolfius
1149 2618 1234 2644 recte
1248 2612 1392 2653 conjecit,
1407 2613 1649 2643 Demosthenem
1666 2611 1778 2650 judicii

304 2659 417 2685 eventu
441 2656 587 2686 edoctum
603 2659 744 2697 quaedam
766 2663 915 2695 mutasse,
932 2667 1024 2697 quum
1046 2658 1216 2688 orationem
1232 2657 1333 2687 literis
1352 2656 1557 2696 consignaret.
1600 2656 1689 2686 Idem
1713 2656 1778 2685 De-

303 2698 479 2729 mosthenes
502 2709 599 2730 novas
618 2702 763 2740 quasdam
789 2706 820 2732 et
842 2702 996 2732 inauditas
1016 2701 1143 2731 dicendi
1162 2700 1319 2737 formulas,
1341 2711 1408 2739 quae
1424 2703 1560 2730 monstra
1583 2702 1615 2728 et
1634 2701 1778 2737 portenta

303 2741 454 2773 orationis
470 2748 562 2773 vocat
577 2743 745 2775 AEschines
758 2745 854 2787 (orat.
867 2745 897 2775 in
914 2744 1057 2784 Ctesiph.
1074 2757 1103 2786 p.
1120 2745 1196 2776 555.
1212 2743 1311 2785 δρψ),
1322 2753 1431 2783 magna
1445 2753 1486 2772 ex
1501 2746 1589 2782 parte
1605 2742 1673 2783 ipse
1688 2741 1776 2772 vide-

304 2789 355 2814 tur
379 2796 419 2815 ex
442 2786 635 2818 orationibus
652 2788 716 2818 suis
739 2789 970 2829 exsculpsisse3
996 2799 1097 2828 neque
1120 2792 1197 2825 erat,
1222 2788 1304 2827 quod
1322 2787 1484 2817 miraretur
1507 2785 1678 2824 Dionysius
1702 2786 1777 2816 Hal.

304 2827 387 2870 (περὶ
403 2835 486 2870 Δυμ.
501 2830 565 2861 δειν.
586 2841 620 2871 p.
639 2834 712 2863 197.
726 2832 776 2862 ed.
792 2831 899 2872 Sylb.)
916 2843 948 2862 se
960 2832 1035 2862 nihil
1052 2831 1204 2871 ejusmodi
1219 2832 1323 2871 legere
1338 2830 1368 2861 in
1386 2829 1448 2861 ulla
1459 2839 1573 2864 earum,
1586 2838 1656 2868 quae
1672 2836 1776 2859 exsta-

303 2877 383 2908 rent,
408 2874 626 2905 Demosthenis
640 2875 823 2905 orationum.
867 2876 1061 2915 Quamquam
1084 2876 1192 2911 t'ateor,
1208 2875 1317 2905 multas
1339 2873 1490 2914 ejusmodi
1508 2872 1693 2902 mutationes
1716 2883 1776 2902 non

303 2914 365 2954 ipsi
383 2917 598 2954 Demostheni,
612 2919 666 2948 sed
687 2918 804 2949 criticis
819 2919 979 2949 veteribus
999 2929 1069 2949 esse
1088 2919 1280 2954 tribuendas,
1302 2918 1354 2958 qui
1370 2926 1462 2957 quum
1478 2915 1509 2945 in
1525 2920 1647 2946 ceteros
1662 2920 1726 2946 tum
1743 2916 1775 2947 in

303 2962 443 2989 nostrum
460 2959 636 3000 pernicioso
651 2961 754 2993 furore
770 2967 842 2993 sunt
857 2962 1004 3003 grassati:
1023 2963 1061 2992 de
1076 2972 1136 3001 qua
1146 2972 1179 2992 re
1191 2962 1404 3001 Hermogenes
1416 2969 1447 2998 p.
1459 2961 1534 2991 317.
1545 2957 1649 2996 ἐκεῖνα,
1660 2959 1776 2999 inquit,

304 3001 350 3033 διὰ
366 3001 399 3031 τὸ
411 3002 485 3042 ἄγαν
495 3004 609 3041 εὐτελὲς
620 3003 802 3039 ὀβελίσαντές
816 3016 888 3040 τινες
901 3003 1089 3045 ὺπεξεῖλοντσ,
1104 3005 1173 3040 ἴσως
1187 3003 1270 3045 ὀρθῶς
1285 3004 1425 3038 ποιοῦντες
1441 3008 1501 3034 etc.
1525 3003 1527 3005 ’

348 3043 374 3063 ²³
387 3046 437 3078 Ita
453 3048 605 3080 orationes
622 3049 855 3091 παραπρεσβείας
871 3056 903 3081 et.
923 3050 953 3080 in
976 3049 1121 3086 Midiam,
1138 3059 1207 3089 quae
1225 3049 1336 3080 merito
1357 3046 1484 3088 egregia
1501 3045 1689 3087 eloquentiae
1707 3046 1775 3079 De—
