1997 3323
395 190 448 230 82
772 191 805 234 I.
831 191 864 232 I.
887 190 1112 232 REISKE
1143 189 1469 232 ANNOTATA

438 310 479 314 —
495 296 546 325 23.
563 294 648 334 ζηλου
659 295 715 337 —-]
731 298 813 328 Citat
826 298 855 328 h.
871 298 890 327 l.
907 298 1038 327 Thomas
1055 298 1099 326 Μ.

394 345 423 363 ν.
440 334 524 375 ζηλῶ.

437 396 479 400 —
492 381 545 410 ult.
557 381 639 412 ταῦθ’
653 384 689 418 ὡς
703 383 750 413 οὐκ
760 383 865 425 ἄριστα
880 385 921 413 νῦν
938 384 1013 421 ὑμᾶς
1029 381 1105 421 ἀξιοῖ

395 418 601 466 ψηφίσασθαι]
621 427 680 456 Pro
696 427 802 466 ἄριστοι
822 427 914 456 malui
928 426 996 465 ἄξια
1012 427 1100 466 (sub-

395 465 467 494 audi
489 466 586 505 λόγου)
603 470 687 505 dare,
702 471 772 508 quia
788 470 969 500 luculentior
984 476 1029 499 est
1046 479 1100 507 up-

394 509 507 545 positio
518 511 596 540 inter
608 516 647 542 τοὶ
660 513 765 554 ἄριστα
776 518 805 543 et
818 515 856 542 τοὶ
872 513 918 542 οὐκ
930 512 996 550 ἄξια
1010 512 1102 550 λόγου.

394 550 502 582 Dictio
522 552 707 595 ψηφίζεσὲαί
728 567 758 584 τι
780 557 804 585 si
828 558 903 585 bene
919 558 1029 585 Graeca
1044 561 1103 590 est,

396 594 590 634 significabit,
608 599 806 638 pronunciare
830 610 898 628 esse
920 599 965 628 sic
981 599 1030 628 vel
1051 598 1103 627 ali-

396 642 451 668 ter.
473 641 607 678 postulat
622 652 699 671 nunc
716 653 771 671 vos
787 643 824 672 de
841 642 879 671 iis
903 643 993 671 rebus
1010 641 1103 680 gestis

392 684 605 720 pronunciare,
635 686 723 715 tlocci
754 695 810 714 non
841 696 910 714 esse
940 684 1104 713 faciendas.

398 725 482 754 Alias
506 733 649 757 consueta
669 728 814 767 loquendi
836 728 911 757 ratio
929 728 1054 761 ferebat,
1072 733 1104 756 ut

395 767 440 796 sic
461 769 595 800 diceret:
624 771 728 800 τούτων
749 772 783 804 ὡς
800 771 845 800 οὐκ
870 770 951 809 ἀξίων
971 772 1012 800 νῦν
1028 771 1105 809 ὑμᾶς

396 810 471 849 ἀξιοῖ
480 812 756 853 καταψηφίσασθαι.
796 814 936 852 Denique
949 815 990 842 νῦν
1000 818 1105 842 movet

396 855 618 893 suspicionem,
639 856 706 887 τότε
730 857 760 886 in
783 857 932 895 superiori
957 856 1025 885 colo
1052 856 1103 885 de-

397 906 474 926 esse.
492 897 527 927 ιῖἱῖν
549 901 583 934 ὡς
608 899 728 939 ἀρίστων
753 899 833 929 ὄντων
854 898 937 933 αὐτὸς
957 898 1025 927 τότε
1042 900 1105 932 τοὺς

394 939 473 973 »θεοὺς
489 940 511 970 ἔ.
521 954 559 980 μ.

439 985 511 1014 SUI.
528 988 557 1016 9.
568 984 655 1025 οὗτοι]
674 986 787 1015 missia
802 985 888 1016 vobis
899 985 935 1014 ad
950 985 1105 1014 ferendum

392 1026 546 1057 Thebanis
561 1030 718 1058 auxilium.

437 1087 478 1091 —
497 1073 545 1099 18.
575 1070 806 1112 Καλλίστρατος]
832 1071 1005 1101 Alexander
1017 1071 1055 1100 de
1073 1071 1105 1099 fi-

394 1112 477 1147 guris
501 1124 530 1152 p.
555 1116 607 1143 7¹2.
634 1115 850 1155 Καλλίστξοιϊος
871 1113 976 1147 ἐκεῖνος.
998 1113 1030 1142 τὸ
1053 1115 1106 1153 γὰρ

392 1153 489 1188 ἐκεῖνος
513 1156 706 1195 προσκείμενον
730 1157 859 1197 ἔμφασίν
881 1168 943 1186 τινα
965 1156 1107 1196 μεγέθους

393 1198 452 1237 περὶ
468 1197 513 1227 τὸν
527 1200 610 1239 ἄνδξα
626 1201 711 1231 δηλοῖ.

438 1259 481 1262 -
496 1253 566 1281 pen.
583 1243 718 1284 πρόνοιαν]
737 1242 858 1282 praetuli
875 1243 913 1272 de
928 1251 996 1271 meo
1014 1251 1106 1271 sensu

395 1283 525 1323 προνοίας,
541 1286 571 1314 in
587 1286 734 1324 genitivo.
758 1286 838 1315 idem
852 1292 899 1315 est
915 1296 950 1314 ac
967 1284 992 1313 si
1008 1284 1106 1314 dixis·

395 1331 442 1355 set
455 1338 461 1356 τ
486 1327 543 1357 οὐδὲ
559 1329 597 1370 τῇ
619 1329 726 1369 πξονοίᾳ.
740 1330 791 1362 τῆς
806 1326 875 1362 ἰδίας
889 1327 1050 1367 ἀσφαλείας
1067 1327 1106 1356 δι-

395 1368 464 1399 δόναι
479 1372 582 1412 χώραν.
596 1383 631 1401 ne
644 1372 848 1411 providentiae
858 1372 980 1410 quidem
999 1370 1106 1400 salutis

394 1416 527 1452 propriae
537 1415 638 1444 locum
651 1416 741 1452 dare3
756 1416 866 1444 nedum
877 1413 984 1443 salutis
998 1413 1106 1452 ipsius.

394 1460 518 1495 tempus
534 1458 684 1496 ejusmodi
707 1464 782 1493 erat,
802 1463 835 1487 ut
855 1457 973 1496 privato
992 1455 1107 1486 nemini

394 1501 587 1535 concederet,
605 1512 664 1530 non
678 1501 769 1530 modo
783 1506 848 1530 tuto
859 1505 888 1529 et
904 1509 1012 1529 securo
1028 1509 1106 1534 esse,

397 1542 451 1570 sed
468 1553 504 1571 ne
521 1544 610 1573 saluti
625 1545 749 1583 quidem
766 1554 827 1573 suae
842 1543 1029 1583 prospicere.

438 1587 513 1616 302.
533 1588 583 1616 17.
605 1587 704 1617 τούτου
719 1586 793 1627 οὐδὲ]
810 1585 838 1616 δὲ
853 1586 969 1616 addidi.
986 1586 1022 1615 ab
1038 1585 1106 1619 hoc,

395 1627 542 1658 AEschine
565 1640 649 1666 vero,
674 1641 711 1659 ne
734 1629 871 1660 incusata
895 1629 1030 1669 quidem,
1057 1638 1107 1658 ne—

395 1672 464 1699 dum
481 1676 513 1701 ut
527 1683 574 1702 me
589 1684 673 1703 reum
692 1673 854 1712 peregerit.

438 1731 479 1736 -—
497 1718 548 1746 ⁰27.
565 1715 578 1746 ἢ
595 1716 684 1755 τόνδε]
702 1716 931 1755 Ctesiphontem
949 1718 1032 1754 puta.

438 1759 512 1789 303.
528 1759 558 1789 5.
572 1759 738 1799 προλαβεῖν]
754 1758 833 1788 idem
853 1763 900 1788 est
917 1763 1007 1796 atque
1028 1756 1107 1796 φθά-

395 1810 453 1830 νειν.
485 1802 621 1838 evenire,
648 1803 730 1842 quod
750 1801 894 1842 deinceps
917 1801 946 1829 in
973 1801 1106 1830 fraudem

395 1847 474 1872 tuam
493 1845 709 1884 interpretetur
721 1845 808 1874 alter.

439 1905 481 1908 —
498 1891 547 1917 11.
572 1888 619 1918 ἐπ’
638 1889 724 1922 αὐτῆς
745 1885 883 1920 ἀληθείας
911 1885 994 1925 ἔγγὺς
1017 1887 1108 1922 οὔσης,

393 1930 448 1958 τῶν
464 1929 546 1969 ἐ’ςγων
560 1931 601 1961 ἐ’τι
623 1931 808 1971 μεμνημένων
820 1931 910 1971 ὑμῶν]
928 1930 1042 1959 Addidi
1058 1932 1108 1964 τῖς

395 1977 426 2001 et
439 1974 558 2004 detraxi
571 1975 663 2009 οὔσης,
675 1980 705 2004 et
720 1975 820 2004 locum
833 1975 877 2004 sic
890 1974 1042 2004 discrevi:
1062 1973 1110 2004 ἐπ’

394 2016 481 2049 αὐτῆς
507 2019 558 2051 τῆς
582 2017 731 2053 ἀληθείας,
756 2027 858 2047 coram
879 2016 1007 2047 veritate
1029 2017 1109 2057 ipsa,

393 2056 478 2097 ἐγγυς
493 2063 547 2089 τῶν
563 2060 654 2100 ἐ’ργων,
671 2053 767 2101 propd
788 2065 910 2096 eventa,
931 2058 973 2089 ἐ’τι
995 2071 1108 2099 μεμνη-

394 2100 483 2139 μένων
506 2104 583 2142 ὑμῶν
607 2105 689 2144 [scil.
710 2104 815 2144 αὐτῶν]
839 2103 927 2133 vobis
950 2113 986 2132 ea
1008 2103 1107 2133 adhuc

396 2145 511 2174 recenti
528 2147 674 2176 memoria
690 2146 923 2176 continentibus.

438 2190 510 2218 304.
531 2192 560 2218 1.
583 2191 634 2224 τῆς
648 2189 850 2231 ὑωαρχούσης]
877 2188 1007 2219 subaudi
1031 2189 1108 2229 ὑμῖν,

394 2234 445 2260 aut
460 2230 529 2271 ’γι-σις’
544 2233 620 2271 ὑμῖν.
1033 2247 1035 2249 ’

436 2292 478 2296 -
496 2277 525 2303 2.
538 2276 598 2315 περὶ
615 2274 760 2316 {na-rigon]
777 2276 842 2305 scil.
861 2275 946 2315 ἡμῶν.

435 2336 477 2340 —
491 2318 521 2348 5.
538 2319 734 2359 πραγμάτων]
752 2320 871 2348 tuebor.
887 2329 988 2348 rerum
1006 2325 1105 2357 gesta-

391 2370 458 2390 rum
474 2361 606 2392 rationes
621 2363 664 2391 ita
679 2362 810 2392 subduci
830 2372 888 2391 non
905 2363 1014 2391 solent.
1028 2359 1106 2396 οὗτος

392 2403 542 2443 λογισμδς,
553 2406 602 2436 hic
617 2406 725 2435 modus
739 2405 922 2441 calculandi,
933 2404 985 2444 qui
1003 2405 1034 2434 fit
1050 2415 1106 2444 per

391 2446 625 2485 dispositionem
653 2449 850 2484 calculorum,
874 2448 913 2477 de
939 2458 1000 2487 quo
1027 2459 1105 2478 nunc

389 2490 501 2528 agitur.

434 2550 477 2557 —-·
494 2536 545 2563 10.
560 2532 634 2572 μεθ’
657 2535 734 2573 ἡμῶν
749 2533 1021 2576 παραταξαμένους]
1039 2545 1105 2564 cor-

390 2576 459 2607 rexi
474 2575 548 2615 μεὶἔιθ
563 2578 640 2617 ὑμῶν
651 2577 863 2618 συμπαραταξ.
881 2578 911 2607 in
930 2587 1021 2607 causa
1037 2578 1106 2612 fuit,

391 2625 424 2650 ut
436 2619 584 2655 Thebani,
596 2620 753 2650 vobiscum
770 2621 801 2650 in
819 2621 885 2650 acie
896 2626 1022 2656 stantes,
1036 2631 1104 2651 eum

389 2661 608 2702 prohiberetis,
622 2663 654 2692 id
670 2674 779 2703 nempe
795 2665 907 2699 facere,
931 2664 1014 2702 quod
1035 2674 1102 2693 eum

390 2707 541 2736 facturum
554 2716 641 2736 nemo
657 2716 715 2735 non
731 2706 926 2746 opinabatur,
938 2712 973 2736 ut
989 2706 1056 2737 scil.
1072 2707 1102 2736 in

389 2749 465 2780 fines
478 2753 599 2778 vestros
610 2749 804 2788 irrumperet.

433 2810 477 2816 --
492 2794 544 2822 18.
570 2790 716 2833 ἐποίησεν]
743 2792 861 2827 addidi,
884 2802 943 2822 non
967 2802 1027 2831 quo
1051 2802 1101 2822 ne-

389 2835 559 2866 cessarium
580 2840 664 2865 esset
685 2835 717 2865 id
735 2835 835 2871 verbi,
856 2835 936 2874 quod
965 2835 1102 2865 sufficere

388 2882 508 2918 poterat
523 2879 617 2908 semel
632 2880 693 2917 jam
711 2889 803 2909 versu
813 2882 861 2908 11.
877 2878 1023 2918 positum,
1047 2879 1100 2908 sed

390 2921 620 2962 perspicuitatis
636 2931 722 2961 ergo.

430 2983 472 2987 ———
490 2967 539 2995 19.
556 2964 726 3004 ἀντανελεῖν]
742 2963 865 3004 proprie
880 2965 981 2993 locum
998 2963 1028 2993 in
1039 2964 1100 2993 cal-

385 3008 463 3039 culis
479 3008 583 3042 habet,
599 3019 667 3038 enm
690 3008 822 3038 rationes
845 3007 964 3047 accepti
991 3012 1021 3036 et
1044 3017 1098 3036 ex-

1134 296 1220 336 pensi
1244 295 1322 326 inter
1346 307 1378 326 se
1408 301 1557 327 constant.
1585 301 1648 326 tum
1674 300 1846 335 usurpatur,

1135 350 1203 369 cum
1218 340 1327 369 damna
1343 345 1373 369 et
1389 341 1492 370 clades
1511 340 1677 379 qnaestibus
1702 344 1733 369 et
1749 338 1846 369 victo-

1137 382 1204 416 riis,
1217 382 1330 412 delicta
1341 382 1507 413 benefactis
1522 387 1766 422 compensantur.
1789 382 1847 411 Est

1135 425 1239 464 itaque
1267 425 1436 455 sententia:
1471 427 1691 460 Existimasne‚
1719 434 1770 454 res
1793 425 1849 454 has

1136 469 1282 507 praeclare
1298 479 1315 498 a
1327 479 1374 498 me
1387 475 1489 507 gestas
1511 480 1550 499 ex
1566 469 1720 499 hominum
1733 477 1848 497 memo-

1137 513 1193 541 riis
1213 512 1280 541 tolli
1296 512 1421 548 debere,
1437 518 1562 553 propter
1577 512 1715 551 ingentes
1731 511 1849 546 clades,

1137 565 1211 593 quas
1227 554 1310 593 passi
1323 565 1436 591 sumus,
1453 565 1519 585 mea
1534 565 1654 593 nempe,
1668 554 1701 584 id
1717 554 1798 592 qnod
1817 558 1849 584 tu

1138 598 1195 633 ais,
1212 598 1314 637 culpa,
1331 598 1402 637 quia
1427 598 1550 634 decora,
1577 597 1603 627 si
1626 607 1693 636 quae
1717 596 1848 627 Graeciae

1138 651 1231 679 opera
1244 651 1311 670 inea
1333 647 1420 680 parta
1442 646 1521 677 sunt,
1544 639 1682 672 cladibus
1701 649 1848 679 compen·

1139 689 1243 714 sentur
1257 689 1287 714 et
1302 686 1479 721 obruantur,
1500 683 1653 724 imperitia
1671 686 1702 712 et
1721 681 1850 712 infelici-

1138 731 1201 756 tate
1217 737 1284 756 mea
1300 729 1473 758 contractis.

1180 787 1223 792 ——
1239 772 1290 800 22.
1307 770 1332 801 ἐν
1347 769 1398 812 οἷς]
1423 772 1503 801 idem
1525 774 1572 800 est
1596 773 1686 809 atque
1708 767 1782 805 ἔνθα,
1798 768 1849 798 vet

1138 811 1216 843 δ’που.
1233 814 1294 843 ubi.
1311 825 1399 853 quam
1420 814 1597 844 ibicernere
1620 817 1679 847 est,
1702 811 1756 841 ubi
1777 821 1851 851 quo-

1138 856 1266 890 rundam
1281 857 1400 895 potitus
1420 862 1467 887 est
1486 856 1659 895 Philippus.
1674 856 1704 885 h.
1719 865 1747 884 e.
1761 865 1850 893 quam

1140 899 1197 928 Ph.
1214 900 1355 928 exercuit
1367 905 1443 935 tum,
1459 910 1552 939 quum
1569 899 1682 938 potitus
1707 901 1753 928 est
1775 907 1850 936 quo-

1139 942 1276 970 rundam.
1298 943 1344 971 vel
1361 953 1462 981 quam,
1479 947 1512 972 ut
1533 951 1657 971 cernere
1675 946 1736 976 est,
1752 940 1783 969 in
1799 950 1849 970 eo-

1138 993 1206 1012 rnm
1223 985 1403 1023 quibusdam
1419 985 1570 1021 exercuit,
1583 993 1660 1023 quos
1671 983 1702 1012 in
1715 988 1849 1021 potesta-
1886 1010 1887 1014 ,

1139 1032 1199 1056 tem
1214 1037 1298 1056 suam
1316 1029 1445 1067 redegit.

1182 1088 1224 1092 -—
1237 1072 1289 1100 24.
1304 1073 1343 1100 τὰ
1357 1072 1445 1101 λοιποὶ
1467 1083 1498 1101 τ.
1522 1079 1570 1110 vrg-
1596 1067 1851 1109 περιβαλλόμενος]

1139 1113 1266 1152 reliqua,
1291 1124 1343 1143 seu
1369 1113 1519 1148 Thraciae,
1545 1122 1600 1141 seu
1623 1111 1763 1146 Graeciae,
1779 1122 1853 1140 non-

1141 1156 1212 1185 dum
1235 1168 1252 1186 a
1273 1167 1306 1185 se
1329 1157 1467 1190 subacta,
1481 1165 1594 1184 conans
1614 1155 1652 1184 ad
1674 1164 1707 1184 se
1730 1164 1852 1192 rapere,

1140 1198 1259 1237 sibique
1294 1199 1392 1228 veluti
1432 1198 1595 1228 amiculum
1631 1196 1853 1235 circutnjicere.

1141 1241 1256 1270 Melius
1267 1242 1539 1281 Harpocrationein
1550 1240 1692 1279 percepit
1700 1240 1854 1274 Valesius,

1140 1294 1229 1322 quam
1244 1285 1407 1323 Taylorus,
1423 1290 1454 1314 et
1469 1284 1573 1314 sedem
1590 1282 1852 1322 interpretationis

1140 1327 1248 1356 melius
1264 1327 1438 1358 noscitavit.

1183 1372 1288 1401 —-⁶27.
1303 1368 1470 1411 κεκόμισθε]
1494 1370 1532 1400 ad
1556 1368 1714 1409 κεκόμισθε
1737 1369 1852 1399 adden-

1140 1413 1213 1442 dum
1238 1413 1359 1443 videtur
1382 1411 1417 1443 δι’
1437 1412 1501 1452 ἐμὲ.
1526 1413 1599 1442 mibi
1620 1411 1751 1447 debetis,
1769 1413 1851 1451 quod

1140 1455 1256 1485 fructus
1280 1456 1474 1486 humanitatis
1491 1455 1630 1495 Philippi
1654 1455 1852 1495 percepistis,

1141 1498 1171 1527 in
1198 1509 1257 1538 quo
1285 1499 1430 1529 laudandi
1450 1499 1538 1536 estis,
1562 1508 1679 1538 egoque
1706 1498 1794 1528 vobis
1821 1498 1851 1527 id

1140 1543 1345 1580 congratulor.

1184 1586 1260 1615 305.
1277 1588 1308 1616 2.
1324 1586 1399 1616 πάνυ
1417 1586 1471 1626 γὰρ
1493 1586 1573 1615 κατὰ
1586 1583 1651 1624 -]
1674 1584 1852 1614 Alexander

1142 1628 1260 1658 Rhetor
1275 1639 1306 1668 p.
1322 1632 1374 1659 54.
1384 1628 1417 1657 iu
1433 1629 1533 1668 capite
1548 1627 1609 1669 περὶ
1623 1628 1789 1667 διασυξμοῦ.
1803 1626 1854 1656 καῖ

1141 1671 1177 1704 ὡς
1193 1670 1380 1711 Δημοσθένης
1403 1670 1467 1712 πρδς
1491 1671 1567 1701 αὐτὰ
1589 1672 1696 1701 ταῦτα·
1712 1671 1785 1700 πάνυ
1799 1672 1854 1710 γᾶς

1141 1716 1219 1744 κατὰ
1229 1716 1315 1744 τοῦτο
1322 1713 1405 1755 χείρω
1415 1713 1506 1753 γέγονε
1523 1716 1563 1744 ’τὰ
1573 1716 1627 1745 τῶν
1637 1713 1771 1744 Ἑλλήνων
1779 1714 1852 1752 πρά-

1141 1768 1258 1794 γματα,
1284 1759 1307 1788 εἶ
1328 1757 1409 1788 τουτὶ
1431 1758 1463 1787 ‘rb
1486 1757 1574 1798 ῥῆμα,
1595 1758 1675 1787 ἀλλὰ
1695 1759 1738 1797 μὴ
1762 1756 1855 1791 τουτὶ,

1141 1800 1284 1839 διεξῆλθον
1299 1800 1364 1839 ἐγὼ,
1387 1801 1410 1830 εἶ
1433 1800 1501 1841 δευρὶ
1522 1802 1570 1831 τὴν
1589 1802 1686 1842 χεῖξα,
1708 1801 1787 1829 ἀλλὰ
1809 1801 1852 1839 μὴ

1141 1843 1210 1883 δευρὶ
1232 1845 1405 1883 μετήγαγον.
1451 1843 1607 1873 Posterius
1622 1844 1645 1873 εἰ
1661 1843 1856 1873 Normannus

1142 1887 1272 1922 addidit,
1288 1888 1367 1917 haud
1380 1891 1499 1917 constat
1515 1886 1606 1916 unde.
1621 1886 1652 1916 in
1667 1886 1781 1915 Aldina
1795 1895 1853 1914 non

1142 1934 1198 1965 est,
1216 1931 1267 1960 sed
1284 1932 1351 1969 ejus
1367 1930 1436 1960 loco
1448 1940 1576 1959 vacuum
1589 1929 1762 1969 spatiolum.
1791 1928 1854 1957 Pro

1142 1975 1228 2013 παρὰ
1254 1974 1338 2003 τοῦτο
1359 1974 1412 2003 dat
1432 1973 1497 2009 ille,
1513 1984 1530 2002 e
1545 1971 1691 2002 memoria
1709 1971 1854 2006 recitans,

1142 2018 1220 2046 κατὰ
1231 2017 1326 2052 τοῦτο,
1335 2017 1417 2056 quod
1425 2016 1462 2046 ad
1471 2015 1650 2045 sententiam
1660 2014 1786 2054 perinde
1797 2019 1854 2044 est.

1142 2070 1208 2090 nam
1222 2061 1298 2100 παρὰ
1308 2061 1392 2090 τοῦτο
1402 2063 1447 2089 est
1462 2060 1501 2089 ob
1511 2059 1579 2094 hoc,
1588 2058 1637 2088 vel
1650 2059 1805 2088 hactenus.
1820 2057 1855 2086 Si

1142 2103 1199 2132 hoc
1222 2102 1341 2139 suisset,
1362 2102 1519 2133 evenisset
1541 2101 1632 2131 etiam
1647 2101 1786 2130 alterum.
1801 2110 1854 2130 ve-

1141 2156 1206 2175 rum
1223 2146 1294 2184 quia
1305 2145 1393 2185 prius
1408 2145 1615 2175 desideratum
1624 2147 1684 2180 est,
1700 2145 1778 2184 παρὰ
1790 2143 1854 2173 ’τοῦ-

1140 2199 1174 2217 το
1189 2189 1258 2218 ideo
1275 2193 1403 2218 eventus
1427 2198 1549 2228 quoque
1572 2191 1711 2226 speratus
1731 2186 1853 2216 insecu-

1141 2235 1190 2261 tus
1207 2242 1264 2261 non
1282 2237 1339 2261 est.
1355 2232 1409 2272 οὐχ
1425 2229 1485 2271 ὃςᾲἶς
1505 2240 1564 2260 non
1582 2229 1695 2268 vides'!
1718 2233 1767 2259 est
1791 2230 1852 2259 for-

1140 2274 1221 2304 mula
1236 2274 1392 2304 excitandi
1411 2275 1451 2303 ad
1468 2273 1677 2309 attentionem,
1700 2276 1732 2303 et
1757 2270 1797 2302 ad
1819 2282 1854 2302 se

1140 2318 1257 2348 vultum
1270 2316 1438 2348 adversarii
1453 2316 1683 2356 contorquendi.
1693 2326 1740 2346 en.
1753 2315 1853 2345 vides.

1140 2360 1197 2390 huc
1211 2365 1327 2399 specta.

1182 2422 1225 2427 —-
1241 2406 1271 2434 8.
1291 2402 1393 2445 εῖσῇοι]
1409 2402 1534 2433 correxi
1546 2400 1654 2444 εἰσ-ᾔειν.
1665 2412 1734 2432 cum
1750 2401 1852 2439 ingre-

1139 2447 1229 2477 derer
1244 2447 1273 2476 in
1289 2457 1351 2482 res,
1374 2445 1406 2476 h.
1430 2457 1458 2475 e.
1482 2456 1551 2476 cum
1571 2446 1609 2476 ad
1630 2444 1851 2485 rempublicam

1139 2490 1326 2520 tractandam
1342 2489 1531 2519 accederem.

1182 2551 1224 2556 —
1242 2536 1291 2563 11.
1308 2531 1435 2566 ἐδείκνυες
1455 2537 1487 2562 et
1501 2530 1714 2572 ἔσυκοφάντεις]
1730 2530 1852 2560 correxi

1139 2575 1264 2606 ἐδείκνυεν
1283 2581 1315 2606 et
1337 2575 1518 2615 ἐσυκοφάντει
1546 2575 1578 2604 in
1599 2575 1690 2605 tertia
1712 2583 1852 2613 persona.

1139 2620 1220 2650 redit
1233 2618 1312 2648 enim
1333 2619 1371 2649 ad
1387 2619 1399 2649 ὁ
1411 2616 1572 2658 ζουλόμενος
1586 2615 1727 2657 ἐξετάζειν
1741 2615 1788 2646 τὸν
1807 2615 1853 2657 ῥή-

1138 2674 1217 2702 τορα,
1234 2672 1324 2692 versu
1340 2662 1457 2701 penult.
1473 2672 1504 2700 p.
1520 2662 1593 2691 304.

1179 2724 1223 2728 —
1241 2708 1291 2736 18.
1312 2702 1554 2746 προεξηλεγμένα]
1575 2701 1700 2733 correxi
1724 2701 1853 2743 προεξει-

1137 2754 1228 2789 λεγμ.
1247 2759 1305 2778 non
1322 2749 1402 2778 enim
1419 2752 1467 2776 est
1489 2757 1507 2776 a
1524 2744 1748 2786 πξοεξελὲγχειν,
1763 2745 1818 2774 sed
1835 2754 1853 2773 a

1137 2790 1508 2832 vrpoenhiysw.jamdudum
1523 2795 1592 2819 ante
1606 2793 1717 2818 exacta
1732 2791 1770 2817 -et
1787 2787 1853 2816 col-

1137 2835 1226 2870 lecta,
1238 2838 1396 2873 antequam
1406 2833 1519 2863 bellum
1535 2842 1604 2861 cum
1618 2830 1766 2869 Philippo
1783 2840 1851 2859 sus-

1136 2878 1321 2916 ciperemus,
1334 2881 1386 2906 aut
1400 2886 1457 2914 ego
1473 2875 1510 2905 ad
1526 2884 1622 2913 remp.
1640 2873 1834 2904 accederem.

1178 2922 1252 2951 306.
1270 2921 1321 2949 13.
1341 2919 1525 2960 συμμάχους
1547 2916 1602 2957 μὲν
1625 2917 1693 2956 ὑμῖν
1715 2914 1848 2956 {miae-a]

1134 2963 1237 2994 Schol.
1263 2962 1411 3000 Hermog.
1433 2972 1464 3001 p.
1489 2963 1562 2992 139.
1583 2959 1655 2990 οὕτω
1679 2958 1728 2988 καὶ
1752 2965 1851 2998 Δημο-

1134 3005 1247 3041 σθένης,
1263 3004 1441 3046 ζητουμένου,
1455 3003 1478 3034 εἶ
1494 3004 1579 3037 εὔνους
1599 3001 1664 3034 ἐστὶ
1677 3002 1724 3044 off
1748 3001 1846 3036 πόλει,
