1948 3322
245 213 330 255 AD
364 207 728 254 ORATIONEM
763 207 846 250 DE
878 208 1066 251 FALSA
1098 209 1459 252 LEGATIONE.
1526 212 1602 253 117

151 321 343 360 impuritate,
360 325 393 350 ut
409 329 472 360 prae
486 318 642 359 Aphobeti
663 317 788 358 flagitiis
807 316 857 347 Ti-

150 364 292 394 marchea
304 362 505 393 evanescant?

192 424 236 431 --
250 409 302 439 25.
323 405 428 440 πάντες
440 404 499 436 ὅσοι
514 405 538 434 οἱ
554 403 616 444 mg?
631 405 683 446 π.]
707 403 775 434 aliis
792 414 808 433 a
824 402 859 432 li-

150 449 214 480 bris
229 447 286 479 ὅσοι
306 449 404 486 abest,
427 449 464 478 ab
488 448 557 478 aliis
580 448 613 477 οἳ.
637 452 776 477 neutrum
791 456 860 476 cum

150 493 259 523 damno
273 492 444 522 sententiae.
467 490 526 521 ὅσοι
540 491 567 520 si
583 501 700 528 servas,
715 490 860 520 subaudi-

150 535 260 566 endum
281 539 332 564 est
349 545 369 564 a.
386 534 536 565 communi
551 533 688 574 ἐῤῥύηο-οιν.
713 532 800 572 qnasi
816 532 861 562 sic

149 577 280 608 dixisset
293 587 301 607 :
324 577 431 611 πάντες
444 578 467 608 οἱ
482 577 559 616 λόγοι
573 577 635 617 mei
651 576 784 617 ποξνείας,
803 574 861 606 ἴσοι

146 618 174 650 ἓν
186 618 268 661 ἐκείνῃ
282 618 322 661 τῇ
335 619 437 661 ἦμέςᾳ,
446 619 466 652 ἷῖ
476 619 628 661 Τι’μοιςχος
637 619 762 660 ἐκρίνετο,
775 618 862 660 ἒῤῥύη-

147 674 212 700 σοιν,
225 663 280 693 ἄνω
294 664 350 693 τῶν
361 666 503 705 ποταμῶν
515 663 654 705 ἐῤῥῦησαν.
668 664 700 694 id
712 664 862 700 est,dice-

146 705 258 736 bantur
273 705 373 738 invita
383 711 414 737 et
428 711 618 748 repugnante
630 707 757 737 veritate
771 712 862 746 atque

144 753 256 780 natura
268 759 383 786 rerum,
401 755 434 781 et
455 757 521 781 erat
541 750 602 781 ista
617 750 716 780 oratio
735 760 862 790 prorsus

145 796 335 832 portentosa.

187 852 232 858 —
252 838 306 867 26.
326 834 442 878 τούτου]
466 836 589 876 pretuli
613 836 718 867 τούτων
743 836 863 871 horum,

144 877 186 908 de
202 878 314 918 quibus
333 880 427 910 modo
441 880 565 910 locutus
581 881 691 915 fuerat,
706 879 863 910 AEschinis

147 925 225 962 puta
237 922 436 962 fratrumque.

188 982 234 988 -—
247 965 304 996 ult.
327 964 359 996 τί
371 965 440 1007 παρ’
453 965 538 1006 ὑμῖν]
561 964 592 995 τι’
612 976 672 995 non
687 964 865 995 inusitatum

147 1010 197 1038 est
211 1017 267 1047 pro
281 1007 351 1044 53⁷..
370 1019 443 1039 num
456 1019 532 1040 vero
548 1009 774 1039 Demosthenes
791 1019 865 1048 quo-

147 1060 208 1090 que
225 1051 271 1082 sio
294 1062 332 1082 eo
354 1052 395 1082 sit
410 1062 499 1089 usus,
519 1052 552 1082 in
576 1052 671 1082 dubio
685 1052 865 1090 relinquam.

147 1093 292 1133 equidem
310 1095 416 1125 malim
434 1093 452 1125 δ’
471 1107 502 1125 τι
525 1093 601 1135 wag’
615 1095 685 1134 ὑμῖν
708 1093 866 1134 ἐψήφιστο,

148 1137 308 1167 decretum
319 1141 413 1172 esset,
423 1136 455 1166 in
467 1137 632 1176 plusquam
648 1136 798 1175 perfecto.
813 1140 866 1165 aut

147 1177 336 1219 ἔψηφίσεται,
351 1179 384 1209 in
399 1180 494 1219 paulo
510 1184 584 1220 post
603 1179 719 1215 futuro,
743 1189 761 1208 a
776 1178 866 1209 vobis

148 1222 375 1252 decernendum
390 1222 444 1252 sit.

189 1267 266 1297 434.
280 1267 314 1295 ¹7.
334 1264 394 1296 οὐδὲ
417 1263 506 1305 φοβεῖ
522 1264 580 1305 με]
605 1265 657 1295 hic
673 1264 797 1294 videtur
811 1265 866 1295 de-

149 1318 221 1339 esse
233 1306 357 1348 ὑγιιιίνων
369 1308 420 1338 vel
433 1307 589 1349 ἒρῥωμένος.

188 1368 234 1376 -·
259 1354 313 1383 24.
343 1350 508 1391 δεξάμενος]
531 1351 653 1382 correxi
680 1351 867 1391 δεδιξάμενος.

148 1397 265 1425 terrore
277 1395 326 1425 his
336 1395 477 1425 AEscbini
486 1399 518 1424 et
528 1395 730 1434 complicibus
741 1395 866 1433 injecto.

148 1438 181 1467 hi
205 1437 388 1468 nominativi
407 1436 582 1478 δεδιξάμενος
603 1443 636 1468 et
657 1439 753 1477 φήσας
767 1437 867 1467 cohae-

147 1486 218 1511 rent
233 1491 304 1511 cum
317 1480 471 1521 διήλλαξαι
485 1492 518 1521 p.
531 1484 608 1513 435.
619 1485 649 1512 1.
666 1481 718 1511 ubi
733 1486 783 1511 est
793 1491 868 1521 apo-

150 1524 237 1555 dosis
251 1524 343 1563 hujus
357 1525 514 1555 distractae
527 1525 661 1565 periodi.

191 1585 236 1591 -
255 1568 312 1598 ult.
337 1566 447 1608 ἐπειδῖι]
478 1573 550 1598 sunt
573 1569 625 1607 qui
651 1567 803 1598 omittant.
824 1568 868 1597 nil

148 1610 257 1642 refert.
280 1611 310 1642 si
332 1616 483 1647 servatur,
506 1615 557 1641 est
576 1611 700 1642 iteratio
715 1610 869 1650 praemissi

149 1663 242 1685 versu
257 1656 310 1686 23.
334 1658 366 1685 et
389 1653 537 1685 resumtio
560 1654 650 1695 quasi
670 1654 713 1684 fili
729 1654 870 1694 sepositi,

149 1697 182 1728 in
196 1698 390 1729 commodum
404 1697 542 1729 lectoris.

190 1742 267 1772 435.
292 1743 325 1772 3.
351 1738 514 1783 Εούλησ-ἓε]
545 1740 667 1771 correxi
695 1739 871 1774 Βούλεσθιιι.

148 1787 180 1814 te
210 1784 304 1822 velle,
329 1790 366 1815 ut
395 1784 574 1825 Philippus,
604 1785 630 1815 si
659 1783 727 1815 fieri
758 1785 870 1824 possit,

147 1831 264 1867 pereat.

191 1887 237 1896 —-
251 1872 283 1902 6.
297 1868 462 1912 Μυρωιλέα]
479 1871 602 1902 correxi
617 1869 783 1912 Μοιροκλέα.
801 1881 870 1901 nam

149 1913 302 1952 ejusmodi
324 1914 448 1944 nomina
467 1914 500 1944 in
522 1916 592 1949 κλῦς
613 1915 759 1945 exeuntia
781 1925 870 1954 paene

151 1956 343 1987 solummodo
367 1957 537 1988 formantur
556 1968 573 1987 a
599 1958 771 1988 nominibus
796 1958 870 1988 deo·

150 2009 230 2034 rum,
245 2003 280 2029 ut
295 2001 427 2035 Διοκλῆς,
438 1999 590 2041 Ἠξακλὶῐς,
605 2001 652 2030 sic
667 2011 788 2040 quoque
801 2007 869 2031 Μοι-

147 2043 260 2083 ροκλῆς,
276 2053 294 2072 a
307 2043 422 2073 deabus
437 2042 557 2084 Μοίραις,
572 2043 695 2074 Parcis.

193 2103 238 2109 --
256 2087 286 2116 9.
311 2086 419 2127 τρισὶν]
446 2087 548 2118 triduo
571 2092 643 2126 post
666 2086 754 2118 illum
776 2087 871 2122 diem,

151 2139 214 2168 quo
238 2129 420 2168 persolvere
446 2140 485 2160 ex
514 2131 632 2170 scripto
652 2131 702 2160 vel
725 2130 871 2160 condicto

151 2172 330 2202 debuerant.
355 2182 415 2202 non
439 2172 559 2204 diutius
577 2174 680 2204 triduo
703 2174 870 2213 procrasti-

151 2220 300 2245 naverant
312 2215 541 2254 perluitionem,
554 2217 612 2248 sed
626 2216 718 2248 tertio
732 2217 785 2247 die
802 2222 872 2257 post

150 2257 233 2288 diem
246 2259 466 2298 peremtorium
488 2261 693 2301 deposuerant
713 2260 745 2290 in
766 2270 872 2291 mensa

153 2301 338 2341 argentaria,
352 2302 384 2333 ln.
399 2313 429 2333 e.
442 2303 662 2344 dependerant.

194 2362 239 2368 —-
253 2346 308 2376 10.
329 2346 395 2380 τους
416 2346 446 2377 δὲ
466 2345 654 2387 ἔχοντας--]
676 2346 757 2377 idem
774 2351 821 2377 est
835 2357 871 2377 ac

153 2386 179 2417 si
191 2387 343 2418 dixisset:
366 2401 431 2424 τους
451 2389 475 2419 δ’
477 2390 615 2443 ἔχοντας
637 2388 684 2420 τόν
697 2389 807 2429 μισθὸν
821 2392 873 2425 τῆς

153 2429 310 2471 προδοσίας,
326 2431 375 2462 καὶ
394 2433 424 2463 οὗ
443 2432 524 2473 μόνον
544 2434 645 2468 αὐτους
667 2433 873 2473 ὁμολογοῦντας

152 2472 241 2516 ἔχειν,
254 2474 335 2504 ἀλλὰ
346 2475 394 2504 καὶ
409 2476 474 2517 πρὸς
489 2476 581 2516 τούτῳ
596 2476 845 2518 ἒξελεγχομενους.

195 2534 240 2541 --
257 2520 309 2548 12.
324 2517 442 2553 τούτους
454 2519 483 2549 οὐ
496 2519 589 2560 κρίνεις
597 2521 656 2573 --]
674 2520 756 2550 idem
771 2526 820 2550 est
835 2531 872 2550 ac

108 2564 112 2567 ’
154 2558 181 2589 si
196 2560 350 2591 dixisset:
367 2562 483 2597 τούτους
497 2563 526 2594 οὗ
539 2562 619 2603 μόνον
630 2564 658 2595 οὗ
672 2562 778 2605 κςίνεις,
791 2565 872 2595 ἀλλὰ

155 2602 204 2633 καὶ
219 2603 318 2645 σώζειν
331 2604 464 2640 κελεύεις.

196 2663 241 2670 --
257 2649 308 2677 17.
323 2647 444 2690 τούτων]
459 2649 594 2680 cohaeret
604 2660 673 2680 cum
684 2648 777 2685 ὅστις.
794 2660 873 2681 unus

154 2690 316 2729 quisquam
330 2691 436 2722 horum
451 2693 563 2723 furum.

197 2735 308 2764 —24.
331 2734 392 2765 οὐδὲ
414 2732 467 2778 εις]
491 2736 561 2766 scil.
583 2735 691 2767 τούτων
715 2738 773 2767 τῶν
797 2738 873 2767 κοινιὶ

155 2775 393 2815 παρεκλεγὸντων.

197 2835 241 2841 -—-
256 2819 309 2851 25.
331 2821 505 2863 ἀδικοῦντες]
529 2822 660 2853 subaudi
689 2820 733 2853 οἷα,
752 2825 794 2854 νῦν
817 2822 878 2854 ἐκεῖ

157 2860 310 2892 ἀδικεῖται.

199 2905 274 2935 436.
286 2907 319 2936 2.
332 2907 514 2949 Πτοιόδωρος]
531 2909 647 2940 rectius
665 2920 720 2950 per
735 2921 767 2945 οι,
783 2920 872 2949 quam

158 2956 214 2985 per
226 2958 254 2982 u,
264 2954 417 2987 exaratur,
431 2951 502 2991 quia
517 2952 643 2982 (linctum
660 2959 706 2983 est
722 2965 740 2983 a
752 2953 874 2984 nomine

158 2989 312 3028 Apollinis
333 2992 434 3024 Πτοίου
451 2995 499 3025 vel
518 2996 629 3034 Πτώου,
652 2997 790 3033 terrifici,
814 3003 874 3028 ter-

158 3041 259 3063 rorem
272 3033 449 3074 inficientis.

935 315 1040 346 -5.5
1055 313 1079 345 δ’
1089 315 1171 356 ἔνδον]
1188 317 1376 349 Ptoiodorus
1389 318 1471 350 intus
1486 320 1515 349 in
1530 321 1606 350 urbe

892 360 981 396 clam,
995 363 1078 389 tecte
1094 360 1283 390 conturbatis
1304 361 1336 390 in
1359 363 1490 402 negotiis
1505 374 1608 393 rerum

895 413 1018 432 suarum
1030 403 1200 441 satagebat,
1212 403 1251 432 ad
1262 403 1392 434 lubitum
1405 417 1492 436 suum
1506 407 1609 436 omnia

894 446 1110 476 conformabat.
1136 445 1233 476 veluti
1255 446 1281 476 si
1305 446 1374 486 quis
1394 448 1439 478 lae
1456 450 1608 499 pinsendo

894 490 1036 527 butyrum
1052 489 1125 519 inde
1143 488 1264 519 efficiat.
1287 494 1336 519 est
1360 490 1464 529 utique
1492 494 1609 523 comica

895 536 926 562 et
950 532 1082 562 trivialis
1096 532 1226 569 locutio,
1245 533 1313 562 foro
1336 537 1436 563 tamen
1457 546 1514 564 non
1538 536 1609 566 ideo

894 576 1031 615 indigna.

937 637 980 641 —-
995 619 1072 648 ibid.
1088 619 1226 660 τοιαυτα]
1247 623 1278 649 et
1293 628 1363 659 quae
1378 625 1450 649 sunt
1465 620 1524 650 alia
1540 621 1611 651 talia

896 662 1038 701 exempla
1053 662 1220 702 complura.

938 723 981 728 -
998 708 1048 735 10.
1072 704 1181 745 τούτῳ]
1200 716 1258 735 non
1274 705 1356 735 redit
1369 705 1406 734 ad
1424 704 1613 742 AEschinem,

897 749 951 778 sed
975 749 1014 778 ad
1036 748 1123 778 illum
1148 749 1263 779 infinite
1291 749 1503 778 adumbratum
1532 749 1562 778 in
1590 748 1615 778 ἓν
1647 746 1652 751 '

897 802 991 822 versu
1006 794 1035 824 9.
1059 792 1231 831 quicunque
1251 792 1278 822 is
1294 792 1483 822 est—huuc
1505 791 1615 823 afficite

897 845 987 875 poena
1002 836 1213 866 conveniente.

939 896 984 902 —-
994 880 1045 909 18.
1067 877 1186 921 ἐάσητε]
1212 878 1282 908 scil.
1297 878 1480 929 praepollere
1495 878 1617 919 legibus

898 926 929 952 et
944 922 1100 952 sanctitati
1122 927 1213 961 atque
1235 922 1395 952 severitati
1410 927 1442 952 et
1459 921 1617 962 majestati

894 965 1083 1004 judiciorum
1100 971 1130 995 et
1146 964 1290 1004 religioni
1301 965 1515 1004 jurisjurandi.

941 1025 984 1030 ——-
1007 1009 1060 1037 20.
1082 1005 1233 1049 μαντείαν]
1270 1013 1354 1038 recte
1384 1009 1488 1045 habet,
1513 1019 1618 1048 quam-

898 1060 987 1089 quam
1013 1059 1029 1078 e
1048 1060 1137 1079 versu
1153 1052 1208 1086 22,
1223 1051 1274 1081 23.
1297 1052 1357 1090 leg.
1378 1051 1522 1082 videatur
1541 1064 1617 1091 μαν-

898 1091 988 1126 τείας.
1009 1102 1071 1122 non
1086 1097 1158 1122 sunt
1172 1093 1241 1123 istae
1255 1094 1392 1133 μαντεῖαι
1409 1105 1438 1125 v.
1456 1096 1507 1125 23.
1526 1096 1618 1125 dictae

898 1135 957 1165 nisi
974 1145 1065 1164 unum
1080 1136 1250 1165 oraculum.

941 1195 984 1201 —
1000 1180 1053 1208 25.
1076 1179 1098 1208 εἰ
1113 1179 1169 1219 μὲν
1184 1178 1268 1209 τοίνυν
1282 1179 1340 1219 —]
1364 1181 1468 1210 Schol.
1485 1181 1619 1211 Hermo-

899 1221 986 1260 genis
1009 1224 1211 1260 p.11o.12.
1237 1222 1348 1258 τούτοις
1369 1223 1397 1253 δὲ
1423 1225 1622 1264 παραπλήσιον

898 1264 946 1293 καὶ
962 1276 996 1294 το
1012 1266 1092 1305 vra-gb.
1108 1264 1281 1305 Δημοσθένει
1303 1266 1327 1296 ἓν
1345 1267 1390 1303 τῷ
1409 1268 1471 1306 weg?
1490 1278 1619 1309 παραπρ.

899 1306 926 1337 ἐν
942 1319 990 1343 οις,
1005 1309 1055 1337 τοῦ
1071 1307 1137 1338 θεοῦ
1151 1320 1308 1350 χρησαντος
1330 1321 1396 1343 τους
1417 1321 1506 1349 ηγεμο
1499 1310 1552 1344 ’νοις
1568 1319 1621 1350 φυ-

900 1350 1084 1388 λάττεσθαι,
1108 1352 1321 1405 κατασκευάζει
1344 1353 1357 1382 o‘
1378 1353 1466 1394 furt-mg
1489 1353 1548 1383 ἀπὸ
1569 1356 1620 1384 τοῦ

900 1405 946 1424 κα.
939 1395 1005 1434 .ςοῢ,
1025 1394 1069 1424 ἔτι
1091 1395 1156 1430 τοὺς
1177 1395 1289 1436 ῥητοριις
1310 1396 1342 1425 λε’
1331 1407 1388 1434 :yet
1409 1396 1492 1436 [scil.
1513 1397 1525 1425 ὁ
1553 1395 1621 1433 θεὸς,

901 1438 1014 1476 Apollo
1013 1438 1195 1489 *PythiusJ
1219 1438 1245 1468 ἐν
1258 1440 1340 1481 εἶρννν,
1356 1442 1410 1480 γᾶς
1429 1439 1555 1482 ἔχξησεν,
1573 1453 1621 1471 ουκ.

901 1492 928 1511 εν
941 1480 1029 1522 καιρῷ
1041 1481 1189 1520 «πολέμου.
1212 1486 1216 1490 ”

945 1542 988 1547 --
1005 1525 1061 1555 ult.
1085 1537 1158 1555 ουτοι
1182 1527 1235 1565 γὰρ
1259 1526 1405 1567 κγοῦνται]
1430 1526 1621 1565 Hermogeu.

903 1569 1023 1606 ρ.299.
1038 1570 1117 1598 κατὰ
1131 1580 1231 1608 μεντοι
1245 1569 1354 1608 κόμμα
1367 1570 1389 1598 εἴ
1405 1569 1522 1607 γένοιτο,
1537 1570 1623 1601 πλέον

903 1609 965 1652 ἔχει
977 1623 1009 1640 το
1025 1610 1129 1652 γοξγὲν,
1144 1624 1173 1641 ου
1187 1614 1244 1651 μὴν
1259 1611 1314 1642 ουδ’
1327 1611 1413 1646 οὕτως
1428 1613 1621 1643 ἀπήλλακται

904 1656 954 1683 τοῦ
969 1655 1104 1688 κάλλους.
1126 1653 1185 1685 οἷον·
1201 1666 1275 1685 ουτοι
1289 1657 1344 1694 γὰρ
1357 1657 1495 1694 ἑγοῖνται.
1512 1657 1623 1691 τούτοις

903 1696 1060 1729 πείθεσθε.
1077 1698 1138 1729 {awa
1149 1699 1256 1728 τούτων
1264 1698 1342 1733 δὲος’
1331 1710 1397 1728 εστι
1410 1713 1454 1740 μη
1465 1710 1621 1740 ‘naga-›agou-

903 1740 1010 1772 σξιῆτε.
1040 1742 1116 1771 citat
1140 1752 1262 1782 quoqne
1294 1742 1471 1773 Alexander
1500 1744 1623 1774 Rhetor

905 1785 928 1815 l.
944 1787 973 1815 2.
989 1795 1060 1824 cap.
1074 1785 1137 1825 πεςῖ
1149 1786 1354 1816 πολυπτῶτου.

948 1830 1024 1859 437.
1041 1831 1072 1859 2.
1093 1829 1162 1870 δεῖν]
1187 1831 1274 1859 abest
1297 1840 1315 1859 a
1338 1830 1444 1860 multis
1466 1829 1567 1866 libris,
1591 1834 1623 1860 et

904 1876 1008 1910 potest
1031 1874 1141 1902 abesse
1166 1872 1232 1904 sine
1258 1874 1369 1903 damno
1395 1873 1565 1903 sententiae.
1597 1873 1623 1903 si

904 1915 1072 1952 omittatur,
1095 1915 1197 1946 saltim
1219 1917 1290 1946 duae
1313 1917 1419 1957 primae
1442 1918 1509 1955 ejus
1524 1916 1623 1946 literae

904 1959 1063 1988 servanda:
1093 1963 1192 1990 erunt.
1227 1961 1275 1989 vel
1303 1960 1407 1999 potius
1438 1960 1623 1990 servandum

903 2000 966 2036 δεῖν,
982 2001 1038 2031 sed
1052 2002 1160 2041 primae
1176 2003 1245 2032 duae
1265 2004 1332 2041 ejus
1354 2002 1454 2032 literae
1477 2007 1548 2032 sunt
1566 2004 1624 2032 ite-

904 2044 1006 2073 randae
1019 2044 1058 2074 ad
1070 2045 1152 2075 huno
1162 2046 1304 2075 modum:
1318 2045 1367 2075 καὶ
1378 2047 1429 2077 τὴν
1437 2045 1519 2076 πόλιν
1531 2045 1559 2076 δὲ
1573 2046 1627 2076 δεῖν

903 2085 1031 2128 συνέχειν
1045 2087 1128 2127 φησὶν
1143 2088 1157 2118 ἦ
1172 2088 1306 2126 μαντεία..

946 2148 990 2154 --
1004 2133 1036 2160 7.
1058 2131 1102 2161 ἀεὶ
1119 2130 1186 2173 δεῖν]
1210 2133 1402 2162 manifestum
1424 2142 1492 2162 culn
1518 2132 1559 2162 sit
1580 2132 1624 2163 ἀεὶ

904 2183 1029 2212 pravam
1059 2185 1128 2205 esse
1154 2175 1356 2214 scriptionem
1377 2175 1570 2215 insequentis
1594 2187 1626 2207 v.

905 2216 969 2252 δεῖν,
985 2217 1052 2247 tolli
1068 2217 1161 2248 velim
1178 2219 1236 2248 hoc
1251 2219 1374 2249 vitium.

947 2278 991 2283 —
1009 2264 1060 2291 10.
1083 2262 1185 2303 Διώνη]
1202 2262 1304 2292 omnia
1320 2263 1350 2292 h.
1366 2262 1387 2292 l.
1401 2266 1486 2292 reete
1503 2262 1625 2293 babent.

905 2314 942 2333 ne
958 2303 1048 2334 litera
1063 2305 1188 2344 quidem
1211 2311 1259 2335 est
1282 2304 1468 2336 temeranda.
1512 2306 1625 2336 Cante-

905 2357 1017 2386 rusque
1036 2348 1264 2386 Lambinusque
1288 2350 1402 2380 frustra
1417 2350 1518 2378 conati
1544 2354 1626 2379 sunt.

905 2389 1011 2429 ἔξωθεν
1026 2392 1048 2421 οἱ
1068 2390 1300 2428 ἔπιςουλεύοντες,
1322 2391 1427 2422 ἔνδοθεν
1447 2391 1475 2422 δὲ
1501 2392 1523 2422 οἱ
1544 2404 1626 2432 συμ-

906 2434 1091 2473 πράττοντες,
1108 2440 1179 2465 sunt
1194 2436 1348 2474 particula
1364 2435 1492 2465 oraculi.
1523 2437 1626 2466 Parti-

906 2477 991 2507 culas
1013 2479 1167 2517 ejusmodi
1188 2479 1382 2509 oraculorum
1397 2478 1539 2509 intexere
1563 2491 1626 2509 snae

906 2521 1035 2551 orationi
1055 2522 1134 2552 solet
1148 2527 1262 2559 orator,
1279 2529 1371 2563 atque
1389 2522 1454 2553 suis
1473 2522 1627 2563 interpre-

906 2564 1074 2594 tationibus
1092 2565 1248 2605 prosequi.

949 2625 992 2631 -—
1010 2610 1061 2637 14.
1085 2608 1232 2650 ἐκσώζειν]
1257 2620 1273 2638 e
1292 2607 1525 2639 discriminibus
1543 2610 1627 2648 judi-

905 2650 1020 2681 ciorum
1038 2650 1168 2692 eripere.
1183 2652 1234 2693 κᾷν
1243 2651 1298 2682 ἀπ’
1309 2650 1472 2694 ἀνθρωπίνου
1483 2654 1627 2693 λογισμοῦ

906 2700 990 2724 recte
1006 2695 1107 2726 habet.
1132 2696 1182 2726 vel
1205 2706 1290 2726 mera
1313 2696 1512 2726 meditatione
1535 2701 1626 2735 atque

906 2739 1102 2769 contentione
1113 2739 1250 2769 humanae
1263 2739 1402 2776 rationis,
1414 2739 1535 2770 etiamsi
1545 2739 1627 2769 divi-

906 2780 989 2811 nitus
1005 2781 1036 2812 id
1052 2782 1133 2812 haud
1149 2783 1301 2813 docearis.

949 2842 993 2847 —
1007 2827 1061 2856 22.
1083 2824 1203 2866 ἐπαίςειν
1216 2826 1346 2867 τούτους]
1370 2825 1494 2856 correxi
1507 2824 1545 2854 de
1557 2834 1626 2854 meo

907 2877 1009 2898 sensu.
1032 2867 1159 2909 ἐπαίρειν.
1182 2869 1231 2899 hic
1247 2870 1349 2900 finitur
1365 2868 1448 2909 prior
1464 2868 1626 2898 sententia.

905 2913 966 2950 jaun
984 2911 1043 2942 init
1065 2922 1156 2948 nova,
1178 2923 1237 2943 uno
1259 2913 1411 2943 vocabulo
1434 2911 1542 2945 τούτοις
1566 2911 1626 2941 cir—

907 2957 1105 2994 cumscripta.
1130 2956 1184 2986 his.
1207 2956 1267 2991 his,
1290 2956 1424 2994 inquam,
1446 2955 1537 2985 rebus
1555 2954 1628 2984 Phi-

909 2999 1012 3038 lippus
1027 2999 1213 3029 dominatum
1228 3000 1360 3038 adeptus
1372 3003 1430 3028 est.

954 3043 1027 3072 438.
1044 3044 1074 3073 3.
1090 3041 1156 3082 μεθ’
1170 3040 1207 3072 ὦν
1222 3043 1236 3073 ἢ
1249 3042 1358 3082 καλῶς]
1374 3041 1474 3073 malim
1492 3039 1566 3081 μεθ’
1582 3038 1629 3078 ὦν,
