1931 3323
295 196 380 239 230

683 194 719 237 Ι.
741 193 776 235 Ι.
798 192 1022 236 REISKE
1054 190 1384 234 ANNOTATA

331 365 417 407 AD
450 362 823 406 ORATIONEM
855 362 1184 404 ADVERSUS
1219 358 1494 403 BOEOTUM
1527 358 1728 402 SUPER.

805 429 972 471 DOTE
1004 427 1250 469 MATRIS.

346 549 442 578 1009.
459 549 489 578 5.
512 545 537 577 ἒν
553 546 645 577 ἕνδεκα
660 544 766 586 ἔτεσιν]
781 544 944 574 lectionem
960 553 1012 572 eo-

302 591 381 624 dicis
398 591 474 622 Bav.
488 589 513 620 ἐν
528 590 596 620 δέκα
610 589 712 624 ἔτεσιν,
728 594 786 618 toto
806 587 951 623 decennio,
964 596 1013 616 re-

301 633 424 673 darguit
438 645 471 674 p.
486 636 581 664 1013.
594 633 647 663 ult.
667 633 760 662 1021.
777 635 829 661 11.

345 695 392 702 -—
409 681 440 709 6.
463 678 542 707 ἀλλὰ
556 675 612 716 νῦν]
633 680 705 714 post
727 676 807 704 ἀλλὰ
830 673 872 703 νῦν
892 672 1015 702 videtur

302 723 443 763 τεύξομαι
465 721 581 750 deesse.
606 728 706 748 verum
728 728 809 747 nunc
831 715 945 746 tandem
957 717 1015 754 jas

304 776 419 807 aequum
449 763 522 793 mihi
549 762 663 792 dudum
689 761 814 791 debitum
848 768 1014 799 consequar,

301 816 485 850 posteaquam
497 806 593 836 advos
609 802 742 844 confugi.

349 853 439 882 1010.
456 852 507 880 26.
531 847 596 888 μεθ’
613 845 667 887 ἇῖν]
688 847 791 875 turbat
806 845 863 875 hoc
879 849 910 874 et
930 843 1013 873 labe-

302 896 395 926 factat
411 891 679 926 constructionem,
698 895 730 918 ut
745 899 871 918 necesse
897 887 947 921 sit,
963 891 1016 916 aut

301 938 418 977 aliquid
433 937 553 970 deesse,
578 942 758 973 quamquam
771 931 952 965 non.video,
964 941 1016 959 ne-

304 991 364 1022 que
394 980 568 1017 conjectura
593 986 774 1014 consequor,
804 973 879 1019 quid
905 973 1016 1003 deesse

302 1024 411 1065 possit,
427 1026 479 1052 aut
495 1020 602 1051 vitium
619 1020 649 1049 in
664 1019 720 1049 lioc
742 1017 816 1058 fae&
838 1019 874 1046 ὠν
897 1021 925 1045 et
941 1016 971 1046 in
989 1015 1017 1046 δὲ

304 1079 335 1098 ν.
349 1077 419 1106 pen.
436 1064 519 1094 insit.
543 1063 654 1103 quibus
680 1061 791 1091 sanatis
820 1059 921 1091 omnia
942 1060 1017 1089 bene

304 1110 386 1140 inter
399 1119 431 1138 se
447 1112 597 1137 constant.
629 1106 671 1135 Et
683 1108 876 1144 Augustanus
892 1102 1017 1141 quidem

308 1153 336 1183 δὲ
367 1152 442 1182 illud
472 1156 555 1180 recte
576 1148 700 1182 omittit,
727 1149 814 1186 cujus
837 1146 1018 1177 auctoritate

304 1197 402 1226 fretus
422 1195 452 1224 id
469 1193 556 1232 ejeci.
578 1190 645 1232 μεθ’
671 1189 709 1221 (ἶν
733 1196 834 1220 autem
859 1189 1019 1219 conabitur

304 1238 462 1278 ingenium
480 1237 690 1276 qualecunque
701 1239 834 1264 nostrum
848 1233 1018 1263 emendare.

303 1282 467 1312 videbatur
482 1280 606 1319 quidem
622 1278 703 1308 haud
720 1276 933 1317 improbabile,
951 1273 1020 1314 μεθ’

305 1323 343 1356 ἇῖἶν
358 1330 460 1356 natum
476 1334 544 1353 esse
561 1333 577 1351 e
593 1326 763 1361 prostrema
785 1320 873 1350 litera
898 1330 929 1349 v.
949 1319 1022 1348 Νῖνον

305 1373 337 1399 et
353 1380 391 1399 ex
409 1367 486 1398 ἑλών.
502 1366 664 1396 videbatur
680 1374 800 1404 quoque
820 1360 898 1396 οὗτος
919 1372 1022 1401 super-

305 1421 483 1447 vacaneum,
508 1410 580 1448 quia
598 1410 660 1448 jam
684 1406 843 1448 praecessit
857 1417 887 1436 v.
904 1407 956 1436 23.
970 1415 1023 1445 ye—

304 1460 472 1485 rumtamen
498 1462 605 1482 rursus
631 1451 793 1482 videbatur
815 1453 927 1485 orator,
944 1459 1022 1488 prae-

306 1498 416 1529 videns
433 1496 653 1526 dubitationem
669 1499 758 1533 atque
783 1503 918 1523 errorem
939 1491 1023 1521 nasci

306 1552 412 1581 posse,
431 1540 456 1570 si
472 1537 550 1573 οὗτος
567 1539 736 1573 omitteret,
752 1536 872 1566 cavisse
889 1535 1023 1565 voluisse

304 1584 359 1614 illo
386 1584 538 1617 iterando,
565 1582 646 1622 quod
672 1584 804 1611 mentem
833 1579 957 1609 lectoris
984 1578 1022 1608 ad

307 1628 454 1658 Boeotum
474 1629 635 1656 revocaret
659 1629 690 1654 et
708 1624 794 1654 velut
807 1622 1023 1660 adstringeret,

306 1682 345 1701 ne
369 1671 437 1710 quis
461 1668 609 1709 ἐδικάζετο
630 1668 666 1697 ad
692 1667 861 1697 Meneclem
882 1666 1021 1695 referret.

308 1718 496 1754 quapropter
508 1709 587 1746 οὗτος
601 1711 756 1750 sapienter
767 1709 944 1748 repetitum,
957 1718 1022 1737 ser-

307 1757 441 1786 vandum
457 1755 630 1790 videbatur,
647 1753 701 1783 sed
721 1753 750 1782 ei
766 1752 938 1782 addendum
953 1761 1022 1780 ver-

306 1799 380 1830 bum
406 1798 603 1833 conveniens,
619 1797 775 1836 epitheton
792 1795 896 1826 Boeoti
911 1795 1022 1824 feroci-

308 1847 401 1873 tatem
414 1848 445 1873 et
457 1843 589 1872 furorem
610 1839 798 1878 exprimens,
814 1849 851 1868 ne
867 1837 965 1868 oratio
978 1837 1024 1867 ni-

309 1886 367 1916 mis
394 1890 476 1916 esset
500 1886 641 1923 abrupta,
666 1883 691 1912 si
714 1882 817 1912 statim
847 1886 919 1921 post
944 1880 1024 1917 ἑλὼν,

314 1929 440 1968 quodad
452 1928 623 1958 Meneclem
636 1925 729 1962 redit,
740 1930 920 1965 sequeretur
935 1922 1025 1959 οὗτος,

314 1973 396 2012 quod
428 1971 562 2011 pertinet
586 1970 626 1999 ad
655 1970 805 1999 Boeotum.
831 1968 904 2007 quid
927 1967 1025 2007 ergo‘!

309 2015 384 2056 μεθ’
398 2013 435 2046 ἇῖν
449 2013 564 2044 mutavi
581 2023 649 2043 meo
662 2011 801 2052 periculo
816 2022 883 2041 cum
899 2010 1026 2050 μεθύων.

314 2061 378 2089 tices
397 2069 463 2088 cum
478 2062 563 2097 patre
577 2066 637 2086 meo
646 2055 780 2097 forenses
794 2055 966 2094 suscipiebat
981 2053 1028 2084 hic

311 2101 439 2137 Baeotus,
467 2112 525 2140 qua
539 2106 578 2130 est
598 2100 759 2129 temeritate
773 2104 798 2129 et
814 2098 918 2128 mentis
939 2099 1028 2136 impo-

307 2146 412 2181 tentia,
431 2144 522 2174 veluti
539 2140 844 2182 temulentusfurore.
858 2144 939 2171 amat
960 2141 1024 2171 De-

310 2188 486 2219 mosthenes
495 2187 554 2217 hoc
562 2186 686 2216 verbum
697 2183 808 2224 μεθύειν
816 2194 873 2224 pro
883 2185 1025 2221 insanire,

311 2229 560 2271 temere,fariose,
573 2229 726 2263 audacter,
741 2228 857 2267 superbe
871 2236 968 2267 agere.

359 2276 456 2304 1011.
470 2275 523 2304 13.
547 2269 795 2313 συγχωρηθέντων
810 2270 839 2300 δὲ
861 2270 979 2305 τούτων,
995 2268 1027 2299 τί

314 2317 347 2348 ἂν
362 2318 431 2357 ὑμῖν
444 2314 665 2356 μακρολογοίηη
689 2315 724 2347 ὡς
739 2316 793 2354 γὰρ
814 2312 881 2353 ’,τςός
895 2312 942 2342 τὸν
955 2313 1026 2343 διαι-

313 2361 417 2402 τητὴν]
444 2360 568 2390 videtur
585 2358 633 2388 hic
650 2358 739 2387 locus
755 2358 798 2386 ita
821 2367 889 2386 esse
913 2356 1027 2386 consti-

313 2405 465 2434 tuendus:
490 2400 726 2443 συγχωρηθέντων
742 2399 769 2430 δέ
779 2399 897 2435 τούτων,
913 2399 961 2439 (τί
973 2400 1027 2440 γὲς

315 2446 348 2476 ἂν
363 2446 389 2476 ἓν
404 2447 471 2485 ὑμῖν
484 2443 682 2486 μακρολογοίην
696 2443 722 2483 3)
744 2444 779 2478 ὣς
794 2441 860 2483 πρός
879 2442 925 2472 τὸν
946 2442 970 2472 δ.
984 2442 1028 2472 his

313 2495 415 2520 autem
435 2490 568 2520 concessis
581 2494 608 2518 et
630 2487 772 2517 condictis
786 2487 862 2524 (cur
876 2487 953 2516 enim
976 2495 1028 2526 ego

313 2542 409 2562 coram
422 2533 497 2562 vobis
522 2531 609 2572 longa
632 2532 761 2560 oratione
781 2530 922 2560 minutias
935 2539 1030 2559 omnes

312 2576 539 2606 altercationum
554 2580 581 2604 et
597 2592 639 2597 —
655 2584 717 2613 qaae
741 2578 804 2603 tum
820 2573 952 2611 temporis
968 2572 1030 2601 liti-

311 2625 417 2661 gantes
425 2620 660 2652 intercesserunt,
669 2616 852 2656 ersequuff),
866 2622 898 2646 ut
910 2620 1030 2646 ventum

314 2667 356 2693 est
370 2662 408 2692 ad
423 2661 579 2691 arbitrum.
608 2659 706 2699 possit
721 2670 840 2699 quoque
859 2659 983 2688 brevius
999 2662 1030 2688 et

315 2705 425 2736 minori
439 2709 522 2734 motu
543 2704 586 2733 sic
602 2703 746 2732 constitui
761 2714 767 2732 :
793 2701 1030 2743 συγχωρηθέντων

315 2748 344 2779 δὲ
362 2747 469 2778 τούτων
482 2764 526 2770 -
540 2746 591 2776 hic
608 2750 655 2775 est
679 2745 884 2785 aposiopesis,
902 2746 1029 2775 videba-

316 2796 367 2822 tur
396 2791 475 2821 enim
505 2795 606 2819 orator
633 2789 662 2818 in
691 2788 860 2827 spatiosum
890 2799 1030 2828 campum

314 2835 520 2865 narrationum
543 2833 581 2862 de
602 2831 786 2870 litigantium
814 2831 1032 2871 sponsionibus

315 2884 347 2909 et
361 2876 610 2917 responsionibus
624 2885 822 2904 excursurus.
845 2875 907 2904 Sed
922 2885 1032 2914 repen-

318 2926 349 2952 te
367 2931 435 2951 sese
451 2919 600 2959 reprimit.
625 2916 656 2947 τί
673 2916 697 2946 δ’
721 2916 752 2946 ἂν
767 2916 793 2947 ἓν
809 2918 876 2956 ὑμῖν
890 2924 1032 2958 μακρολο-

317 2962 409 3002 γοίην5
433 2973 484 3004 ego
498 2973 564 2993 vero
579 2972 634 2992 cur
652 2962 769 2990 tandem
785 2960 866 2999 apud
882 2971 928 2990 vos
943 2961 1032 3001 longa

315 3009 447 3038 oratione
462 3005 550 3037 utar?
572 3006 607 3040 ὡς
621 3006 676 3046 γὰρ
690 3003 756 3045 πρός
770 3003 817 3034 τὸν
838 3003 864 3034 δ.
888 3009 923 3034 ut
938 3005 1035 3045 itaque

1047 541 1163 582 Plango
1178 542 1257 581 apud
1271 541 1419 570 arbitrum
1431 540 1576 570 convenit.

1090 602 1134 608 —
1146 587 1198 615 17.
1211 582 1363 624 Δελφινίῳ]
1374 582 1457 613 Citat
1470 583 1500 613 h.
1515 583 1537 613 1.
1552 583 1706 623 Harpocr.
1723 593 1757 614 v.

1047 627 1200 668 Δελφίνιον.
1694 649 1696 651 -

1089 689 1133 694 --
1162 674 1213 702 19.
1246 672 1260 701 ἦ
1289 669 1413 710 πρᾶξις]
1452 669 1614 700 articulum
1642 667 1760 700 addidi·

1048 714 1148 755 πρᾶξις
1178 718 1279 755 potest
1306 724 1376 744 esse
1408 714 1534 748 factum,
1565 713 1611 742 vel
1642 711 1760 742 facinus

1048 758 1264 797 quodcunque,
1280 758 1333 788 sed
1351 757 1382 786 h.
1400 757 1421 786 l.
1437 755 1589 796 imprimis
1610 761 1659 785 est
1673 752 1759 785 calli-

1049 801 1133 837 dum,
1149 802 1277 837 vafrum,
1291 810 1421 840 nequam
1432 800 1563 836 facinus,
1574 799 1682 828 dolosa
1696 808 1760 828 ma-

1047 843 1192 873 chinatio.

1094 889 1188 916 1012.
1203 890 1231 917 1.
1252 886 1301 917 καὶ
1312 884 1401 927 οὗτοι]
1418 886 1557 925 copulam
1572 884 1689 915 addidi.
1703 894 1763 914 non

1049 929 1140 959 solum
1162 935 1230 959 ante
1254 930 1305 961 has
1320 931 1417 960 litium
1432 929 1585 964 molestias,
1604 928 1653 958 sed
1672 929 1762 957 etiam

1050 983 1083 1002 esc
1097 984 1161 1013 quo,
1171 978 1278 1012 praeter
1292 973 1366 1003 alias
1376 973 1448 1002 senii
1461 972 1611 1007 molestias,
1626 971 1714 1001 etiam
1730 971 1762 1001 hi

1052 1015 1187 1052 homines,
1201 1015 1318 1057 Plango
1333 1015 1432 1055 etfilii
1446 1016 1519 1055 ejus,
1532 1025 1598 1045 eum
1611 1014 1762 1045 vexabant.

1096 1061 1190 1090 1013.
1209 1062 1262 1090 16.
1283 1059 1403 1099 ἀφῆκεν]
1424 1057 1543 1088 correxi
1569 1055 1675 1096 ἐφῆκεν.
1698 1068 1762 1087 ma-

1050 1101 1103 1132 lim
1121 1113 1241 1141 qunque
1256 1102 1319 1132 οὔτε
1335 1101 1400 1132 τότ’
1417 1100 1524 1141 ἐφῆκεν.
1540 1101 1612 1140 quia
1629 1110 1702 1130 mox
1716 1111 1765 1131 se-

1052 1145 1156 1185 quitur
1170 1146 1232 1176 οὔτε
1247 1147 1289 1175 νῦν
1305 1164 1356 1176 —-.

1094 1206 1139 1211 —
1150 1192 1163 1218 1
1172 1191 1201 1219 8.
1218 1188 1310 1229 λύσιν]
1320 1190 1399 1228 Aug.
1407 1188 1511 1219 λύσειν.
1523 1186 1657 1226 ambigo,
1667 1191 1769 1218 utram

1053 1232 1224 1272 praeferam.
1252 1237 1299 1263 est
1322 1232 1444 1271 quidem
1475 1230 1567 1261 lectio
1593 1230 1766 1269 Augustani

1054 1275 1185 1315 planior,
1204 1275 1306 1315 possit
1320 1280 1421 1305 tamen
1441 1274 1565 1314 vulgata
1581 1283 1687 1303 rursus
1703 1274 1766 1303 ele-

1057 1319 1178 1358 gantior
1189 1324 1220 1348 et
1231 1317 1415 1358 exquisitior
1427 1317 1536 1348 videri.
1569 1316 1604 1346 Si
1615 1321 1768 1353 servatur,

1057 1361 1116 1391 erit
1130 1361 1196 1392 εῖναι
1210 1361 1463 1392 subaudiendum.

1099 1422 1143 1427 -—
1158 1407 1210 1435 21.
1232 1403 1448 1446 κατεδιῄτησεν]
1474 1402 1603 1434 subaudi
1628 1402 1640 1434 ὅ
1662 1402 1770 1433 διαιτη-

1058 1447 1120 1481 τής.
1144 1448 1244 1478 minus
1271 1449 1350 1478 enim
1373 1448 1475 1487 placet
1495 1447 1552 1476 boc
1577 1446 1704 1475 verbum
1729 1446 1769 1476 ad

1058 1493 1203 1521 Boeotum
1233 1491 1350 1522 referri.
1397 1491 1448 1520 Sic
1471 1489 1550 1520 enirn
1580 1488 1642 1528 leg.
1666 1495 1768 1520 esset:

1058 1533 1144 1569 αὗτδς
1157 1535 1256 1566 αὑτοῦ.
1271 1534 1384 1565 deinde
1395 1532 1663 1574 potius-dixisset:
1684 1543 1772 1563 κατε-

1058 1577 1214 1619 διῃτήσατο
1229 1577 1313 1613 αὐτὸς
1328 1579 1425 1609 αὑτοῦ.
1449 1586 1516 1606 nam
1531 1575 1709 1615 καταδιαιτξῖ
1722 1586 1770 1606 ar-

1057 1622 1148 1656 biter,
1164 1621 1369 1660 pronuncians
1385 1624 1490 1651 contra
1510 1618 1652 1658 aliquem.
1676 1629 1773 1648 κοιτα-

1056 1664 1207 1694 διοιιτδίτοιι
1222 1668 1336 1701 autem,
1352 1664 1404 1704 qui
1420 1662 1450 1693 in
1465 1672 1558 1693 causa
1573 1667 1630 1698 est,
1647 1673 1702 1692 cur
1717 1666 1771 1693 aut

1056 1707 1135 1746 ipse,
1151 1712 1204 1737 aut
1225 1707 1337 1747 aliquis
1363 1706 1440 1737 alius
1463 1707 1503 1736 ob
1518 1706 1632 1745 ipsum,
1658 1706 1771 1736 conde-

1055 1755 1174 1781 mnetur
1189 1752 1226 1780 ab
1242 1751 1367 1782 arbitro.

1103 1797 1195 1825 1014.
1215 1798 1245 1826 8.
1269 1793 1413 1834 ἀπέφυγον
1435 1793 1537 1828 αὖτοὺς
1552 1794 1608 1827 τὰς
1622 1790 1716 1832 δίκας]
1734 1793 1773 1823 ad

1058 1838 1116 1867 hoc
1131 1837 1354 1868 substantivum
1371 1836 1501 1867 subaudi
1515 1837 1606 1867 κατά.
1622 1842 1674 1866 aut
1688 1836 1772 1867 idem

1059 1882 1118 1910 erit
1127 1891 1162 1911 ac
1179 1881 1205 1911 si
1220 1880 1372 1911 dixisset:
1396 1879 1542 1920 ἀπέφυγον
1565 1879 1677 1915 αὐτοὺς,
1698 1880 1772 1909 εἰπο-

1059 1925 1152 1963 φυγὼν
1179 1926 1236 1959 τὰς
1266 1922 1355 1959 δίκας.
1416 1924 1533 1954 Eadem
1559 1923 1691 1963 phrasis,
1717 1933 1773 1953 seu

1060 1968 1261 2003 constructio,
1274 1966 1405 1998 recurrit
1419 1978 1450 2007 p.
1468 1970 1562 1998 1021.
1577 1970 1609 1998 ⁰2.

1104 2028 1147 2034 —-
1164 2013 1216 2041 18.
1240 2010 1309 2052 ἰδίᾳ]
1330 2010 1459 2051 privatis
1484 2010 1514 2040 in
1539 2009 1771 2049 congressibus.

1062 2064 1117 2093 pro
1132 2057 1187 2089 τὰς
1201 2054 1288 2084 αὑτοῦ
1308 2056 1460 2095 συμφορὰς
1475 2065 1505 2085 v.
1522 2055 1573 2084 1¹7.
1586 2053 1704 2084 correxi
1719 2054 1776 2087 τὰς

1063 2098 1155 2127 αὐτῶν
1172 2105 1270 2138 συμφ.
1291 2097 1386 2128 clades
1405 2099 1506 2127 domus
1518 2107 1589 2133 suae,
1603 2097 1774 2127 necessari-

1063 2151 1147 2170 orum
1162 2151 1180 2170 a
1195 2146 1281 2180 parte
1295 2140 1411 2171 matris.
1426 2140 1477 2170 avi
1491 2141 1619 2170 materni
1640 2145 1727 2179 puta,
1743 2144 1775 2169 et

1059 2184 1277 2214 avunculorum
1295 2188 1326 2214 et
1335 2183 1559 2222 matrisipsius.

1102 2244 1146 2249 —
1160 2229 1212 2257 ΞΟ.
1242 2225 1275 2256 ἐκ
1295 2227 1345 2256 τοῦ
1367 2224 1570 2266 contemnam]
1586 2225 1625 2255 cl.
1641 2224 1775 2255 Valcke-

1060 2280 1131 2300 naer
1138 2269 1234 2311 (teste
1242 2270 1389 2300 Pi'ersono
1401 2270 1439 2299 ad
1452 2270 1566 2300 Moerin
1577 2280 1608 2309 p.
1621 2268 1777 2308 314)per-

1060 2324 1148 2353 quam
1165 2313 1367 2352 probabiliter
1383 2313 1529 2343 emendat.
1536 2310 1721 2352 πωλητηςίου.

1103 2374 1146 2379 -
1161 2358 1214 2388 95.
1228 2354 1484 2397 συμβεβλημένος]
1510 2356 1630 2386 correxi
1646 2354 1775 2396 ἔμβεβλ.

1061 2400 1193 2430 subaudi
1209 2399 1246 2433 εἰς
1258 2398 1305 2429 τὸν
1321 2398 1419 2440 ἐχῖνον.

1108 2445 1202 2474 1016.
1215 2446 1244 2473 1.
1254 2442 1298 2482 τῷ
1308 2441 1427 2483 Χαβςίου
1436 2442 1576 2484 κηδεστῇ]
1589 2441 1677 2480 cujus
1697 2442 1778 2481 Ery-

1063 2486 1194 2516 ximachi
1212 2497 1298 2516 soror
1313 2492 1379 2515 erat
1393 2496 1473 2516 uxor
1484 2485 1636 2515 Chabriae..

1105 2547 1149 2552 --
1164 2533 1216 2559 11.
1232 2527 1427 2569 προσθέντας]
1450 2528 1532 2559 idem
1549 2533 1597 2558 est
1618 2539 1654 2558 ac
1679 2527 1706 2557 si
1729 2527 1778 2558 di-

1062 2572 1172 2608 xisset,
1190 2573 1271 2612 quod
1283 2572 1381 2603 voluit
1396 2573 1512 2609 dicere,
1527 2581 1705 2611 quamquam
1715 2581 1779 2601 me-

1063 2616 1123 2646 lius
1152 2617 1253 2646 fuerat
1282 2614 1405 2655 plenius
1440 2620 1472 2645 et
1500 2614 1623 2654 planius
1652 2613 1755 2644 dicere
1767 2625 1777 2644 z

1064 2658 1253 2699 προσθέντας
1282 2658 1314 2689 ἂν
1333 2657 1366 2688 ἔκ
1391 2660 1448 2689 τῶν
1475 2657 1558 2694 ἰδίων,
1582 2657 1606 2688 εἰ
1636 2658 1679 2697 μῆ
1702 2657 1775 2689 αὒτῆ

1063 2702 1150 2744 εῖχεν.

1110 2747 1204 2776 1017.
1221 2747 1252 2775 6.
1274 2741 1363 2785 οὗτοι]
1389 2743 1578 2775 Timocrates
1600 2748 1632 2774 et
1653 2744 1778 2773 Proma·

1064 2789 1152 2819 chus.

1107 2850 1151 2855 —
1161 2831 1237 2862 ibid.
1253 2830 1349 2872 ὥσπερ
1368 2829 1517 2870 κλητῆρες]
1533 2839 1600 2859 narn
1617 2829 1677 2859 duo
1694 2834 1781 2860 erant

1067 2875 1258 2906 solummodo
1283 2879 1389 2904 testes.
1433 2874 1548 2903 Verum
1575 2872 1605 2902 in
1629 2873 1781 2912 ejusmodi

1068 2918 1171 2948 causis
1197 2918 1302 2957 plnres
1327 2917 1482 2956 corrugari
1509 2915 1646 2946 solebant
1670 2919 1776 2946 testes.

1069 2961 1166 2992 actori
1182 2965 1280 2990 autem
1294 2970 1378 2990 reum
1395 2958 1499 2990 citanti
1515 2959 1575 2988 duo
1585 2959 1777 2989 solummodo

1070 3006 1216 3045 κλητῆρες,
1238 3003 1463 3044 subscriptores
1480 3003 1616 3045 aderant.
1642 3001 1780 3042 Hosigi-
