1997 3323
343 200 399 242 42

388 323 429 328 -—
446 307 476 335 6.
491 304 616 347 πόλεμον
629 307 788 350 αἱρεῖσθαι]
810 309 958 348 deligere,
978 319 1054 348 prae-

345 351 425 379 serre
442 349 567 386 bellum,
582 351 692 382 melius
706 352 757 382 hic
775 354 993 387 conveniat,an
1009 353 1056 382 ἀν-

347 391 496 433 αιρεῖσθαι,
514 394 685 433 suscipere,
700 399 836 434 quaerant
850 395 912 425 alii.

389 453 432 458 ·—-
445 438 496 467 16.
511 436 533 466 εἶ
545 435 574 466 δὲ
585 438 645 473 τοῖς
659 437 776 479 μὲν-]
793 439 877 468 Citat
892 439 922 468 h.
932 438 953 467 l.
968 442 1057 468 vetus

348 479 483 509 Lexicon
500 479 530 510 in
551 480 721 510 Montfauc.
740 482 823 511 Bibl.
836 481 930 511 Coisl.
942 491 972 520 p.
982 483 1056 512 496.

391 524 464 554 162.
481 525 511 553 8.
526 523 613 565 οὐδὲν]
633 523 714 553 οὐδενὶ
735 524 783 564 (iu
802 524 925 565 dativo)
945 525 1060 554 malim.

347 574 415 595 nam
431 564 671 596 ἐπισκήπτεσθαί
683 578 737 597 τινι
752 572 928 607 usurpatur,
943 578 1003 597 non
1018 579 1059 598 τι.

346 608 446 646 queri,
463 610 658 648 expostulare
674 610 775 649 aliqua
791 611 830 640 de
846 621 889 646 re,
906 616 939 640 ut
955 611 995 641 de
1016 611 1060 642 sa-

345 652 450 681 ciuore
464 652 569 691 iniquo
591 657 622 683 et
643 653 768 692 injusto,
782 653 854 684 item
871 655 909 684 de
926 654 1060 684 testimo-

349 694 400 724 nio
426 695 512 730 falso,
533 697 754 732 commentitio,
775 697 988 737 exceptionem
1005 698 1059 728 im-

348 741 483 777 posturae
499 739 676 770 obmovere.

392 798 434 803 —-
450 781 528 811 ibid.
545 784 593 813 τὴν
608 782 637 813 δὲ
660 782 813 824 τιμωρίαν]
837 789 888 813 aut
907 784 996 814 deest
1011 783 1060 813 liic

348 825 475 853 verbum
485 825 692 855 accusativum
704 826 929 862 adsciscens,e.
939 837 964 856 c.
976 826 1061 866 μέμ-

347 866 454 905 φεσθε,
478 868 526 897 vel
548 868 720 910 ωροφέρετε,
742 870 952 909 exprobratis,
975 881 1062 900 caus-

349 911 468 946 samini,
486 912 628 950 profertis
642 923 697 951 per
712 912 985 951 obtrectationem,
1010 919 1062 943 aut

349 954 374 982 si
390 953 464 983 nihil
482 954 581 991 deest,
604 955 633 984 in
656 955 756 985 locum
781 955 949 986 accusativi
966 955 1062 985 suffici

348 996 443 1026 debet
457 997 591 1034 dativus,
606 998 644 1040 τῇ
659 998 687 1028 δὲ
703 998 837 1040 τιμωρίᾳ,
859 998 926 1028 scil.
943 998 1062 1030 ἐπισκή-

349 1038 469 1070 meses.
498 1042 597 1079 questi
625 1042 666 1071 nil
693 1042 780 1077 cstis,
806 1052 904 1081 neque
934 1053 1062 1072 succen-

350 1083 459 1112 suistis
475 1083 607 1122 injuriis,
632 1095 706 1124 quas
728 1095 744 1115 a
769 1085 962 1125 Peparethiis
986 1086 1062 1124 tuli3

349 1131 379 1154 at
401 1126 528 1156 multum
553 1128 774 1167 expostulastis
796 1129 835 1158 de
859 1128 968 1168 poenis,
988 1139 1063 1168 quas

350 1177 408 1207 ego
423 1169 460 1198 ab
477 1169 539 1199 illis
553 1171 675 1210 repetii.
705 1172 746 1201 Et
761 1183 848 1211 paene
861 1176 1064 1203 consentanea

350 1211 398 1240 his
422 1212 512 1242 etiam
536 1213 633 1244 Wolf
652 1214 683 1244 in
707 1215 950 1245 annotationibus
978 1219 1009 1245 et
1032 1215 1063 1245 in

349 1255 499 1293 farragine
515 1256 631 1296 scripta
646 1258 780 1296 reliquit.

393 1315 435 1320 ——
446 1298 523 1329 ibid.
535 1300 657 1341 ἀκριβῶς
672 1299 782 1336 εἰδότες·
796 1299 897 1336 καίτοι,
910 1301 958 1332 τὴν
972 1302 1063 1343 νῆα-ον]

352 1340 482 1370 distinxi
498 1347 529 1371 et
544 1344 665 1373 correxi
683 1345 721 1374 ad
737 1345 817 1374 hunc
832 1344 968 1379 modum,
987 1345 1065 1385 ἀκρι-

351 1382 408 1418 βῶς
420 1384 532 1421 εἰδότες,
545 1385 587 1415 δ’τι
607 1389 655 1419 τῆν
670 1388 745 1417 ν’ἦσον
755 1405 798 1410 —-—
809 1388 904 1427 probe
917 1393 1066 1423 tenentes,

350 1426 478 1457 insulam
495 1439 593 1468 neque
610 1430 667 1467 iis,
678 1441 777 1470 neque
793 1430 880 1461 vobis
901 1441 918 1460 a
933 1442 981 1461 me
999 1442 1065 1461 ere-

351 1474 435 1509 ptam
450 1481 530 1501 esse.

395 1531 437 1536 —
452 1516 504 1544 ΞΟ.
528 1515 604 1553 γνοὺς
626 1514 696 1556 ἐγὼ]
723 1515 884 1556 interpone
911 1518 1064 1556 copulam,

352 1555 418 1586 sive
436 1556 476 1593 δὲ,
491 1556 558 1588 sive
574 1555 625 1588 οἶν.

398 1601 470 1630 163.
486 1602 516 1631 2.
539 1600 772 1643 προβεβήκαμεν]
793 1602 896 1632 malim
919 1602 1065 1643 προβεβή-

352 1653 422 1672 κοιτε
446 1644 476 1673 in
499 1645 633 1674 secunda
654 1655 796 1684 persona.
813 1656 880 1676 nam
899 1645 925 1675 si
950 1647 1064 1677 crimen

353 1686 410 1714 1100
423 1697 524 1716 seeum
541 1697 662 1727 quoque
674 1689 924 1725 communicaret,
936 1690 1065 1720 decebat

352 1739 420 1758 eum
439 1739 497 1758 non
511 1729 636 1769 injurias
649 1732 842 1761 solummodo
853 1733 890 1762 ab
899 1733 1065 1763 Athenien-

353 1773 440 1801 snbus
459 1779 604 1812 acceptas
620 1784 871 1811 commemorare,
887 1776 939 1805 sed
962 1778 1065 1812 etiarn,

352 1814 386 1844 id
401 1816 483 1854 quod
500 1816 747 1855 insuper-‘habuit
758 1819 868 1854 facere,
882 1824 989 1849 utrem
1006 1819 1066 1850 sibi

353 1868 459 1896 parum
477 1859 630 1896 decoram,
640 1860 764 1899 injurias
779 1872 795 1892 a
810 1873 842 1892 se
853 1872 961 1892 rursus
972 1863 1066 1893 Athe-

352 1901 509 1931 niensibus
524 1902 650 1933 oblatas.

396 1961 438 1966 -
455 1947 484 1976 5.
508 1946 681 1988 κληρούχων]
695 1947 776 1977 Citat
794 1948 824 1978 h.
839 1947 860 1977 l.
880 1948 1068 1987 Harpocrat.

355 1997 384 2016 v.
402 1990 562 2029 κληροῦχοι.
869 1994 878 1997 i

396 2047 439 2053 ——-
457 2035 508 2064 15.
526 2037 557 2061 et
573 2033 623 2062 19.
640 2031 1068 2075 διακρίνεσθαι-διακριθῆναι]

353 2073 436 2103 Citat
459 2083 547 2105 vetus
575 2076 707 2105 Lexicon
731 2077 810 2116 apud
835 2078 1004 2107 Montsauo.
1031 2078 1069 2108 B.

354 2117 449 2146 Coisl.
463 2128 494 2156 p.
510 2120 583 2149 496.

397 2177 439 2182 —-
456 2164 507 2191 520.
522 2161 762 2202 ἀμφισβητοῦσι]
778 2163 901 2201 praetuli
919 2160 1071 2203 ἄμφω-ἔη-

353 2202 467 2243 τοῦμεν.
484 2205 634 2234 vocabula
649 2204 695 2234 τὸν
709 2205 807 2246 τρόπον
822 2207 932 2242 τοῦτον,
944 2207 1008 2246 pari
1018 2216 1070 2245 pa-

353 2251 415 2281 cto,
427 2257 486 2276 uon
500 2248 538 2277 ad
551 2248 608 2277 hoc
622 2258 651 2278 v.
666 2249 746 2288 ἀμφ.
760 2251 814 2279 sed
828 2250 865 2279 ad
879 2247 1071 2279 διαλύσασθαι

354 2290 573 2330 adstringenda
589 2294 671 2320 sunt.

398 2334 471 2363 164.
495 2335 526 2363 6.
555 2333 792 2373 ἀντιλαμβάνειν]
822 2334 943 2364 correxi
969 2333 1012 2364 ἀεί
1040 2346 1070 2364 τι

354 2375 452 2414 λαμβ.
477 2387 598 2416 semper
613 2377 730 2416 aliquid
757 2378 859 2407 lucelli
884 2379 921 2407 ab
940 2377 1071 2416 impera-

355 2419 474 2448 toribus
488 2430 663 2459 emungere,
675 2420 740 2450 sive
756 2421 816 2450 reis
829 2420 1071 2460 patrocinentur,

355 2461 423 2492 sive
439 2462 497 2501 ipsi
513 2474 565 2492 eos
580 2463 692 2503 iniquis
709 2468 739 2493 et
753 2464 908 2494 ementitis
930 2464 1071 2494 crimina-

357 2505 492 2534 tionibus
512 2512 651 2545 urgeant.

397 2565 439 2570 —-
449 2550 479 2579 9.
493 2548 703 2590 ωεριποιεῖα-θε]
717 2550 839 2580 correxi
856 2549 1070 2589 περιποιεῖσθαι,

673 199 1017 243 1.1.REISKE
1049 186 1375 243 ANNOTATA
1406 204 1486 243 0oe

1089 309 1141 349 qui
1164 309 1331 341 infinitivus
1348 314 1438 348 uptus
1461 312 1514 337 estv
1530 317 1546 335 e
1566 305 1640 345 φασὶ
1658 315 1746 337 versu
1770 308 1803 336 3.

1091 352 1217 391 vulgata
1231 351 1259 382 si
1274 353 1431 390 probetur,
1452 350 1648 381 accusativus
1670 349 1801 389 λοιδορου-

1091 394 1188 434 μένους
1214 405 1282 424 cum
1314 395 1498 424 nominativo
1525 394 1605 424 foret
1628 393 1804 423 mutandus.

1092 438 1176 476 atqui
1192 438 1237 467 sic
1251 448 1398 468 conversa
1412 438 1491 467 foret
1512 438 1576 466 liaec
1591 436 1746 466 accusatio
1763 435 1803 465 ad

1093 481 1270 511 universum
1299 481 1443 521 populum
1466 480 1577 510 Athen.
1591 480 1629 509 ad
1650 490 1742 519 quem
1761 479 1804 509 nit

1093 524 1236 564 pertinet,
1260 524 1313 555 sed
1338 524 1378 554 ad.
1396 523 1479 554 solos
1497 528 1634 557 oratores
1657 523 1804 562 Philippo

1093 567 1231 598 infestos.
1246 568 1427 606 quibuscum
1445 565 1612 605 Philippus
1629 565 1679 596 hic
1699 576 1760 596 uon
1773 576 1804 595 a·

1095 611 1151 651 git,
1169 611 1224 641 sed
1241 611 1279 641 de
1293 611 1331 640 iis
1346 610 1385 640 ad
1399 610 1433 640 S.
1445 609 1482 640 P.
1494 610 1533 647 Q.
1547 612 1583 639 A.
1600 609 1748 647 queritur.

1137 672 1180 677 —-
1195 656 1244 685 13.
1261 655 1312 684 τὴν
1325 653 1392 694 πρὸς
1407 653 1485 693 ὑμᾶς
1499 651 1611 692 εὔνοιαν]
1627 651 1727 691 possit
1738 662 1804 681 sen-

1094 697 1218 727 teutiam
1241 696 1317 727 satis
1341 696 1532 726 commodam
1552 695 1644 731 ferre,
1665 694 1806 725 nimirum

1095 741 1186 770 hanc:
1211 740 1403 770 Auctoritate
1418 745 1554 770 meorum
1571 748 1632 768 aere
1646 748 1715 768 meo
1724 738 1806 768 redi-

1095 793 1194 819 mens,
1216 794 1276 823 qua
1292 794 1345 814 vos
1361 783 1446 813 ducti
1461 781 1594 812 credatis
1607 781 1686 820 ipsis
1700 781 1808 811 aienti-

1095 828 1166 862 bus,
1182 836 1230 856 me
1247 826 1335 856 vobis
1348 827 1424 856 bene
1440 826 1530 856 velle.
1578 825 1685 854 Visum
1707 829 1808 854 tamen

1094 870 1166 906 fuit,
1179 870 1281 900 nescio
1297 880 1332 900 an
1354 880 1413 899 non
1436 869 1511 899 satis
1527 868 1651 908 quidem
1667 868 1752 907 gravi
1768 868 1807 897 de

1096 923 1198 947 causa,
1228 917 1259 942 at
1283 924 1340 942 non
1370 911 1568 951 improbabili
1595 915 1706 947 tamen,
1731 912 1810 951 ὑμᾶς

1096 966 1163 985 cum
1181 957 1258 994 ἡμᾶς
1273 959 1401 990 mutare,
1417 960 1449 985 ut
1471 956 1536 985 hmo
1554 954 1719 984 exsisteret
1740 964 1808 984 sen-

1096 999 1210 1028 tentia:
1232 1000 1281 1029 τὴν
1300 997 1438 1038 ὑμετέραν
1462 997 1535 1038 πρὸς
1556 996 1611 1036 ἐμὲ
1633 997 1742 1027 εὔνοιαν.
1759 1007 1810 1026 ve—

1096 1048 1188 1072 stram
1204 1051 1278 1081 erga
1291 1052 1339 1071 me
1357 1040 1599 1071 benevolentiam
1611 1050 1673 1070 aere
1689 1050 1757 1070 meo
1774 1041 1812 1070 ab

1097 1085 1173 1124 ipsis
1198 1085 1362 1115 redimens.
1407 1084 1517 1114 Utrum
1535 1087 1664 1124 praestet
1679 1083 1710 1112 in
1731 1085 1812 1122 ejus-

1096 1128 1181 1158 modi
1195 1127 1308 1163 causis,
1324 1137 1423 1167 neque
1434 1128 1551 1157 ciccum
1561 1127 1699 1162 interest,
1710 1136 1810 1166 neque

1097 1171 1264 1210 disceptari
1280 1172 1318 1201 ab
1333 1170 1446 1201 idoneo
1461 1170 1574 1200 arbitro
1588 1174 1700 1210 potest.

1144 1215 1216 1245 165.
1234 1214 1266 1245 5.
1281 1212 1350 1245 τότε
1363 1212 1433 1255 μὲν]
1448 1224 1505 1243 non
1522 1213 1701 1252 insequente
1716 1213 1759 1244 νῦν
1773 1211 1813 1248 δὲ,

1098 1258 1203 1297 prodit
1225 1257 1391 1294 defectum,
1415 1268 1506 1296 quem
1528 1256 1667 1287 Wolfius
1689 1267 1813 1295 quoque

1100 1301 1304 1331 subodoratus
1322 1300 1453 1330 videtur.
1474 1300 1811 1339 Suspicor,librarinm,

1099 1355 1116 1374 e
1132 1343 1221 1385 cujus
1244 1344 1361 1374 calamo
1377 1344 1501 1382 vulgata
1523 1342 1668 1378 manavit,
1689 1342 1778 1372 oculo
1795 1353 1813 1372 a

1100 1387 1250 1426 superiori
1268 1398 1299 1417 v.
1321 1385 1403 1416 πόλιν
1418 1387 1456 1416 ad
1471 1386 1599 1416 inferius
1618 1386 1700 1416 idem
1724 1396 1813 1415 voca-

1099 1431 1201 1460 bulum
1227 1430 1367 1469 delapso,
1391 1430 1552 1469 interjecta
1577 1428 1816 1468 praetervidisse.

1100 1473 1261 1505 videantur
1286 1477 1386 1502 autem
1411 1473 1475 1503 haec
1497 1473 1592 1503 ferme
1618 1472 1750 1502 deficere
1760 1484 1812 1502 :—

1098 1516 1210 1558 ἔχοντος
1226 1515 1297 1556 ἐμοῦ
1313 1517 1361 1546 τὴν
1381 1515 1474 1551 πόλιν,
1495 1514 1543 1545 ἐπὶ
1565 1514 1609 1554 τῷ
1632 1514 1709 1555 [vel.
1731 1515 1815 1555 quod

1098 1559 1182 1589 idem
1197 1565 1255 1595 est,
1268 1557 1314 1599 ἐφ’
1327 1555 1363 1600 ᾤ’]
1389 1561 1431 1590 τὰ
1450 1558 1557 1589 ἑαυτῶν
1574 1558 1712 1592 ἑκάστους
1730 1558 1814 1600 ἔχειν.

1099 1603 1141 1632 νῦν
1155 1601 1184 1632 δὲ
1197 1602 1246 1632 καὶ
1260 1602 1298 1644 τῇ
1310 1602 1404 1644 στήλῃ
1418 1600 1687 1642 προσεγγράψαντες
1700 1603 1749 1632 τὴν
1763 1601 1816 1632 πό-

1099 1651 1152 1676 λιν.
1174 1646 1226 1685 qui
1243 1656 1301 1675 non
1314 1645 1411 1675 solum
1427 1649 1492 1675 tum
1506 1645 1667 1684 temporis,
1683 1654 1731 1674 me
1741 1647 1814 1675 Am-

1100 1689 1250 1728 phipolim
1276 1689 1410 1724 tenente,
1425 1698 1531 1727 pacem
1548 1697 1665 1718 mecum
1689 1697 1727 1718 ea
1747 1688 1816 1727 lege

1099 1732 1328 1768 contraxeritis‚
1354 1736 1397 1767 ut,
1420 1742 1489 1770 quae
1510 1730 1642 1771 quisque
1664 1740 1732 1761 cum
1753 1741 1815 1760 ma—

1100 1775 1184 1805 xime
1201 1779 1330 1810 teneret,
1345 1785 1380 1805 ea
1392 1775 1452 1806 sibi
1464 1775 1590 1804 haberet
1605 1778 1697 1813 atque
1713 1784 1816 1805 serva-

1101 1823 1164 1856 ret3
1186 1818 1240 1848 sed
1256 1818 1347 1848 etiam
1369 1828 1448 1847 nunc
1465 1828 1573 1848 nomen
1594 1817 1815 1857 Amphipoleos

1100 1861 1328 1901 insculpseritis
1344 1861 1456 1891 tabulis
1477 1860 1614 1891 foederis.
1634 1865 1666 1890 ut
1681 1860 1819 1892 civitatis

1101 1914 1282 1944 mecumque
1307 1904 1526 1943 vobiscumque
1551 1904 1717 1939 soederatae,
1741 1914 1814 1934 con-

1102 1949 1272 1978 ditionibus
1287 1947 1409 1984 iisdem,
1426 1948 1537 1986 quibus
1552 1947 1699 1986 reliquas.

1146 2008 1189 2014 —
1205 1993 1257 2022 13.
1293 1990 1541 2033 προϋπαρχόντων]
1579 1989 1709 2020 subaudi
1739 1990 1818 2030 ὑμῶν

1103 2036 1204 2076 χειρῶν
1217 2034 1328 2064 ἀδίκων.
1355 2034 1416 2063 His
1431 2036 1535 2073 itaque
1550 2033 1671 2068 sumtis,
1685 2043 1742 2063 vos
1758 2033 1818 2063 ini-

1105 2077 1288 2107 micitiarum
1311 2076 1391 2107 ultro
1407 2077 1518 2107 fecisse
1532 2076 1665 2112 initium,
1680 2087 1698 2106 a
1713 2086 1762 2106 me
1775 2075 1817 2105 nil

1104 2124 1302 2160 provocat08‚
1315 2125 1392 2155 tum,
1403 2120 1479 2150 lianc
1491 2119 1624 2150 maxime
1639 2120 1679 2149 ob
1695 2129 1818 2148 causum

1104 2164 1251 2203 impetum
1270 2163 1301 2192 in
1326 2173 1375 2193 me
1392 2163 1518 2198 fecisse,
1540 2163 1621 2202 quod
1647 2171 1705 2202 ego
1726 2162 1819 2197 ultra,

1105 2216 1193 2245 quam
1212 2217 1266 2246 par
1280 2211 1374 2241 esset,
1387 2205 1538 2236 cavissem
1565 2215 1622 2235 vos
1644 2206 1819 2243 lacessere;

1105 2249 1238 2289 denique
1266 2259 1323 2278 vos
1350 2249 1468 2279 nullum
1497 2248 1675 2287 injuriarum
1710 2258 1820 2287 genus,

1105 2293 1187 2331 quod
1199 2293 1230 2322 in
1246 2296 1401 2332 potestate
1413 2296 1517 2322 vestra
1532 2292 1582 2327 sit,
1595 2292 1747 2331 reliquum
1764 2302 1819 2322 vo-

1105 2336 1153 2366 bis
1164 2336 1283 2366 faciatis
1299 2335 1337 2365 ad
1347 2345 1396 2365 me
1409 2336 1581 2365 vexandum
1592 2352 1645 2365 --.

1147 2380 1252 2410 —15.
1266 2379 1499 2420 κακοποιούντων]
1515 2379 1554 2408 ad
1571 2378 1635 2408 haec
1651 2377 1710 2408 tria
1724 2377 1820 2418 parti-

1106 2422 1199 2462 cipia,
1228 2421 1472 2463 προϋπαρχόντων,
1502 2425 1533 2451 et
1556 2419 1760 2460 ἐπιτιθεμένων
1788 2425 1819 2450 et

1104 2465 1334 2500 κακοποιούντων,
1350 2466 1443 2495 addet
1455 2465 1554 2495 lector
1575 2468 1709 2494 attentus
1725 2463 1818 2494 tacita

1104 2509 1289 2547 cogitatione
1301 2508 1389 2548 ὑμῶν.
1406 2518 1473 2538 nam
1487 2509 1562 2539 alias
1578 2507 1741 2548 praedicata
1753 2507 1819 2536 haec

1105 2554 1244 2591 subjecto
1260 2557 1411 2581 carerent.
1697 2564 1699 2566 ·
