<?xml version="1.0" encoding="UTF-8"?>
<!DOCTYPE html PUBLIC "-//W3C//DTD XHTML 1.0 Transitional//EN"
    "http://www.w3.org/TR/xhtml1/DTD/xhtml1-transitional.dtd">
<html xmlns="http://www.w3.org/1999/xhtml" xml:lang="en" lang="en">
 <head>
  <title>
</title>
<meta http-equiv="Content-Type" content="text/html;charset=utf-8" />
  <meta name='ocr-system' content='tesseract 3.04.00' />
  <meta name='ocr-capabilities' content='ocr_page ocr_carea ocr_par ocr_line ocrx_word'/>
</head>
<body>
  <div class='ocr_page' id='page_1' title='image "./oratoresatticie09dobs/oratoresatticie09dobs_0335.png"; bbox 0 0 1931 3322; ppageno 0'>
   <div class='ocr_carea' id='block_1_1' title="bbox 631 201 1116 245">
    <p class='ocr_par' dir='ltr' id='par_1_1' title="bbox 631 201 1116 245">
     <span class='ocr_line' id='line_1_1' title="bbox 631 201 1116 245; baseline -0.002 0"><span class='ocrx_word' id='word_1_1' title='bbox 631 201 1116 245; x_wconf 83' lang='lat' dir='ltr'>ANNOTATIONES.</span> 
     </span>
    </p>
   </div>
   <div class='ocr_carea' id='block_1_2' title="bbox 109 309 859 3063">
    <p class='ocr_par' dir='ltr' id='par_1_2' title="bbox 146 309 859 779">
     <span class='ocr_line' id='line_1_2' title="bbox 196 309 858 350; baseline 0.005 -13"><span class='ocrx_word' id='word_1_2' title='bbox 196 329 238 337; x_wconf 80' lang='grc'>..-</span> <span class='ocrx_word' id='word_1_3' title='bbox 252 312 328 343; x_wconf 85' lang='lat' dir='ltr'>ibid.</span> <span class='ocrx_word' id='word_1_4' title='bbox 350 310 372 341; x_wconf 71' lang='grc' dir='ltr'><em>ὦ</em></span> <span class='ocrx_word' id='word_1_5' title='bbox 388 310 478 350; x_wconf 71' lang='grc' dir='ltr'><strong>ἄνδρες</strong></span> <span class='ocrx_word' id='word_1_6' title='bbox 490 309 649 350; x_wconf 66' lang='grc' dir='ltr'><strong>Ἀθηναῖοι]</strong></span> <span class='ocrx_word' id='word_1_7' title='bbox 665 320 681 338; x_wconf 89' lang='lat' dir='ltr'>o</span> <span class='ocrx_word' id='word_1_8' title='bbox 696 310 755 340; x_wconf 79' lang='lat' dir='ltr'>viri</span> <span class='ocrx_word' id='word_1_9' title='bbox 770 309 858 340; x_wconf 81' lang='lat' dir='ltr'>Athe-</span> 
     </span>
     <span class='ocr_line' id='line_1_3' title="bbox 152 353 859 393; baseline -0.004 -8"><span class='ocrx_word' id='word_1_10' title='bbox 152 357 273 387; x_wconf 65' lang='lat' dir='ltr'>nienses.</span> <span class='ocrx_word' id='word_1_11' title='bbox 315 355 382 385; x_wconf 82' lang='lat' dir='ltr'>Has</span> <span class='ocrx_word' id='word_1_12' title='bbox 397 353 562 393; x_wconf 82' lang='lat' dir='ltr'>particulas</span> <span class='ocrx_word' id='word_1_13' title='bbox 578 363 635 382; x_wconf 90' lang='lat' dir='ltr'>non</span> <span class='ocrx_word' id='word_1_14' title='bbox 648 362 716 382; x_wconf 86' lang='lat' dir='ltr'>esse</span> <span class='ocrx_word' id='word_1_15' title='bbox 732 353 859 389; x_wconf 88' lang='lat' dir='ltr'>otiosas,</span> 
     </span>
     <span class='ocr_line' id='line_1_4' title="bbox 152 395 857 436; baseline -0.004 -9"><span class='ocrx_word' id='word_1_16' title='bbox 152 398 183 427; x_wconf 85' lang='lat' dir='ltr'>iu</span> <span class='ocrx_word' id='word_1_17' title='bbox 200 397 399 436; x_wconf 88' lang='lat' dir='ltr'>Guomologia</span> <span class='ocrx_word' id='word_1_18' title='bbox 417 395 616 426; x_wconf 79' lang='lat' dir='ltr'><strong>ostendimus.</strong></span> <span class='ocrx_word' id='word_1_19' title='bbox 662 395 724 425; x_wconf 89' lang='lat' dir='ltr'>Sed</span> <span class='ocrx_word' id='word_1_20' title='bbox 748 400 857 431; x_wconf 83' lang='lat' dir='ltr'>tamen,</span> 
     </span>
     <span class='ocr_line' id='line_1_5' title="bbox 151 438 857 479; baseline -0.003 -10"><span class='ocrx_word' id='word_1_21' title='bbox 151 450 245 479; x_wconf 89' lang='lat' dir='ltr'>quum</span> <span class='ocrx_word' id='word_1_22' title='bbox 266 440 375 470; x_wconf 83' lang='lat' dir='ltr'>Cicero</span> <span class='ocrx_word' id='word_1_23' title='bbox 391 439 502 478; x_wconf 92' lang='lat' dir='ltr'>ubique</span> <span class='ocrx_word' id='word_1_24' title='bbox 522 440 584 468; x_wconf 84' lang='lat' dir='ltr'>sere</span> <span class='ocrx_word' id='word_1_25' title='bbox 599 439 692 473; x_wconf 88' lang='lat' dir='ltr'>dicat,</span> <span class='ocrx_word' id='word_1_26' title='bbox 706 438 857 474; x_wconf 83' lang='lat' dir='ltr'><strong>Quirites,</strong></span> 
     </span>
     <span class='ocr_line' id='line_1_6' title="bbox 147 481 856 521; baseline -0.004 -8"><span class='ocrx_word' id='word_1_27' title='bbox 147 482 286 517; x_wconf 85' lang='lat' dir='ltr'>Judiees,</span> <span class='ocrx_word' id='word_1_28' title='bbox 323 483 357 513; x_wconf 88' lang='lat' dir='ltr'>C.</span> <span class='ocrx_word' id='word_1_29' title='bbox 389 483 504 520; x_wconf 82' lang='lat' dir='ltr'>Aquili,</span> <span class='ocrx_word' id='word_1_30' title='bbox 537 482 644 511; x_wconf 81' lang='lat' dir='ltr'>Patres</span> <span class='ocrx_word' id='word_1_31' title='bbox 679 481 856 521; x_wconf 83' lang='lat' dir='ltr'>conscripti,</span> 
     </span>
     <span class='ocr_line' id='line_1_7' title="bbox 151 524 855 564; baseline -0.001 -10"><span class='ocrx_word' id='word_1_32' title='bbox 151 525 340 555; x_wconf 85' lang='lat' dir='ltr'>Pontifices:</span> <span class='ocrx_word' id='word_1_33' title='bbox 355 530 385 555; x_wconf 88' lang='lat' dir='ltr'>et</span> <span class='ocrx_word' id='word_1_34' title='bbox 398 535 454 563; x_wconf 81' lang='lat' dir='ltr'>ego</span> <span class='ocrx_word' id='word_1_35' title='bbox 467 524 644 564; x_wconf 88' lang='lat' dir='ltr'>particulas,</span> <span class='ocrx_word' id='word_1_36' title='bbox 657 534 673 553; x_wconf 89' lang='lat' dir='ltr'>o</span> <span class='ocrx_word' id='word_1_37' title='bbox 685 525 751 559; x_wconf 75' lang='lat' dir='ltr'>viri,</span> <span class='ocrx_word' id='word_1_38' title='bbox 767 525 855 553; x_wconf 90' lang='lat' dir='ltr'>omit-</span> 
     </span>
     <span class='ocr_line' id='line_1_8' title="bbox 149 566 855 603; baseline 0 -7"><span class='ocrx_word' id='word_1_39' title='bbox 149 572 196 603; x_wconf 83' lang='lat' dir='ltr'>to,</span> <span class='ocrx_word' id='word_1_40' title='bbox 224 572 256 597; x_wconf 88' lang='lat' dir='ltr'>ut</span> <span class='ocrx_word' id='word_1_41' title='bbox 283 573 335 597; x_wconf 85' lang='lat' dir='ltr'>aut</span> <span class='ocrx_word' id='word_1_42' title='bbox 366 568 483 598; x_wconf 81' lang='lat' dir='ltr'>Latinis</span> <span class='ocrx_word' id='word_1_43' title='bbox 514 568 612 597; x_wconf 87' lang='lat' dir='ltr'>minus</span> <span class='ocrx_word' id='word_1_44' title='bbox 640 566 780 603; x_wconf 85' lang='lat' dir='ltr'>usitatas,</span> <span class='ocrx_word' id='word_1_45' title='bbox 803 571 855 596; x_wconf 88' lang='lat' dir='ltr'>aut</span> 
     </span>
     <span class='ocr_line' id='line_1_9' title="bbox 149 610 853 650; baseline -0.001 -10"><span class='ocrx_word' id='word_1_46' title='bbox 149 611 266 640; x_wconf 86' lang='lat' dir='ltr'>Graecae</span> <span class='ocrx_word' id='word_1_47' title='bbox 282 612 391 650; x_wconf 86' lang='lat' dir='ltr'>linguae</span> <span class='ocrx_word' id='word_1_48' title='bbox 407 610 586 649; x_wconf 81' lang='lat' dir='ltr'>peculiares,</span> <span class='ocrx_word' id='word_1_49' title='bbox 629 610 806 648; x_wconf 81' lang='lat' dir='ltr'><strong>Quanquam</strong></span> <span class='ocrx_word' id='word_1_50' title='bbox 823 610 853 639; x_wconf 91' lang='lat' dir='ltr'>iu</span> 
     </span>
     <span class='ocr_line' id='line_1_10' title="bbox 147 650 852 692; baseline 0 -10"><span class='ocrx_word' id='word_1_51' title='bbox 147 653 282 692; x_wconf 75' lang='lat' dir='ltr'>antiquis</span> <span class='ocrx_word' id='word_1_52' title='bbox 296 654 533 692; x_wconf 80' lang='lat' dir='ltr'>exemplaribus,</span> <span class='ocrx_word' id='word_1_53' title='bbox 548 650 573 682; x_wconf 75' lang='grc' dir='ltr'>οἶῗ</span> <span class='ocrx_word' id='word_1_54' title='bbox 585 650 723 682; x_wconf 67' lang='grc' dir='ltr'><strong>Ἀθηναῖοι</strong></span> <span class='ocrx_word' id='word_1_55' title='bbox 738 658 852 682; x_wconf 88' lang='lat' dir='ltr'>tautum</span> 
     </span>
     <span class='ocr_line' id='line_1_11' title="bbox 146 695 852 735; baseline 0 -10"><span class='ocrx_word' id='word_1_56' title='bbox 146 695 288 735; x_wconf 85' lang='lat' dir='ltr'>reperiri,</span> <span class='ocrx_word' id='word_1_57' title='bbox 302 696 428 726; x_wconf 81' lang='lat' dir='ltr'>affirmat</span> <span class='ocrx_word' id='word_1_58' title='bbox 443 697 629 735; x_wconf 83' lang='lat' dir='ltr'>obsopoeus.</span> <span class='ocrx_word' id='word_1_59' title='bbox 675 697 792 725; x_wconf 81' lang='lat' dir='ltr'>Nomen</span> <span class='ocrx_word' id='word_1_60' title='bbox 807 696 852 725; x_wconf 82' lang='grc' dir='ltr'>ἄν·</span> 
     </span>
     <span class='ocr_line' id='line_1_12' title="bbox 147 737 705 779; baseline 0.002 -12"><span class='ocrx_word' id='word_1_61' title='bbox 147 738 205 779; x_wconf 70' lang='grc' dir='ltr'>δξες</span> <span class='ocrx_word' id='word_1_62' title='bbox 216 739 306 768; x_wconf 86' lang='lat' dir='ltr'>etiam</span> <span class='ocrx_word' id='word_1_63' title='bbox 323 739 486 769; x_wconf 82' lang='lat' dir='ltr'>AEschines</span> <span class='ocrx_word' id='word_1_64' title='bbox 502 739 566 768; x_wconf 86' lang='lat' dir='ltr'>fere</span> <span class='ocrx_word' id='word_1_65' title='bbox 582 737 705 768; x_wconf 86' lang='lat' dir='ltr'>omittit.</span> 
     </span>
    </p>

    <p class='ocr_par' dir='ltr' id='par_1_3' title="bbox 140 781 852 1208">
     <span class='ocr_line' id='line_1_13' title="bbox 189 781 852 822; baseline -0.002 -10"><span class='ocrx_word' id='word_1_66' title='bbox 189 782 323 812; x_wconf 88' lang='lat' dir='ltr'>——ibid.</span> <span class='ocrx_word' id='word_1_67' title='bbox 342 782 516 822; x_wconf 72' lang='grc' dir='ltr'><strong>χςημάτων]</strong></span> <span class='ocrx_word' id='word_1_68' title='bbox 541 781 693 822; x_wconf 71' lang='grc' dir='ltr'><strong>χρῆματα,</strong></span> <span class='ocrx_word' id='word_1_69' title='bbox 712 782 852 819; x_wconf 79' lang='lat' dir='ltr'>pecunia,</span> 
     </span>
     <span class='ocr_line' id='line_1_14' title="bbox 140 825 851 866; baseline 0.001 -13"><span class='ocrx_word' id='word_1_70' title='bbox 140 825 286 863; x_wconf 78' lang='lat' dir='ltr'>pecuniae.</span> <span class='ocrx_word' id='word_1_71' title='bbox 329 825 482 864; x_wconf 79' lang='lat' dir='ltr'>Singulari</span> <span class='ocrx_word' id='word_1_72' title='bbox 511 834 635 854; x_wconf 87' lang='lat' dir='ltr'>numero</span> <span class='ocrx_word' id='word_1_73' title='bbox 663 835 767 866; x_wconf 79' lang='grc' dir='ltr'><strong>χρημα</strong></span> <span class='ocrx_word' id='word_1_74' title='bbox 792 834 851 854; x_wconf 86' lang='lat' dir='ltr'>rem</span> 
     </span>
     <span class='ocr_line' id='line_1_15' title="bbox 147 866 852 917; baseline 0.001 -22"><span class='ocrx_word' id='word_1_75' title='bbox 147 866 308 906; x_wconf 85' lang='lat' dir='ltr'>significat,</span> <span class='ocrx_word' id='word_1_76' title='bbox 319 873 351 897; x_wconf 91' lang='lat' dir='ltr'>ut</span> <span class='ocrx_word' id='word_1_77' title='bbox 362 866 444 906; x_wconf 84' lang='grc' dir='ltr'>μέγα</span> <span class='ocrx_word' id='word_1_78' title='bbox 456 869 570 917; x_wconf 56' lang='grc' dir='ltr'>χρῆμα,</span> <span class='ocrx_word' id='word_1_79' title='bbox 586 878 693 907; x_wconf 79' lang='lat' dir='ltr'>magna</span> <span class='ocrx_word' id='word_1_80' title='bbox 706 877 758 897; x_wconf 80' lang='lat' dir='ltr'>res.</span> <span class='ocrx_word' id='word_1_81' title='bbox 769 866 852 906; x_wconf 84' lang='grc' dir='ltr'>μέγα</span> 
     </span>
     <span class='ocr_line' id='line_1_16' title="bbox 143 909 851 951; baseline 0.003 -13"><span class='ocrx_word' id='word_1_82' title='bbox 143 920 175 939; x_wconf 73' lang='grc' dir='ltr'>τι</span> <span class='ocrx_word' id='word_1_83' title='bbox 197 912 300 951; x_wconf 62' lang='grc' dir='ltr'>χρῆμα</span> <span class='ocrx_word' id='word_1_84' title='bbox 322 909 426 951; x_wconf 63' lang='grc' dir='ltr'><strong>θηρίου,</strong></span> <span class='ocrx_word' id='word_1_85' title='bbox 447 922 502 950; x_wconf 88' lang='lat' dir='ltr'>pro</span> <span class='ocrx_word' id='word_1_86' title='bbox 517 909 599 949; x_wconf 85' lang='grc' dir='ltr'>μέγα</span> <span class='ocrx_word' id='word_1_87' title='bbox 615 910 712 950; x_wconf 36' lang='lat' dir='ltr'>Snpffiov</span> <span class='ocrx_word' id='word_1_88' title='bbox 726 911 851 947; x_wconf 71' lang='lat' dir='ltr'>elegans</span> 
     </span>
     <span class='ocr_line' id='line_1_17' title="bbox 143 952 851 992; baseline 0.004 -11"><span class='ocrx_word' id='word_1_89' title='bbox 143 952 307 992; x_wconf 86' lang='lat' dir='ltr'>eloquendi</span> <span class='ocrx_word' id='word_1_90' title='bbox 323 954 442 990; x_wconf 82' lang='lat' dir='ltr'>modus,</span> <span class='ocrx_word' id='word_1_91' title='bbox 462 964 528 992; x_wconf 87' lang='lat' dir='ltr'>quae</span> <span class='ocrx_word' id='word_1_92' title='bbox 554 954 661 983; x_wconf 86' lang='lat' dir='ltr'>Cicero</span> <span class='ocrx_word' id='word_1_93' title='bbox 685 954 851 992; x_wconf 80' lang='lat' dir='ltr'>penultima</span> 
     </span>
     <span class='ocr_line' id='line_1_18' title="bbox 142 995 851 1036; baseline 0 -10"><span class='ocrx_word' id='word_1_94' title='bbox 142 995 182 1025; x_wconf 82' lang='lat' dir='ltr'>ad</span> <span class='ocrx_word' id='word_1_95' title='bbox 211 996 346 1036; x_wconf 83' lang='lat' dir='ltr'>Appium</span> <span class='ocrx_word' id='word_1_96' title='bbox 375 997 506 1036; x_wconf 85' lang='lat' dir='ltr'>epistola</span> <span class='ocrx_word' id='word_1_97' title='bbox 527 996 574 1026; x_wconf 87' lang='lat' dir='ltr'>his</span> <span class='ocrx_word' id='word_1_98' title='bbox 600 997 702 1026; x_wconf 82' lang='lat' dir='ltr'>verbis</span> <span class='ocrx_word' id='word_1_99' title='bbox 725 997 851 1027; x_wconf 87' lang='lat' dir='ltr'>videtur</span> 
     </span>
     <span class='ocr_line' id='line_1_19' title="bbox 144 1038 847 1080; baseline 0.003 -12"><span class='ocrx_word' id='word_1_100' title='bbox 144 1038 297 1069; x_wconf 83' lang='lat' dir='ltr'>imitatus:</span> <span class='ocrx_word' id='word_1_101' title='bbox 322 1041 422 1070; x_wconf 87' lang='lat' dir='ltr'>“Non</span> <span class='ocrx_word' id='word_1_102' title='bbox 449 1040 553 1069; x_wconf 89' lang='lat' dir='ltr'>horum</span> <span class='ocrx_word' id='word_1_103' title='bbox 577 1040 710 1080; x_wconf 87' lang='lat' dir='ltr'>(inquit)</span> <span class='ocrx_word' id='word_1_104' title='bbox 732 1045 847 1079; x_wconf 86' lang='lat' dir='ltr'>tempo-</span> 
     </span>
     <span class='ocr_line' id='line_1_20' title="bbox 141 1083 848 1122; baseline 0 -10"><span class='ocrx_word' id='word_1_105' title='bbox 141 1092 222 1118; x_wconf 83' lang='lat' dir='ltr'>rum,</span> <span class='ocrx_word' id='word_1_106' title='bbox 237 1092 295 1112; x_wconf 87' lang='lat' dir='ltr'>nou</span> <span class='ocrx_word' id='word_1_107' title='bbox 319 1083 425 1112; x_wconf 88' lang='lat' dir='ltr'>horum</span> <span class='ocrx_word' id='word_1_108' title='bbox 448 1083 600 1112; x_wconf 81' lang='lat' dir='ltr'>hominum</span> <span class='ocrx_word' id='word_1_109' title='bbox 621 1088 711 1122; x_wconf 89' lang='lat' dir='ltr'>atque</span> <span class='ocrx_word' id='word_1_110' title='bbox 733 1093 848 1113; x_wconf 88' lang='lat' dir='ltr'>morum</span> 
     </span>
     <span class='ocr_line' id='line_1_21' title="bbox 142 1124 848 1168; baseline 0.003 -14"><span class='ocrx_word' id='word_1_111' title='bbox 142 1125 312 1162; x_wconf 79' lang='lat' dir='ltr'>negotium.</span> <span class='ocrx_word' id='word_1_112' title='bbox 313 1124 334 1138; x_wconf 76' lang='lat'>’²</span> <span class='ocrx_word' id='word_1_113' title='bbox 357 1126 386 1156; x_wconf 81' lang='grc' dir='ltr'><strong>οὔ</strong></span> <span class='ocrx_word' id='word_1_114' title='bbox 408 1124 512 1155; x_wconf 79' lang='grc' dir='ltr'><strong>τούτων</strong></span> <span class='ocrx_word' id='word_1_115' title='bbox 536 1128 591 1155; x_wconf 73' lang='grc' dir='ltr'>τῶν</span> <span class='ocrx_word' id='word_1_116' title='bbox 612 1127 712 1166; x_wconf 70' lang='grc' dir='ltr'><strong>καιςῶν</strong></span> <span class='ocrx_word' id='word_1_117' title='bbox 731 1137 848 1168; x_wconf 60' lang='grc' dir='ltr'>χρημα,</span> 
     </span>
     <span class='ocr_line' id='line_1_22' title="bbox 141 1166 549 1208; baseline -0.003 -10"><span class='ocrx_word' id='word_1_118' title='bbox 141 1166 209 1208; x_wconf 78' lang='grc' dir='ltr'><strong>δ’πέρ</strong></span> <span class='ocrx_word' id='word_1_119' title='bbox 224 1168 313 1203; x_wconf 79' lang='grc' dir='ltr'><strong>ἐστιν,</strong></span> <span class='ocrx_word' id='word_1_120' title='bbox 328 1179 401 1198; x_wconf 78' lang='grc' dir='ltr'><strong>ουτοι</strong></span> <span class='ocrx_word' id='word_1_121' title='bbox 417 1169 439 1198; x_wconf 81' lang='grc' dir='ltr'><strong>οἳ</strong></span> <span class='ocrx_word' id='word_1_122' title='bbox 453 1166 549 1207; x_wconf 77' lang='grc' dir='ltr'><strong>καιροί.</strong></span> 
     </span>
    </p>

    <p class='ocr_par' dir='ltr' id='par_1_4' title="bbox 140 1211 848 1337">
     <span class='ocr_line' id='line_1_23' title="bbox 182 1211 848 1253; baseline 0.002 -12"><span class='ocrx_word' id='word_1_123' title='bbox 182 1227 228 1233; x_wconf 88' lang='lat'>—</span> <span class='ocrx_word' id='word_1_124' title='bbox 240 1212 315 1241; x_wconf 88' lang='lat' dir='ltr'>ibid.</span> <span class='ocrx_word' id='word_1_125' title='bbox 330 1211 505 1253; x_wconf 70' lang='grc' dir='ltr'><strong>χρημάτων]</strong></span> <span class='ocrx_word' id='word_1_126' title='bbox 526 1211 754 1242; x_wconf 83' lang='lat' dir='ltr'>Athenienses·</span> <span class='ocrx_word' id='word_1_127' title='bbox 745 1223 777 1242; x_wconf 91' lang='grc' dir='ltr'>ιιι</span> <span class='ocrx_word' id='word_1_128' title='bbox 790 1212 848 1242; x_wconf 91' lang='lat' dir='ltr'>bac</span> 
     </span>
     <span class='ocr_line' id='line_1_24' title="bbox 141 1254 847 1293; baseline 0.001 -9"><span class='ocrx_word' id='word_1_129' title='bbox 141 1264 176 1284; x_wconf 84' lang='lat' dir='ltr'>re</span> <span class='ocrx_word' id='word_1_130' title='bbox 197 1254 270 1284; x_wconf 88' lang='lat' dir='ltr'>utile</span> <span class='ocrx_word' id='word_1_131' title='bbox 285 1254 444 1284; x_wconf 77' lang='lat' dir='ltr'>consilium</span> <span class='ocrx_word' id='word_1_132' title='bbox 467 1265 583 1293; x_wconf 79' lang='lat' dir='ltr'>maguae</span> <span class='ocrx_word' id='word_1_133' title='bbox 603 1255 741 1293; x_wconf 81' lang='lat' dir='ltr'>pecuniae</span> <span class='ocrx_word' id='word_1_134' title='bbox 764 1260 847 1285; x_wconf 88' lang='lat' dir='ltr'>aute-</span> 
     </span>
     <span class='ocr_line' id='line_1_25' title="bbox 140 1296 724 1337; baseline 0.002 -11"><span class='ocrx_word' id='word_1_135' title='bbox 140 1296 266 1333; x_wconf 76' lang='lat' dir='ltr'>ferrent,</span> <span class='ocrx_word' id='word_1_136' title='bbox 275 1307 348 1337; x_wconf 87' lang='lat' dir='ltr'>ergo</span> <span class='ocrx_word' id='word_1_137' title='bbox 362 1298 457 1327; x_wconf 83' lang='lat' dir='ltr'>ardua</span> <span class='ocrx_word' id='word_1_138' title='bbox 473 1302 518 1327; x_wconf 89' lang='lat' dir='ltr'>est</span> <span class='ocrx_word' id='word_1_139' title='bbox 533 1297 724 1327; x_wconf 72' lang='lat' dir='ltr'>deliberatio.</span> 
     </span>
    </p>

    <p class='ocr_par' dir='ltr' id='par_1_5' title="bbox 135 1338 848 1715">
     <span class='ocr_line' id='line_1_26' title="bbox 184 1338 846 1382; baseline -0.002 -11"><span class='ocrx_word' id='word_1_140' title='bbox 184 1357 228 1363; x_wconf 87' lang='lat'>-</span> <span class='ocrx_word' id='word_1_141' title='bbox 239 1340 317 1371; x_wconf 84' lang='lat' dir='ltr'>ibid.</span> <span class='ocrx_word' id='word_1_142' title='bbox 335 1342 446 1372; x_wconf 78' lang='grc' dir='ltr'>πολλῶν</span> <span class='ocrx_word' id='word_1_143' title='bbox 459 1340 504 1377; x_wconf 77' lang='grc' dir='ltr'>ἂν,</span> <span class='ocrx_word' id='word_1_144' title='bbox 517 1339 541 1370; x_wconf 69' lang='grc' dir='ltr'><strong>οἷ</strong></span> <span class='ocrx_word' id='word_1_145' title='bbox 555 1340 598 1370; x_wconf 77' lang='grc' dir='ltr'>ἄν.</span> <span class='ocrx_word' id='word_1_146' title='bbox 613 1338 656 1370; x_wconf 87' lang='grc' dir='ltr'>Ἀ.</span> <span class='ocrx_word' id='word_1_147' title='bbox 671 1340 846 1382; x_wconf 55' lang='grc' dir='ltr'><strong>χριμάτων]</strong></span> 
     </span>
     <span class='ocr_line' id='line_1_27' title="bbox 139 1383 848 1424; baseline 0 -11"><span class='ocrx_word' id='word_1_148' title='bbox 139 1384 226 1413; x_wconf 85' lang='lat' dir='ltr'>luter</span> <span class='ocrx_word' id='word_1_149' title='bbox 255 1383 442 1424; x_wconf 83' lang='lat' dir='ltr'>adjectivum</span> <span class='ocrx_word' id='word_1_150' title='bbox 477 1389 508 1414; x_wconf 89' lang='lat' dir='ltr'>et</span> <span class='ocrx_word' id='word_1_151' title='bbox 540 1384 762 1413; x_wconf 88' lang='lat' dir='ltr'>substantivum</span> <span class='ocrx_word' id='word_1_152' title='bbox 798 1385 848 1414; x_wconf 88' lang='lat' dir='ltr'>bic</span> 
     </span>
     <span class='ocr_line' id='line_1_28' title="bbox 139 1426 848 1466; baseline 0 -10"><span class='ocrx_word' id='word_1_153' title='bbox 139 1427 237 1457; x_wconf 81' lang='lat' dir='ltr'>verba</span> <span class='ocrx_word' id='word_1_154' title='bbox 255 1432 387 1466; x_wconf 89' lang='lat' dir='ltr'>quatuor</span> <span class='ocrx_word' id='word_1_155' title='bbox 404 1426 648 1466; x_wconf 87' lang='lat' dir='ltr'>interponuntur.</span> <span class='ocrx_word' id='word_1_156' title='bbox 693 1427 743 1456; x_wconf 83' lang='lat' dir='ltr'>Sic</span> <span class='ocrx_word' id='word_1_157' title='bbox 765 1431 848 1466; x_wconf 89' lang='lat' dir='ltr'>post,</span> 
     </span>
     <span class='ocr_line' id='line_1_29' title="bbox 139 1468 848 1509; baseline 0 -10"><span class='ocrx_word' id='word_1_158' title='bbox 139 1468 221 1499; x_wconf 81' lang='lat' dir='ltr'>inter</span> <span class='ocrx_word' id='word_1_159' title='bbox 245 1469 404 1499; x_wconf 86' lang='lat' dir='ltr'>articulum</span> <span class='ocrx_word' id='word_1_160' title='bbox 430 1474 462 1499; x_wconf 86' lang='lat' dir='ltr'>et</span> <span class='ocrx_word' id='word_1_161' title='bbox 480 1480 604 1499; x_wconf 87' lang='lat' dir='ltr'>nomen:</span> <span class='ocrx_word' id='word_1_162' title='bbox 629 1471 678 1500; x_wconf 70' lang='grc' dir='ltr'><strong>τὴν</strong></span> <span class='ocrx_word' id='word_1_163' title='bbox 700 1470 748 1499; x_wconf 78' lang='grc' dir='ltr'><strong>τοῦ</strong></span> <span class='ocrx_word' id='word_1_164' title='bbox 768 1481 848 1509; x_wconf 88' lang='grc' dir='ltr'><strong>συμ-</strong></span> 
     </span>
     <span class='ocr_line' id='line_1_30' title="bbox 139 1510 848 1554; baseline 0 -11"><span class='ocrx_word' id='word_1_165' title='bbox 139 1510 266 1554; x_wconf 78' lang='grc' dir='ltr'><strong>φέροντος</strong></span> <span class='ocrx_word' id='word_1_166' title='bbox 289 1513 357 1554; x_wconf 78' lang='grc' dir='ltr'><strong>ὑμῖν</strong></span> <span class='ocrx_word' id='word_1_167' title='bbox 377 1511 488 1552; x_wconf 71' lang='grc' dir='ltr'><strong>αἵρεσιν.</strong></span> <span class='ocrx_word' id='word_1_168' title='bbox 532 1513 697 1552; x_wconf 87' lang='lat' dir='ltr'>Elegantes</span> <span class='ocrx_word' id='word_1_169' title='bbox 719 1515 766 1543; x_wconf 88' lang='lat' dir='ltr'>hae</span> <span class='ocrx_word' id='word_1_170' title='bbox 787 1518 848 1543; x_wconf 89' lang='lat' dir='ltr'>tra-</span> 
     </span>
     <span class='ocr_line' id='line_1_31' title="bbox 135 1556 848 1594; baseline 0.001 -9"><span class='ocrx_word' id='word_1_171' title='bbox 135 1556 288 1594; x_wconf 80' lang='lat' dir='ltr'>jectioues</span> <span class='ocrx_word' id='word_1_172' title='bbox 306 1556 475 1590; x_wconf 86' lang='lat' dir='ltr'>verborum,</span> <span class='ocrx_word' id='word_1_173' title='bbox 492 1566 609 1585; x_wconf 87' lang='lat' dir='ltr'>sonorae</span> <span class='ocrx_word' id='word_1_174' title='bbox 629 1556 701 1586; x_wconf 88' lang='lat' dir='ltr'>item</span> <span class='ocrx_word' id='word_1_175' title='bbox 715 1556 848 1586; x_wconf 83' lang='lat' dir='ltr'>circum-</span> 
     </span>
     <span class='ocr_line' id='line_1_32' title="bbox 139 1598 848 1638; baseline 0.001 -10"><span class='ocrx_word' id='word_1_176' title='bbox 139 1598 318 1629; x_wconf 79' lang='lat' dir='ltr'>ductiouum</span> <span class='ocrx_word' id='word_1_177' title='bbox 338 1599 495 1635; x_wconf 67' lang='lat' dir='ltr'>clausulae,</span> <span class='ocrx_word' id='word_1_178' title='bbox 514 1604 547 1628; x_wconf 89' lang='lat' dir='ltr'>ut</span> <span class='ocrx_word' id='word_1_179' title='bbox 567 1598 780 1638; x_wconf 73' lang='grc' dir='ltr'>συμβουλεύειν,</span> <span class='ocrx_word' id='word_1_180' title='bbox 801 1609 848 1637; x_wconf 79' lang='grc' dir='ltr'>γε-</span> 
     </span>
     <span class='ocr_line' id='line_1_33' title="bbox 135 1639 847 1681; baseline 0.003 -10"><span class='ocrx_word' id='word_1_181' title='bbox 135 1639 254 1678; x_wconf 63' lang='grc' dir='ltr'><strong>νέσθαι,</strong></span> <span class='ocrx_word' id='word_1_182' title='bbox 281 1646 349 1672; x_wconf 86' lang='lat' dir='ltr'>sunt</span> <span class='ocrx_word' id='word_1_183' title='bbox 372 1642 582 1678; x_wconf 68' lang='lat' dir='ltr'>observandae,</span> <span class='ocrx_word' id='word_1_184' title='bbox 604 1643 695 1681; x_wconf 78' lang='lat' dir='ltr'>atque</span> <span class='ocrx_word' id='word_1_185' title='bbox 719 1643 753 1673; x_wconf 89' lang='lat' dir='ltr'>in</span> <span class='ocrx_word' id='word_1_186' title='bbox 776 1642 847 1674; x_wconf 88' lang='lat' dir='ltr'>loco</span> 
     </span>
     <span class='ocr_line' id='line_1_34' title="bbox 135 1683 304 1715; baseline 0 0"><span class='ocrx_word' id='word_1_187' title='bbox 135 1683 304 1715; x_wconf 75' lang='lat' dir='ltr'>imitandae.</span> 
     </span>
    </p>

    <p class='ocr_par' dir='ltr' id='par_1_6' title="bbox 137 1727 847 1811">
     <span class='ocr_line' id='line_1_35' title="bbox 180 1727 847 1769; baseline 0.003 -11"><span class='ocrx_word' id='word_1_188' title='bbox 180 1745 224 1751; x_wconf 97' lang='lat'>—</span> <span class='ocrx_word' id='word_1_189' title='bbox 239 1731 270 1759; x_wconf 73' lang='lat'>2.</span> <span class='ocrx_word' id='word_1_190' title='bbox 285 1727 376 1769; x_wconf 67' lang='grc' dir='ltr'><strong>ὑμᾶς]</strong></span> <span class='ocrx_word' id='word_1_191' title='bbox 392 1727 562 1768; x_wconf 71' lang='grc' dir='ltr'>ἐμφαντικῶς</span> <span class='ocrx_word' id='word_1_192' title='bbox 570 1728 783 1769; x_wconf 79' lang='lat' dir='ltr'>accipiendum</span> <span class='ocrx_word' id='word_1_193' title='bbox 799 1740 847 1760; x_wconf 87' lang='lat' dir='ltr'>es·</span> 
     </span>
     <span class='ocr_line' id='line_1_36' title="bbox 137 1772 469 1811; baseline 0.003 -10"><span class='ocrx_word' id='word_1_194' title='bbox 137 1781 184 1807; x_wconf 84' lang='lat' dir='ltr'>se,</span> <span class='ocrx_word' id='word_1_195' title='bbox 199 1772 291 1801; x_wconf 76' lang='lat' dir='ltr'>docet</span> <span class='ocrx_word' id='word_1_196' title='bbox 307 1772 469 1811; x_wconf 84' lang='lat' dir='ltr'>Ulpianus.</span> 
     </span>
    </p>

    <p class='ocr_par' dir='ltr' id='par_1_7' title="bbox 132 1813 847 2412">
     <span class='ocr_line' id='line_1_37' title="bbox 181 1813 847 1856; baseline 0.003 -12"><span class='ocrx_word' id='word_1_197' title='bbox 181 1830 226 1837; x_wconf 85' lang='lat'>—-·</span> <span class='ocrx_word' id='word_1_198' title='bbox 239 1814 316 1845; x_wconf 86' lang='lat' dir='ltr'>ibid.</span> <span class='ocrx_word' id='word_1_199' title='bbox 332 1814 365 1844; x_wconf 75' lang='grc' dir='ltr'>ἂν</span> <span class='ocrx_word' id='word_1_200' title='bbox 379 1814 518 1856; x_wconf 64' lang='grc' dir='ltr'><strong>ἑλέσθαι]</strong></span> <span class='ocrx_word' id='word_1_201' title='bbox 542 1813 585 1850; x_wconf 68' lang='grc' dir='ltr'><strong>ἂν,</strong></span> <span class='ocrx_word' id='word_1_202' title='bbox 607 1825 695 1854; x_wconf 83' lang='lat' dir='ltr'>quam</span> <span class='ocrx_word' id='word_1_203' title='bbox 710 1816 847 1847; x_wconf 73' lang='grc' dir='ltr'><strong>δυνητιιιδν</strong></span> 
     </span>
     <span class='ocr_line' id='line_1_38' title="bbox 136 1854 844 1897; baseline 0.006 -11"><span class='ocrx_word' id='word_1_204' title='bbox 136 1854 230 1897; x_wconf 71' lang='grc' dir='ltr'><strong>μὸριον</strong></span> <span class='ocrx_word' id='word_1_205' title='bbox 250 1857 406 1896; x_wconf 83' lang='lat' dir='ltr'>appellant</span> <span class='ocrx_word' id='word_1_206' title='bbox 428 1858 541 1894; x_wconf 64' lang='lat' dir='ltr'>Graeci,</span> <span class='ocrx_word' id='word_1_207' title='bbox 559 1859 768 1897; x_wconf 76' lang='lat' dir='ltr'>potentialem,</span> <span class='ocrx_word' id='word_1_208' title='bbox 790 1870 844 1890; x_wconf 92' lang='lat' dir='ltr'>seu</span> 
     </span>
     <span class='ocr_line' id='line_1_39' title="bbox 139 1900 845 1940; baseline 0.004 -12"><span class='ocrx_word' id='word_1_209' title='bbox 139 1900 376 1938; x_wconf 75' lang='lat' dir='ltr'>potentativum,</span> <span class='ocrx_word' id='word_1_210' title='bbox 396 1905 431 1930; x_wconf 89' lang='lat' dir='ltr'>ut</span> <span class='ocrx_word' id='word_1_211' title='bbox 449 1905 572 1936; x_wconf 83' lang='lat' dir='ltr'>vocant,</span> <span class='ocrx_word' id='word_1_212' title='bbox 596 1901 757 1940; x_wconf 83' lang='lat' dir='ltr'>complecti</span> <span class='ocrx_word' id='word_1_213' title='bbox 781 1912 845 1932; x_wconf 91' lang='lat' dir='ltr'>mo-</span> 
     </span>
     <span class='ocr_line' id='line_1_40' title="bbox 136 1941 845 1984; baseline 0.006 -13"><span class='ocrx_word' id='word_1_214' title='bbox 136 1941 213 1972; x_wconf 80' lang='lat' dir='ltr'>dum</span> <span class='ocrx_word' id='word_1_215' title='bbox 224 1942 418 1983; x_wconf 50' lang='lat' dir='ltr'>(imperativo</span> <span class='ocrx_word' id='word_1_216' title='bbox 430 1944 577 1974; x_wconf 80' lang='lat' dir='ltr'>duntaxat</span> <span class='ocrx_word' id='word_1_217' title='bbox 588 1944 734 1984; x_wconf 83' lang='lat' dir='ltr'>exceptu)</span> <span class='ocrx_word' id='word_1_218' title='bbox 746 1946 845 1975; x_wconf 90' lang='lat' dir='ltr'>modis</span> 
     </span>
     <span class='ocr_line' id='line_1_41' title="bbox 136 1985 845 2026; baseline 0.004 -12"><span class='ocrx_word' id='word_1_219' title='bbox 136 1989 172 2014; x_wconf 79' lang='lat' dir='ltr'>et</span> <span class='ocrx_word' id='word_1_220' title='bbox 188 1985 357 2025; x_wconf 77' lang='lat' dir='ltr'>participiis</span> <span class='ocrx_word' id='word_1_221' title='bbox 372 1986 462 2016; x_wconf 84' lang='lat' dir='ltr'>etiam</span> <span class='ocrx_word' id='word_1_222' title='bbox 474 1986 572 2026; x_wconf 90' lang='lat' dir='ltr'>jungi,</span> <span class='ocrx_word' id='word_1_223' title='bbox 588 1992 692 2017; x_wconf 88' lang='lat' dir='ltr'>notum</span> <span class='ocrx_word' id='word_1_224' title='bbox 709 1992 767 2017; x_wconf 89' lang='lat' dir='ltr'>est.</span> <span class='ocrx_word' id='word_1_225' title='bbox 798 1988 845 2017; x_wconf 91' lang='lat' dir='ltr'>Si-</span> 
     </span>
     <span class='ocr_line' id='line_1_42' title="bbox 139 2027 846 2070; baseline 0.006 -13"><span class='ocrx_word' id='word_1_226' title='bbox 139 2027 264 2067; x_wconf 83' lang='lat' dir='ltr'>gnificat</span> <span class='ocrx_word' id='word_1_227' title='bbox 287 2035 398 2064; x_wconf 82' lang='lat' dir='ltr'>antem,</span> <span class='ocrx_word' id='word_1_228' title='bbox 423 2039 513 2069; x_wconf 82' lang='lat' dir='ltr'>posse,</span> <span class='ocrx_word' id='word_1_229' title='bbox 529 2030 611 2065; x_wconf 82' lang='lat' dir='ltr'>velle,</span> <span class='ocrx_word' id='word_1_230' title='bbox 630 2031 737 2066; x_wconf 84' lang='lat' dir='ltr'>debere,</span> <span class='ocrx_word' id='word_1_231' title='bbox 753 2036 846 2070; x_wconf 90' lang='lat' dir='ltr'>prout</span> 
     </span>
     <span class='ocr_line' id='line_1_43' title="bbox 138 2071 844 2113; baseline 0.006 -13"><span class='ocrx_word' id='word_1_232' title='bbox 138 2071 289 2101; x_wconf 86' lang='lat' dir='ltr'>sententia</span> <span class='ocrx_word' id='word_1_233' title='bbox 303 2072 454 2110; x_wconf 83' lang='lat' dir='ltr'>postulat:</span> <span class='ocrx_word' id='word_1_234' title='bbox 480 2078 513 2102; x_wconf 88' lang='lat' dir='ltr'>ut</span> <span class='ocrx_word' id='word_1_235' title='bbox 524 2072 586 2108; x_wconf 83' lang='lat' dir='ltr'>hic,</span> <span class='ocrx_word' id='word_1_236' title='bbox 601 2072 634 2102; x_wconf 70' lang='grc' dir='ltr'>ἂν</span> <span class='ocrx_word' id='word_1_237' title='bbox 647 2072 773 2109; x_wconf 81' lang='grc' dir='ltr'><strong>ἑλέσθαι,</strong></span> <span class='ocrx_word' id='word_1_238' title='bbox 789 2085 844 2113; x_wconf 87' lang='lat' dir='ltr'>pro</span> 
     </span>
     <span class='ocr_line' id='line_1_44' title="bbox 133 2111 843 2156; baseline 0.006 -13"><span class='ocrx_word' id='word_1_239' title='bbox 133 2111 262 2144; x_wconf 75' lang='grc' dir='ltr'><strong>ἐθέλειν</strong></span> <span class='ocrx_word' id='word_1_240' title='bbox 253 2113 386 2145; x_wconf 69' lang='grc' dir='ltr'><strong>ελέσθαι.</strong></span> <span class='ocrx_word' id='word_1_241' title='bbox 419 2115 518 2146; x_wconf 81' lang='lat' dir='ltr'>Latini</span> <span class='ocrx_word' id='word_1_242' title='bbox 534 2126 588 2156; x_wconf 87' lang='lat' dir='ltr'>per</span> <span class='ocrx_word' id='word_1_243' title='bbox 603 2116 704 2146; x_wconf 83' lang='lat' dir='ltr'>omnia</span> <span class='ocrx_word' id='word_1_244' title='bbox 719 2119 843 2155; x_wconf 89' lang='lat' dir='ltr'>subjun-</span> 
     </span>
     <span class='ocr_line' id='line_1_45' title="bbox 132 2156 844 2199; baseline 0.004 -13"><span class='ocrx_word' id='word_1_245' title='bbox 132 2156 214 2187; x_wconf 77' lang='lat' dir='ltr'>ctivi</span> <span class='ocrx_word' id='word_1_246' title='bbox 234 2161 370 2197; x_wconf 82' lang='lat' dir='ltr'>tempora</span> <span class='ocrx_word' id='word_1_247' title='bbox 389 2158 447 2188; x_wconf 83' lang='lat' dir='ltr'>hoc</span> <span class='ocrx_word' id='word_1_248' title='bbox 469 2168 565 2197; x_wconf 83' lang='lat' dir='ltr'>genus</span> <span class='ocrx_word' id='word_1_249' title='bbox 590 2159 752 2190; x_wconf 86' lang='lat' dir='ltr'>locutionis</span> <span class='ocrx_word' id='word_1_250' title='bbox 773 2170 844 2199; x_wconf 89' lang='lat' dir='ltr'>pro-</span> 
     </span>
     <span class='ocr_line' id='line_1_46' title="bbox 135 2199 844 2253; baseline 0.007 -24"><span class='ocrx_word' id='word_1_251' title='bbox 135 2199 285 2236; x_wconf 80' lang='lat' dir='ltr'>nuntiant,</span> <span class='ocrx_word' id='word_1_252' title='bbox 309 2200 436 2231; x_wconf 79' lang='lat' dir='ltr'>Linacro</span> <span class='ocrx_word' id='word_1_253' title='bbox 459 2207 595 2231; x_wconf 86' lang='lat' dir='ltr'>auctore.</span> <span class='ocrx_word' id='word_1_254' title='bbox 618 2202 650 2232; x_wconf 72' lang='grc' dir='ltr'>ἂν</span> <span class='ocrx_word' id='word_1_255' title='bbox 671 2202 762 2232; x_wconf 87' lang='lat' dir='ltr'>etiam</span> <span class='ocrx_word' id='word_1_256' title='bbox 786 2214 844 2253; x_wconf 80' lang='lat' dir='ltr'>pro</span> 
     </span>
     <span class='ocr_line' id='line_1_47' title="bbox 134 2240 842 2286; baseline 0.006 -13"><span class='ocrx_word' id='word_1_257' title='bbox 134 2240 182 2273; x_wconf 76' lang='grc' dir='ltr'><strong>ἐὰν</strong></span> <span class='ocrx_word' id='word_1_258' title='bbox 195 2243 331 2283; x_wconf 85' lang='lat' dir='ltr'>ponitur,</span> <span class='ocrx_word' id='word_1_259' title='bbox 345 2249 377 2274; x_wconf 90' lang='lat' dir='ltr'>ut</span> <span class='ocrx_word' id='word_1_260' title='bbox 391 2244 424 2274; x_wconf 77' lang='grc' dir='ltr'>ἂν</span> <span class='ocrx_word' id='word_1_261' title='bbox 439 2242 497 2278; x_wconf 75' lang='grc' dir='ltr'>Θεὸς</span> <span class='ocrx_word' id='word_1_262' title='bbox 512 2243 610 2274; x_wconf 83' lang='grc' dir='ltr'><strong>ἐθελοι.</strong></span> <span class='ocrx_word' id='word_1_263' title='bbox 625 2244 686 2285; x_wconf 69' lang='grc' dir='ltr'><strong>κᾷν,</strong></span> <span class='ocrx_word' id='word_1_264' title='bbox 699 2256 760 2286; x_wconf 75' lang='grc' dir='ltr'><strong>κᾳν,</strong></span> <span class='ocrx_word' id='word_1_265' title='bbox 773 2249 842 2283; x_wconf 79' lang='lat' dir='ltr'>size,</span> 
     </span>
     <span class='ocr_line' id='line_1_48' title="bbox 135 2277 844 2329; baseline 0.006 -14"><span class='ocrx_word' id='word_1_266' title='bbox 135 2285 281 2337; x_wconf 70' lang='grc' dir='ltr'><strong>εἱυε,κᾳ“ν,</strong></span> <span class='ocrx_word' id='word_1_267' title='bbox 295 2289 418 2322; x_wconf 80' lang='lat' dir='ltr'>tametsi,</span> <span class='ocrx_word' id='word_1_268' title='bbox 432 2287 544 2323; x_wconf 81' lang='lat' dir='ltr'>saltem,</span> <span class='ocrx_word' id='word_1_269' title='bbox 568 2277 726 2318; x_wconf 64' lang='lat' dir='ltr'>iuter&#39;dum</span> <span class='ocrx_word' id='word_1_270' title='bbox 740 2294 771 2319; x_wconf 90' lang='lat' dir='ltr'>et</span> <span class='ocrx_word' id='word_1_271' title='bbox 792 2289 844 2329; x_wconf 77' lang='grc' dir='ltr'>κᾷν</span> 
     </span>
     <span class='ocr_line' id='line_1_49' title="bbox 135 2326 843 2374; baseline 0.006 -16"><span class='ocrx_word' id='word_1_272' title='bbox 135 2338 193 2368; x_wconf 82' lang='lat' dir='ltr'>pro</span> <span class='ocrx_word' id='word_1_273' title='bbox 207 2326 263 2360; x_wconf 76' lang='grc' dir='ltr'><strong>ἐάν.</strong></span> <span class='ocrx_word' id='word_1_274' title='bbox 277 2327 341 2370; x_wconf 75' lang='grc' dir='ltr'><strong>ιιοῖν,</strong></span> <span class='ocrx_word' id='word_1_275' title='bbox 354 2329 403 2360; x_wconf 71' lang='grc' dir='ltr'>καὶ</span> <span class='ocrx_word' id='word_1_276' title='bbox 418 2329 454 2361; x_wconf 82' lang='grc' dir='ltr'>ἐν.</span> <span class='ocrx_word' id='word_1_277' title='bbox 474 2329 601 2367; x_wconf 75' lang='grc' dir='ltr'>ἑλέσθαι,</span> <span class='ocrx_word' id='word_1_278' title='bbox 612 2341 630 2361; x_wconf 90' lang='lat' dir='ltr'>a</span> <span class='ocrx_word' id='word_1_279' title='bbox 642 2333 737 2362; x_wconf 88' lang='lat' dir='ltr'>verbo</span> <span class='ocrx_word' id='word_1_280' title='bbox 753 2333 843 2374; x_wconf 62' lang='grc' dir='ltr'><strong>αἱροῦ-</strong></span> 
     </span>
     <span class='ocr_line' id='line_1_50' title="bbox 132 2382 201 2412; baseline 0 -10"><span class='ocrx_word' id='word_1_281' title='bbox 132 2382 201 2412; x_wconf 53' lang='lat' dir='ltr'>Wl-</span> 
     </span>
    </p>

    <p class='ocr_par' dir='ltr' id='par_1_8' title="bbox 132 2414 842 2531">
     <span class='ocr_line' id='line_1_51' title="bbox 176 2414 842 2458; baseline 0.009 -14"><span class='ocrx_word' id='word_1_282' title='bbox 176 2414 310 2445; x_wconf 87' lang='lat' dir='ltr'>—ibid.</span> <span class='ocrx_word' id='word_1_283' title='bbox 325 2414 456 2458; x_wconf 77' lang='grc' dir='ltr'><strong>ἑλέσθαι]</strong></span> <span class='ocrx_word' id='word_1_284' title='bbox 478 2417 612 2447; x_wconf 86' lang='lat' dir='ltr'>Noema:</span> <span class='ocrx_word' id='word_1_285' title='bbox 635 2418 766 2449; x_wconf 85' lang='lat' dir='ltr'>Publica</span> <span class='ocrx_word' id='word_1_286' title='bbox 783 2419 842 2450; x_wconf 91' lang='lat' dir='ltr'>uti-</span> 
     </span>
     <span class='ocr_line' id='line_1_52' title="bbox 133 2457 844 2503; baseline 0.01 -16"><span class='ocrx_word' id='word_1_287' title='bbox 133 2457 206 2488; x_wconf 82' lang='lat' dir='ltr'>litas</span> <span class='ocrx_word' id='word_1_288' title='bbox 220 2461 432 2498; x_wconf 78' lang='lat' dir='ltr'>anteponenda</span> <span class='ocrx_word' id='word_1_289' title='bbox 446 2464 494 2490; x_wconf 89' lang='lat' dir='ltr'>est</span> <span class='ocrx_word' id='word_1_290' title='bbox 504 2461 622 2499; x_wconf 82' lang='lat' dir='ltr'>magnis</span> <span class='ocrx_word' id='word_1_291' title='bbox 633 2462 764 2502; x_wconf 87' lang='lat' dir='ltr'>privatis</span> <span class='ocrx_word' id='word_1_292' title='bbox 775 2464 844 2503; x_wconf 88' lang='lat' dir='ltr'>opi-</span> 
     </span>
     <span class='ocr_line' id='line_1_53' title="bbox 132 2501 202 2531; baseline 0 0"><span class='ocrx_word' id='word_1_293' title='bbox 132 2501 202 2531; x_wconf 88' lang='lat' dir='ltr'>bus.</span> 
     </span>
    </p>

    <p class='ocr_par' dir='ltr' id='par_1_9' title="bbox 132 2543 842 2757">
     <span class='ocr_line' id='line_1_54' title="bbox 176 2543 842 2594; baseline 0.009 -20"><span class='ocrx_word' id='word_1_294' title='bbox 176 2543 312 2574; x_wconf 82' lang='lat' dir='ltr'>-ibid.</span> <span class='ocrx_word' id='word_1_295' title='bbox 334 2543 452 2594; x_wconf 80' lang='grc' dir='ltr'><strong><em>νομίζω]</em></strong></span> <span class='ocrx_word' id='word_1_296' title='bbox 480 2545 561 2576; x_wconf 76' lang='lat' dir='ltr'>Cur-&#39;⁰</span> <span class='ocrx_word' id='word_1_297' title='bbox 584 2546 656 2586; x_wconf 83' lang='lat' dir='ltr'>quia</span> <span class='ocrx_word' id='word_1_298' title='bbox 680 2547 756 2579; x_wconf 88' lang='lat' dir='ltr'>estis</span> <span class='ocrx_word' id='word_1_299' title='bbox 779 2559 842 2579; x_wconf 87' lang='lat' dir='ltr'>ma-</span> 
     </span>
     <span class='ocr_line' id='line_1_55' title="bbox 132 2587 842 2628; baseline 0.009 -11"><span class='ocrx_word' id='word_1_300' title='bbox 132 2587 277 2627; x_wconf 77' lang='lat' dir='ltr'>gnanimi,</span> <span class='ocrx_word' id='word_1_301' title='bbox 292 2587 364 2627; x_wconf 91' lang='lat' dir='ltr'>quia</span> <span class='ocrx_word' id='word_1_302' title='bbox 377 2589 498 2628; x_wconf 86' lang='lat' dir='ltr'>reipub.</span> <span class='ocrx_word' id='word_1_303' title='bbox 511 2595 654 2621; x_wconf 88' lang='lat' dir='ltr'>amantes.</span> <span class='ocrx_word' id='word_1_304' title='bbox 678 2591 730 2622; x_wconf 90' lang='lat' dir='ltr'>Sic</span> <span class='ocrx_word' id='word_1_305' title='bbox 746 2593 842 2623; x_wconf 81' lang='lat' dir='ltr'>Athe-</span> 
     </span>
     <span class='ocr_line' id='line_1_56' title="bbox 132 2629 840 2672; baseline 0.007 -11"><span class='ocrx_word' id='word_1_306' title='bbox 132 2629 287 2661; x_wconf 86' lang='lat' dir='ltr'>niensibus</span> <span class='ocrx_word' id='word_1_307' title='bbox 303 2630 337 2661; x_wconf 86' lang='lat' dir='ltr'>id</span> <span class='ocrx_word' id='word_1_308' title='bbox 360 2632 479 2669; x_wconf 78' lang='lat' dir='ltr'>tribuit,</span> <span class='ocrx_word' id='word_1_309' title='bbox 490 2632 572 2672; x_wconf 90' lang='lat' dir='ltr'>quod</span> <span class='ocrx_word' id='word_1_310' title='bbox 594 2634 653 2664; x_wconf 88' lang='lat' dir='ltr'>etsi</span> <span class='ocrx_word' id='word_1_311' title='bbox 675 2635 704 2664; x_wconf 92' lang='lat' dir='ltr'>in</span> <span class='ocrx_word' id='word_1_312' title='bbox 721 2634 766 2664; x_wconf 83' lang='lat' dir='ltr'>eis</span> <span class='ocrx_word' id='word_1_313' title='bbox 782 2646 840 2666; x_wconf 87' lang='lat' dir='ltr'>uon</span> 
     </span>
     <span class='ocr_line' id='line_1_57' title="bbox 132 2674 840 2718; baseline 0.008 -15"><span class='ocrx_word' id='word_1_314' title='bbox 132 2677 199 2703; x_wconf 79' lang='lat' dir='ltr'>erat</span> <span class='ocrx_word' id='word_1_315' title='bbox 213 2674 353 2710; x_wconf 82' lang='lat' dir='ltr'>fortasse,</span> <span class='ocrx_word' id='word_1_316' title='bbox 368 2680 467 2706; x_wconf 83' lang='lat' dir='ltr'>tamen</span> <span class='ocrx_word' id='word_1_317' title='bbox 488 2675 620 2706; x_wconf 89' lang='lat' dir='ltr'>debebat</span> <span class='ocrx_word' id='word_1_318' title='bbox 639 2687 721 2714; x_wconf 83' lang='lat' dir='ltr'>esse,</span> <span class='ocrx_word' id='word_1_319' title='bbox 743 2680 840 2718; x_wconf 88' lang='lat' dir='ltr'>majus</span> 
     </span>
     <span class='ocr_line' id='line_1_58' title="bbox 132 2716 733 2757; baseline 0.007 -11"><span class='ocrx_word' id='word_1_320' title='bbox 132 2716 266 2756; x_wconf 83' lang='lat' dir='ltr'>publioae</span> <span class='ocrx_word' id='word_1_321' title='bbox 280 2727 368 2757; x_wconf 76' lang='lat' dir='ltr'>quam</span> <span class='ocrx_word' id='word_1_322' title='bbox 383 2719 511 2757; x_wconf 81' lang='lat' dir='ltr'>privatae</span> <span class='ocrx_word' id='word_1_323' title='bbox 527 2719 571 2748; x_wconf 82' lang='lat' dir='ltr'>rei</span> <span class='ocrx_word' id='word_1_324' title='bbox 587 2719 733 2750; x_wconf 80' lang='lat' dir='ltr'>studium.</span> 
     </span>
    </p>

    <p class='ocr_par' dir='ltr' id='par_1_10' title="bbox 132 2759 842 2890">
     <span class='ocr_line' id='line_1_59' title="bbox 175 2759 841 2803; baseline 0.009 -15"><span class='ocrx_word' id='word_1_325' title='bbox 175 2759 308 2790; x_wconf 84' lang='lat' dir='ltr'>—ibid.</span> <span class='ocrx_word' id='word_1_326' title='bbox 322 2760 441 2803; x_wconf 71' lang='grc' dir='ltr'><strong>νομίζω]</strong></span> <span class='ocrx_word' id='word_1_327' title='bbox 469 2762 664 2792; x_wconf 76' lang='lat' dir='ltr'>Temeritatis</span> <span class='ocrx_word' id='word_1_328' title='bbox 683 2767 743 2799; x_wconf 81' lang='lat' dir='ltr'>est,</span> <span class='ocrx_word' id='word_1_329' title='bbox 763 2764 841 2794; x_wconf 82' lang='lat' dir='ltr'>affir-</span> 
     </span>
     <span class='ocr_line' id='line_1_60' title="bbox 132 2802 841 2844; baseline 0.009 -13"><span class='ocrx_word' id='word_1_330' title='bbox 132 2811 216 2832; x_wconf 74' lang='lat' dir='ltr'>mare</span> <span class='ocrx_word' id='word_1_331' title='bbox 231 2802 289 2833; x_wconf 84' lang='lat' dir='ltr'>tibi</span> <span class='ocrx_word' id='word_1_332' title='bbox 304 2810 499 2844; x_wconf 84' lang='lat' dir='ltr'>perspectum</span> <span class='ocrx_word' id='word_1_333' title='bbox 520 2815 590 2835; x_wconf 85' lang='lat' dir='ltr'>esse</span> <span class='ocrx_word' id='word_1_334' title='bbox 608 2806 757 2836; x_wconf 80' lang='lat' dir='ltr'>auditoris</span> <span class='ocrx_word' id='word_1_335' title='bbox 777 2808 841 2837; x_wconf 82' lang='lat' dir='ltr'>ani-</span> 
     </span>
     <span class='ocr_line' id='line_1_61' title="bbox 132 2847 842 2890; baseline 0.008 -16"><span class='ocrx_word' id='word_1_336' title='bbox 132 2854 227 2875; x_wconf 86' lang='lat' dir='ltr'>mum.</span> <span class='ocrx_word' id='word_1_337' title='bbox 265 2847 424 2879; x_wconf 81' lang='lat' dir='ltr'>Interdum</span> <span class='ocrx_word' id='word_1_338' title='bbox 439 2853 539 2879; x_wconf 81' lang='lat' dir='ltr'>tamen</span> <span class='ocrx_word' id='word_1_339' title='bbox 555 2848 587 2878; x_wconf 84' lang='lat' dir='ltr'>id</span> <span class='ocrx_word' id='word_1_340' title='bbox 599 2849 709 2880; x_wconf 86' lang='lat' dir='ltr'>callide</span> <span class='ocrx_word' id='word_1_341' title='bbox 725 2849 842 2890; x_wconf 84' lang='lat' dir='ltr'>fingunt</span> 
     </span>
    </p>

    <p class='ocr_par' dir='ltr' id='par_1_11' title="bbox 109 2892 281 2918">
     <span class='ocr_line' id='line_1_62' title="bbox 109 2892 281 2918; baseline 0.013 -2"><span class='ocrx_word' id='word_1_342' title='bbox 109 2912 113 2916; x_wconf 88' lang='lat'>.</span> <span class='ocrx_word' id='word_1_343' title='bbox 133 2892 281 2918; x_wconf 75' lang='lat' dir='ltr'>oratores.</span> 
     </span>
    </p>

    <p class='ocr_par' dir='ltr' id='par_1_12' title="bbox 131 2929 843 3019">
     <span class='ocr_line' id='line_1_63' title="bbox 174 2929 843 2976; baseline 0.012 -17"><span class='ocrx_word' id='word_1_344' title='bbox 174 2946 218 2953; x_wconf 88' lang='lat'>-—·</span> <span class='ocrx_word' id='word_1_345' title='bbox 231 2929 308 2962; x_wconf 87' lang='lat' dir='ltr'>ibid.</span> <span class='ocrx_word' id='word_1_346' title='bbox 320 2932 343 2963; x_wconf 79' lang='grc' dir='ltr'>εἴ</span> <span class='ocrx_word' id='word_1_347' title='bbox 353 2933 462 2976; x_wconf 74' lang='grc' dir='ltr'><strong>φανερὸν</strong></span> <span class='ocrx_word' id='word_1_348' title='bbox 471 2933 592 2976; x_wconf 81' lang='grc' dir='ltr'><strong>γένοιτο]</strong></span> <span class='ocrx_word' id='word_1_349' title='bbox 606 2936 690 2976; x_wconf 86' lang='lat' dir='ltr'>Ergo</span> <span class='ocrx_word' id='word_1_350' title='bbox 700 2936 843 2967; x_wconf 76' lang='lat' dir='ltr'>dubitant</span> 
     </span>
     <span class='ocr_line' id='line_1_64' title="bbox 131 2972 842 3019; baseline 0.01 -16"><span class='ocrx_word' id='word_1_351' title='bbox 131 2977 164 3004; x_wconf 86' lang='lat' dir='ltr'>et</span> <span class='ocrx_word' id='word_1_352' title='bbox 174 2972 321 3013; x_wconf 77' lang='lat' dir='ltr'>ignorant</span> <span class='ocrx_word' id='word_1_353' title='bbox 326 2977 491 3012; x_wconf 77' lang='lat' dir='ltr'>auditores,</span> <span class='ocrx_word' id='word_1_354' title='bbox 504 2979 578 3018; x_wconf 89' lang='lat' dir='ltr'>quid</span> <span class='ocrx_word' id='word_1_355' title='bbox 592 2980 632 3010; x_wconf 86' lang='lat' dir='ltr'>sit</span> <span class='ocrx_word' id='word_1_356' title='bbox 644 2990 661 3009; x_wconf 89' lang='lat' dir='ltr'>e</span> <span class='ocrx_word' id='word_1_357' title='bbox 673 2980 842 3019; x_wconf 82' lang='lat' dir='ltr'>republica.</span> 
     </span>
    </p>

    <p class='ocr_par' dir='ltr' id='par_1_13' title="bbox 173 3015 842 3063">
     <span class='ocr_line' id='line_1_65' title="bbox 173 3015 842 3063; baseline 0.012 -16"><span class='ocrx_word' id='word_1_358' title='bbox 173 3015 305 3049; x_wconf 85' lang='lat' dir='ltr'>-ibid.</span> <span class='ocrx_word' id='word_1_359' title='bbox 325 3017 427 3057; x_wconf 80' lang='grc' dir='ltr'><strong>γένοιτο</strong></span> <span class='ocrx_word' id='word_1_360' title='bbox 451 3021 501 3063; x_wconf 64' lang='lat' dir='ltr'>rra]</span> <span class='ocrx_word' id='word_1_361' title='bbox 529 3022 629 3054; x_wconf 86' lang='lat' dir='ltr'>Vides</span> <span class='ocrx_word' id='word_1_362' title='bbox 657 3023 842 3055; x_wconf 85' lang='lat' dir='ltr'>Demosthe-</span> 
     </span>
    </p>
   </div>
   <div class='ocr_carea' id='block_1_3' title="bbox 1517 202 1600 244">
    <p class='ocr_par' dir='ltr' id='par_1_14' title="bbox 1517 202 1600 244">
     <span class='ocr_line' id='line_1_66' title="bbox 1517 202 1600 244; baseline 0 -1"><span class='ocrx_word' id='word_1_363' title='bbox 1517 202 1600 244; x_wconf 84' lang='lat'>323</span> 
     </span>
    </p>
   </div>
   <div class='ocr_carea' id='block_1_4' title="bbox 882 308 1605 994">
    <p class='ocr_par' dir='ltr' id='par_1_15' title="bbox 883 308 1605 898">
     <span class='ocr_line' id='line_1_67' title="bbox 894 308 1605 350; baseline 0 -12"><span class='ocrx_word' id='word_1_364' title='bbox 894 319 961 339; x_wconf 89' lang='lat' dir='ltr'>nem</span> <span class='ocrx_word' id='word_1_365' title='bbox 984 311 1080 339; x_wconf 85' lang='lat' dir='ltr'>menti</span> <span class='ocrx_word' id='word_1_366' title='bbox 1104 310 1219 341; x_wconf 89' lang='lat' dir='ltr'>servire</span> <span class='ocrx_word' id='word_1_367' title='bbox 1236 311 1331 350; x_wconf 84' lang='lat' dir='ltr'>magis</span> <span class='ocrx_word' id='word_1_368' title='bbox 1349 320 1436 350; x_wconf 86' lang='lat' dir='ltr'>quam</span> <span class='ocrx_word' id='word_1_369' title='bbox 1458 308 1605 339; x_wconf 69' lang='lat' dir='ltr'>auribus?</span> 
     </span>
     <span class='ocr_line' id='line_1_68' title="bbox 892 350 1602 394; baseline 0 -13"><span class='ocrx_word' id='word_1_370' title='bbox 892 361 977 387; x_wconf 85' lang='lat' dir='ltr'>mox,</span> <span class='ocrx_word' id='word_1_371' title='bbox 992 353 1128 382; x_wconf 75' lang='grc' dir='ltr'><strong>σκοπεῖτε</strong></span> <span class='ocrx_word' id='word_1_372' title='bbox 1143 353 1198 384; x_wconf 72' lang='grc' dir='ltr'><strong>ὅτε.</strong></span> <span class='ocrx_word' id='word_1_373' title='bbox 1244 355 1332 388; x_wconf 87' lang='lat' dir='ltr'>Item,</span> <span class='ocrx_word' id='word_1_374' title='bbox 1349 354 1480 394; x_wconf 69' lang='grc' dir='ltr'><strong>πςοσῖιιιει</strong></span> <span class='ocrx_word' id='word_1_375' title='bbox 1501 350 1602 392; x_wconf 64' lang='grc' dir='ltr'><strong>προθύ-</strong></span> 
     </span>
     <span class='ocr_line' id='line_1_69' title="bbox 889 395 1601 434; baseline 0.003 -11"><span class='ocrx_word' id='word_1_376' title='bbox 889 406 965 434; x_wconf 80' lang='grc' dir='ltr'><strong>μως.</strong></span> <span class='ocrx_word' id='word_1_377' title='bbox 980 395 1072 433; x_wconf 84' lang='lat' dir='ltr'>paulo</span> <span class='ocrx_word' id='word_1_378' title='bbox 1088 401 1170 433; x_wconf 84' lang='lat' dir='ltr'>post,</span> <span class='ocrx_word' id='word_1_379' title='bbox 1184 395 1289 426; x_wconf 63' lang='grc' dir='ltr'><strong>ἐθέλειν</strong></span> <span class='ocrx_word' id='word_1_380' title='bbox 1306 397 1419 427; x_wconf 74' lang='grc' dir='ltr'><strong>ἀκούειν.</strong></span> <span class='ocrx_word' id='word_1_381' title='bbox 1435 402 1525 434; x_wconf 86' lang='lat' dir='ltr'>atque</span> <span class='ocrx_word' id='word_1_382' title='bbox 1541 395 1601 425; x_wconf 86' lang='lat' dir='ltr'>ite-</span> 
     </span>
     <span class='ocr_line' id='line_1_70' title="bbox 890 435 1598 478; baseline 0.003 -12"><span class='ocrx_word' id='word_1_383' title='bbox 890 447 971 473; x_wconf 87' lang='lat' dir='ltr'>rum,</span> <span class='ocrx_word' id='word_1_384' title='bbox 997 435 1141 472; x_wconf 61' lang='grc' dir='ltr'><strong>ἐπελθεῖν,</strong></span> <span class='ocrx_word' id='word_1_385' title='bbox 1163 439 1260 469; x_wconf 78' lang='grc' dir='ltr'><strong>εἰπεῖν.</strong></span> <span class='ocrx_word' id='word_1_386' title='bbox 1304 440 1395 476; x_wconf 84' lang='lat' dir='ltr'>Item,</span> <span class='ocrx_word' id='word_1_387' title='bbox 1418 439 1494 478; x_wconf 70' lang='grc' dir='ltr'>εἶπες</span> <span class='ocrx_word' id='word_1_388' title='bbox 1517 436 1598 478; x_wconf 72' lang='grc' dir='ltr'><strong>ὑπὲξ.</strong></span> 
     </span>
     <span class='ocr_line' id='line_1_71' title="bbox 891 481 1598 520; baseline 0.001 -11"><span class='ocrx_word' id='word_1_389' title='bbox 891 481 991 519; x_wconf 83' lang='lat' dir='ltr'>Atque</span> <span class='ocrx_word' id='word_1_390' title='bbox 1005 481 1080 509; x_wconf 80' lang='lat' dir='ltr'>adeo</span> <span class='ocrx_word' id='word_1_391' title='bbox 1093 491 1151 510; x_wconf 82' lang='lat' dir='ltr'>non</span> <span class='ocrx_word' id='word_1_392' title='bbox 1169 482 1264 510; x_wconf 88' lang='lat' dir='ltr'>multo</span> <span class='ocrx_word' id='word_1_393' title='bbox 1279 487 1362 520; x_wconf 85' lang='lat' dir='ltr'>post,</span> <span class='ocrx_word' id='word_1_394' title='bbox 1375 482 1459 520; x_wconf 86' lang='lat' dir='ltr'>quasi</span> <span class='ocrx_word' id='word_1_395' title='bbox 1477 485 1598 520; x_wconf 81' lang='lat' dir='ltr'>gustata</span> 
     </span>
     <span class='ocr_line' id='line_1_72' title="bbox 889 523 1596 563; baseline 0.001 -11"><span class='ocrx_word' id='word_1_396' title='bbox 889 523 1021 552; x_wconf 86' lang='lat' dir='ltr'>Hesiodi</span> <span class='ocrx_word' id='word_1_397' title='bbox 1039 524 1137 559; x_wconf 88' lang='lat' dir='ltr'>lauru,</span> <span class='ocrx_word' id='word_1_398' title='bbox 1151 528 1241 562; x_wconf 86' lang='lat' dir='ltr'>poeta</span> <span class='ocrx_word' id='word_1_399' title='bbox 1258 530 1382 563; x_wconf 86' lang='lat' dir='ltr'>repente</span> <span class='ocrx_word' id='word_1_400' title='bbox 1405 525 1492 554; x_wconf 89' lang='lat' dir='ltr'>nobis</span> <span class='ocrx_word' id='word_1_401' title='bbox 1513 523 1596 553; x_wconf 89' lang='lat' dir='ltr'>exsi-</span> 
     </span>
     <span class='ocr_line' id='line_1_73' title="bbox 888 565 1599 606; baseline 0.003 -12"><span class='ocrx_word' id='word_1_402' title='bbox 888 566 952 601; x_wconf 82' lang='lat' dir='ltr'>stit,</span> <span class='ocrx_word' id='word_1_403' title='bbox 968 565 1086 603; x_wconf 67' lang='grc' dir='ltr'>τάγαθὰ</span> <span class='ocrx_word' id='word_1_404' title='bbox 1104 566 1147 606; x_wconf 86' lang='lat' dir='ltr'>(si</span> <span class='ocrx_word' id='word_1_405' title='bbox 1169 566 1198 596; x_wconf 66' lang='lat'>352</span> <span class='ocrx_word' id='word_1_406' title='bbox 1218 567 1402 606; x_wconf 79' lang='lat' dir='ltr'>interponaS,</span> <span class='ocrx_word' id='word_1_407' title='bbox 1415 577 1522 596; x_wconf 87' lang='lat' dir='ltr'>versus</span> <span class='ocrx_word' id='word_1_408' title='bbox 1538 566 1599 596; x_wconf 80' lang='lat' dir='ltr'>erit</span> 
     </span>
     <span class='ocr_line' id='line_1_74' title="bbox 887 608 1596 650; baseline 0.001 -13"><span class='ocrx_word' id='word_1_409' title='bbox 887 608 1022 648; x_wconf 83' lang='lat' dir='ltr'>integer)</span> <span class='ocrx_word' id='word_1_410' title='bbox 1034 611 1084 639; x_wconf 79' lang='grc' dir='ltr'><strong>τοῦ</strong></span> <span class='ocrx_word' id='word_1_411' title='bbox 1105 609 1275 639; x_wconf 69' lang='grc' dir='ltr'><strong>κτῆσασθαι</strong></span> <span class='ocrx_word' id='word_1_412' title='bbox 1297 610 1495 650; x_wconf 79' lang='grc' dir='ltr'><strong>χαλεπώτερον</strong></span> <span class='ocrx_word' id='word_1_413' title='bbox 1515 608 1596 639; x_wconf 75' lang='grc' dir='ltr'><strong>εἶναι.</strong></span> 
     </span>
     <span class='ocr_line' id='line_1_75' title="bbox 887 651 1595 691; baseline 0.001 -10"><span class='ocrx_word' id='word_1_414' title='bbox 887 651 1025 690; x_wconf 70' lang='lat' dir='ltr'>Hujus„</span> <span class='ocrx_word' id='word_1_415' title='bbox 1009 653 1130 682; x_wconf 69' lang='lat' dir='ltr'>veneris</span> <span class='ocrx_word' id='word_1_416' title='bbox 1145 653 1224 691; x_wconf 86' lang='lat' dir='ltr'>apud</span> <span class='ocrx_word' id='word_1_417' title='bbox 1243 652 1480 682; x_wconf 82' lang='lat' dir='ltr'>Demosthenem</span> <span class='ocrx_word' id='word_1_418' title='bbox 1496 656 1527 680; x_wconf 90' lang='lat' dir='ltr'>et</span> <span class='ocrx_word' id='word_1_419' title='bbox 1541 652 1595 682; x_wconf 88' lang='lat' dir='ltr'>Ci-</span> 
     </span>
     <span class='ocr_line' id='line_1_76' title="bbox 886 694 1595 735; baseline 0.001 -12"><span class='ocrx_word' id='word_1_420' title='bbox 886 705 1025 725; x_wconf 88' lang='lat' dir='ltr'>ceronem</span> <span class='ocrx_word' id='word_1_421' title='bbox 1043 695 1194 735; x_wconf 87' lang='lat' dir='ltr'>permulta</span> <span class='ocrx_word' id='word_1_422' title='bbox 1210 695 1439 735; x_wconf 85' lang='lat' dir='ltr'>reperiuntur.-</span> <span class='ocrx_word' id='word_1_423' title='bbox 1459 694 1595 733; x_wconf 86' lang='lat' dir='ltr'>AEquum</span> 
     </span>
     <span class='ocr_line' id='line_1_77' title="bbox 884 736 1595 776; baseline 0 -10"><span class='ocrx_word' id='word_1_424' title='bbox 884 737 979 776; x_wconf 86' lang='lat' dir='ltr'>igitur</span> <span class='ocrx_word' id='word_1_425' title='bbox 1004 739 1107 774; x_wconf 84' lang='lat' dir='ltr'>suerit,</span> <span class='ocrx_word' id='word_1_426' title='bbox 1130 749 1182 768; x_wconf 88' lang='lat' dir='ltr'>eos</span> <span class='ocrx_word' id='word_1_427' title='bbox 1207 739 1298 768; x_wconf 87' lang='lat' dir='ltr'>etiam</span> <span class='ocrx_word' id='word_1_428' title='bbox 1324 738 1413 768; x_wconf 88' lang='lat' dir='ltr'>nobis</span> <span class='ocrx_word' id='word_1_429' title='bbox 1438 736 1595 766; x_wconf 86' lang='lat' dir='ltr'>interdum</span> 
     </span>
     <span class='ocr_line' id='line_1_78' title="bbox 884 779 1594 821; baseline 0 -12"><span class='ocrx_word' id='word_1_430' title='bbox 884 779 1055 818; x_wconf 82' lang='lat' dir='ltr'>ignoscere,</span> <span class='ocrx_word' id='word_1_431' title='bbox 1069 786 1120 811; x_wconf 91' lang='lat' dir='ltr'>aut</span> <span class='ocrx_word' id='word_1_432' title='bbox 1132 788 1238 821; x_wconf 83' lang='lat' dir='ltr'>putare</span> <span class='ocrx_word' id='word_1_433' title='bbox 1252 792 1306 812; x_wconf 87' lang='lat' dir='ltr'>nos</span> <span class='ocrx_word' id='word_1_434' title='bbox 1318 791 1438 820; x_wconf 87' lang='lat' dir='ltr'>quoque</span> <span class='ocrx_word' id='word_1_435' title='bbox 1451 780 1594 810; x_wconf 85' lang='lat' dir='ltr'>dissimu-</span> 
     </span>
     <span class='ocr_line' id='line_1_79' title="bbox 883 823 1593 864; baseline 0.001 -12"><span class='ocrx_word' id='word_1_436' title='bbox 883 823 964 853; x_wconf 80' lang='lat' dir='ltr'>landi</span> <span class='ocrx_word' id='word_1_437' title='bbox 977 825 1199 855; x_wconf 82' lang='lat' dir='ltr'>artificiicausa</span> <span class='ocrx_word' id='word_1_438' title='bbox 1208 825 1329 861; x_wconf 87' lang='lat' dir='ltr'>fecisse,</span> <span class='ocrx_word' id='word_1_439' title='bbox 1337 834 1464 864; x_wconf 88' lang='lat' dir='ltr'>quorum</span> <span class='ocrx_word' id='word_1_440' title='bbox 1475 828 1593 853; x_wconf 80' lang='lat' dir='ltr'>tantum</span> 
     </span>
     <span class='ocr_line' id='line_1_80' title="bbox 884 868 1244 898; baseline 0.006 -2"><span class='ocrx_word' id='word_1_441' title='bbox 884 872 931 896; x_wconf 81' lang='lat' dir='ltr'>est</span> <span class='ocrx_word' id='word_1_442' title='bbox 946 868 1063 897; x_wconf 88' lang='lat' dir='ltr'>aurium</span> <span class='ocrx_word' id='word_1_443' title='bbox 1079 868 1244 898; x_wconf 76' lang='lat' dir='ltr'>fastidium.</span> 
     </span>
    </p>

    <p class='ocr_par' dir='ltr' id='par_1_16' title="bbox 882 907 1593 994">
     <span class='ocr_line' id='line_1_81' title="bbox 925 907 1593 951; baseline -0.002 -10"><span class='ocrx_word' id='word_1_444' title='bbox 925 928 968 933; x_wconf 92' lang='lat'>—</span> <span class='ocrx_word' id='word_1_445' title='bbox 982 911 1058 942; x_wconf 87' lang='lat' dir='ltr'>ibid.</span> <span class='ocrx_word' id='word_1_446' title='bbox 1083 911 1206 942; x_wconf 63' lang='grc' dir='ltr'><strong>ἑλέσθαι</strong></span> <span class='ocrx_word' id='word_1_447' title='bbox 1228 910 1340 951; x_wconf 80' lang='grc' dir='ltr'>νομίζω,</span> <span class='ocrx_word' id='word_1_448' title='bbox 1363 910 1386 940; x_wconf 84' lang='grc' dir='ltr'>εἲ</span> <span class='ocrx_word' id='word_1_449' title='bbox 1409 908 1517 950; x_wconf 70' lang='grc' dir='ltr'><strong>φανερὸν</strong></span> <span class='ocrx_word' id='word_1_450' title='bbox 1543 907 1593 946; x_wconf 80' lang='grc' dir='ltr'>γέ·</span> 
     </span>
     <span class='ocr_line' id='line_1_82' title="bbox 882 953 1592 994; baseline 0 -13"><span class='ocrx_word' id='word_1_451' title='bbox 882 953 967 994; x_wconf 84' lang='grc' dir='ltr'><strong>νοιτο]</strong></span> <span class='ocrx_word' id='word_1_452' title='bbox 998 954 1175 984; x_wconf 70' lang='lat' dir='ltr'>Pvoelaturos</span> <span class='ocrx_word' id='word_1_453' title='bbox 1197 956 1335 990; x_wconf 63' lang='lat' dir='ltr'>arbitr-,or</span> <span class='ocrx_word' id='word_1_454' title='bbox 1359 955 1382 983; x_wconf 83' lang='lat' dir='ltr'>si</span> <span class='ocrx_word' id='word_1_455' title='bbox 1403 954 1592 992; x_wconf 72' lang='lat' dir='ltr'>perspicuum</span> 
     </span>
    </p>
   </div>
   <div class='ocr_carea' id='block_1_5' title="bbox 873 994 1592 1038">
    <p class='ocr_par' dir='ltr' id='par_1_17' title="bbox 873 994 1592 1038">
     <span class='ocr_line' id='line_1_83' title="bbox 873 994 1592 1038; baseline -0.001 -13"><span class='ocrx_word' id='word_1_456' title='bbox 873 995 946 1035; x_wconf 81' lang='lat' dir='ltr'>fiat,</span> <span class='ocrx_word' id='word_1_457' title='bbox 964 996 1086 1027; x_wconf 74' lang='grc' dir='ltr'><strong>ελέσ-ἳιοιι</strong></span> <span class='ocrx_word' id='word_1_458' title='bbox 1102 999 1164 1027; x_wconf 77' lang='grc' dir='ltr'><strong>ἀντι</strong></span> <span class='ocrx_word' id='word_1_459' title='bbox 1180 999 1228 1027; x_wconf 75' lang='grc' dir='ltr'><strong>τοῦ</strong></span> <span class='ocrx_word' id='word_1_460' title='bbox 1243 995 1418 1038; x_wconf 72' lang='grc' dir='ltr'><strong>οιῖξὴσεσθοιι·</strong></span> <span class='ocrx_word' id='word_1_461' title='bbox 1430 994 1496 1026; x_wconf 81' lang='grc' dir='ltr'>κατ’</span> <span class='ocrx_word' id='word_1_462' title='bbox 1512 994 1592 1025; x_wconf 79' lang='grc' dir='ltr'><strong>ἔναλ-</strong></span> 
     </span>
    </p>
   </div>
   <div class='ocr_carea' id='block_1_6' title="bbox 879 1037 1592 1684">
    <p class='ocr_par' dir='ltr' id='par_1_18' title="bbox 882 1037 1590 1081">
     <span class='ocr_line' id='line_1_84' title="bbox 882 1037 1590 1081; baseline 0.001 -14"><span class='ocrx_word' id='word_1_463' title='bbox 882 1041 972 1077; x_wconf 69' lang='grc' dir='ltr'><strong>λαγῆν</strong></span> <span class='ocrx_word' id='word_1_464' title='bbox 991 1040 1095 1081; x_wconf 80' lang='grc' dir='ltr'><strong>χρόνου</strong></span> <span class='ocrx_word' id='word_1_465' title='bbox 1139 1041 1260 1070; x_wconf 85' lang='lat' dir='ltr'>Deinde</span> <span class='ocrx_word' id='word_1_466' title='bbox 1284 1039 1399 1070; x_wconf 75' lang='grc' dir='ltr'><strong>ἑλέσθαι</strong></span> <span class='ocrx_word' id='word_1_467' title='bbox 1420 1040 1442 1068; x_wconf 82' lang='grc' dir='ltr'>εἰ</span> <span class='ocrx_word' id='word_1_468' title='bbox 1465 1037 1590 1076; x_wconf 65' lang='grc' dir='ltr'><strong>γένοιτ-οε</strong></span> 
     </span>
    </p>

    <p class='ocr_par' dir='ltr' id='par_1_19' title="bbox 882 1082 1592 1123">
     <span class='ocr_line' id='line_1_85' title="bbox 882 1082 1592 1123; baseline 0 -12"><span class='ocrx_word' id='word_1_469' title='bbox 882 1083 1034 1120; x_wconf 78' lang='lat' dir='ltr'>particula</span> <span class='ocrx_word' id='word_1_470' title='bbox 1054 1084 1076 1113; x_wconf 87' lang='grc' dir='ltr'>εἶ</span> <span class='ocrx_word' id='word_1_471' title='bbox 1097 1095 1166 1114; x_wconf 89' lang='lat' dir='ltr'>cum</span> <span class='ocrx_word' id='word_1_472' title='bbox 1183 1084 1334 1123; x_wconf 88' lang='lat' dir='ltr'>optativo,</span> <span class='ocrx_word' id='word_1_473' title='bbox 1349 1093 1431 1122; x_wconf 71' lang='lat' dir='ltr'>saepe</span> <span class='ocrx_word' id='word_1_474' title='bbox 1447 1082 1516 1111; x_wconf 87' lang='lat' dir='ltr'>loco</span> <span class='ocrx_word' id='word_1_475' title='bbox 1540 1092 1592 1112; x_wconf 88' lang='lat' dir='ltr'>ac-</span> 
     </span>
    </p>

    <p class='ocr_par' dir='ltr' id='par_1_20' title="bbox 879 1126 1592 1684">
     <span class='ocr_line' id='line_1_86' title="bbox 881 1126 1589 1166; baseline 0.003 -13"><span class='ocrx_word' id='word_1_476' title='bbox 881 1126 1024 1162; x_wconf 82' lang='lat' dir='ltr'>cusativi,</span> <span class='ocrx_word' id='word_1_477' title='bbox 1041 1133 1091 1156; x_wconf 87' lang='lat' dir='ltr'>aut</span> <span class='ocrx_word' id='word_1_478' title='bbox 1107 1127 1233 1157; x_wconf 87' lang='lat' dir='ltr'>alterius</span> <span class='ocrx_word' id='word_1_479' title='bbox 1248 1137 1338 1157; x_wconf 88' lang='lat' dir='ltr'>casus</span> <span class='ocrx_word' id='word_1_480' title='bbox 1353 1137 1442 1166; x_wconf 91' lang='lat' dir='ltr'>quem</span> <span class='ocrx_word' id='word_1_481' title='bbox 1459 1126 1589 1155; x_wconf 85' lang='lat' dir='ltr'>verbum</span> 
     </span>
     <span class='ocr_line' id='line_1_87' title="bbox 881 1168 1592 1210; baseline 0.001 -13"><span class='ocrx_word' id='word_1_482' title='bbox 881 1168 993 1207; x_wconf 84' lang='lat' dir='ltr'>exigit,</span> <span class='ocrx_word' id='word_1_483' title='bbox 1010 1171 1148 1209; x_wconf 86' lang='lat' dir='ltr'>ponitur:</span> <span class='ocrx_word' id='word_1_484' title='bbox 1173 1171 1255 1210; x_wconf 88' lang='lat' dir='ltr'>quod</span> <span class='ocrx_word' id='word_1_485' title='bbox 1279 1175 1309 1200; x_wconf 87' lang='lat' dir='ltr'>et</span> <span class='ocrx_word' id='word_1_486' title='bbox 1330 1170 1361 1199; x_wconf 91' lang='lat' dir='ltr'>iu</span> <span class='ocrx_word' id='word_1_487' title='bbox 1384 1171 1520 1200; x_wconf 83' lang='lat' dir='ltr'>Isocrate</span> <span class='ocrx_word' id='word_1_488' title='bbox 1537 1178 1592 1198; x_wconf 88' lang='lat' dir='ltr'>no-</span> 
     </span>
     <span class='ocr_line' id='line_1_88' title="bbox 881 1212 1590 1243; baseline 0.003 -4"><span class='ocrx_word' id='word_1_489' title='bbox 881 1212 1025 1243; x_wconf 88' lang='lat' dir='ltr'>tavimus.</span> <span class='ocrx_word' id='word_1_490' title='bbox 1069 1215 1148 1243; x_wconf 86' lang='lat' dir='ltr'>Nam</span> <span class='ocrx_word' id='word_1_491' title='bbox 1179 1213 1212 1242; x_wconf 80' lang='grc' dir='ltr'><strong><em>τό</em></strong></span> <span class='ocrx_word' id='word_1_492' title='bbox 1243 1212 1365 1243; x_wconf 61' lang='grc' dir='ltr'><strong>ἑλέσθαι</strong></span> <span class='ocrx_word' id='word_1_493' title='bbox 1391 1217 1474 1242; x_wconf 89' lang='lat' dir='ltr'>certe</span> <span class='ocrx_word' id='word_1_494' title='bbox 1498 1221 1590 1241; x_wconf 76' lang='lat' dir='ltr'>accu-</span> 
     </span>
     <span class='ocr_line' id='line_1_89' title="bbox 881 1254 1588 1296; baseline 0.003 -14"><span class='ocrx_word' id='word_1_495' title='bbox 881 1254 1023 1290; x_wconf 85' lang='lat' dir='ltr'>sativum,</span> <span class='ocrx_word' id='word_1_496' title='bbox 1039 1262 1101 1291; x_wconf 86' lang='lat' dir='ltr'>aut,</span> <span class='ocrx_word' id='word_1_497' title='bbox 1117 1257 1168 1296; x_wconf 90' lang='lat' dir='ltr'>qui</span> <span class='ocrx_word' id='word_1_498' title='bbox 1185 1257 1265 1286; x_wconf 90' lang='lat' dir='ltr'>idem</span> <span class='ocrx_word' id='word_1_499' title='bbox 1280 1256 1392 1290; x_wconf 83' lang='lat' dir='ltr'>valeat,</span> <span class='ocrx_word' id='word_1_500' title='bbox 1404 1255 1588 1285; x_wconf 82' lang='lat' dir='ltr'>infinitivum</span> 
     </span>
     <span class='ocr_line' id='line_1_90' title="bbox 880 1297 1591 1339; baseline 0 -13"><span class='ocrx_word' id='word_1_501' title='bbox 880 1298 1028 1335; x_wconf 80' lang='lat' dir='ltr'>postulat,</span> <span class='ocrx_word' id='word_1_502' title='bbox 1052 1306 1083 1329; x_wconf 85' lang='lat' dir='ltr'>ut</span> <span class='ocrx_word' id='word_1_503' title='bbox 1104 1300 1170 1330; x_wconf 74' lang='lat' dir='ltr'>hic:</span> <span class='ocrx_word' id='word_1_504' title='bbox 1194 1301 1271 1339; x_wconf 76' lang='grc' dir='ltr'>ὐμῖἰς</span> <span class='ocrx_word' id='word_1_505' title='bbox 1287 1298 1409 1329; x_wconf 57' lang='grc' dir='ltr'><strong>ἑλέσθαι</strong></span> <span class='ocrx_word' id='word_1_506' title='bbox 1428 1297 1461 1327; x_wconf 73' lang='grc' dir='ltr'>τὸ</span> <span class='ocrx_word' id='word_1_507' title='bbox 1481 1297 1591 1337; x_wconf 77' lang='grc' dir='ltr'><strong>μέλλον</strong></span> 
     </span>
     <span class='ocr_line' id='line_1_91' title="bbox 880 1339 1591 1383; baseline 0.003 -15"><span class='ocrx_word' id='word_1_508' title='bbox 880 1339 1010 1370; x_wconf 79' lang='grc' dir='ltr'><strong>συνοίσειν</strong></span> <span class='ocrx_word' id='word_1_509' title='bbox 1035 1342 1072 1383; x_wconf 66' lang='grc' dir='ltr'>τῇ</span> <span class='ocrx_word' id='word_1_510' title='bbox 1092 1343 1186 1377; x_wconf 75' lang='grc' dir='ltr'><strong>πόλει,</strong></span> <span class='ocrx_word' id='word_1_511' title='bbox 1215 1341 1325 1382; x_wconf 71' lang='grc' dir='ltr'><strong>φανεξέν</strong></span> <span class='ocrx_word' id='word_1_512' title='bbox 1352 1341 1501 1380; x_wconf 76' lang='grc' dir='ltr'><strong>γενόμενον,</strong></span> <span class='ocrx_word' id='word_1_513' title='bbox 1532 1341 1591 1370; x_wconf 82' lang='lat' dir='ltr'>hoc.</span> 
     </span>
     <span class='ocr_line' id='line_1_92' title="bbox 881 1383 1591 1425; baseline 0.001 -14"><span class='ocrx_word' id='word_1_514' title='bbox 881 1387 940 1418; x_wconf 86' lang='lat' dir='ltr'>est,</span> <span class='ocrx_word' id='word_1_515' title='bbox 965 1383 999 1413; x_wconf 79' lang='grc' dir='ltr'>τὸ</span> <span class='ocrx_word' id='word_1_516' title='bbox 1022 1386 1155 1422; x_wconf 80' lang='grc' dir='ltr'><strong>συνοῖσον,</strong></span> <span class='ocrx_word' id='word_1_517' title='bbox 1175 1387 1223 1416; x_wconf 75' lang='grc' dir='ltr'><strong>τὴν</strong></span> <span class='ocrx_word' id='word_1_518' title='bbox 1241 1384 1377 1425; x_wconf 74' lang='grc' dir='ltr'><strong>ὠφέλειαν</strong></span> <span class='ocrx_word' id='word_1_519' title='bbox 1399 1386 1451 1418; x_wconf 69' lang='grc' dir='ltr'>τῆς</span> <span class='ocrx_word' id='word_1_520' title='bbox 1472 1383 1591 1419; x_wconf 77' lang='grc' dir='ltr'><strong>πόλεως.</strong></span> 
     </span>
     <span class='ocr_line' id='line_1_93' title="bbox 881 1426 1591 1466; baseline 0.004 -12"><span class='ocrx_word' id='word_1_521' title='bbox 881 1426 1030 1464; x_wconf 87' lang='lat' dir='ltr'>Quoniam</span> <span class='ocrx_word' id='word_1_522' title='bbox 1046 1427 1140 1466; x_wconf 81' lang='lat' dir='ltr'>igitur</span> <span class='ocrx_word' id='word_1_523' title='bbox 1155 1429 1249 1458; x_wconf 87' lang='lat' dir='ltr'>verba</span> <span class='ocrx_word' id='word_1_524' title='bbox 1263 1427 1397 1457; x_wconf 84' lang='lat' dir='ltr'>auctoris</span> <span class='ocrx_word' id='word_1_525' title='bbox 1414 1428 1532 1462; x_wconf 81' lang='lat' dir='ltr'>Graeca,</span> <span class='ocrx_word' id='word_1_526' title='bbox 1543 1433 1591 1457; x_wconf 91' lang='lat' dir='ltr'>to-</span> 
     </span>
     <span class='ocr_line' id='line_1_94' title="bbox 881 1469 1589 1507; baseline 0.003 -9"><span class='ocrx_word' id='word_1_527' title='bbox 881 1469 977 1498; x_wconf 86' lang='lat' dir='ltr'>tidem</span> <span class='ocrx_word' id='word_1_528' title='bbox 1001 1470 1119 1500; x_wconf 84' lang='lat' dir='ltr'>Latinis</span> <span class='ocrx_word' id='word_1_529' title='bbox 1138 1471 1270 1507; x_wconf 81' lang='lat' dir='ltr'>reddita,</span> <span class='ocrx_word' id='word_1_530' title='bbox 1289 1471 1468 1501; x_wconf 87' lang='lat' dir='ltr'>duriuscule</span> <span class='ocrx_word' id='word_1_531' title='bbox 1488 1471 1589 1500; x_wconf 83' lang='lat' dir='ltr'>cohae-</span> 
     </span>
     <span class='ocr_line' id='line_1_95' title="bbox 880 1513 1591 1554; baseline 0.004 -14"><span class='ocrx_word' id='word_1_532' title='bbox 880 1517 959 1547; x_wconf 89' lang='lat' dir='ltr'>rent‚</span> <span class='ocrx_word' id='word_1_533' title='bbox 989 1522 1048 1552; x_wconf 87' lang='lat' dir='ltr'>ego</span> <span class='ocrx_word' id='word_1_534' title='bbox 1077 1513 1294 1554; x_wconf 85' lang='lat' dir='ltr'>interpretatus</span> <span class='ocrx_word' id='word_1_535' title='bbox 1324 1524 1406 1544; x_wconf 90' lang='lat' dir='ltr'>sum.</span> <span class='ocrx_word' id='word_1_536' title='bbox 1435 1515 1591 1549; x_wconf 80' lang='lat' dir='ltr'>rationem,</span> 
     </span>
     <span class='ocr_line' id='line_1_96' title="bbox 881 1557 1591 1599; baseline 0.003 -15"><span class='ocrx_word' id='word_1_537' title='bbox 881 1566 938 1595; x_wconf 81' lang='lat' dir='ltr'>qua</span> <span class='ocrx_word' id='word_1_538' title='bbox 950 1557 1218 1597; x_wconf 78' lang='lat' dir='ltr'>perspicuumfiat:</span> <span class='ocrx_word' id='word_1_539' title='bbox 1233 1563 1285 1588; x_wconf 86' lang='lat' dir='ltr'>aut</span> <span class='ocrx_word' id='word_1_540' title='bbox 1299 1557 1397 1599; x_wconf 88' lang='lat' dir='ltr'>(quod</span> <span class='ocrx_word' id='word_1_541' title='bbox 1413 1557 1591 1587; x_wconf 83' lang='lat' dir='ltr'>tantundem</span> 
     </span>
     <span class='ocr_line' id='line_1_97' title="bbox 882 1598 1592 1640; baseline 0.003 -13"><span class='ocrx_word' id='word_1_542' title='bbox 882 1598 944 1637; x_wconf 90' lang='lat' dir='ltr'>est)</span> <span class='ocrx_word' id='word_1_543' title='bbox 958 1600 1135 1636; x_wconf 80' lang='lat' dir='ltr'>declaretur.</span> <span class='ocrx_word' id='word_1_544' title='bbox 1147 1601 1316 1640; x_wconf 57' lang='lat' dir='ltr'>explicetur.</span> <span class='ocrx_word' id='word_1_545' title='bbox 1362 1601 1455 1637; x_wconf 90' lang='lat' dir='ltr'>Nam,</span> <span class='ocrx_word' id='word_1_546' title='bbox 1469 1606 1500 1630; x_wconf 88' lang='lat' dir='ltr'>ut</span> <span class='ocrx_word' id='word_1_547' title='bbox 1516 1600 1592 1630; x_wconf 86' lang='lat' dir='ltr'>nihil</span> 
     </span>
     <span class='ocr_line' id='line_1_98' title="bbox 879 1641 1591 1684; baseline 0.003 -14"><span class='ocrx_word' id='word_1_548' title='bbox 879 1641 1013 1678; x_wconf 80' lang='lat' dir='ltr'>facilius,</span> <span class='ocrx_word' id='word_1_549' title='bbox 1036 1644 1080 1673; x_wconf 83' lang='lat' dir='ltr'>sic</span> <span class='ocrx_word' id='word_1_550' title='bbox 1104 1654 1160 1674; x_wconf 89' lang='lat' dir='ltr'>uec</span> <span class='ocrx_word' id='word_1_551' title='bbox 1176 1644 1327 1684; x_wconf 89' lang='lat' dir='ltr'>puerilius</span> <span class='ocrx_word' id='word_1_552' title='bbox 1351 1644 1514 1683; x_wconf 83' lang='lat' dir='ltr'>quicquam</span> <span class='ocrx_word' id='word_1_553' title='bbox 1531 1646 1591 1678; x_wconf 86' lang='lat' dir='ltr'>est,</span> 
     </span>
    </p>
   </div>
   <div class='ocr_carea' id='block_1_7' title="bbox 865 1684 1590 1726">
    <p class='ocr_par' dir='ltr' id='par_1_21' title="bbox 865 1684 1590 1726">
     <span class='ocr_line' id='line_1_99' title="bbox 865 1684 1590 1726; baseline 0.003 -12"><span class='ocrx_word' id='word_1_554' title='bbox 865 1689 912 1714; x_wconf 83' lang='lat' dir='ltr'>-et</span> <span class='ocrx_word' id='word_1_555' title='bbox 926 1684 1072 1724; x_wconf 75' lang='lat' dir='ltr'>ineptius,</span> <span class='ocrx_word' id='word_1_556' title='bbox 1089 1698 1178 1726; x_wconf 89' lang='lat' dir='ltr'>quam</span> <span class='ocrx_word' id='word_1_557' title='bbox 1194 1689 1320 1717; x_wconf 85' lang='lat' dir='ltr'>verbum</span> <span class='ocrx_word' id='word_1_558' title='bbox 1335 1687 1430 1716; x_wconf 84' lang='lat' dir='ltr'>verbo</span> <span class='ocrx_word' id='word_1_559' title='bbox 1447 1696 1590 1716; x_wconf 85' lang='lat' dir='ltr'>annume-</span> 
     </span>
    </p>
   </div>
   <div class='ocr_carea' id='block_1_8' title="bbox 872 1729 1592 2979">
    <p class='ocr_par' dir='ltr' id='par_1_22' title="bbox 877 1729 1592 2202">
     <span class='ocr_line' id='line_1_100' title="bbox 880 1729 1592 1769; baseline 0.003 -12"><span class='ocrx_word' id='word_1_560' title='bbox 880 1737 966 1758; x_wconf 85' lang='lat' dir='ltr'>rare:</span> <span class='ocrx_word' id='word_1_561' title='bbox 991 1729 1018 1758; x_wconf 85' lang='lat' dir='ltr'>si</span> <span class='ocrx_word' id='word_1_562' title='bbox 1033 1740 1123 1769; x_wconf 86' lang='lat' dir='ltr'>quam</span> <span class='ocrx_word' id='word_1_563' title='bbox 1143 1740 1179 1761; x_wconf 88' lang='lat' dir='ltr'>ea</span> <span class='ocrx_word' id='word_1_564' title='bbox 1193 1741 1244 1760; x_wconf 88' lang='lat' dir='ltr'>res</span> <span class='ocrx_word' id='word_1_565' title='bbox 1258 1731 1309 1760; x_wconf 79' lang='lat' dir='ltr'>vel</span> <span class='ocrx_word' id='word_1_566' title='bbox 1324 1730 1469 1760; x_wconf 90' lang='lat' dir='ltr'>dictionis</span> <span class='ocrx_word' id='word_1_567' title='bbox 1486 1731 1592 1759; x_wconf 90' lang='lat' dir='ltr'>absur-</span> 
     </span>
     <span class='ocr_line' id='line_1_101' title="bbox 879 1771 1592 1808; baseline 0.003 -8"><span class='ocrx_word' id='word_1_568' title='bbox 879 1771 1018 1808; x_wconf 86' lang='lat' dir='ltr'>ditatem,</span> <span class='ocrx_word' id='word_1_569' title='bbox 1048 1774 1097 1803; x_wconf 86' lang='lat' dir='ltr'>vel</span> <span class='ocrx_word' id='word_1_570' title='bbox 1126 1774 1341 1804; x_wconf 85' lang='lat' dir='ltr'>sententiarum</span> <span class='ocrx_word' id='word_1_571' title='bbox 1372 1773 1592 1803; x_wconf 87' lang='lat' dir='ltr'>obscuritatem</span> 
     </span>
     <span class='ocr_line' id='line_1_102' title="bbox 879 1814 1589 1856; baseline 0.003 -12"><span class='ocrx_word' id='word_1_572' title='bbox 879 1814 989 1853; x_wconf 84' lang='lat' dir='ltr'>pariat.</span> <span class='ocrx_word' id='word_1_573' title='bbox 1033 1816 1178 1856; x_wconf 89' lang='lat' dir='ltr'>Alioquin</span> <span class='ocrx_word' id='word_1_574' title='bbox 1194 1817 1323 1856; x_wconf 83' lang='lat' dir='ltr'>optarim</span> <span class='ocrx_word' id='word_1_575' title='bbox 1339 1827 1387 1846; x_wconf 90' lang='lat' dir='ltr'>me</span> <span class='ocrx_word' id='word_1_576' title='bbox 1403 1817 1504 1846; x_wconf 85' lang='lat' dir='ltr'>omnia</span> <span class='ocrx_word' id='word_1_577' title='bbox 1517 1816 1589 1846; x_wconf 87' lang='lat' dir='ltr'>toti-</span> 
     </span>
     <span class='ocr_line' id='line_1_103' title="bbox 879 1858 1592 1900; baseline 0.003 -13"><span class='ocrx_word' id='word_1_578' title='bbox 879 1858 948 1887; x_wconf 91' lang='lat' dir='ltr'>dem</span> <span class='ocrx_word' id='word_1_579' title='bbox 963 1858 1104 1898; x_wconf 82' lang='lat' dir='ltr'>syllabis,</span> <span class='ocrx_word' id='word_1_580' title='bbox 1115 1866 1205 1900; x_wconf 89' lang='lat' dir='ltr'>atque</span> <span class='ocrx_word' id='word_1_581' title='bbox 1216 1861 1293 1890; x_wconf 86' lang='lat' dir='ltr'>adeo</span> <span class='ocrx_word' id='word_1_582' title='bbox 1305 1860 1401 1890; x_wconf 89' lang='lat' dir='ltr'>literis</span> <span class='ocrx_word' id='word_1_583' title='bbox 1417 1870 1509 1898; x_wconf 88' lang='lat' dir='ltr'>posse</span> <span class='ocrx_word' id='word_1_584' title='bbox 1521 1859 1592 1889; x_wconf 89' lang='lat' dir='ltr'>red-</span> 
     </span>
     <span class='ocr_line' id='line_1_104' title="bbox 879 1901 1590 1942; baseline 0.001 -12"><span class='ocrx_word' id='word_1_585' title='bbox 879 1901 962 1931; x_wconf 90' lang='lat' dir='ltr'>dere.</span> <span class='ocrx_word' id='word_1_586' title='bbox 1000 1903 1115 1932; x_wconf 91' lang='lat' dir='ltr'>Modos</span> <span class='ocrx_word' id='word_1_587' title='bbox 1128 1903 1276 1942; x_wconf 81' lang='lat' dir='ltr'>loquendi</span> <span class='ocrx_word' id='word_1_588' title='bbox 1287 1903 1469 1942; x_wconf 86' lang='lat' dir='ltr'>insigniores</span> <span class='ocrx_word' id='word_1_589' title='bbox 1485 1913 1541 1942; x_wconf 90' lang='lat' dir='ltr'>per</span> <span class='ocrx_word' id='word_1_590' title='bbox 1556 1913 1590 1932; x_wconf 90' lang='lat' dir='ltr'>se</span> 
     </span>
     <span class='ocr_line' id='line_1_105' title="bbox 879 1944 1589 1985; baseline 0.003 -12"><span class='ocrx_word' id='word_1_591' title='bbox 879 1944 1008 1983; x_wconf 89' lang='lat' dir='ltr'>quisque</span> <span class='ocrx_word' id='word_1_592' title='bbox 1031 1946 1224 1976; x_wconf 83' lang='lat' dir='ltr'>observabit:</span> <span class='ocrx_word' id='word_1_593' title='bbox 1249 1947 1331 1985; x_wconf 88' lang='lat' dir='ltr'>quod</span> <span class='ocrx_word' id='word_1_594' title='bbox 1359 1956 1454 1984; x_wconf 83' lang='lat' dir='ltr'>genus</span> <span class='ocrx_word' id='word_1_595' title='bbox 1482 1950 1513 1975; x_wconf 87' lang='lat' dir='ltr'>et</span> <span class='ocrx_word' id='word_1_596' title='bbox 1537 1945 1589 1975; x_wconf 80' lang='lat' dir='ltr'>hic</span> 
     </span>
     <span class='ocr_line' id='line_1_106' title="bbox 878 1987 1592 2029; baseline 0.003 -13"><span class='ocrx_word' id='word_1_597' title='bbox 878 1991 936 2022; x_wconf 78' lang='lat' dir='ltr'>est,</span> <span class='ocrx_word' id='word_1_598' title='bbox 953 1987 984 2017; x_wconf 79' lang='grc' dir='ltr'>τῖ</span> <span class='ocrx_word' id='word_1_599' title='bbox 998 1987 1060 2017; x_wconf 73' lang='grc' dir='ltr'><strong>ἀντὶ</strong></span> <span class='ocrx_word' id='word_1_600' title='bbox 1077 1992 1189 2019; x_wconf 76' lang='grc' dir='ltr'><strong>πολλῶν</strong></span> <span class='ocrx_word' id='word_1_601' title='bbox 1204 1988 1327 2019; x_wconf 65' lang='grc' dir='ltr'><strong>ἑλέσθαι</strong></span> <span class='ocrx_word' id='word_1_602' title='bbox 1346 1988 1518 2029; x_wconf 56' lang='grc' dir='ltr'><strong>χρημάτων,</strong></span> <span class='ocrx_word' id='word_1_603' title='bbox 1533 1989 1592 2018; x_wconf 80' lang='lat' dir='ltr'>uli-</span> 
     </span>
     <span class='ocr_line' id='line_1_107' title="bbox 877 2030 1589 2073; baseline 0.004 -14"><span class='ocrx_word' id='word_1_604' title='bbox 877 2030 948 2070; x_wconf 78' lang='lat' dir='ltr'>quid</span> <span class='ocrx_word' id='word_1_605' title='bbox 963 2041 1075 2070; x_wconf 67' lang='lat' dir='ltr'>magnae</span> <span class='ocrx_word' id='word_1_606' title='bbox 1089 2034 1222 2070; x_wconf 82' lang='lat' dir='ltr'>pecuniae</span> <span class='ocrx_word' id='word_1_607' title='bbox 1234 2031 1389 2073; x_wconf 64' lang='lat' dir='ltr'>anteferre.</span> <span class='ocrx_word' id='word_1_608' title='bbox 1427 2032 1463 2061; x_wconf 93' lang='lat' dir='ltr'>In</span> <span class='ocrx_word' id='word_1_609' title='bbox 1479 2032 1589 2062; x_wconf 86' lang='lat' dir='ltr'>eodem</span> 
     </span>
     <span class='ocr_line' id='line_1_108' title="bbox 879 2073 1592 2116; baseline 0.004 -15"><span class='ocrx_word' id='word_1_610' title='bbox 879 2083 967 2103; x_wconf 85' lang='lat' dir='ltr'>sensu</span> <span class='ocrx_word' id='word_1_611' title='bbox 989 2073 1140 2105; x_wconf 87' lang='lat' dir='ltr'>interdum</span> <span class='ocrx_word' id='word_1_612' title='bbox 1156 2081 1187 2105; x_wconf 88' lang='lat' dir='ltr'>et</span> <span class='ocrx_word' id='word_1_613' title='bbox 1202 2076 1384 2116; x_wconf 79' lang='grc' dir='ltr'><strong>προαιροῦμαι</strong></span> <span class='ocrx_word' id='word_1_614' title='bbox 1404 2075 1539 2114; x_wconf 90' lang='lat' dir='ltr'>ponitur,</span> <span class='ocrx_word' id='word_1_615' title='bbox 1556 2078 1592 2104; x_wconf 85' lang='lat' dir='ltr'>ut</span> 
     </span>
     <span class='ocr_line' id='line_1_109' title="bbox 878 2115 1589 2158; baseline 0.001 -13"><span class='ocrx_word' id='word_1_616' title='bbox 878 2115 975 2146; x_wconf 89' lang='lat' dir='ltr'>Clem.</span> <span class='ocrx_word' id='word_1_617' title='bbox 987 2118 1107 2157; x_wconf 78' lang='lat' dir='ltr'>paedag.</span> <span class='ocrx_word' id='word_1_618' title='bbox 1124 2121 1154 2148; x_wconf 81' lang='lat'>3.</span> <span class='ocrx_word' id='word_1_619' title='bbox 1169 2120 1218 2149; x_wconf 73' lang='grc' dir='ltr'><strong>τὴν</strong></span> <span class='ocrx_word' id='word_1_620' title='bbox 1232 2117 1391 2158; x_wconf 58' lang='grc' dir='ltr'><strong>ἀνθρώπειον</strong></span> <span class='ocrx_word' id='word_1_621' title='bbox 1406 2115 1589 2158; x_wconf 76' lang='grc' dir='ltr'><strong>κακοτεχνίαν</strong></span> 
     </span>
     <span class='ocr_line' id='line_1_110' title="bbox 878 2158 1444 2213; baseline 0.002 -25.049"><span class='ocrx_word' id='word_1_622' title='bbox 878 2158 930 2200; x_wconf 77' lang='grc' dir='ltr'>πρὸ</span> <span class='ocrx_word' id='word_1_623' title='bbox 944 2162 995 2193; x_wconf 69' lang='grc' dir='ltr'>τῆς</span> <span class='ocrx_word' id='word_1_624' title='bbox 1009 2159 1082 2194; x_wconf 81' lang='grc' dir='ltr'><strong>Θείας</strong></span> <span class='ocrx_word' id='word_1_625' title='bbox 1092 2161 1241 2213; x_wconf 68' lang='grc' dir='ltr'><strong>ριῖςεῖσθαι</strong></span> <span class='ocrx_word' id='word_1_626' title='bbox 1257 2159 1444 2200; x_wconf 71' lang='grc' dir='ltr'><strong>δημιουξγίας.</strong></span> 
     </span>
    </p>

    <p class='ocr_par' dir='ltr' id='par_1_23' title="bbox 876 2203 1587 2364">
     <span class='ocr_line' id='line_1_111' title="bbox 919 2203 1587 2244; baseline 0.003 -12"><span class='ocrx_word' id='word_1_627' title='bbox 919 2220 963 2225; x_wconf 89' lang='lat'>--</span> <span class='ocrx_word' id='word_1_628' title='bbox 977 2203 1054 2234; x_wconf 91' lang='lat' dir='ltr'>ibid.</span> <span class='ocrx_word' id='word_1_629' title='bbox 1069 2204 1102 2234; x_wconf 76' lang='grc' dir='ltr'>τὸ</span> <span class='ocrx_word' id='word_1_630' title='bbox 1116 2204 1238 2244; x_wconf 85' lang='grc' dir='ltr'><strong>μέλλον]</strong></span> <span class='ocrx_word' id='word_1_631' title='bbox 1252 2206 1335 2243; x_wconf 86' lang='lat' dir='ltr'>Ergo</span> <span class='ocrx_word' id='word_1_632' title='bbox 1349 2214 1408 2233; x_wconf 90' lang='lat' dir='ltr'>uon</span> <span class='ocrx_word' id='word_1_633' title='bbox 1424 2204 1587 2243; x_wconf 89' lang='lat' dir='ltr'>praeseutis</span> 
     </span>
     <span class='ocr_line' id='line_1_112' title="bbox 877 2245 1586 2288; baseline 0.004 -14"><span class='ocrx_word' id='word_1_634' title='bbox 877 2245 1028 2277; x_wconf 86' lang='lat' dir='ltr'>duntaxat</span> <span class='ocrx_word' id='word_1_635' title='bbox 1043 2248 1192 2288; x_wconf 85' lang='lat' dir='ltr'>temporis</span> <span class='ocrx_word' id='word_1_636' title='bbox 1210 2248 1350 2277; x_wconf 86' lang='lat' dir='ltr'>habenda</span> <span class='ocrx_word' id='word_1_637' title='bbox 1364 2247 1452 2283; x_wconf 88' lang='lat' dir='ltr'>ratio,</span> <span class='ocrx_word' id='word_1_638' title='bbox 1477 2248 1530 2277; x_wconf 81' lang='lat' dir='ltr'>sed</span> <span class='ocrx_word' id='word_1_639' title='bbox 1556 2248 1586 2277; x_wconf 92' lang='lat' dir='ltr'>in</span> 
     </span>
     <span class='ocr_line' id='line_1_113' title="bbox 876 2288 1586 2330; baseline 0.003 -12"><span class='ocrx_word' id='word_1_640' title='bbox 876 2288 1095 2328; x_wconf 83' lang='lat' dir='ltr'>longitudinem</span> <span class='ocrx_word' id='word_1_641' title='bbox 1112 2292 1344 2327; x_wconf 74' lang='lat' dir='ltr'>consulendum,</span> <span class='ocrx_word' id='word_1_642' title='bbox 1359 2291 1509 2330; x_wconf 88' lang='lat' dir='ltr'>neglectis</span> <span class='ocrx_word' id='word_1_643' title='bbox 1523 2290 1586 2321; x_wconf 90' lang='lat' dir='ltr'>illis</span> 
     </span>
     <span class='ocr_line' id='line_1_114' title="bbox 876 2332 1091 2364; baseline 0.009 -2"><span class='ocrx_word' id='word_1_644' title='bbox 876 2332 956 2363; x_wconf 88' lang='lat' dir='ltr'>binis</span> <span class='ocrx_word' id='word_1_645' title='bbox 973 2332 1091 2364; x_wconf 52' lang='lat' dir='ltr'>obolis(</span> 
     </span>
    </p>

    <p class='ocr_par' dir='ltr' id='par_1_24' title="bbox 872 2376 1591 2713">
     <span class='ocr_line' id='line_1_115' title="bbox 919 2376 1588 2419; baseline 0.001 -13"><span class='ocrx_word' id='word_1_646' title='bbox 919 2394 962 2399; x_wconf 93' lang='lat'><strong>—</strong></span> <span class='ocrx_word' id='word_1_647' title='bbox 976 2377 1053 2407; x_wconf 89' lang='lat' dir='ltr'>ibid.</span> <span class='ocrx_word' id='word_1_648' title='bbox 1076 2376 1110 2407; x_wconf 70' lang='grc' dir='ltr'>τὸ</span> <span class='ocrx_word' id='word_1_649' title='bbox 1133 2376 1242 2419; x_wconf 80' lang='grc' dir='ltr'><strong>μέλλον</strong></span> <span class='ocrx_word' id='word_1_650' title='bbox 1262 2377 1406 2419; x_wconf 86' lang='grc' dir='ltr'><strong>συνοίσειν]</strong></span> <span class='ocrx_word' id='word_1_651' title='bbox 1428 2377 1513 2407; x_wconf 89' lang='lat' dir='ltr'>Nota</span> <span class='ocrx_word' id='word_1_652' title='bbox 1528 2376 1588 2407; x_wconf 86' lang='lat' dir='ltr'>cir-</span> 
     </span>
     <span class='ocr_line' id='line_1_116' title="bbox 876 2419 1587 2460; baseline 0.001 -11"><span class='ocrx_word' id='word_1_653' title='bbox 876 2419 971 2450; x_wconf 87' lang='lat' dir='ltr'>cuitio</span> <span class='ocrx_word' id='word_1_654' title='bbox 991 2421 1087 2451; x_wconf 87' lang='lat' dir='ltr'>futuri</span> <span class='ocrx_word' id='word_1_655' title='bbox 1102 2431 1158 2460; x_wconf 89' lang='lat' dir='ltr'>per</span> <span class='ocrx_word' id='word_1_656' title='bbox 1173 2423 1299 2452; x_wconf 84' lang='lat' dir='ltr'>verbum</span> <span class='ocrx_word' id='word_1_657' title='bbox 1318 2420 1434 2460; x_wconf 79' lang='grc' dir='ltr'><strong>μέλλω,</strong></span> <span class='ocrx_word' id='word_1_658' title='bbox 1450 2431 1519 2450; x_wconf 88' lang='lat' dir='ltr'>cum</span> <span class='ocrx_word' id='word_1_659' title='bbox 1539 2420 1587 2450; x_wconf 91' lang='lat' dir='ltr'>iu-</span> 
     </span>
     <span class='ocr_line' id='line_1_117' title="bbox 876 2462 1589 2504; baseline 0.003 -12"><span class='ocrx_word' id='word_1_660' title='bbox 876 2462 1015 2498; x_wconf 90' lang='lat' dir='ltr'>finitivis,</span> <span class='ocrx_word' id='word_1_661' title='bbox 1026 2474 1083 2493; x_wconf 91' lang='lat' dir='ltr'>uon</span> <span class='ocrx_word' id='word_1_662' title='bbox 1101 2465 1266 2494; x_wconf 88' lang='lat' dir='ltr'>abhorrens</span> <span class='ocrx_word' id='word_1_663' title='bbox 1277 2475 1294 2494; x_wconf 83' lang='lat' dir='ltr'>a</span> <span class='ocrx_word' id='word_1_664' title='bbox 1306 2465 1503 2504; x_wconf 82' lang='lat' dir='ltr'>pleonasmo:</span> <span class='ocrx_word' id='word_1_665' title='bbox 1520 2474 1589 2503; x_wconf 83' lang='lat' dir='ltr'>pro,</span> 
     </span>
     <span class='ocr_line' id='line_1_118' title="bbox 874 2505 1591 2548; baseline 0.001 -13"><span class='ocrx_word' id='word_1_666' title='bbox 874 2505 908 2535; x_wconf 76' lang='grc' dir='ltr'>τὸ</span> <span class='ocrx_word' id='word_1_667' title='bbox 922 2508 1054 2542; x_wconf 81' lang='grc' dir='ltr'><strong>συνοῖσον,</strong></span> <span class='ocrx_word' id='word_1_668' title='bbox 1070 2517 1087 2536; x_wconf 85' lang='lat' dir='ltr'>a</span> <span class='ocrx_word' id='word_1_669' title='bbox 1102 2507 1197 2537; x_wconf 89' lang='lat' dir='ltr'>verbo</span> <span class='ocrx_word' id='word_1_670' title='bbox 1212 2506 1363 2548; x_wconf 58' lang='grc' dir='ltr'><strong>συμφέρει.</strong></span> <span class='ocrx_word' id='word_1_671' title='bbox 1406 2507 1522 2538; x_wconf 89' lang='lat' dir='ltr'>Similis</span> <span class='ocrx_word' id='word_1_672' title='bbox 1541 2511 1591 2537; x_wconf 84' lang='lat' dir='ltr'>est</span> 
     </span>
     <span class='ocr_line' id='line_1_119' title="bbox 875 2550 1588 2590; baseline 0.001 -12"><span class='ocrx_word' id='word_1_673' title='bbox 875 2554 906 2579; x_wconf 89' lang='lat' dir='ltr'>et</span> <span class='ocrx_word' id='word_1_674' title='bbox 917 2550 1133 2580; x_wconf 87' lang='lat' dir='ltr'>Germanorum</span> <span class='ocrx_word' id='word_1_675' title='bbox 1147 2551 1291 2590; x_wconf 83' lang='lat' dir='ltr'>loquendi</span> <span class='ocrx_word' id='word_1_676' title='bbox 1302 2551 1393 2585; x_wconf 84' lang='lat' dir='ltr'>ratio,</span> <span class='ocrx_word' id='word_1_677' title='bbox 1404 2550 1510 2590; x_wconf 83' lang='grc' dir='ltr'><strong>μέλλω</strong></span> <span class='ocrx_word' id='word_1_678' title='bbox 1521 2550 1588 2580; x_wconf 78' lang='grc' dir='ltr'><strong>τοῦ·</strong></span> 
     </span>
     <span class='ocr_line' id='line_1_120' title="bbox 873 2592 1588 2633; baseline -0.003 -5"><span class='ocrx_word' id='word_1_679' title='bbox 873 2603 909 2622; x_wconf 78' lang='grc' dir='ltr'><strong>το</strong></span> <span class='ocrx_word' id='word_1_680' title='bbox 923 2594 1019 2628; x_wconf 80' lang='grc' dir='ltr'><strong>ποιεῖν,</strong></span> <span class='ocrx_word' id='word_1_681' title='bbox 1041 2592 1092 2631; x_wconf 71' lang='lat' dir='ltr'>itt]</span> <span class='ocrx_word' id='word_1_682' title='bbox 1114 2596 1223 2627; x_wconf 72' lang='lat' dir='ltr'>metut</span> <span class='ocrx_word' id='word_1_683' title='bbox 1244 2599 1283 2630; x_wconf 67' lang='grc' dir='ltr'>τε</span> <span class='ocrx_word' id='word_1_684' title='bbox 1303 2593 1405 2632; x_wconf 64' lang='lat' dir='ltr'>than.</span> <span class='ocrx_word' id='word_1_685' title='bbox 1430 2594 1458 2624; x_wconf 73' lang='grc' dir='ltr'><strong>οὐ</strong></span> <span class='ocrx_word' id='word_1_686' title='bbox 1481 2592 1588 2633; x_wconf 74' lang='grc' dir='ltr'><strong>μέλλω</strong></span> 
     </span>
     <span class='ocr_line' id='line_1_121' title="bbox 874 2635 1586 2676; baseline 0.007 -11"><span class='ocrx_word' id='word_1_687' title='bbox 874 2635 1013 2672; x_wconf 58' lang='grc' dir='ltr'><strong>ὑπήσειν,</strong></span> <span class='ocrx_word' id='word_1_688' title='bbox 1047 2636 1100 2676; x_wconf 71' lang='lat' dir='ltr'>id)</span> <span class='ocrx_word' id='word_1_689' title='bbox 1136 2639 1244 2671; x_wconf 64' lang='lat' dir='ltr'>metat</span> <span class='ocrx_word' id='word_1_690' title='bbox 1273 2643 1311 2674; x_wconf 71' lang='lat' dir='ltr'>cs</span> <span class='ocrx_word' id='word_1_691' title='bbox 1342 2636 1442 2676; x_wconf 69' lang='lat' dir='ltr'>nicht</span> <span class='ocrx_word' id='word_1_692' title='bbox 1472 2636 1586 2670; x_wconf 71' lang='lat' dir='ltr'>tetum</span> 
     </span>
     <span class='ocr_line' id='line_1_122' title="bbox 872 2681 1023 2713; baseline 0.007 -2"><span class='ocrx_word' id='word_1_693' title='bbox 872 2681 1023 2713; x_wconf 68' lang='lat' dir='ltr'>metum.</span> 
     </span>
    </p>

    <p class='ocr_par' dir='ltr' id='par_1_25' title="bbox 874 2721 1588 2882">
     <span class='ocr_line' id='line_1_123' title="bbox 916 2721 1586 2764; baseline 0 -12"><span class='ocrx_word' id='word_1_694' title='bbox 916 2723 1047 2753; x_wconf 86' lang='lat' dir='ltr'>—ibid.</span> <span class='ocrx_word' id='word_1_695' title='bbox 1069 2721 1199 2754; x_wconf 81' lang='grc' dir='ltr'><strong>συνοίσειν</strong></span> <span class='ocrx_word' id='word_1_696' title='bbox 1218 2722 1258 2764; x_wconf 68' lang='grc' dir='ltr'>τῇ</span> <span class='ocrx_word' id='word_1_697' title='bbox 1280 2722 1376 2764; x_wconf 81' lang='grc' dir='ltr'><strong>πόλει]</strong></span> <span class='ocrx_word' id='word_1_698' title='bbox 1397 2723 1479 2753; x_wconf 85' lang='lat' dir='ltr'>Vide</span> <span class='ocrx_word' id='word_1_699' title='bbox 1496 2732 1586 2761; x_wconf 70' lang='lat' dir='ltr'>quum</span> 
     </span>
     <span class='ocr_line' id='line_1_124' title="bbox 874 2764 1587 2806; baseline -0.001 -12"><span class='ocrx_word' id='word_1_700' title='bbox 874 2765 985 2796; x_wconf 87' lang='lat' dir='ltr'>callide</span> <span class='ocrx_word' id='word_1_701' title='bbox 1000 2776 1064 2805; x_wconf 82' lang='lat' dir='ltr'>prae</span> <span class='ocrx_word' id='word_1_702' title='bbox 1076 2777 1108 2797; x_wconf 86' lang='lat' dir='ltr'>se</span> <span class='ocrx_word' id='word_1_703' title='bbox 1125 2768 1214 2803; x_wconf 81' lang='lat' dir='ltr'>ferat,</span> <span class='ocrx_word' id='word_1_704' title='bbox 1236 2766 1374 2806; x_wconf 86' lang='lat' dir='ltr'>Reipub.</span> <span class='ocrx_word' id='word_1_705' title='bbox 1399 2776 1520 2795; x_wconf 80' lang='lat' dir='ltr'>causam</span> <span class='ocrx_word' id='word_1_706' title='bbox 1537 2764 1587 2804; x_wconf 80' lang='lat' dir='ltr'>agi</span> 
     </span>
     <span class='ocr_line' id='line_1_125' title="bbox 874 2808 1588 2858; baseline -0.001 -20"><span class='ocrx_word' id='word_1_707' title='bbox 874 2808 990 2858; x_wconf 68' lang='lat' dir='ltr'>potiuS,</span> <span class='ocrx_word' id='word_1_708' title='bbox 1003 2820 1090 2849; x_wconf 91' lang='lat' dir='ltr'>quam</span> <span class='ocrx_word' id='word_1_709' title='bbox 1106 2810 1334 2850; x_wconf 81' lang='lat' dir='ltr'>Olynthiorum,</span> <span class='ocrx_word' id='word_1_710' title='bbox 1350 2809 1461 2849; x_wconf 90' lang='lat' dir='ltr'>quibus</span> <span class='ocrx_word' id='word_1_711' title='bbox 1482 2812 1588 2847; x_wconf 78' lang='lat' dir='ltr'>patro-</span> 
     </span>
     <span class='ocr_line' id='line_1_126' title="bbox 874 2851 1003 2882; baseline 0.008 -1"><span class='ocrx_word' id='word_1_712' title='bbox 874 2851 1003 2882; x_wconf 71' lang='lat' dir='ltr'>ciuntur.</span> 
     </span>
    </p>

    <p class='ocr_par' dir='ltr' id='par_1_26' title="bbox 875 2892 1588 2979">
     <span class='ocr_line' id='line_1_127' title="bbox 918 2892 1588 2938; baseline -0.008 -11"><span class='ocrx_word' id='word_1_713' title='bbox 918 2913 960 2918; x_wconf 89' lang='lat'>—</span> <span class='ocrx_word' id='word_1_714' title='bbox 974 2898 1005 2927; x_wconf 82' lang='lat'>3.</span> <span class='ocrx_word' id='word_1_715' title='bbox 1023 2907 1084 2937; x_wconf 63' lang='lat' dir='ltr'>mgr</span> <span class='ocrx_word' id='word_1_716' title='bbox 1098 2892 1146 2938; x_wconf 70' lang='grc' dir='ltr'><strong>ὦν]</strong></span> <span class='ocrx_word' id='word_1_717' title='bbox 1170 2897 1255 2935; x_wconf 86' lang='lat' dir='ltr'>Ergo</span> <span class='ocrx_word' id='word_1_718' title='bbox 1270 2900 1352 2925; x_wconf 80' lang='lat' dir='ltr'>recta</span> <span class='ocrx_word' id='word_1_719' title='bbox 1368 2897 1427 2930; x_wconf 88' lang='lat' dir='ltr'>est,</span> <span class='ocrx_word' id='word_1_720' title='bbox 1442 2892 1588 2932; x_wconf 81' lang='lat' dir='ltr'>repudia-</span> 
     </span>
     <span class='ocr_line' id='line_1_128' title="bbox 875 2936 1589 2979; baseline -0.003 -11"><span class='ocrx_word' id='word_1_721' title='bbox 875 2938 916 2968; x_wconf 90' lang='lat' dir='ltr'>tis</span> <span class='ocrx_word' id='word_1_722' title='bbox 940 2939 1007 2969; x_wconf 85' lang='lat' dir='ltr'>aliis</span> <span class='ocrx_word' id='word_1_723' title='bbox 1023 2939 1273 2979; x_wconf 82' lang='lat' dir='ltr'>cogitationibus,</span> <span class='ocrx_word' id='word_1_724' title='bbox 1296 2938 1326 2968; x_wconf 91' lang='lat' dir='ltr'>in</span> <span class='ocrx_word' id='word_1_725' title='bbox 1351 2938 1462 2967; x_wconf 90' lang='lat' dir='ltr'>bonum</span> <span class='ocrx_word' id='word_1_726' title='bbox 1484 2936 1589 2976; x_wconf 86' lang='lat' dir='ltr'>publi·</span> 
     </span>
    </p>
   </div>
   <div class='ocr_carea' id='block_1_9' title="bbox 877 2982 1590 3067">
    <p class='ocr_par' dir='ltr' id='par_1_27' title="bbox 877 2982 1590 3067">
     <span class='ocr_line' id='line_1_129' title="bbox 877 2982 1149 3014; baseline 0.004 -2"><span class='ocrx_word' id='word_1_727' title='bbox 877 2993 946 3013; x_wconf 90' lang='lat' dir='ltr'>cum</span> <span class='ocrx_word' id='word_1_728' title='bbox 959 2982 1149 3014; x_wconf 88' lang='lat' dir='ltr'>intuendum.</span> 
     </span>
     <span class='ocr_line' id='line_1_130' title="bbox 921 3021 1590 3067; baseline -0.007 -10"><span class='ocrx_word' id='word_1_729' title='bbox 921 3043 963 3050; x_wconf 90' lang='lat'>—-</span> <span class='ocrx_word' id='word_1_730' title='bbox 974 3026 1049 3057; x_wconf 88' lang='lat' dir='ltr'>ibid.</span> <span class='ocrx_word' id='word_1_731' title='bbox 1065 3025 1125 3067; x_wconf 79' lang='grc' dir='ltr'><strong>περι</strong></span> <span class='ocrx_word' id='word_1_732' title='bbox 1140 3021 1190 3064; x_wconf 81' lang='grc' dir='ltr'>ων]</span> <span class='ocrx_word' id='word_1_733' title='bbox 1204 3024 1310 3054; x_wconf 77' lang='lat' dir='ltr'>Utrum</span> <span class='ocrx_word' id='word_1_734' title='bbox 1322 3022 1502 3064; x_wconf 42' lang='lat' dir='ltr'>&amp;equinatis</span> <span class='ocrx_word' id='word_1_735' title='bbox 1490 3035 1504 3054; x_wconf 82' lang='lat' dir='ltr'>n</span> <span class='ocrx_word' id='word_1_736' title='bbox 1517 3034 1590 3064; x_wconf 72' lang='grc' dir='ltr'><strong>πξοι-</strong></span> 
     </span>
    </p>
   </div>
  </div>
 </body>
</html>
