1997 3323
380 191 460 233 130
749 191 785 236 1.
810 193 845 235 Ι.
867 191 1092 235 REISKE

374 303 436 327 tus·
481 298 529 328 Ne
553 299 688 329 umbram
712 299 834 339 quidem
861 310 962 331 causae
986 299 1090 336 video,

376 351 430 369 cur
445 340 561 380 'laylor
577 346 623 371 tot
639 343 732 372 verba
746 345 876 382 ejectum
893 348 952 373 eat.

418 383 743 427 5()2.17.Γελάςχῳ]
768 397 877 416 nomen
902 390 1089 426 suspectum.

380 425 557 457 Telarchum
573 429 656 464 novi,
672 434 702 458 et
713 428 922 470 Agelarclzum.

418 487 462 492 —
475 472 526 501 19.
549 482 608 504 τοις
628 469 654 500 ἐν
675 472 799 511 Πειραιεῖ
813 484 862 501 του
878 471 983 511 δῆμου]
1007 476 1090 502 recte

374 512 461 543 addit
477 514 528 542 τοῦ
543 513 641 554 δημου.
656 514 743 544 multi
758 514 836 544 enim
854 515 882 544 in
899 515 1019 545 Piraeeo
1035 526 1090 554 po·

373 560 471 586 terant
490 557 637 592 habitare,
654 556 705 596 qui
721 568 778 587 non
802 562 906 587 essent
919 559 969 587 τοῦ
990 558 1090 598 δήμου,

373 598 404 628 h.
418 609 449 629 e.
463 599 589 629 factioni
605 610 664 629 non
682 600 798 630 addicti
816 600 874 637 illi,
890 612 957 640 quae
978 612 1033 640 pro
1052 602 1089 632 li—

374 643 492 672 bertate
516 643 600 672 civili
626 647 765 673 certaret.
790 654 882 682 quare
906 654 965 674 non
988 644 1089 681 video,

373 695 429 725 our
450 686 601 725 Taylorus
627 687 679 716 illa
703 687 763 716 dno
786 688 878 717 verba
901 692 1088 726 expunctum

374 733 433 759 eat.
455 729 568 769 Accipe
581 729 620 759 de
631 729 752 759 civibus
763 729 824 759 illis
838 730 1088 768 Atheniensibus,

373 771 436 810 qui,
459 772 606 802 saeviente
624 774 653 803 in
672 774 746 802 urbe
771 773 1016 804 XXXvirornm
1040 779 1087 813 ty-

372 815 510 851 rannide,
527 821 577 845 ant
588 816 784 854 confugerant
799 816 836 845 ad
854 815 1019 853 Pii-meum,
1035 821 1089 848 aut

371 857 446 888 illuc
459 869 476 888 a
490 858 682 897 Thrasybulo
703 859 822 888 reducti
841 860 878 889 ab
894 859 1006 889 exsilio
1023 860 1087 890 fue-

371 906 449 931 rant.
474 901 562 931 multi
582 902 633 931 alii
657 903 687 932 in
707 901 769 931 isto
790 902 975 932 Athenarum
996 907 1087 942 portu

371 944 559 981 habitabant,
571 945 624 984 qui
642 956 700 974 non
715 949 816 974 essent
826 944 924 980 cives,
939 949 974 975 ut
987 944 1087 985 inqui-

371 987 439 1024 lini,
459 992 511 1017 aut
537 988 703 1027 peregrini,
727 993 779 1018 ant
796 988 887 1019 etiam
910 988 1006 1024 cives,
1031 989 1087 1019 sed

371 1031 552 1082 tyrannidis
558 1031 697 1061 studiosi.
719 1041 795 1070 quos
813 1042 868 1070 par
883 1036 949 1062 erat
968 1032 1016 1062 his
1034 1043 1086 1063 vo-

370 1085 395 1102 c·
397 1074 487 1102 ibulis
503 1075 553 1103 τοῦ
565 1074 655 1114 δημου
670 1076 706 1104 ab
719 1074 786 1104 aliis
799 1074 945 1105 discerni.

414 1117 551 1148 503.14.
567 1118 631 1147 τισὶ
648 1118 805 1157 πράγμασι
820 1117 956 1160 σύνδικος]
969 1119 1086 1149 variant

371 1158 422 1187 hic
436 1159 518 1189 libri.
542 1160 595 1190 alii
610 1162 682 1191 dant
700 1173 730 1191 τι
754 1162 923 1202 πράγμασι.
948 1161 1000 1191 alii
1022 1162 1085 1192 τισὶ

369 1201 597 1242 παραδείγμασι.
620 1209 730 1233 neutra
743 1205 835 1234 lectio
855 1204 1014 1235 satisfacit.
1038 1205 1084 1235 vi-

371 1245 462 1275 detur
476 1246 557 1276 aliud
574 1247 690 1286 aliquid
702 1247 875 1277 abstrusius
891 1247 1000 1280 latere.
1013 1259 1084 1278 num

371 1288 432 1317 τισὶ
455 1291 648 1329 παρανομοῦσι
669 1291 731 1330 leg.
749 1291 820 1320 est'l

413 1348 457 1353 —
474 1333 525 1362 15.
549 1331 612 1363 ἐστὶ
629 1332 658 1363 δὲ
674 1333 721 1363 καὶ
739 1334 843 1375 μάλα]
868 1333 991 1364 videtur
1012 1345 1028 1364 e
1050 1345 1084 1365 re

369 1373 449 1413 ipsa,
461 1380 491 1405 et
500 1385 557 1406 ev.
566 1378 618 1407 25.
628 1376 688 1415 leg.
700 1377 764 1406 ἐστὶ
776 1377 804 1407 δὲ
814 1376 936 1411 παλαιός
945 1376 1084 1416 καὶμάλ’.

413 1435 457 1440 —
480 1421 532 1449 18.
558 1418 799 1461 χειςοτονηθὲντα]
831 1420 897 1450 sine
923 1419 1084 1459 negatione

370 1461 445 1490 bene
462 1462 563 1491 habet.
594 1464 751 1492 Sententia
763 1468 828 1493 est:
853 1464 965 1493 nemini
979 1464 1084 1500 liceto,

370 1504 416 1533 bis
434 1504 616 1535 advocatum
633 1516 701 1535 sese
719 1506 796 1545 legis
816 1507 950 1536 ferendae
966 1516 1084 1545 gerere,

369 1548 490 1578 tametsi
516 1559 534 1578 a
558 1549 672 1588 populo
695 1549 723 1578 ei
743 1549 787 1578 rei
810 1549 980 1588 delegatur.
1023 1550 1084 1580 Sed

370 1591 417 1620 vel
444 1590 595 1632 ejusmodi
619 1592 721 1622 studjo
748 1593 888 1632 populari
914 1603 1085 1634 repugnan-

371 1634 441 1663 dum
460 1640 516 1663 est.

412 1695 454 1699 —
471 1679 522 1707 ⁶25.
538 1676 592 1715 ἐγὼ
607 1676 630 1707 δ’
645 1677 689 1708 ἔτι
703 1680 794 1719 μικρὰ
804 1678 862 1719 --]
887 1679 988 1708 locum
1005 1679 1084 1709 hunc

370 1719 445 1750 citat
461 1720 556 1750 Arist.
572 1720 655 1762 τέχν.
672 1732 704 1762 p.
721 1724 795 1753 ⁹274.

414 1765 489 1794 504.
507 1766 557 1794 14.
585 1764 756 1805 παρανοίας]
770 1764 896 1803 -praetuli
918 1764 1083 1795 lectionem

368 1806 514 1845 marginis
526 1807 716 1848 παρανομίας,
732 1808 893 1838 violationis
908 1808 1015 1849 legum.
1032 1810 1084 1838 In·

370 1850 528 1888 sequentia
543 1850 599 1879 hoc
613 1851 772 1890 postulant
785 1852 1022 1881 demonstrantia
1037 1851 1081 1881 in-

361 1892 475 1931 juriam
493 1894 568 1923 hanc
582 1904 650 1924 esse
663 1894 746 1933 leges
759 1894 797 1923 de
811 1894 912 1934 poenis
923 1893 1082 1925 criminum

367 1936 445 1965 latas
463 1937 639 1967 violantem.
665 1937 789 1967 tametsi
814 1937 977 1968 lectionem
1006 1938 1082 1969 hano

367 1979 398 2009 in
415 1979 498 2009 nullo
514 1990 649 2010 meorum
667 1980 780 2019 reperi.

410 2040 453 2045 —
465 2026 517 2054 17.
541 2022 618 2061 λέγει
635 2024 669 2057 ὡς
683 2025 737 2065 χρὴ
752 2022 840 2064 μηδὲν
854 2021 978 2064 τίμημα
993 2024 1082 2064 ὑπέρ·

366 2066 444 2106 χειν]
474 2076 573 2106 neque
600 2067 781 2097 auctoritate
809 2067 952 2097 codicum
976 2068 1084 2098 nititur

367 2109 433 2138 haec
455 2109 560 2146 lectio,
584 2120 682 2148 neque
703 2110 766 2140 loci
782 2111 892 2140 vulnus
915 2115 1009 2141 sanat.
1035 2111 1082 2141 vi-

367 2151 479 2181 dentur
502 2153 568 2182 baec
583 2153 678 2183 verba
698 2152 778 2192 legis
804 2153 920 2183 fnisse:
948 2153 1082 2191 Mn320‘114

366 2193 410 2235 ἄρ’
432 2207 462 2235 r,
490 2193 613 2235 τίμημα
639 2195 787 2237 ὑπάρχειν,
814 2196 882 2226 scil.
909 2195 960 2226 δεῖ.
983 2206 1080 2236 neque

367 2217 490 2277 oportet
513 2248 530 2267 a
552 2238 711 2277 judicibus
730 2248 852 2278 poenam
876 2239 1017 2278 irrogari,
1034 2245 1081 2269 ut-

367 2291 488 2320 cunque
504 2291 553 2310 res
570 2286 626 2311 est.
644 2292 832 2321 quaecunque
843 2285 950 2312 natura
964 2286 1012 2312 est
1024 2283 1082 2320 rei,

364 2324 404 2353 de
417 2333 477 2363 qua
491 2324 754 2362 pronunciandum
771 2325 822 2354 sit.

407 2384 450 2389 —-
469 2369 518 2397 19.
536 2366 676 2407 ὁπότερον]
692 2367 792 2406 accipi
804 2371 908 2407 potest
922 2377 979 2408 pro
994 2367 1080 2398 πότε·

364 2420 413 2448 ρον.
430 2415 536 2440 utrum
556 2411 690 2449 patiendi
703 2421 829 2450 corpore,
842 2421 882 2440 an
902 2421 958 2441 aere
977 2410 1080 2441 luendi

362 2454 660 2492 sententiamjuclices
681 2455 951 2493 pronunciaverint.
976 2454 1079 2484 malim

363 2500 463 2525 tamen
479 2495 730 2536 ὄποτὲξουμιίνίιιε
744 2497 852 2527 borum
862 2498 966 2527 duum.
981 2507 1079 2536 poenae

362 2548 492 2577 corpore
506 2539 683 2576 tolerandae,
695 2550 732 2569 an
744 2541 863 2570 mnlotae
874 2540 1000 2570 aerariae.
1024 2540 1080 2570 Di-

360 2580 442 2611 citur
466 2582 545 2611 enim
576 2582 668 2623 τιμᾷν
694 2583 746 2613 τινὶ
775 2582 856 2619 τινὸς,
882 2583 949 2614 scil.
978 2583 1079 2615 ποινήν.

360 2624 514 2655 aestimare
534 2625 626 2655 alicui
648 2625 733 2655 litem
756 2624 837 2664 ἀξίαν
858 2625 940 2663 τινὸς,
955 2626 1078 2666 dignam

360 2672 413 2698 aut
428 2667 596 2708 supplicio,
612 2674 664 2698 aut
678 2669 802 2698 mulcta.

404 2729 448 2733 —
463 2713 514 2742 ⁶25.
537 2710 582 2740 ἐάν
603 2722 648 2746 τις
671 2709 799 2752 ὀφείλων]
823 2711 946 2742 videtur
961 2712 991 2742 in
1006 2712 1076 2751 lege

360 2753 456 2784 fuisse
469 2766 476 2784 :
500 2753 547 2785 ἐὰν
561 2752 586 2784 δ’
601 2752 725 2794 ὀφείλων,
741 2760 773 2785 et
784 2755 860 2784 illud
874 2766 919 2789 τις
930 2766 946 2785 e
959 2755 1076 2785 scholio

357 2797 532 2836 irrepsisse.

401 2841 476 2872 505.
495 2842 528 2870 4.
544 2839 676 2874 τοιούτοις
690 2839 718 2869 δέ
733 2851 795 2870 τισι
810 2839 991 2880 προσέοικενὸ
1007 2841 1074 2882 ypat-

359 2890 418 2922 φων
439 2882 579 2924 χρῆσθαι]
605 2884 757 2913 sententia
779 2884 886 2913 borum
913 2883 1074 2914 verborum

359 2936 428 2956 esse
453 2927 558 2966 nequit
579 2923 648 2963 alia,
664 2936 754 2966 quam
776 2927 860 2956 haec:
884 2927 1074 2965 Hujnsmodi

358 2969 544 3008 quibusdam
570 2969 654 3000 vitiis
680 2969 830 2999 obnoxius
857 2980 926 2999 esse
950 2969 1075 2999 videtui

359 3012 435 3052 legis
447 3018 563 3043 auctor.
587 3013 651 3043 Sed
661 3012 838 3045 conveniret
852 3012 980 3043 melius:
1004 3013 1074 3044 Hu-

1360 0 1473 36 ‘ttae-'R

1368 33 1393 73 ’.ἶ
1410 24 1479 74 μῖξις..

1123 192 1452 238 ΑΝΝΟΤΑΤΑ

1117 300 1255 338 jusmodi
1272 299 1346 330 vitia
1360 302 1489 332 deceant
1509 311 1669 342 personam
1685 303 1838 344 Leptinis.

1123 353 1190 382 quae
1206 344 1356 373 sententia
1378 344 1517 384 possitne
1541 356 1557 375 e
1580 345 1684 376 verbis
1704 347 1847 386 Graecis,-

1123 389 1156 416 ut
1167 387 1281 424 jacent,
1296 387 1372 422 erui,
1391 388 1510 418 dubito.

1165 447 1207 451 -
1224 432 1274 460 18.
1292 427 1405 471 ἐξεῖναι]
1432 430 1500 460 scil.
1521 430 1663 469 ἐβούλετο,
1685 432 1735 463 vel
1750 431 1838 474 διῶςι-

1123 482 1180 508 σεν,
1197 483 1213 501 e
1227 483 1318 502 versu
1334 478 1491 512 sequente.

1164 532 1209 537 —
1223 525 1293 554 pen.
1319 516 1491 556 Διοφάντου]
1505 517 1695 558 Δημοφάντου
1710 528 1727 548 e
1742 517 1835 548 codd.

1123 557 1216 588 Mstis
1233 559 1356 597 praefert
1373 559 1555 590 Valkenaer.
1572 562 1609 590 ad
1634 560 1787 591 Herodot.
1802 571 1835 601 p.

1122 602 1197 631 398.

1163 645 1238 674 506.
1250 646 1280 674 Ξ.
1294 643 1521 685 Ἀριστογείτονι]
1535 650 1605 685 post
1618 643 1834 686 Ἀριστογείτονι

1122 686 1230 716 deesse
1248 687 1373 718 videtur
1387 688 1536 718 δεδώκατε.

1163 748 1207 752 -
1222 732 1253 761 9.
1278 731 1396 761 τοιουτοί
1411 731 1500 772 τινες]
1526 731 1630 771 quales
1645 741 1754 772 nempe
1768 731 1836 762 fue-

1121 778 1192 803 runt
1206 774 1396 805 Harmodius
1408 779 1440 805 et
1455 775 1655 814 Aristogiton.

1163 833 1206 839 -—-
1220 817 1297 846 ibid.
1322 818 1345 847 εἷ
1367 819 1408 848 τοὶ
1424 816 1482 857 τιτρό
1500 819 1550 847 τοῦ
1565 816 1774 867 κατεμέμφου,
1787 807 1837 858 τίς

1119 860 1162 898 μὴ
1172 858 1220 889 και
1234 862 1273 889 τὰ
1281 858 1429 899 μέλλοντα
1444 860 1516 903 ᾔδεις
1530 861 1553 900 3]
1570 865 1654 900 patet
1667 861 1776 891 vitium
1789 861 1835 891 Ιο-

1120 902 1162 937 ci,
1182 903 1265 941 quod
1291 903 1358 932 tolli
1385 894 1501 944 triplici
1527 904 1618 934 modo
1644 908 1760 944 potest,
1783 908 1836 935 aut

1121 944 1289 975 omittendo
1305 957 1347 982 τι,
1366 957 1434 976 eum
1453 948 1643 986 Augustano,
1656 950 1708 976 aut
1724 947 1770 977 sic
1791 947 1836 977 le-

1121 988 1237 1026 gendo:
1251 987 1274 1018 εἷ
1289 990 1344 1018 τῶν
1353 987 1403 1029 πρὸ
1412 990 1462 1020 τοῦ
1471 988 1667 1030 κατεμέμφου
1678 1001 1720 1026 τι,
1730 991 1774 1029 μὴ
1789 988 1838 1020 καὶ

1119 1032 1160 1061 τοὶ
1174 1043 1212 1071 μ.
1228 1029 1258 1072 ᾖ.
1281 1033 1355 1072 quod
1371 1032 1395 1062 si
1407 1033 1598 1064 vetustiorum
1612 1033 1732 1063 illorum
1747 1033 1835 1072 quid-

1118 1084 1205 1113 quam
1220 1064 1384 1110 incumbas,
1399 1085 1471 1105 num
1485 1074 1604 1117 futura
1627 1074 1761 1117 tenebas?
1783 1078 1838 1106 aut

1118 1117 1264 1156 denique,
1278 1119 1503 1158 transponendo
1526 1130 1557 1149 τι
1572 1123 1644 1158 post
1658 1119 1713 1158 μῆ,
1727 1122 1760 1149 ut
1774 1118 1837 1149 sit:

1119 1161 1141 1190 εἰ
1167 1162 1207 1190 τα
1228 1159 1279 1200 προ
1296 1161 1347 1192 τοῦ
1368 1160 1576 1203 κατεμέμφου,
1599 1161 1643 1201 μή
1669 1172 1700 1191 τι
1722 1161 1770 1191 καὶ
1793 1163 1835 1192 τα

1117 1202 1210 1243 μὲλλ.
1223 1201 1268 1244 ᾖδ.
1281 1205 1415 1243 priorum
1425 1206 1487 1235 site
1500 1205 1668 1243 paenitebat,
1678 1214 1751 1235 num
1763 1205 1836 1245 quid

1117 1247 1207 1276 etiam
1216 1236 1338 1287 J'utura
1349 1248 1550 1288 praevidebas?
1569 1248 1621 1277 ubi
1636 1259 1678 1283 τι,
1693 1247 1783 1286 plane
1800 1252 1834 1279 ut

1117 1289 1149 1319 in
1166 1289 1283 1320 Latinis
1295 1291 1378 1330 quid,
1394 1291 1553 1321 redundat.

1160 1350 1204 1354 —-
1216 1335 1265 1363 10.
1294 1333 1339 1363 δ’τι
1361 1335 1388 1364 νὴ
1412 1332 1466 1365 Δία
1493 1333 1580 1376 πόῤῥω
1591 1333 1649 1375 —-]
1677 1332 1837 1364 Sententia.

1118 1380 1186 1405 est:
1208 1377 1311 1415 procul
1328 1377 1371 1407 ais
1388 1387 1439 1406 ‘nos
1454 1377 1544 1407 abesse
1564 1377 1600 1406 ab
1622 1376 1678 1406 illa
1701 1376 1834 1407 luctuosa

1117 1429 1174 1458 spe,
1187 1418 1260 1459 fore
1281 1425 1317 1449 ut
1338 1421 1475 1450 exsistant
1496 1420 1591 1460 aliqui
1607 1418 1771 1449 Harmodio
1791 1420 1832 1450 sz'-

1119 1462 1208 1498 miles,
1224 1463 1275 1502 qui
1298 1473 1348 1492 nos
1366 1474 1385 1493 a
1407 1464 1542 1503 tyrannis
1561 1463 1692 1492 liberent.
1737 1462 1834 1493 Simus

1119 1506 1261 1535 enimvero
1273 1523 1326 1536 —-.

1161 1565 1206 1570 -—
1218 1551 1269 1578 14.
1295 1547 1466 1589 νεμεσήσαι]
1498 1548 1582 1579 Citat
1606 1548 1635 1578 b.
1658 1548 1680 1578 l.
1708 1547 1834 1579 lexicon

1119 1591 1201 1630 apud
1218 1592 1425 1622 Montfancon.
1441 1592 1523 1622 Bibl.
1539 1591 1666 1621 Coisliu.
1681 1601 1712 1630 p.
1725 1593 1801 1624 497.
1815 1609 1822 1616 ι

1160 1652 1204 1657 -——
1215 1635 1266 1665 15.
1282 1635 1380 1665 πάντα
1392 1633 1416 1664 δ’
1427 1634 1580 1675 ἀνθρώπινα
1591 1633 1744 1674 ἡγεῖσθαι]
1757 1636 1834 1664 Sen-

1118 1677 1217 1707 tentia
1230 1682 1293 1707 est:
1309 1684 1412 1709 sortem
1422 1687 1624 1718 quamcunque
1636 1688 1694 1707 non
1706 1678 1835 1708 alienam

1117 1720 1154 1749 ab
1167 1731 1210 1757 eo,
1220 1722 1270 1761 qui
1281 1721 1361 1751 homo
1372 1722 1420 1756 sit,
1433 1722 1604 1751 existimare.
1632 1721 1738 1750 Potest
1749 1731 1833 1760 resp.

1118 1768 1222 1794 nostra
1243 1763 1272 1793 in
1293 1763 1447 1805 ejusmodi
1464 1768 1601 1803 tempora
1618 1763 1767 1800 incidere,
1782 1764 1834 1794 ubi

1117 1816 1195 1846 opus
1211 1806 1253 1837 sit
1268 1806 1345 1836 viris
1368 1807 1490 1847 egregie
1513 1807 1552 1837 de
1576 1816 1610 1836 se
1635 1806 1833 1844 merentibus,

1116 1860 1213 1889 eoque
1229 1860 1355 1881 munera
1371 1850 1485 1880 eximia
1499 1849 1734 1889 postulantibus.

1158 1910 1202 1915 --
1214 1896 1265 1924 17.
1279 1894 1404 1923 τοιαῦτα
1417 1892 1597 1943 πράγματα]
1614 1892 1755 1929 subaudi,
1766 1892 1833 1932 qui-

1116 1937 1174 1966 bus
1190 1946 1267 1966 nunc
1282 1936 1398 1966 haerent
1409 1935 1561 1976 impliciti.

1158 1996 1202 2002 -—-
1217 1981 1269 2010 21.
1285 1991 1312 2014 ος
1329 1978 1466 2020 ὑπηρέτης
1482 1977 1528 2019 ην]
1550 1976 1670 2009 verba
1657 1990 1684 2013 ος
1694 1977 1832 2019 ὑπηρέτης

1114 2019 1144 2052 ’ἦν
1160 2022 1304 2052 videntur
1320 2033 1336 2052 e
1352 2021 1490 2053 scholio
1480 2032 1656 2062 1rrepsisse,
1666 2031 1763 2062 eoque
1778 2023 1832 2053 de-

1115 2066 1207 2096 lenda
1227 2076 1306 2096 esse.
1323 2066 1462 2097 voluerat.
1473 2065 1572 2096 lector
1590 2065 1700 2104 aliquis
1715 2065 1834 2104 signiti-

1116 2119 1198 2145 care,
1214 2119 1303 2148 quam
1319 2107 1465 2140 contemti
1475 2108 1546 2138 olim
1559 2107 1670 2138 scribae
1682 2108 1831 2149 fuissent;

1115 2152 1187 2182 ideo
1202 2152 1419 2191 adscripserat,
1435 2151 1553 2181 scribas
1570 2151 1600 2180 in
1619 2161 1747 2181 numero
1765 2161 1830 2181 ser-

1116 2205 1222 2224 vorum
1236 2194 1427 2234 publicorum
1443 2194 1549 2224 fuisse.
1596 2195 1675 2224 Nam
1693 2191 1832 2234 ὑπηξέτης

1115 2242 1164 2266 est
1175 2246 1274 2267 servus
1287 2238 1422 2277 publicus
1437 2237 1495 2267 lnl.
1531 2237 1630 2267 Nemo
1648 2246 1765 2272 eorum,
1777 2237 1832 2276 qui

1115 2281 1354 2311 Demosthenem
1366 2285 1500 2311 orantem
1513 2279 1664 2315 audirent,
1675 2280 1733 2310 hoc
1742 2281 1830 2320 igno-

1114 2323 1218 2361 rabat3
1242 2324 1295 2354 sed
1320 2323 1500 2364 ignorabant
1523 2322 1611 2352 multi
1635 2333 1758 2373 eorum&
1777 2323 1830 2363 qui

1113 2366 1220 2397 multis
1236 2367 1357 2397 soeculis
1370 2372 1442 2406 post
1455 2376 1523 2396 eum
1532 2365 1690 2405 legerent·
1683 2389 1692 2404 ,
1708 2366 1761 2415 qui
1773 2367 1830 2397 do-

1113 2409 1204 2439 cendi
1222 2409 1402 2440 videbantur
1418 2409 1459 2445 ei,
1479 2408 1620 2449 quisquis
1637 2408 1670 2438 id
1693 2409 1828 2452 scripsit.

1113 2453 1216 2489 Quare
1244 2453 1345 2484 nullus
1368 2452 1510 2483 dubitavi
1536 2452 1603 2482 haeo
1624 2451 1718 2482 verba
1742 2453 1829 2483 uncis

1111 2495 1278 2525 includere.

1155 2541 1229 2569 507.
1244 2539 1295 2569 15.
1309 2538 1506 2580 ἀδικησονται]
1522 2548 1642 2568 correxi
1635 2536 1828 2568 &maneria-ov·-

1112 2592 1172 2612 ται.
1195 2582 1277 2621 quod
1299 2581 1420 2618 melius,
1444 2581 1567 2611 tametsi
1589 2581 1669 2611 haud
1690 2580 1828 2620 ignorem

1111 2624 1188 2654 illud
1204 2636 1325 2665 qnoque
1348 2625 1471 2655 defendi
1486 2634 1581 2665 posse
1601 2623 1705 2653 multis
1721 2624 1829 2655 simili-

1112 2668 1167 2698 bus
1182 2668 1335 2708 exemplis
1348 2667 1516 2698 mediorum
1529 2677 1586 2707 pro
1595 2666 1730 2707 passivis
1740 2677 1829 2697 usur-

1110 2716 1264 2750 patorum.

1153 2757 1263 2785 -Ξ5.
1293 2752 1432 2787 Λεπτίνης
1443 2751 1523 2805 ”orphe
1547 2752 1624 2792 ὑμας
1645 2750 1828 2794 ἀγωνίζεται]

1110 2808 1168 2827 non
1185 2802 1289 2837 putem
1309 2795 1376 2837 πςός
1397 2797 1487 2835 υμᾶς,
1503 2795 1558 2825 sed
1580 2793 1645 2836 πρὸς
1661 2796 1747 2835 ἧμας.
1771 2806 1826 2826 reo

1109 2845 1263 2870 certamen
1278 2844 1335 2874 est,
1348 2848 1405 2868 non
1418 2849 1486 2868 cum
1498 2837 1670 2877 judicibus,
1684 2839 1740 2868 sed
1755 2848 1826 2868 cum

1109 2887 1224 2921 actore,
1241 2887 1272 2913 et
1287 2892 1390 2912 rursus
1405 2881 1500 2911 actori
1516 2891 1585 2910 cum
1600 2891 1665 2911 reo,

1151 2943 1195 2949 —
1207 2937 1276 2967 pen.
1291 2924 1357 2966 πρὸς
1370 2926 1411 2955 τοὶ
1424 2923 1541 2965 πονηροὶ]
1557 2923 1680 2954 correxi
1695 2921 1769 2964 ωρδς
1784 2924 1825 2954 τα

1108 2969 1294 3020 πονηρότατα.
1322 2978 1388 2997 nam
1417 2967 1492 2998 alias
1518 2966 1714 2997 scribendum
1743 2972 1826 2997 esset

1108 3013 1207 3044 saltim
1223 3023 1290 3053 πςος
1302 3011 1399 3042 πάντα
1411 3013 1450 3041 τὰ
1468 3011 1576 3051 πονηρα.
