1948 3322
176 514 282 564 AD
328 505 786 561 ORATIONEM
833 503 937 554 DE
985 499 1630 552 CONTRIBUTIONE.

218 701 340 732 Titulus
356 702 386 732 iu
403 702 538 733 editione
548 701 719 732 Morellana
733 700 806 730 huic
818 710 886 730 ora-

178 745 252 775 tioni
267 746 410 785 praefixus
426 746 475 776 hic
497 750 562 776 est:
588 743 792 784 Δημοσθένους
808 755 887 784 συμ-

175 788 353 824 Βουλευτικός
366 789 424 820 ἦτοι
435 789 448 818 ὅ
460 789 521 829 περὶ
530 787 690 827 συντάξεως
701 786 792 826 λόγος.
808 787 888 816 unde

177 832 346 862 secuudum
359 837 390 862 et
401 833 524 862 tertium
534 831 718 861 vocabulum
735 830 887 870 expunxi.

176 885 235 904 non
250 875 330 905 euim
345 885 434 905 uuam
450 875 642 905 solummodo
657 874 889 909 consultoriam,

179 918 226 947 vel
241 919 406 949 suasoriam
422 918 548 958 scripsit
571 923 683 955 orator,
699 918 754 948 sed
770 917 890 957 plures.

178 972 275 1001 neque
293 962 359 992 haec
381 962 419 991 de
441 962 665 992 contributione
686 961 751 991 sola
772 971 811 990 ex
832 960 891 990 hoc

178 1014 288 1045 genere
304 1010 456 1045 superest,
472 1005 526 1035 sed
544 1004 678 1044 quinque
694 1005 891 1043 insequentes

179 1047 343 1083 orationes,
361 1058 456 1088 usque
469 1048 508 1078 ad
524 1048 605 1078 illam
621 1057 678 1087 pro
688 1057 813 1081 corona,
823 1051 893 1076 sunt

180 1091 335 1126 suasoriae,
351 1091 543 1130 vetustisque
556 1091 587 1120 in
603 1090 692 1120 libris
709 1090 892 1120 Demosthe—

179 1134 226 1163 nis
242 1134 264 1164 οἳ
278 1133 517 1173 συμβουλευτικοὶ
531 1133 734 1174 appellantur.
748 1133 835 1171 cujus
852 1133 892 1162 de

178 1176 309 1206 nominis
325 1176 535 1207 convenientia
549 1187 627 1206 nunc
644 1186 703 1206 non
716 1175 892 1216 disputabo.

179 1218 312 1259 σύνταξις
319 1219 461 1250 universe
473 1230 583 1250 census
592 1219 691 1249 omnis
701 1224 760 1254 est,
770 1229 824 1249 seu
836 1218 893 1248 im-

177 1267 314 1301 peratus,
326 1273 379 1293 seu
391 1262 563 1299 condictus,
572 1262 638 1293 sive
648 1262 813 1299 numatius,
827 1262 893 1292 sive

178 1305 270 1336 etiam
284 1306 395 1336 modus
411 1316 514 1345 operae
526 1306 557 1336 iu
569 1316 698 1346 corpore
710 1306 893 1346 praestandae

180 1348 210 1379 in
229 1349 386 1379 functione
408 1360 567 1380 munerum
587 1360 645 1389 pro
669 1349 769 1380 salute
785 1348 894 1388 patriae

180 1393 398 1422 obeundorum.
434 1392 498 1423 Hic
511 1392 573 1424 loci
588 1398 753 1432 usurpatur
769 1403 824 1433 pro
840 1402 893 1431 pe-

179 1435 316 1465 cuniaria
331 1436 568 1472 contributione,
584 1446 638 1466 seu
658 1446 752 1466 censu
773 1435 892 1465 collati·

181 1479 238 1514 tio,
251 1478 312 1509 civi
328 1479 439 1518 cuique
460 1489 516 1519 pro
532 1479 624 1509 modo
639 1479 828 1509 fortunarum
846 1478 893 1508 iu-

180 1521 276 1558 dicto,
297 1532 365 1561 quae
382 1522 513 1561 pecunia
527 1521 617 1552 militi
641 1522 828 1561 conscripto,
843 1526 895 1552 aut

182 1565 418 1602 conscribendo,
428 1565 459 1595 in
475 1575 580 1596 manus
593 1566 729 1601 daretur,
741 1566 821 1595 unde
835 1565 894 1595 sibi

182 1611 312 1644 vestem,
325 1612 632 1644 arma,.commeatum
647 1613 850 1648 compararet.

224 1653 298 1682 166.
310 1655 339 1681 1.
355 1651 502 1694 παςὸντος]
518 1662 577 1682 non
589 1652 742 1692 improbo.
755 1651 896 1692 suspicor

183 1699 282 1724 tamen
297 1695 337 1725 de
351 1695 498 1735 περιόντος.
508 1696 547 1726 de
555 1695 684 1735 pecunia
695 1695 898 1730 redundante,

181 1748 249 1777 quae
262 1748 332 1768 cum
347 1739 482 1769 redisset
501 1738 579 1779 reip.
600 1743 673 1778 post
693 1739 831 1769 detracta
847 1749 898 1768 ne-

180 1781 316 1812 cessaria
328 1781 486 1820 impendia
499 1787 706 1822 supermanet.

223 1823 386 1855 -15.τὸ
408 1823 432 1855 δ’
455 1824 520 1860 ἔθος
539 1824 637 1866 μέγα]
658 1830 728 1865 post
749 1825 899 1856 vocabula

178 1866 212 1897 τὸ
226 1865 251 1898 δ’
261 1867 327 1902 εθος
338 1866 434 1908 μέγα,
445 1868 588 1899 videntur
601 1869 711 1899 deesse
721 1868 800 1905 haee,
811 1868 855 1899 διὰ
867 1867 901 1898 τὸ

181 1908 300 1946 Βλάςος.
315 1915 346 1941 at
361 1911 554 1942 consuetudo
569 1916 617 1942 est
640 1922 690 1942 res
706 1912 821 1952 gravis,
837 1922 900 1951 mas

183 1954 233 1992 gui
260 1954 417 1990 momenti,
448 1955 529 1985 serio
554 1955 749 1995 pensitanda,
771 1961 899 1996 propter

183 1996 301 2026 noxiam
313 2007 381 2027 cum
389 1998 449 2027 ista
461 1998 682 2028 consuetudine
693 2000 900 2037 conjunctam.

226 2057 270 2061 —
285 2039 341 2070 ult.
363 2041 378 2071 ἦ
399 2039 492 2082 ἑορτὴ]
514 2041 674 2071 articulum
699 2041 814 2071 addidi.
839 2052 898 2071 non

183 2082 261 2112 enim
282 2083 359 2120 ludi,
374 2094 431 2113 seu
454 2084 521 2114 dies
544 2084 627 2120 festi,
642 2084 827 2124 quicunque,
844 2085 898 2114 sed

182 2125 380 2164 peculiariter
403 2126 567 2164 Liberalia,
590 2129 630 2158 τὰ
654 2127 796 2164 Διονύσια,
817 2128 898 2158 desi-

183 2173 324 2209 gnantur.

226 2214 300 2243 167.
313 2215 343 2242 Q,
359 2213 424 2247 τοὺς
445 2212 556 2254 λόγους]
574 2213 605 2243 id
623 2219 681 2250 est,
696 2215 752 2247 τὰς
767 2212 898 2254 παραινέ-

183 2266 251 2289 σεις.
261 2266 300 2285 ne
312 2256 542 2286 adhortationes
554 2257 691 2296 quidem,
707 2257 841 2287 faciendi
850 2268 900 2294 ea,

182 2309 250 2338 quae
273 2305 424 2338 praeterea
445 2300 510 2330 fieri
531 2311 586 2340 par
609 2306 668 2336 est,
685 2301 778 2331 meris
794 2301 899 2331 verbis

181 2347 357 2381 conceptas,
370 2353 469 2383 neque
485 2343 566 2373 ultra
580 2345 672 2374 verba
683 2344 900 2384 procedentes,

182 2385 356 2425 nullamque
381 2386 454 2422 vim,
476 2387 589 2417 nullam
612 2387 828 2418 necessitatem
845 2388 898 2418 ad-

184 2433 354 2464 moventes,
368 2430 495 2460 auribus
511 2431 653 2469 accipere
670 2431 840 2461 sustinetis.

226 2489 269 2494 --
281 2474 312 2502 4.
326 2473 474 2514 νομίσητε]
490 2473 524 2503 id
540 2480 599 2509 est,
614 2472 725 2515 ὕστερον
737 2485 801 2515 νομ.
815 2480 899 2515 post-

183 2515 306 2545 modum
323 2515 413 2546 vobis
431 2517 608 2547 videamini.

225 2576 268 2580 —
279 2561 332 2588 14.
349 2559 607 2601 προσαναλίσκετε]
623 2560 744 2600 praetuli
757 2567 900 2602 παςαναλ.

185 2601 340 2632 insumitis
355 2602 385 2632 in
402 2613 451 2632 res
464 2603 626 2657 frivolas-,u
618 2614 648 2633 in
665 2614 770 2643 nugas.

227 2662 270 2668 —
286 2646 337 2676 15.
354 2646 448 2688 ὑμᾶς]
472 2651 545 2686 post
559 2647 648 2686 ὑμᾶς,
670 2653 722 2677 aut
745 2648 833 2688 φημὶ,
849 2653 901 2678 aut

184 2699 294 2730 χςηναι,
311 2688 436 2720 videtur
449 2689 561 2720 deesse
577 2689 693 2720 τούτων.

224 2749 268 2755 —-
285 2733 336 2762 16.
359 2732 580 2775 στρατιωτικὸν]
593 2733 659 2764 scil.
671 2733 801 2775 ἀςγύριον.
817 2735 903 2764 velut

183 2774 214 2804 in
237 2775 410 2806 mercedem
433 2787 535 2816 operae
559 2777 713 2812 militatis,
728 2788 817 2816 quam
834 2789 901 2808 cor-

183 2829 258 2858 pore
273 2819 403 2858 quisque
416 2830 471 2850 suo
487 2819 517 2849 in
534 2821 644 2851 castris
662 2824 800 2859 praestat.

225 2879 268 2885 —
284 2865 336 2892 17.
353 2861 553 2904 ἐξεταστικον]
583 2863 733 2904 proponit
762 2864 821 2893 hoc
847 2874 901 2894 no-

183 2914 264 2943 men,
294 2910 338 2941 ut,
367 2906 393 2936 si
426 2907 557 2947 placeat,
588 2918 646 2938 non
678 2907 755 2937 male
787 2917 900 2938 conve-

181 2948 267 2978 niens·
288 2949 427 2988 pecuniae
442 2950 500 2986 illi,
517 2961 607 2990 quam
630 2956 738 2981 auctor
762 2956 811 2981 est
833 2951 900 2981 dari

181 2990 303 3022 civibus
333 2992 487 3032 stipendia
516 2994 667 3031 emeritis,
703 2994 815 3034 quibus
846 3005 901 3033 per

181 3038 300 3066 aetatem
323 3037 411 3067 venia
441 3043 490 3068 est
516 3038 651 3070 munium
683 3038 902 3075 castrensium,

921 698 990 739 ὑπὲρ
1011 699 1060 728 τοῦ
1083 696 1232 738 ἐξετάζειν,
1255 707 1310 736 pro
1326 705 1422 735 opera
1436 695 1474 725 ab
1488 696 1565 735 ipsis
1581 708 1631 727 na-

923 742 1032 777 vanda,
1063 747 1094 771 ut
1120 742 1244 772 videant
1266 745 1297 769 et
1321 744 1467 778 quaerant,
1489 751 1559 769 nuin
1582 743 1632 780 ju·
1656 748 1660 752 ’

923 786 1038 821 niores,
1051 795 1179 824 quorum
1194 794 1261 813 sors
1273 783 1363 813 estin
1373 788 1474 812 castra
1486 785 1634 819 exeundi,

924 834 976 859 aut
991 829 1021 858 iu
1038 829 1114 859 urbe
1129 827 1252 867 vigilias
1270 830 1301 856 et
1317 825 1464 856 stationes
1489 827 1634 862 obeundi,

924 874 1090 912 fungantur
1119 871 1231 902 muniis
1259 869 1525 908 competentibus3
1563 881 1634 900 num

926 916 1012 946 vices
1036 914 1211 945 exeuntium
1226 913 1257 943 in
1275 918 1377 943 castra
1391 917 1421 942 et
1434 912 1522 943 illinc
1537 913 1568 943 iu
1585 924 1636 943 ur-

925 959 994 989 bem
1008 959 1201 988 redeuntium
1215 957 1275 987 rite
1289 956 1450 986 alternent.
1464 966 1547 992 num,
1561 968 1636 996 qno-

925 1012 991 1032 rum
1015 1001 1139 1032 nomina
1158 1001 1190 1031 in
1205 999 1360 1030 codicillis
1376 999 1493 1039 scripta
1508 1008 1588 1036 sunt,
1604 1006 1638 1030 ut

925 1050 996 1075 actu
1011 1045 1218 1079 militantium,
1233 1053 1338 1073 omues
1359 1052 1470 1083 reapse
1494 1043 1638 1080 militent,

925 1098 963 1117 an
979 1088 1052 1124 sint,
1069 1088 1120 1126 qui
1133 1087 1410 1126 gratia‚precibuS,
1423 1087 1554 1126 pecunia
1566 1088 1639 1117 sub-

925 1131 1106 1172 terfugerint
1113 1131 1269 1161 molestias
1276 1131 1416 1159 laborum
1426 1130 1639 1171 castrensium,

927 1174 1010 1204 domi
1035 1173 1211 1211 latitantes;
1241 1184 1313 1203 num
1341 1172 1508 1202 militantes
1534 1173 1638 1204 idonei

928 1218 990 1247 sint
1005 1228 1088 1248 arma
1102 1218 1195 1253 ferre,
1207 1227 1279 1246 num
1294 1216 1397 1251 armis,
1407 1216 1505 1255 iisque
1517 1217 1639 1247 idoneis

927 1261 1081 1296 instructi,
1097 1260 1229 1299 aliisque
1245 1260 1338 1290 rebus
1354 1260 1392 1288 ad
1408 1261 1560 1298 agendum
1581 1262 1639 1290 sub

928 1304 1061 1344 pellibus
1074 1303 1270 1334 necessariis.
1307 1303 1387 1332 Haec
1402 1302 1482 1332 enim
1497 1304 1642 1343 agebant,

928 1348 994 1377 haec
1018 1348 1175 1383 curabant,
1192 1347 1231 1377 de
1253 1346 1301 1376 his
1317 1346 1354 1375 ad
1372 1346 1403 1375 S.
1419 1347 1455 1375 P.
1472 1346 1512 1383 Q.
1527 1348 1640 1376 resere-

927 1391 1000 1421 bant
1015 1391 1061 1420 sic
1073 1391 1149 1421 dicti
1165 1389 1335 1430 ἐξετασταὶ,
1347 1400 1401 1419 seu
1415 1390 1642 1429 exploratores,

926 1434 1094 1464 revisores.

970 1495 1013 1500 —
1029 1479 1080 1507 20.
1095 1475 1153 1507 ἀπὸ
1169 1476 1289 1517 τούτων]
1314 1474 1382 1506 scil.
1397 1478 1454 1506 τῶν
1473 1477 1643 1518 χρημάτων.

928 1521 967 1551 ab
982 1521 1040 1550 hac
1060 1520 1193 1560 pecunia
1214 1518 1374 1555 collatitia,
1392 1521 1430 1549 ab
1450 1519 1508 1550 hac
1531 1521 1644 1550 contri-

929 1564 1068 1600 butione,
1089 1573 1179 1604 quam
1207 1568 1242 1593 ut
1264 1562 1355 1592 vobis
1377 1563 1439 1601 ipsi
1462 1563 1644 1603 imponatis,

929 1612 1036 1638 auctor
1052 1617 1111 1647 ego
1127 1605 1216 1637 vobis
1231 1616 1309 1636 sum.

972 1668 1017 1673 -—-
1031 1652 1083 1681 23.
1099 1649 1220 1691 κρίνητε]
1236 1649 1359 1688 praetuli
1374 1647 1488 1689 κρίνετε,
1512 1649 1541 1679 in
1564 1650 1644 1680 indi-

931 1694 1043 1724 cativo.
1071 1693 1196 1724 videtur
1217 1693 1289 1722 olim
1314 1693 1343 1722 in
1370 1691 1458 1721 libris
1484 1693 1579 1723 fuisse
1605 1695 1643 1724 ad

932 1738 1012 1767 hunc
1037 1737 1162 1767 modum
1188 1735 1270 1776 ἄπες
1295 1735 1346 1765 νυνὶ
1373 1733 1526 1779 συμίὲαίνῃ,
1557 1735 1588 1766 τί
1617 1737 1645 1767 δὲ

932 1779 1104 1821 συμβαίνει,
1127 1779 1238 1819 ecquid
1255 1783 1356 1809 autem
1372 1770 1507 1809 evenit?
1525 1781 1646 1821 Nempe

930 1824 1138 1865 (respondet
1131 1833 1198 1863 ipse
1215 1822 1292 1863 sihi)
1306 1828 1370 1857 τους
1392 1834 1570 1863 στςατηγους
1592 1824 1648 1864 κρί-

932 1877 1002 1898 νετε.
1025 1867 1228 1908 imperatores
1245 1871 1379 1902 vestros,
1394 1876 1410 1895 e
1432 1867 1543 1896 castris
1560 1878 1647 1898 revo-

934 1916 1032 1946 catos,
1049 1911 1281 1941 successoribus
1297 1915 1366 1939 ante
1383 1914 1506 1948 tempus
1529 1911 1647 1947 missis,

934 1960 986 1985 aut
1006 1954 1208 1994 expeditione
1231 1954 1324 1990 finita,
1346 1953 1471 1983 domum
1493 1964 1648 1990 reversos,

934 1998 972 2028 ad
984 1997 1135 2036 judicium
1149 1997 1279 2027 vocatis.

976 2058 1018 2063 -
1036 2043 1087 2070 24.
1104 2041 1117 2070 ὁ
1132 2040 1204 2069 δεῖνα
1219 2041 1269 2069 τοῦ
1281 2039 1362 2074 δεῖνος
1376 2038 1422 2069 τὸν
1437 2038 1525 2081 δεῖνα]
1545 2040 1647 2071 locum

935 2083 1013 2113 huuc
1029 2083 1105 2113 citat
1116 2084 1247 2113 Thomas
1263 2083 1310 2112 M.
1325 2093 1354 2112 v.
1370 2082 1382 2111 ὁ
1396 2083 1479 2112 δεῖνα.
1496 2093 1524 2122 p.
1540 2085 1614 2116 644.

978 2128 1052 2157 168.
1065 2129 1094 2157 6.
1109 2125 1276 2167 παξουσίαν]
1294 2126 1378 2156 Citat
1391 2126 1420 2155 h.
1433 2126 1454 2155 l.
1472 2127 1647 2167 Harpocra-

933 2169 997 2200 tion
1011 2181 1017 2199 :
1042 2171 1097 2200 sed
1113 2170 1140 2200 is
1155 2174 1208 2200 aut
1227 2179 1332 2199 errore
1357 2169 1437 2199 oculi
1453 2172 1649 2201 memoriaeve

932 2213 1081 2252 deceptus
1113 2211 1267 2253 παςουσίαν
1289 2223 1357 2243 cum
1381 2212 1537 2253 περιουσίαν
1566 2225 1649 2244 com-

932 2256 1070 2292 miscuit,
1086 2262 1140 2287 ant
1155 2257 1229 2287 alias
1250 2257 1350 2286 locum
1376 2256 1477 2286 secius
1498 2258 1650 2298 interpre-

932 2305 1016 2330 tatus
1032 2305 1091 2330 est.
1114 2301 1154 2330 de
1167 2311 1227 2341 quo
1239 2301 1301 2339 jam
1317 2300 1463 2330 Valesius
1476 2301 1651 2341 suspicatus

933 2349 990 2374 est.

978 2405 1019 2410 —
1039 2390 1089 2417 11.
1105 2383 1198 2427 οὗτος]
1225 2386 1343 2417 addidi.
1367 2386 1456 2420 ἄλλος
1479 2386 1512 2416 ἂν
1526 2385 1555 2417 33v
1571 2386 1651 2427 λόγος

934 2427 1012 2465 οὗτος
1029 2430 1181 2468 significat
1194 2431 1268 2460 hoc:
1285 2430 1532 2460 adversariorum
1543 2432 1654 2468 oratio,

934 2474 1122 2504 hortantium
1147 2484 1216 2509 vos,
1242 2473 1373 2503 desidiae
1404 2473 1579 2513 indulgere,
1611 2476 1652 2505 nil

935 2527 1038 2557 agere,
1053 2516 1154 2551 otiari,
1169 2522 1253 2547 esset
1274 2522 1336 2546 tuin
1359 2516 1419 2546 alia
1433 2517 1546 2554 futura,
1561 2529 1652 2558 quam

935 2571 1016 2591 nunc
1032 2566 1088 2591 est.
1135 2562 1230 2590 Foret
1245 2565 1309 2590 tum
1322 2560 1403 2590 haud
1417 2563 1652 2598 contemuenda,

936 2604 1029 2634 rebus
1056 2604 1145 2634 aliter
1172 2614 1240 2634 sese
1267 2604 1459 2634 habentibus.
1479 2605 1541 2643 jani
1565 2616 1651 2639 vero,

936 2649 1030 2678 rebus
1047 2648 1092 2677 sic
1109 2657 1143 2677 se
1159 2647 1352 2683 habentibus,
1362 2652 1396 2676 ut
1408 2657 1516 2687 reapse
1528 2649 1651 2685 habent,

937 2691 1035 2721 oratio
1051 2691 1138 2721 istaec
1152 2690 1232 2721 levis
1245 2695 1276 2720 et
1291 2691 1490 2730 explodenda
1506 2697 1563 2722 est.

979 2753 1022 2758 —
1038 2736 1090 2765 13.
1105 2732 1333 2774 ἐποπτεύουσαν]
1359 2735 1481 2773 praetuli
1501 2734 1652 2766 ἑποωτεύ-

935 2789 1042 2808 σουσαν
1053 2777 1102 2819 (in
1126 2776 1249 2817 futuro)
1272 2778 1491 2819 inspecturain,
1508 2779 1537 2807 h.
1551 2789 1578 2807 e.
1595 2789 1651 2817 gu-

936 2822 1141 2852 bernaturam.
1149 2821 1224 2852 licet
1235 2831 1358 2861 quoque
1369 2819 1570 2861 ἐφοδεύσουσαν
1581 2833 1654 2861 pro—

937 2866 1021 2895 bare.
1060 2868 1164 2905 partes
1191 2864 1289 2894 veluti
1319 2864 1498 2894 circitorum
1531 2869 1652 2896 acturas

937 2909 1054 2948 copias,
1069 2909 1206 2938 obiturus
1224 2908 1348 2946 vigilias
1364 2918 1479 2936 oinueS.

979 2970 1020 2974 —-
1040 2954 1090 2983 15.
1107 2950 1240 2991 ἐρημίας]
1264 2951 1294 2981 in
1317 2951 1494 2986 solitudine,
1511 2956 1618 2990 utpote
1635 2963 1653 2982 a
1676 2978 1679 2981 .

938 2996 1041 3031 vobis,
1057 2995 1109 3035 qui
1127 2995 1206 3024 socii
1224 3005 1328 3024 corum
1347 2994 1441 3024 vultis
1466 2994 1581 3029 haberi,
1599 2996 1652 3025 de-

938 3039 1024 3070 serti.
1050 3038 1192 3070 Dorville
1215 3039 1252 3068 ad
1281 3038 1437 3069 Chariton.
1462 3048 1491 3076 p.
1509 3040 1583 3069 348.
1610 3039 1653 3069 lc-
