1948 3322
397 192 481 233 AD
517 188 882 232 ORATIONEM
919 188 1039 229 PRO
1075 189 1344 230 CORONA.

137 310 170 338 ρα
186 309 230 332 τις
242 297 365 338 μέθοδος
374 297 534 328 ἐνδιαθέτου
546 296 638 334 λόγου,
650 297 696 326 καὶ
707 297 847 336 μάλιστα

138 342 188 372 τοῦ
203 341 339 375 δοκοῦντος
356 342 405 371 σὺν
419 341 484 381 ὄξγῇ
498 340 628 381 πςοϊὲναι,
651 339 684 370 τό
703 340 777 379 μηδὲ
794 342 850 374 τὰς

139 382 307 417 ἀκολουθίας
320 383 418 423 σώζειν
432 387 488 415 τῶν
503 386 552 414 τοῦ
572 383 655 422 λόγου
672 385 850 425 σχημάτων,

139 425 210 457 ἀλλ’
221 423 268 457 οἷον
287 425 462 465 ἐξίστασθαι
482 427 566 458 δοκεῖν
585 427 639 457 ὑπὸ
657 428 706 456 τοῦ
728 425 849 459 πάθους.

96 500 98 502 ,
127 467 188 502 οἷόν
201 468 265 499 ἐστι
285 469 335 499 καὶ
357 469 401 499 τό·
422 469 516 502 ἐπειδὴ
535 468 622 500 τοίνυν
641 471 656 501 ἦ
670 469 726 509 μὲν
740 468 852 503 efficentias·

139 513 186 542 καὶ
200 510 292 541 δικαία
307 511 399 552 ψῆφος
414 513 444 544 a.
460 514 484 544 δ.
494 531 537 536 -
548 513 670 553 οὐδαμοῦ
681 514 735 552 γὰρ
748 512 850 542 ἀποδέ·

140 556 246 585 δεικται
261 555 306 594 τῷ
322 556 463 598 σχήματι
478 555 511 587 τὸ
527 555 682 592 ἀκόλουθον,
697 555 766 586 ἀλλ’
779 555 850 586 ἔπι-

139 599 211 628 πολὺ
226 597 259 627 τό
271 597 320 629 οἷον
333 600 494 642 ἰιιιςόχολον.
509 598 604 640 [lege‚
617 605 671 630 aut
687 598 751 629 ἐστὶ
763 600 850 635 πολὺ,

139 646 190 670 aut
200 639 250 672 ἐπὶ
259 643 331 672 πολὺ
341 642 475 678 διατείνει,
485 647 536 674 aut
546 641 740 684 ἐπιπολάζει.]
763 643 849 672 Idem

138 694 170 723 p.
187 685 259 714 245.
277 687 369 716 verba
385 686 428 716 δεῖ
443 686 472 716 δέ
494 698 547 726 με,
570 687 605 720 ὡς
625 686 716 720 ἔοικεν,
735 690 795 716 ete.
810 688 850 716 ob

140 728 197 757 hoc
208 727 243 799 ἷῢς
257 726 339 758 ἔοικεν
353 730 390 759 ad
402 730 549 760 orationis
565 740 660 770 genus
673 729 852 760 ἐνδοιαστικόν

138 774 202 800 retu
220 770 254 801 it.

181 830 225 836 —-
241 816 291 846 13.
310 813 431 857 ψευδῶν]
456 826 523 855 quae
540 816 608 847 soil.
623 817 662 847 de
683 827 730 847 me
749 816 852 846 crimi-

139 861 227 886 natus
243 863 300 888 est.

182 917 226 923 —-
239 903 292 931 14.
313 900 361 931 καὶ
390 900 494 944 δεῖξαι]
517 902 585 933 dixi
612 903 704 933 modo
729 903 788 932 hoc
814 903 853 932 de

140 942 209 972 loco
225 944 404 975 sententiam
420 955 531 975 meam.

183 1003 227 1009 —
241 988 294 1018 15.
310 986 423 1029 λόγους]
443 988 509 1018 scil.
525 986 620 1028 ἐμούς.
636 999 772 1028 meaeque
787 999 855 1018 ora-

142 1029 254 1066 tiones,
263 1040 339 1069 quas
348 1031 402 1061 ille
413 1032 556 1067 traducit,
567 1034 672 1071 quales
685 1033 755 1067 sint,
766 1042 854 1070 quam

144 1077 268 1109 sanctae,
285 1083 374 1112 quam
389 1074 524 1114 pudicae,
540 1085 628 1114 quam
645 1076 792 1104 honestae.

185 1132 228 1138 -—
243 1118 294 1146 17.
310 1116 396 1157 εῖγὰς
410 1116 525 1157 Αίακδς]
543 1118 694 1148 sententia
707 1121 771 1147 est:
789 1126 855 1145 num

144 1157 171 1188 si
185 1158 274 1188 homo
285 1159 375 1198 frugi,
391 1160 439 1189 vir
456 1161 552 1190 bonus
569 1166 600 1190 et
612 1160 760 1190 honestus
778 1160 857 1189 foret

143 1200 318 1238 AEsohines,
333 1212 422 1241 quem
439 1213 472 1233 se
489 1203 612 1233 simulat
627 1214 706 1240 esse,
727 1202 857 1232 similem

143 1243 242 1274 AEaco
264 1244 370 1281 alicui,
392 1250 445 1276 aut
467 1247 580 1283 Minoi,
604 1253 668 1277 tum
689 1257 706 1276 a
729 1250 759 1276 te
774 1251 858 1276 certe

143 1297 202 1317 non
218 1288 355 1328 profecta
373 1293 476 1319 esseut
497 1294 558 1320 tarn
582 1290 723 1320 immania
737 1291 859 1329 probra,

144 1340 213 1370 qnae
230 1330 261 1361 in
281 1341 330 1362 me
345 1332 517 1371 conjecisti.
561 1334 647 1373 Ergo
669 1343 728 1363 non
751 1344 785 1363 es
807 1332 859 1362 ille

145 1377 268 1404 sanetus
284 1380 315 1405 et
327 1385 465 1413 severus,
477 1376 528 1415 qni
541 1387 609 1407 esse
624 1377 682 1412 vis,
696 1377 749 1407 sed
759 1376 859 1415 impu-

146 1427 198 1447 rus
209 1417 326 1454 rabula,
341 1419 394 1457 qui
409 1430 478 1450 cum
496 1419 549 1456 sis,
563 1420 673 1450 mirum
690 1430 749 1450 non
766 1425 814 1450 est
829 1424 859 1449 te

148 1465 208 1490 tam
223 1460 418 1500 impudenter
432 1464 545 1502 probra
555 1464 685 1502 jactare.

191 1521 234 1527 —-
248 1507 300 1536 19.
316 1505 533 1548 σπερμολόγος]
549 1506 632 1536 Citat
645 1507 675 1537 h.
690 1507 710 1536 l.
726 1506 861 1536 Hermo-

149 1557 242 1586 genes
257 1557 287 1587 p.
304 1550 377 1579 255.
423 1550 643 1580 Pboebammon
665 1561 695 1590 p.
715 1553 786 1580 100.
808 1549 861 1578 ubi

149 1589 274 1630 tropinae
286 1591 428 1622 dictionis
444 1593 588 1632 exempla
601 1594 667 1624 baeo
680 1592 863 1623 Demosthe-

149 1633 217 1664 nica
231 1635 390 1674 proponit:
408 1635 601 1677 ὑποσκελίζειν
612 1636 675 1667 ἀντὶ
687 1637 736 1666 τοῦ
748 1634 864 1676 ἀνατρέ-

149 1687 220 1713 πειν,
242 1677 291 1708 καὶ
312 1677 346 1708 τό
365 1679 563 1720 σπερμολόγος
583 1680 646 1712 ἀντὶ
662 1681 712 1710 τοῦ
739 1679 864 1715 εὐτελὴς,

148 1720 197 1750 καὶ
211 1719 244 1750 τὸ
256 1721 450 1762 εὐπροσώπους
462 1723 558 1762 λόγους
571 1723 633 1754 ἀντὶ
644 1724 694 1753 τοῦ
704 1722 848 1758 πιθανούς.

193 1781 235 1787 -—
246 1767 265 1795 2
273 1767 299 1794 1.
315 1764 509 1809 πορίσασθαι]
525 1768 564 1797 de
576 1777 632 1797 suo
642 1777 679 1797 ex
685 1766 864 1807 promsisse.

151 1808 499 1849 suspicabaraliquando
510 1810 702 1841 ποιήσασθαι.
725 1809 865 1840 Koenius

150 1849 180 1879 in
198 1851 283 1889 praef.
299 1851 337 1881 ad
353 1853 486 1892 Gregor.
507 1853 649 1884 Corinth.
668 1855 706 1883 de
723 1853 865 1883 dialectis

151 1893 392 1925 demonstratum
415 1896 512 1932 dedit,
534 1897 631 1927 multo
651 1895 819 1937 saepissime
834 1897 866 1926 in

154 1936 248 1969 Mstis
272 1938 390 1968 Graecis
411 1949 424 1978 ρ
447 1944 478 1969 ει
499 1952 507 1969 ι
525 1939 605 1970 inter
628 1950 662 1970 se
687 1941 868 1979 permutari,

155 1980 236 2009 unde
258 1990 380 2014 errores
400 1982 463 2012 nati
479 1983 538 2012 sint
554 1983 782 2023 quamplurimi.
806 1988 837 2013 et
852 1995 866 2014 η

153 2027 247 2062 atque
264 2035 273 2053 ι
289 2024 464 2063 promiscue
478 2025 553 2056 item
563 2027 601 2056 ab
613 2026 765 2066 imperitis
777 2026 868 2057 libra-

153 2065 209 2095 riis
232 2066 348 2104 haberi,
372 2068 561 2099 notissimum
585 2074 644 2100 est.
670 2070 724 2100 sed
750 2079 814 2100 rem
838 2070 868 2099 in

154 2108 256 2139 medio
271 2110 422 2150 relinquo.

197 2169 241 2175 —
256 2152 310 2184 ult.
333 2152 364 2189 ’ἧς
378 2156 436 2185 τῶν
448 2154 504 2196 μὲν
515 2156 552 2190 ὣς
565 2153 676 2189 ἀληθῶς
685 2155 742 2197 —-]
768 2156 869 2185 locum

155 2196 236 2226 hunc
259 2196 336 2228 citat
352 2198 495 2229 Stobaeus
511 2209 541 2238 p.
560 2201 633 2230 189.
650 2201 701 2229 17.
724 2199 778 2228 sed
797 2208 870 2228 non-

156 2239 240 2269 nulla
254 2244 374 2271 mutans
396 2245 428 2271 et
447 2242 608 2282 proposito
629 2253 684 2272 sua
700 2251 870 2272 accommo-

155 2282 241 2313 dans.
263 2283 325 2314 Sed
340 2284 429 2315 deest
443 2285 572 2316 editioni
585 2285 784 2316 Trincavelli.

200 2327 275 2357 270.
301 2331 331 2358 1.
361 2328 482 2358 τοιοῦτον
511 2328 598 2370 οὒδὲν]
631 2329 735 2369 qualia
765 2338 872 2369 nempe

158 2368 322 2400 AEscbines
337 2371 376 2400 de
392 2382 425 2401 se
443 2372 626 2412 praedicavit
647 2373 716 2413 ipse
736 2382 790 2402 ore
806 2382 872 2401 suo.

159 2412 214 2442 sed
230 2413 320 2443 etiam
337 2414 364 2444 si
383 2414 462 2445 alius
482 2415 641 2456 quisquam
663 2415 736 2446 talia
750 2416 789 2445 de
805 2415 873 2454 ipso

158 2455 288 2492 diceret,
297 2456 504 2490 offenderetur
515 2462 548 2489 et
555 2461 751 2490 erubesceret
764 2461 804 2488 ob
817 2459 872 2489 im-

159 2499 335 2538 pudentiam
349 2501 516 2532 adulatoris
532 2503 562 2532 in
577 2513 613 2533 os
626 2513 659 2533 se
670 2502 834 2533 laudantis.

202 2558 246 2565 —-
261 2546 291 2574 4.
315 2541 383 2573 ὅταν
397 2543 531 2586 λέγωσιν]
556 2546 622 2578 scil.
637 2546 753 2580 ἑαυτοὺς
767 2546 873 2576 εὐποιι-

161 2584 272 2620 δεύτους
285 2586 334 2616 καὶ
348 2589 477 2622 συνετοὺς
488 2587 569 2619 εῖναι.

203 2644 247 2653 -—
261 2629 336 2660 ibid.
353 2631 487 2667 τοιούτοις
499 2631 581 2673 εῖναι]
597 2631 666 2662 scil.
679 2631 747 2668 οἷὀυς
762 2631 878 2666 ἑαυτοὺς

159 2670 297 2710 λέγουσιν.

203 2733 247 2739 -—
270 2717 303 2747 5.
325 2717 374 2748 οὐκ
402 2718 511 2759 ἀποζῶν
540 2717 564 2748 δ’
571 2717 631 2759 -—]
662 2719 682 2747 S
686 2719 808 2757 yrianns
839 2719 876 2748 ad

163 2757 313 2800 Hermog.
329 2771 360 2800 p.
376 2763 429 2793 43.
452 2763 492 2792 τὰ
510 2760 576 2803 argele,-
595 2761 738 2792 σύστασιν
756 2761 878 2802 ἐροῦμεν,

162 2802 203 2832 τὸ,
217 2801 391 2836 βλάπτοντα
404 2806 583 2839 σιωπῶντες.
605 2806 640 2839 ὡς
654 2805 702 2835 καὶ
721 2804 879 2846 Δημοσθέ-

164 2853 208 2878 νης
228 2844 255 2876 ἔν
271 2846 315 2886 τᾷἱ
333 2847 396 2888 πεςῖ
417 2849 560 2888 Στεφάνου
580 2847 724 2880 πεποίηκε.
771 2847 879 2878 Γέλωνα

165 2885 222 2925 μὲν
234 2888 280 2919 τόν
294 2889 360 2930 πρὸς
373 2890 481 2933 μητρὸς
491 2892 577 2922 αὑτοῦ
593 2892 725 2927 πάππον,
737 2892 772 2926 ὥς
786 2892 880 2931 φυγά-

168 2929 215 2966 δι»,
224 2932 272 2962 καὶ
285 2933 354 2974 πςὸς
365 2935 414 2965 τοῦ
427 2935 516 2974 δῆμον
528 2935 649 2975 θανάτῳ
661 2933 883 2973 καταγνωσθέν-

167 2983 219 3008 ¹¹⁶²·
231 2973 278 3006 διὸ
289 2978 338 3008 ‘rior
352 2977 497 3018 προδοσίαν
509 2977 662 3018 Νυμφαίου
672 2979 723 3009 τοῦ
736 2978 761 3009 ἒν
776 2978 884 3018 Πόντῳ,

168 3018 216 3049 καὶ
227 3021 275 3051 τὴν
283 3019 407 3063 μητέρα,
420 3022 455 3056 ὡς
468 3021 586 3053 Σκυθίδα
599 3021 729 3061 τὸγένος,
742 3021 760 3052 a
771 3022 800 3054 δὴ
814 3023 885 3053 πάν-

1540 187 1594 226 75

883 307 921 325 τα
939 294 1074 337 Αἰσχίνης
1094 294 1119 324 ἐν
1135 296 1177 335 τῷ
1191 298 1269 326 κατὰ
1289 297 1486 337 Κτησιφῶντος
1509 294 1598 334 παςέ-

882 337 959 375 θηκε,
981 339 1132 372 σιωπήσας
1153 338 1207 369 ἐστὶ
1230 341 1279 369 τὴν
1294 341 1380 370 αὑτοῦ
1396 339 1548 379 ἀνατροφὴν
1563 338 1599 371 ὡς

882 383 1010 423 χρηστὴν
1025 379 1110 412 οὖσαν
1125 380 1273 424 ἐχώρησεν.
1295 380 1321 411 ἒν
1340 381 1438 421 μέντοι
1453 383 1512 416 τοῖς
1531 380 1600 410 κατ’

884 424 1019 466 Αἰσχίνου
1037 424 1081 465 [in
1094 435 1130 455 ea
1144 429 1230 464 parte
1246 424 1392 454 orationis
1409 435 1463 464 pro
1476 433 1601 460 corona,

884 479 952 508 quae
968 479 1039 508 pars
1056 468 1255 508 peculiariter
1270 467 1446 498 AEschinem
1468 468 1600 497 insecta-

883 512 948 553 tur]
974 511 1025 552 πρὸ
1050 510 1155 545 παντὸς
1180 511 1270 541 ἄλλου
1296 509 1345 541 ἐπὶ
1370 510 1434 544 τοὺς
1459 510 1602 550 προγόνους

886 553 1034 594 [subaudi
1050 554 1153 595 αὐτοῦ]
1171 553 1321 596 ἐχώρησεν,
1341 554 1376 588 ὡς
1394 552 1515 592 ἀδόξους,
1544 554 1603 592 φά-

884 608 969 628 σκων·
996 599 1044 629 οὐκ,
1066 600 1181 639 ἆωοξῶν
1203 597 1237 634 δ’,
1260 598 1275 627 δ’
1293 609 1323 627 τι
1341 599 1396 639 χρὴ
1412 596 1474 636 περὶ
1488 597 1538 626 σοῦ
1555 596 1605 626 καὶ

885 644 940 672 τῶν
954 644 1009 672 σῶν
1023 641 1110 672 εἰπεῖν
1123 647 1184 671 etc.
1195 658 1237 663 —-
1249 641 1272 671 εἶ
1287 640 1316 671 δέ
1332 651 1361 670 τι
1374 637 1498 682 χρηστὸν
1511 638 1543 668 ἐκ
1555 641 1606 672 τῆς

885 686 999 723 ἀγωγῆς
1014 684 1089 726 εἶχε,
1105 685 1152 715 καὶ
1176 686 1227 718 τῆς
1244 683 1305 724 περὶ
1328 683 1427 722 λόγους
1445 682 1607 716 ἀσκήσεως,

886 727 1104 768 παραλέλοιπεν.

927 789 970 794 --
986 774 1016 802 7.
1040 771 1166 812 Τρόμης]
1183 769 1384 801 Marcellinus
1400 769 1437 798 ad
1455 769 1607 807 Hermog.

887 825 919 854 p.
937 819 1010 846 141.
1033 815 1136 855 {So-weg
1153 814 1181 845 δὲ
1196 812 1418 854 ἐγκωμιάζομεν
1431 810 1490 842 ἀπὸ
1504 810 1606 850 γένους,

887 857 959 888 οὕτω
976 858 1024 888 καὶ
1041 857 1193 898 διαβοῦμεν
1216 856 1278 898 [sic
1291 857 1416 892 Aldina,
1429 855 1485 885 sed
1498 853 1607 884 Fabri-

887 902 965 938 cius,
979 901 1238 940 Hamburgensis,
1250 900 1295 930 ibi
1310 898 1479 939 adscripsit
1489 895 1609 927 διαξάλ-

889 950 987 984 λομεν.
1008 955 1077 975 nam
1092 944 1228 974 Fabricii
1249 943 1321 974 olim
1341 943 1401 973 fuit
1420 941 1610 980 exemplum,

890 997 950 1026 quo
974 992 1057 1024 ntor,
1083 992 1115 1018 et
1143 988 1340 1027 postmodum
1366 986 1396 1016 in
1424 987 1608 1026 potestatem

891 1031 1026 1060 Ernestii
1040 1029 1137 1060 nostri
1151 1030 1301 1069 pervenit,
1316 1030 1403 1068 cujus
1417 1027 1611 1067 indulgentia

889 1073 964 1102 mihi
982 1083 1104 1103 usuram
1117 1074 1183 1112 ejus
1196 1072 1377 1113 concessit}
1401 1072 1436 1105 ὡς
1453 1069 1610 1110 Δημοσθέ«

889 1126 944 1150 νης·
961 1115 1077 1155 πότερα,
1092 1116 1128 1149 ὡς
1143 1116 1155 1146 ὁ
1169 1116 1264 1156 πατήρ
1275 1127 1326 1145 σου
1340 1114 1451 1155 Τρόμης
1465 1113 1611 1144 ἐδούλευσε

892 1158 960 1199 παρ’
984 1157 1384 1199 Ἐλπίᾳ-κατασκευάζων,
1407 1156 1451 1188 ὅτι
1473 1156 1544 1191 εἰκὸς
1565 1156 1612 1187 τᾶν

891 1201 922 1231 ἐκ
938 1202 1067 1232 τοιούτων
1082 1202 1214 1240 γεγονότα
1231 1202 1372 1242 προδοῦναι
1393 1201 1441 1231 καῖ
1461 1200 1518 1231 ἀπὸ
1533 1202 1609 1238 ἀγω-

891 1247 942 1284 γῆς
963 1244 1160 1285 [educatione
1183 1245 1311 1286 puerili]
1330 1244 1455 1280 διέβαλε,
1472 1242 1505 1273 τὸ
1517 1244 1612 1282 μέλαν

892 1287 1005 1329 τρίβων,
1022 1289 1068 1318 καὶ
1080 1291 1120 1318 τὰ
1133 1287 1229 1329 Ε’άθςα
1243 1286 1418 1328 σπογγίζων,
1430 1287 1478 1316 καὶ
1494 1287 1525 1317 τό
1542 1298 1612 1316 παι-

894 1331 1045 1371 δαγωγεῖον
1058 1327 1149 1372 κὀςῶν.
1195 1333 1276 1362 Vere
1291 1333 1316 1361 si
1334 1341 1442 1361 nomen
1458 1330 1538 1370 patri
1556 1330 1610 1359 AE-

894 1375 988 1405 schini
1013 1376 1070 1406 fuit
1092 1375 1215 1415 Τρόμης,
1238 1386 1298 1405 non
1321 1385 1378 1414 per
1400 1379 1464 1409 tau,
1485 1375 1539 1403 sed
1556 1384 1613 1412 per

893 1419 977 1448 delta
992 1419 1021 1448 id
1037 1419 1152 1449 melius
1161 1423 1316 1455 exaretur,
1327 1418 1398 1458 quia
1414 1427 1430 1447 a
1446 1416 1565 1457 δὲδςομα
1582 1422 1612 1445 et

895 1462 994 1502 δρόμος
1016 1463 1216 1502 repetendum
1242 1467 1301 1497 est,
1323 1471 1382 1491 non
1408 1471 1426 1491 a
1450 1460 1572 1501 τρέμειν,
1598 1470 1614 1488 a

895 1506 1058 1542 currendo,
1076 1515 1133 1534 non
1147 1516 1164 1535 a
1176 1505 1346 1541 tremendo,
1358 1505 1408 1535 vel
1421 1503 1612 1543 trepidando.

940 1566 980 1571 -—-
997 1552 1027 1580 8.
1051 1548 1173 1590 Θησείῳ]
1200 1549 1285 1579 Citat
1306 1549 1336 1577 h.
1358 1548 1379 1577 l.
1403 1547 1557 1587 Harpocr.
1583 1557 1612 1576 v.

897 1592 1021 1623 Θησεῖον.

940 1653 983 1657 -
1007 1638 1036 1666 9.
1061 1634 1154 1674 ξύλον]
1186 1640 1234 1665 est
1264 1634 1377 1664 collare
1407 1634 1554 1672 ligneum,
1585 1633 1614 1662 in

897 1678 999 1708 medio
1021 1679 1220 1718 perforatum,
1241 1678 1270 1708 in
1289 1678 1370 1716 quod
1387 1677 1470 1707 servi
1487 1687 1614 1716 nequam

898 1722 1044 1761 puniendi
1065 1721 1205 1751 cervices
1222 1721 1437 1756 immittebant,
1453 1725 1488 1750 ut
1503 1731 1540 1749 ne
1555 1730 1616 1750 nm-

899 1775 956 1795 nus
981 1765 1027 1795 ori
1052 1766 1262 1795 admoverent.
1285 1764 1360 1794 citat
1382 1764 1414 1793 h.
1437 1764 1457 1793 Ι.
1484 1763 1617 1793 Hermu-

901 1819 995 1849 genes
1011 1819 1042 1848 p.
1057 1811 1132 1840 317.
1155 1807 1338 1850 μεθημερινοὶ
1361 1807 1451 1847 γάμοι
1471 1811 1540 1836 sunt
1557 1807 1618 1835 coi-

901 1857 962 1888 tus,
990 1851 1043 1891 qui
1067 1852 1105 1881 de
1128 1852 1179 1881 die
1203 1852 1289 1882 fiunt.
1312 1850 1364 1890 qui
1389 1856 1459 1880 sunt
1478 1850 1619 1891 inprimis

902 1895 1058 1934 flagitiosi.
1075 1905 1144 1925 nam
1157 1895 1209 1935 qui
1224 1895 1353 1934 pudoris
1365 1894 1412 1924 sui
1428 1904 1488 1923 non
1500 1904 1618 1923 omnem

902 1948 1030 1977 prorsus
1052 1949 1156 1969 curum
1180 1939 1370 1977 abjecerunt,
1391 1937 1420 1966 hi
1441 1936 1620 1976 spurcitiem

904 1992 989 2011 snam
1006 1982 1106 2012 noctis
1129 1981 1265 2011 tenebris
1284 1980 1440 2011 occultare
1462 1984 1623 2015 conantur,

904 2035 962 2054 non
991 2025 1086 2055 radiis
1119 2024 1194 2054 solis
1232 2027 1401 2064 exponunt.
1432 2033 1463 2052 ν.
1491 2022 1623 2052 Gesner-i

904 2069 996 2098 Thes.
1013 2070 1048 2100 L.
1061 2069 1096 2098 L.
1115 2079 1143 2097 v.
1162 2066 1307 2098 Nonaria.
1321 2065 1455 2108 χρῆσθαι
1469 2065 1624 2107 μεθημερι-

904 2112 956 2145 νοῖς
970 2112 1076 2152 γάμοις
1091 2116 1139 2141 est
1154 2111 1193 2141 de
1206 2111 1257 2142 (lie
1279 2111 1309 2140 in
1334 2109 1451 2140 fornice
1474 2115 1625 2148 prostare.

907 2165 934 2184 v.
944 2156 981 2184 ad
995 2155 1024 2185 h.
1037 2155 1059 2185 1.
1074 2154 1252 2193 Wesseling
1265 2155 1303 2184 ad
1316 2152 1411 2184 Petili
1430 2153 1530 2192 Leges
1545 2153 1627 2182 Atti-

906 2208 958 2228 cus
974 2208 1004 2237 p.
1021 2199 1096 2229 575.
1113 2202 1143 2228 et
1161 2197 1298 2228 Pierson.
1316 2196 1353 2226 ad
1371 2195 1485 2226 Moerin
1500 2206 1533 2236 p.
1550 2198 1625 2227 2⁴29.

949 2259 992 2264 -—-
1009 2245 1060 2272 11.
1083 2241 1244 2282 ἀνδριάντα]
1268 2241 1352 2270 Citat
1375 2240 1404 2271 h.
1430 2239 1449 2269 1.
1475 2239 1627 2279 Hermog-

908 2296 938 2325 p.
958 2286 1032 2317 265.

951 2346 995 2351 —
1010 2330 1063 2358 1⁰2.
1086 2327 1167 2357 ἀλλὰ.
1190 2326 1318 2368 πάντες]
1343 2325 1444 2356 malim
1464 2327 1518 2366 γὰρ
1534 2325 1628 2355 inter-

908 2373 993 2412 poni.
1017 2381 1083 2402 nam
1111 2371 1178 2410 ipse
1202 2381 1271 2400 sese
1293 2372 1449 2409 objurgat,
1474 2369 1556 2409 quod
1577 2380 1629 2399 res

909 2421 971 2446 tam
994 2415 1024 2445 in
1050 2414 1173 2454 vulgum
1196 2419 1282 2444 notas
1306 2414 1453 2453 proserat-
1499 2412 1631 2442 Dubitat

910 2463 1013 2489 orator
1028 2468 1145 2493 secum,
1161 2468 1228 2497 quae
1245 2457 1398 2486 dedecora
1413 2455 1584 2492 AEscliinis,
1599 2461 1631 2486 et

910 2513 978 2542 qnae
993 2503 1092 2542 primo
1109 2502 1179 2531 loco
1195 2505 1362 2530 enumeret.
1407 2499 1576 2530 Haecoine?
1601 2504 1632 2529 at

910 2551 981 2576 nota
997 2549 1068 2575 sunt
1086 2544 1237 2574 omnibus.
1284 2545 1367 2573 Num
1383 2543 1444 2574 ista
1456 2543 1517 2571 --'!
1563 2543 1631 2582 Ego

911 2599 996 2623 vero,
1011 2589 1053 2618 ita
1068 2599 1116 2618 me
1133 2588 1176 2617 dii
1189 2592 1291 2617 ament
1300 2605 1352 2616 —.

953 2650 997 2655 —-
1025 2634 1076 2662 18.
1106 2629 1270 2672 προῃρῆσθαι
1296 2629 1409 2671 λόγους]
1436 2629 1486 2659 hie
1510 2629 1632 2669 videtur

911 2673 1001 2713 λέγειν
1014 2676 1137 2705 deesse.

957 2737 998 2741 ——
1016 2720 1068 2749 19.
1091 2718 1148 2748 οὐδὲ
1163 2719 1216 2758 γᾶς
1232 2714 1270 2760 ὧν
1284 2715 1387 2758 ἔτυχεν
1400 2713 1446 2757 ἓν]
1464 2716 1494 2745 id
1512 2720 1571 2751 est,
1586 2715 1634 2745 οὐκ

913 2759 943 2792 ’ἦν
966 2759 1003 2796 εἷς
1025 2773 1069 2796 τις
1090 2763 1146 2791 τῶν
1164 2760 1318 2802 τυχόντων.
1343 2770 1401 2789 non
1417 2759 1498 2789 enim
1515 2765 1563 2788 est
1578 2758 1634 2788 AE-

916 2805 1038 2836 schiues
1061 2806 1101 2835 de
1125 2814 1238 2843 genere
1254 2802 1408 2833 hominum
1425 2801 1551 2836 triviali,
1568 2802 1635 2831 vul-

917 2849 992 2887 gari,
1019 2849 1074 2878 sed
1098 2858 1177 2877 unus
1200 2847 1323 2878 illorum
1348 2847 1476 2876 inventu
1499 2854 1634 2874 rarorum

917 2892 1082 2927 hominnm,
1110 2901 1186 2930 qnos
1212 2891 1347 2931 pupulus
1381 2899 1437 2928 per
1463 2897 1636 2928 praeconem

919 2935 1040 2975 publice
1055 2935 1202 2971 devovet,
1219 2935 1249 2964 h.
1266 2944 1292 2963 e.
1310 2932 1465 2972 parricida
1481 2936 1512 2961 et
1530 2931 1637 2970 prodi·

919 2983 967 3009 tor
985 2979 1102 3018 patrina,
1118 2987 1217 3017 eoque
1233 2977 1357 3016 dignus,
1379 2977 1466 3014 cnjus
1482 2974 1512 3004 in
1535 2984 1638 3005 mores

921 3026 952 3052 et
968 3032 1088 3052 cursum
1107 3021 1256 3051 universae
1271 3021 1344 3050 vit-'e
1357 3019 1537 3058 inquiratur.
1557 3019 1638 3048 ller-

1441 3151 1460 3170 Χ
