1931 3322
307 192 390 233 AD
425 189 791 233 ORATIONEM
826 188 889 229 IN
921 189 1412 234 ARISTOCRATEM.

128 298 237 329 brariis
251 299 416 338 permutari
439 309 477 328 ex
495 298 605 328 Aldina
621 297 838 328 Demosthenis

127 346 159 370 et
175 352 192 371 e
205 341 323 372 Lexico
335 341 446 372 Graeco
464 340 663 371 Bibliothecae
680 341 836 371 Bavaricae

126 385 289 414 innumeris
317 384 464 422 exemplis
486 384 560 414 mihi
587 384 756 424 constitit),
784 388 836 414 aut

126 429 204 467 παρὰ
228 426 339 463 τούτου,
355 428 436 466 quod
454 427 508 456 dat
529 427 756 457 Demosthenes
778 429 835 457 Ba·

127 470 260 505 varicus,
275 469 344 499 scil.
357 471 406 499 τοῦ
427 469 599 522 δικαστηρίου
614 469 792 511 νενομισμένα
794 482 833 505 υς,

124 517 176 542 aut
193 512 324 551 denique
346 514 423 554 παρὰ.
445 512 549 552 τούτῳ,
572 514 625 543 ubi
648 524 753 543 rursus
768 523 832 542 νενο-

121 553 278 594 μισμένους
292 556 385 586 debet
403 556 571 586 subaudiri.
588 557 690 596 delegi
714 561 832 597 postre—

121 607 200 627 mam
215 597 373 634 rationem,
383 599 421 628 ab
433 600 611 638 Augustano
620 600 830 630 subministra-

120 645 193 675 tum,
216 646 248 670 et
267 651 283 670 a
306 641 446 679 vestigiis
462 643 594 682 vulgatae
612 643 768 673 minimum
783 654 830 673 re-

119 683 291 720 cedentem,
307 684 338 714 in
354 695 442 723 quam
454 685 521 725 ipse
534 696 655 726 quoque
668 686 740 717 olim
757 697 830 716 con-

116 728 237 765 jectura
251 727 427 757 incideram.

160 780 284 809 —pen.
297 769 344 800 τὲν
356 770 478 822 ἁλόντα]
496 771 620 802 Citath.
635 772 656 802 l.
674 772 827 812 Harpocr.

118 823 148 843 v.
163 811 206 842 δ’τι
221 813 244 842 οἱ
260 813 374 849 ἁλόντες
387 812 434 843 ἐπ’
449 813 568 854 ἀκουσίῳ
584 815 664 854 φόνῳ.

160 858 281 886 644.1.
297 856 448 888 αἰδέσηταί
462 858 540 899 τινα]
555 859 632 888 bene
650 859 740 889 habet
756 870 828 894 τινά,

116 897 264 929 αἰδεῖσθαί
274 911 338 930 τινα
354 901 498 931 dicebant
520 901 651 938 Atticis
644 913 672 931 m
690 913 828 933 sermone

115 941 242 977 forensi,
257 953 315 991 pro
327 943 448 983 placare
457 944 601 984 aliquem,
614 949 646 975 ut
659 946 698 975 de
708 946 827 976 actione

115 995 181 1021 sua,
198 991 250 1015 aut
263 985 331 1027 jure
345 997 400 1017 suo
413 988 542 1027 aliquem
555 990 759 1028 persequendi
775 996 827 1019 aut

115 1029 214 1067 patria
227 1029 364 1066 arcendi,
379 1030 554 1061 desisteret.

157 1089 200 1094 —-
216 1074 246 1103 2.
262 1071 341 1102 ἔστιν
354 1084 379 1102 ον
392 1073 500 1114 τςόπσν,
515 1085 570 1115 ουχ
583 1072 608 1103 ὃν
621 1074 653 1104 ἓιν
661 1074 756 1126 τύχῃ,
771 1076 826 1105 άλ-

114 1114 169 1155 λὰ]
187 1114 308 1145 videtur
321 1116 366 1145 sic
381 1117 443 1155 leg.
456 1127 545 1146 esse:
569 1116 648 1147 ἔστιν
661 1116 686 1146 ὃν
700 1117 732 1147 ἂν
747 1117 824 1160 τύχῃ

111 1157 237 1198 τρόωοη
261 1158 381 1188 modone
406 1170 579 1200 quocunque
602 1160 742 1191 tandem?
767 1162 824 1191 οὐκ.

90 1220 95 1225 -
111 1202 294 1240 neutiquam.
310 1202 392 1232 ἀλλα
406 1219 451 1224 -
465 1207 518 1232 aut
532 1203 594 1232 sic:
611 1202 690 1233 ἔστιν
706 1201 748 1233 οὐν
761 1203 824 1243 ‘rgo‘-

111 1254 173 1280 πον,
193 1242 219 1273 ὃν
236 1243 268 1273 ἂν
283 1244 380 1286 τύχη;
404 1257 463 1282 ουκ,
481 1247 562 1276 ἀλλὰ
576 1263 619 1268 ——
635 1251 687 1276 aut
706 1247 750 1276 sic
770 1248 824 1276 de-

111 1287 218 1326 nique·
242 1285 323 1318 ἔστιν
345 1286 370 1317 ὃν
394 1287 426 1317 ἂν
445 1288 522 1329 τύχῃ
544 1288 660 1328 τρέπῃ
683 1300 822 1329 respons.

110 1329 165 1371 οὐχ
175 1327 200 1359 ὃν
215 1329 248 1360 ἃν
257 1329 335 1372 τύχῃ
349 1331 458 1371 τξόπον,
474 1332 555 1361 ἀλλὰ
565 1349 618 1361 -.

152 1375 242 1403 —7.
258 1373 454 1416 παρασχόντ’]
481 1374 512 1404 id
536 1379 594 1411 est,
615 1375 823 1417 παρασχόντα.
847 1370 1023 1411 ,fortunam-

109 1425 179 1445 nam
196 1416 311 1446 vitiose
326 1418 379 1447 dat
394 1418 525 1457 August.
543 1418 744 1460 ωαςάσχόντι.
769 1420 822 1449 da-

108 1459 175 1488 tivo
190 1458 278 1489 locus
296 1460 345 1490 bic
355 1460 455 1490 nullus
471 1465 537 1499 est3
559 1463 613 1491 sed
628 1462 822 1492 accusativus

107 1501 284 1541 requiritur.
302 1509 486 1543 posteaquam
501 1484 544 1534 lei
565 1504 680 1534 dederit
694 1504 823 1535 abeundi

106 1554 121 1574 e
141 1547 241 1584 patria
265 1547 461 1582 securitatem,
480 1547 521 1577 sic
542 1548 666 1584 tandem,
690 1548 739 1578 vel
759 1553 821 1578 tum

107 1588 224 1618 demum
238 1591 381 1628 imperare
394 1591 536 1620 exsilium.

148 1649 192 1654 -—
216 1634 246 1664 9.
274 1633 363 1663 ὁσιοῦν
385 1633 433 1662 καὶ
457 1631 669 1675 κάθαίξεσθαι]
699 1633 821 1673 vulgata

107 1684 175 1704 cum
191 1680 273 1705 esset
286 1676 409 1712 vitiosa,
420 1681 450 1706 et
462 1677 578 1716 duplex
591 1681 707 1716 pateret
719 1687 819 1706 emen-

106 1718 198 1748 dandi
214 1718 303 1754 ratio,
323 1724 375 1749 aut
397 1719 548 1750 ὁσιοῦσθαι
562 1719 610 1750 καὶ
622 1717 821 1760 καθαίρεσθαι,

106 1765 158 1791 ant
179 1761 266 1791 ὁσιοῦν
286 1761 335 1792 καὶ
357 1761 502 1804 καθαίρειν,
526 1763 649 1802 praetuli
674 1763 819 1803 priorem,

105 1804 187 1842 quod
197 1805 298 1844 aliqua
308 1806 406 1836 saltim
418 1807 534 1836 munita
547 1811 631 1836 esset
641 1806 819 1837 auctoritate

103 1847 252 1885 marginis
280 1849 383 1879 Lutet.
407 1860 595 1889 quaecunque
618 1849 671 1879 illa
695 1854 743 1880 est
765 1860 819 1880 an-

105 1890 242 1921 ctoritas.
265 1903 325 1931 quo
352 1892 433 1922 enim
456 1903 473 1923 e
499 1893 607 1924 codice
626 1894 753 1923 ductum
778 1893 820 1923 sit

105 1932 253 1963 ὁσιοῦσθσιι
270 1945 318 1964 me
331 1935 422 1975 sugit.

147 1993 189 1999 -—-
214 1979 264 2007 17.
291 1977 445 2015 ἁγιώτατά
467 1978 587 2019 τούτων]
615 1978 717 2009 malim
748 1978 817 2020 wega

104 2017 221 2048 τούτων.
238 2019 282 2050 his
296 2021 333 2050 de
347 2021 440 2051 rebus.
466 2022 568 2052 causis
585 2026 659 2061 puta
669 2022 772 2052 caedis.

145 2079 190 2084 —-
204 2064 256 2094 20.
268 2062 420 2115 Δελφινίῳ]
437 2064 519 2095 Citat
534 2065 563 2096 h.
579 2066 600 2095 l.
613 2065 769 2104 Harpocr.
786 2076 816 2095 v.

103 2102 152 2134 ἐπι
169 2104 316 2145 Δελφινίω.

144 2165 188 2170 -
204 2151 256 2179 24.
279 2148 450 2190 λογιζόμενοι
464 2148 546 2191 δ’-]
563 2150 646 2181 Citat
661 2151 691 2181 h.
707 2150 728 2180 l.
745 2151 816 2180 Ari-

100 2190 555 2234 511ἀε5τέχν.Ρ.17Ξ.Νοι-ιιι.
572 2194 628 2224 sed
645 2204 700 2234 pro
716 2193 815 2232 ὁμολο-

101 2236 170 2272 γῶν,
185 2246 214 2265 ιι.
231 2237 282 2266 25.
302 2237 355 2266 dat
369 2236 496 2276 εὐμενῶν.
513 2237 619 2267 nescio
642 2248 679 2266 an
695 2237 815 2267 melius.

99 2281 153 2306 nut
167 2279 267 2317 possit
283 2284 445 2319 utrumque
455 2280 594 2319 copulari
607 2280 644 2310 ad
661 2281 741 2310 huuc
751 2290 816 2309 mo-

100 2320 193 2350 dum:
219 2322 390 2358 ἀπεκτονὼς,
419 2323 574 2362 ὁμολογῶν,
601 2323 720 2364 εὐμενῶν
745 2322 816 2353 θεῶν

97 2362 298 2395 δικαστῶν-.

140 2424 185 2430 —-·
200 2408 255 2437 ult.
271 2409 332 2437 ἀλλ
354 2408 408 2450 οὐχ
420 2405 509 2445 ουτος,
526 2408 598 2440 οὐδὲν
613 2408 745 2449 ἀφεῖλεν]
762 2410 815 2439 de·

99 2453 148 2479 est
171 2449 221 2480 hic
239 2451 367 2490 aliquid,
387 2457 441 2482 aut
455 2464 483 2486 ος
497 2458 566 2483 ante
581 2452 664 2489 οὐδὲν,
685 2460 737 2483 aut
760 2454 814 2493 γὰρ

99 2497 171 2531 post
187 2494 314 2523 eandem
327 2505 446 2524 vocem.

142 2536 364 2578 6-15.1.φησ1]
390 2538 475 2567 uncis
498 2538 621 2574 inclusi,
641 2549 702 2578 quo
723 2520 813 2569 facile

97 2588 216 2616 careas,
239 2586 270 2610 et
290 2585 396 2611 carent
415 2581 523 2621 optimi
539 2582 676 2617 codices,
692 2593 749 2612 non
769 2588 813 2612 ta-

97 2632 164 2652 men
181 2623 272 2662 plane
286 2624 430 2654 otiosum.
448 2630 550 2664 potest
565 2626 646 2655 euim
666 2625 716 2654 hic
730 2625 814 2655 idem

96 2665 281 2704 significare,
291 2668 373 2706 quod
383 2667 458 2697 alias
465 2678 547 2708 saepe
557 2668 760 2708 siguificat,ut
769 2670 814 2707 ip-

96 2709 134 2738 sis
143 2710 206 2749 ιῇιιε
216 2710 306 2740 verbis
315 2716 396 2746 utar,
409 2711 478 2740 vel
468 2721 529 2750 ipsa
540 2713 602 2752 ejus
613 2711 697 2742 verba
711 2711 814 2741 reddo.

139 2768 182 2774 —-
196 2755 230 2782 ¹7.
256 2752 368 2795 αἰτίαν]
395 2754 531 2784 deletum
548 2754 669 2807 volunt,
689 2764 747 2784 non
767 2754 812 2785 vi-

96 2793 156 2824 deo
171 2805 232 2835 qua
252 2801 299 2826 sat
321 2797 410 2836 gravi
427 2798 464 2827 de
480 2807 585 2828 causa.
599 2797 629 2826 αἶ
632 2797 680 2827 τίοι
697 2802 745 2827 est
759 2808 812 2837 ap·

93 2837 227 2876 pellatia,
241 2839 434 2879 praedicatio,
444 2851 512 2871 cum
526 2840 641 2880 aliquid
657 2840 760 2880 aliqua
772 2841 812 2870 de

97 2888 132 2910 re
152 2881 343 2919 affirmamus,
371 2885 482 2913 bonum
508 2894 545 2914 au
568 2884 694 2920 malum,
718 2884 814 2914 houe-

98 2926 178 2953 stum
199 2934 236 2954 an
254 2931 357 2980 turpe,
373 2927 500 2966 perinde
516 2932 574 2957 est.
619 2927 813 2958 Convenien-

92 2965 161 2995 tius
175 2966 320 3000 dicitur‘
310 2982 324 3001 n
339 2969 471 3008 amns
462 2982 476 3002 η
496 2969 588 3002 δικαία
611 2969 704 3008 αἰτία,
724 2981 813 3011 quam

98 3007 254 3048 προσθήκη.

1507 193 1585 234 155

913 312 957 317 --
975 298 1024 325 10.
1053 296 1238 336 πξοσὲθηκας,
1269 301 1366 330 τοῦτον
1387 300 1420 329 ἄν
1443 312 1488 335 τ.ς
1513 300 1588 330 ἀπο-

871 336 978 379 κτείνῃ]
1006 339 1124 369 mutavi
1151 340 1376 372 distinctionem
1404 350 1433 372 et
1461 342 1583 372 correxi

872 381 934 411 sic:
963 381 1144 421 πξοσέὲηκας
1166 383 1281 418 τούτων,
1306 386 1373 414 scil.
1400 389 1453 414 τᾶν
1476 387 1584 422 αἰτιῶν,

872 425 933 460 vel,
949 424 974 453 si
990 425 1098 460 mavis,
1115 428 1170 455 τῶν
1186 425 1363 466 neoc-&naim
1379 434 1514 459 neutrum
1529 429 1583 459 ha·

868 477 937 497 rum
958 468 1199 507 appellationum,
1224 479 1279 498 seu
1304 471 1501 501 conditionum
1527 472 1582 502 ad-

857 511 1001 549 juna-ioci,
1027 522 1059 541 eo
1081 512 1157 553 quod
1179 512 1351 551 simpliciter
1378 515 1531 552 scripsisti.-
1554 516 1579 544 si

867 554 930 593 quis
944 555 1091 584 occiderit.

908 597 1579 638 —14.ngv-ravelq›]cnatht.Harpocr.v.

866 637 914 668 ἐπι
931 641 1097 679 Πρυτανείῳ.

909 700 950 705 -
969 685 1019 714 17.
1035 683 1107 725 εἰδῇ]
1124 685 1208 714 sciat.
1225 685 1277 714 alii
1291 684 1345 726 ἴδῃ,
1360 685 1466 715 videat.
1485 684 1581 714 ambi-

866 735 915 764 go,
933 731 1032 756 utrum
1049 727 1218 766 praeferam.

906 786 950 791 —-
962 771 1012 799 18.
1031 771 1229 812 λαγχάνεται]
1246 771 1510 810 daturjudicium.
1526 771 1577 800 alii

864 813 1016 853 λαγχάνει,
1027 814 1091 849 dut,
1104 814 1172 843 scil.
1184 815 1246 848 lex,
1259 820 1311 844 aut
1323 815 1492 853 legislator.
1509 824 1580 853 per·

864 854 934 885 inde
956 862 1012 892 est,
1029 862 1097 886 utro
1119 857 1210 887 modo
1234 857 1330 896 tegas.
1376 858 1482 888 Possit
1501 868 1576 896 quo-

864 908 923 936 que
935 900 1101 940 λαγχάνετε
1117 900 1189 939 legi.
1205 910 1259 937 vos,
1269 901 1489 936 Athenienses,
1501 902 1579 931 datis

853 941 974 978 judices
988 949 1062 972 >orte
1078 944 1187 973 ductos.

905 1002 948 1007 —
960 988 1010 1016 23.
1028 998 1064 1027 τῃ
1052 986 1168 1028 ””τύχῃ]
1183 987 1288 1016 volunt
1298 997 1488 1027 expungere,
1502 998 1580 1026 quo-

862 1027 942 1057 niam
963 1028 1009 1058 ἐὰν
1030 1029 1106 1071 τύχη
1128 1030 1296 1069 piaecessit.
1327 1032 1385 1060 Sed
1407 1032 1481 1060 bene
1501 1041 1576 1060 cou-

861 1074 941 1100 stare
957 1071 1010 1101 illa
1029 1073 1090 1102 duo
1107 1083 1222 1108 secum,
1242 1073 1268 1102 si
1288 1073 1361 1113 quid
1380 1074 1482 1108 video,
1507 1084 1577 1114 pos-

861 1117 940 1142 sunt.
957 1115 1053 1145 multo
1069 1116 1165 1154 magis
1180 1117 1238 1146 erit
1260 1117 1384 1155 impium
1403 1123 1494 1156 atque
1509 1127 1577 1146 sce-

860 1155 984 1193 lestum,
1014 1158 1130 1188 indicta
1163 1169 1265 1194 causa,
1304 1166 1402 1189 tamen
1434 1160 1576 1200 rapiendi

859 1198 1033 1230 facultatem
1054 1202 1098 1231 rei
1121 1202 1204 1237 dare,
1221 1202 1274 1241 qui
1290 1202 1471 1238 fottasseam
1489 1203 1514 1233 si
1531 1203 1574 1233 ita

859 1242 921 1272 sors
935 1243 1023 1279 ferat,
1041 1245 1146 1274 insons
1164 1245 1216 1281 sit,
1231 1250 1283 1275 aut
1299 1247 1344 1274 sac
1358 1251 1476 1276 sontem
1491 1257 1573 1283 esse,

860 1285 951 1315 homo
966 1292 1065 1317 tamen
1093 1292 1176 1317 certe
1199 1293 1257 1324 est,
1281 1290 1495 1328 communique
1519 1300 1572 1319 no-

859 1328 976 1358 biscum
993 1331 1130 1361 humanae
1145 1336 1259 1361 naturae
1273 1338 1355 1362 sorte
1372 1343 1444 1362 usus
1460 1338 1508 1362 est
1519 1343 1574 1371 ρει·

1059 1375 1167 1404 Potest
1194 1375 1251 1404 hoc
1275 1384 1330 1413 per
1344 1374 1510 1415 foicunam
1536 1376 1574 1417 τῇ

857 1413 934 1456 τύχη
961 1416 1144 1455 significare,
1166 1422 1218 1447 aut
1242 1419 1387 1448 nascendi
1407 1424 1500 1454 sorte,
1521 1425 1573 1449 aut

856 1468 912 1497 per
927 1458 1004 1489 111ud
1021 1460 1150 1496 facinus,
1174 1460 1420 1491 infortuniurme.
1453 1462 1573 1492 Huma-

856 1512 925 1530 num
948 1503 1027 1532 enim
1054 1508 1102 1533 est
1126 1503 1276 1533 hominem
1301 1505 1455 1540 occidere,
1478 1505 1574 1535 homi-

855 1555 969 1583 nesque
985 1546 1061 1576 alios
1075 1548 1113 1576 ab
1130 1547 1197 1576 aliis
1211 1546 1288 1582 tolli,
1304 1558 1357 1577 seu
1377 1548 1493 1584 fraude,
1518 1559 1573 1579 seu

854 1587 992 1623 fortuito,
1007 1589 1147 1619 videmus
1162 1590 1309 1628 quotidie.

897 1647 940 1653 ——
956 1634 1007 1662 26.
1025 1633 1180 1674 Φρεαττοῖ]
1200 1633 1325 1663 Citath.
1338 1633 1359 1662 l.
1375 1634 1529 1674 Harpocr.
1543 1646 1570 1664 v.

854 1672 880 1703 ἐν
896 1677 1041 1714 Φρεαττοῖ.

898 1719 972 1748 646.
991 1721 1022 1748 2.
1050 1719 1062 1749 5
1089 1731 1189 1749 ταυτα
1210 1719 1325 1749 ε’καστιι
1349 1719 1436 1750 δηπου
1462 1719 1570 1762 τάξας]

854 1771 962 1790 vocem
978 1761 1065 1792 δήπου
1081 1763 1165 1792 uncis
1181 1762 1305 1793 inclusi.
1319 1773 1386 1802 quae
1405 1763 1431 1792 51
1447 1774 1569 1793 servun-

853 1804 893 1833 da
908 1804 960 1840 sit,
971 1805 1012 1834 ita
1024 1805 1088 1836 fere
1103 1807 1203 1845 possit
1219 1805 1298 1845 legi:
1316 1806 1328 1835 ὁ
1344 1807 1442 1836 ταῦτα.
1454 1805 1569 1837 ἕκαστα

853 1845 904 1875 ὡδί
917 1858 972 1878 που
986 1849 1136 1888 διατάξεις.

895 1907 938 1913 -
955 1893 1006 1922 14.
1021 1893 1124 1934 φυγὴν]
1143 1891 1187 1922 sic
1204 1892 1358 1931 Harpocr.
1373 1902 1494 1932 quoque
1507 1893 1568 1924 dat.

852 1933 906 1963 alii
923 1934 996 1964 dant
1009 1934 1092 1965 δίκην.

893 1993 936 2000 —
950 1979 1000 2007 16.
1013 1977 1072 2019 ἔᾷν]
1089 1979 1252 2013 autdeest‚
1269 1982 1322 2007 aut.
1337 1977 1497 2008 subaudiri
1515 1979 1568 2008 de-

853 2020 906 2049 bet
921 2021 1112 2061 ἀτιμώςητον.

892 2081 936 2085 --
951 2065 1002 2093 17.
1016 2062 1149 2105 ἀναίτιον]
1161 2063 1277 2094 malunt
1290 2062 1341 2093 alii
1353 2061 1567 2100 {vain-comeum,

850 2105 901 2144 qui
919 2111 965 2136 est
983 2105 1009 2136 ἔν
1020 2107 1058 2148 τῇ
1070 2107 1163 2147 αἰτίᾳ,
1179 2107 1230 2146 qui
1246 2107 1442 2137 accusatione
1454 2108 1568 2145 premi-

850 2153 910 2184 tur,
935 2149 1143 2180 insimulatum
1169 2150 1305 2180 sceleris.
1333 2161 1391 2179 non
1415 2151 1493 2180 male
1520 2151 1567 2181 illi

849 2191 983 2230 quidem.
1013 2199 1210 2223 veruntamen
1226 2203 1319 2232 posse
1337 2193 1460 2223 videtur
1477 2193 1568 2224 etiam

851 2235 974 2275 vulgata
988 2237 1084 2266 teneri
1100 2242 1131 2266 et
1147 2236 1280 2266 defendi.
1304 2236 1471 2276 perspicua
1485 2237 1566 2267 enim

849 2284 898 2307 est
912 2280 1068 2318 oppositio
1081 2280 1160 2309 inter
1175 2278 1221 2310 τᾶν
1233 2279 1383 2309 ἀδικοῦντα
1398 2285 1518 2316 sontem,
1537 2285 1568 2310 et

849 2321 896 2350 τὸν
917 2322 1036 2352 ἀναίτιον
1065 2324 1214 2353 insontem.
1253 2322 1413 2351 Sententia
1437 2328 1502 2352 est:
1534 2329 1567 2354 ut

849 2364 951 2395 scetus
975 2370 1034 2401 est,
1059 2366 1240 2396 sceleratum
1263 2365 1348 2396 abire
1377 2365 1478 2394 sinere
1507 2366 1567 2396 sal-

849 2409 1058 2444 vum,indicta
1073 2419 1178 2444 causa,
1190 2418 1257 2448 quae
1271 2408 1296 2437 si
1309 2408 1433 2447 cognita
1444 2408 1565 2444 suisset,

847 2452 972 2482 meritas
994 2452 1047 2482 ille
1070 2462 1176 2492 poenas
1199 2451 1352 2491 supplicio
1373 2451 1499 2490 luisset3
1523 2453 1566 2483 ita

847 2504 954 2525 rursus
969 2506 1026 2525 non
1043 2496 1144 2525 minus
1161 2500 1209 2524 est
1225 2494 1338 2529 scelus,
1354 2493 1509 2525 insontem
1526 2496 1565 2526 ad

847 2547 967 2576 poenam
984 2539 1116 2575 tradere,
1132 2548 1225 2568 causa
1237 2547 1294 2567 non
1311 2538 1445 2576 cognita,
1461 2549 1528 2577 quae
1538 2539 1565 2569 si

846 2580 988 2611 discussa
1002 2582 1125 2617 fuisset,
1139 2581 1256 2611 abisset
1270 2581 1321 2610 ille
1337 2581 1508 2611 absolutus.

889 2642 934 2647 —-
949 2627 1000 2654 17.
1022 2624 1083 2665 περὶ
1100 2627 1154 2654 τῶν
1167 2622 1328 2664 ἆνδςσφόνων
1344 2625 1400 2654 τῶν
1414 2623 1460 2655 ἤδη
1477 2636 1565 2665 κεκςι-

846 2666 950 2708 μένων]
981 2668 1086 2697 delevi
1113 2669 1280 2698 secundum
1309 2666 1484 2697 articulum.
1516 2673 1562 2698 est

846 2711 928 2740 idem
953 2721 988 2741 ac
1008 2710 1034 2741 51
1055 2711 1207 2741 dixisset:
1234 2710 1295 2750 περὶ
1317 2709 1424 2740 τούτων
1441 2710 1503 2751 mg?
1527 2723 1564 2741 ων

847 2752 893 2784 ἤδη
908 2752 1035 2795 κέκριται
1047 2752 1091 2783 ἔτι
1107 2753 1178 2784 εἰσιν
1191 2752 1352 2793 ἀνδξοφόνοι.

890 2799 964 2828 647.
980 2801 1032 2827 11.
1051 2796 1098 2828 ὅλη
1120 2798 1134 2827 ἦ
1156 2796 1254 2838 πόλις]
1278 2796 1385 2826 delevi
1402 2796 1562 2826 articulum

847 2850 864 2869 e
887 2842 1064 2880 conjectura
1086 2851 1153 2870 mea
1177 2845 1208 2870 et
1232 2840 1323 2870 codd.
1347 2839 1457 2868 civitas
1481 2849 1564 2878 qua‘-

847 2893 967 2923 cunque
984 2884 1093 2914 Graeca
1104 2889 1216 2923 praeter
1228 2883 1363 2912 Athenas
1374 2881 1564 2920 designatur,

848 2937 915 2966 quae
932 2928 1004 2957 urbs
1028 2937 1083 2967 per
1104 2926 1316 2957 excellentiam
1338 2926 1352 2955 ὴ
1374 2923 1456 2958 πόλις
1478 2934 1565 2954 usur-

848 2973 998 3044 pat—1:¹22&
1013 3012 1099 3052 δεῖξον
1115 3011 1227 3052 οὐτοσὶ]
1244 3009 1374 3041 distinxi
1388 3010 1452 3040 haec
1471 3009 1564 3040 iuter-
