1931 3322
436 226 502 266 IN
538 226 714 267 ORAT.
753 225 833 266 DE

112 327 140 359 ἓν
155 327 250 382 Κίρκης
263 330 381 370 μεγάρῳ
396 328 605 371 κατελείπομεν
621 331 713 370 ἡμεῖς.
728 329 761 360 τὸ
777 342 832 371 γαρ

112 370 194 409 αὐτο,
207 372 308 414 ζῶντος
320 372 375 413 μὲν
386 375 436 403 τοῦ
450 372 610 415 ανθρώπου,
624 372 756 414 δεσμοςΤ
743 385 770 404 ην
782 377 833 409 τῆς

114 414 223 456 ψυχῆς’
238 416 464 451 τελευτησαντος
482 417 522 454 δὲ,
540 418 657 458 ὡσπερεὶ
677 430 763 457 σημα
778 427 832 446 κα-

113 457 301 489 vaniorem..

157 520 202 526 —-
216 506 266 533 10
275 503 360 546 χίλια
370 526 453 534 .....
463 503 602 545 ἑκάστην]
621 504 738 542 Viginti
752 514 831 542 55111-

114 545 219 576 moriae
237 547 305 578 sive
329 547 457 582 classes,
474 558 600 586 quarum
617 546 747 584 singulae
762 552 830 576 sunt

113 590 156 619 60
171 589 338 626 hominum,
351 590 595 630 complectuntur
605 590 686 619 mille
699 590 832 620 ducenta

113 642 265 672 corpora:
287 633 385 664 vicies
409 634 487 663 enim
511 636 553 663 60
576 633 710 662 efficiunt
737 635 831 663 1200.

114 676 236 706 Deinde
260 676 389 716 singulae
412 677 460 706 hae
479 676 593 706 classes
617 678 658 706 60
676 676 829 706 hominum

113 718 146 749 in
171 721 190 750 5
214 724 317 758 partes
340 718 462 756 divisae,
483 719 678 755 assignabant
703 719 831 758 singulis

113 763 253 802 partibus
270 765 310 793 12
324 772 471 801 corpora:
494 763 645 802 siquidem
663 763 832 793 duodecies

113 808 148 841 5,
173 805 223 835 vel
246 806 409 845 quinquies
434 808 487 841 12,
511 806 630 835 faciunt
650 816 830 844 sexagenos.

114 850 183 878 Neo
199 849 237 879 ad
253 850 330 879 hanc
345 859 492 879 summam
509 850 738 879 subducendam
756 850 832 879 rnul-

116 897 180 922 tum
196 892 360 923 Arithmet.
376 903 454 931 opus
469 897 527 923 est.

158 936 196 966 P.
214 938 288 967 288.
304 939 334 967 4.
358 934 648 976 πεντεκαιδεκαναΐαν]
678 936 749 965 Vox
765 935 832 966 inu·

115 979 217 1009 sitatae
233 979 477 1019 compositionis,
492 990 509 1009 a
523 979 597 1015 ναῦς,
614 979 719 1015 11ηυὶ5,·
743 981 832 1019 cujus

116 1033 173 1052 nec
187 1023 258 1053 vola
276 1033 331 1053 nec
349 1023 513 1062 vestigium
528 1026 630 1052 exstat
646 1023 727 1061 apud
740 1022 832 1052 Lexi-

113 1076 212 1106 cogr.,
228 1077 285 1096 nec
297 1066 391 1096 ullum
404 1067 498 1096 alium
511 1071 677 1102 auctorem,
688 1071 831 1105 quantum

115 1109 251 1140 memini.
279 1110 292 1140 ἡ
316 1108 581 1140 πεντεκαιδεκαναΐα
607 1120 664 1149 pro
687 1108 834 1139 πεντεκαί-

112 1152 180 1182 δεκα
194 1154 269 1189 ναῦς,
286 1153 326 1183 15
345 1153 392 1182 vel
404 1153 558 1193 quindenae
574 1163 670 1182 naves.
699 1153 833 1192 Compo-

117 1197 177 1226 sita
189 1197 391 1232 avaficmavis,
404 1196 601 1226 terminantur
614 1196 660 1225 vel
671 1196 700 1225 in
714 1207 773 1231 εως,
784 1196 833 1226 vel

115 1240 146 1269 in
161 1250 218 1270 ειον.
231 1240 261 1269 in
274 1249 334 1275 sm,
348 1244 382 1269 ut
393 1238 515 1275 ἐπίνειον,
528 1239 643 1273 navale,
656 1241 831 1278 emporimn:

113 1283 142 1314 in
153 1292 203 1318 εως
212 1282 350 1323 (termin.
363 1281 492 1324 Attia),
505 1288 537 1312 ut
546 1282 702 1318 λειπόνεως,
712 1282 833 1322 πξίνεως,

115 1326 280 1367 πςοπόνεοος.
327 1326 389 1357 Sed
410 1326 525 1356 nullum
541 1326 631 1356 alium
650 1327 831 1357 vocabulum

114 1375 163 1400 est
174 1380 276 1411 comp.
285 1380 303 1399 a
314 1371 388 1405 ναῦς,
401 1371 495 1410 navis,
510 1369 600 1409 hujus
610 1370 834 1400 terminationis

116 1413 146 1443 in
163 1426 225 1450 αια,
247 1417 361 1453 praeter
374 1413 434 1443 hoc
450 1423 542 1442 unum
557 1413 834 1447 πεντεκαιδεκαναΐα,

115 1458 199 1496 quod
216 1467 272 1486 nec
289 1456 409 1496 uspiam
425 1456 498 1487 alibi
515 1467 563 1486 me
580 1456 694 1495 legisse
710 1457 833 1487 memini

114 1500 173 1530 nisi
190 1500 220 1530 in
237 1500 296 1530 hoc
310 1500 379 1530 loco
393 1500 552 1530 Demosth.
591 1501 658 1530 Nec
670 1500 833 1540 quicquam

115 1545 165 1573 hic
179 1553 235 1574 nos
251 1545 341 1583 juvat
357 1543 406 1574 vel
422 1543 659 1583 Harpocration,
676 1544 723 1573 vel
741 1543 833 1583 Ulpi-

114 1597 202 1623 anus,
220 1587 268 1617 vel
283 1587 431 1622 Budaeus.
445 1597 503 1617 nec
520 1587 680 1626 quisquam
697 1588 776 1617 alius
791 1598 832 1617 ex

114 1635 180 1661 toto
188 1630 371 1661 criticorum
381 1636 432 1661 aut
441 1631 714 1661 Grammaticorum
727 1641 834 1670 grege:

114 1678 147 1704 et
162 1679 246 1704 certe
268 1684 328 1704 vox
345 1675 411 1704 ltaec
435 1675 614 1714 decompoS.
636 1673 834 1704 πεντεκαίδεκα

113 1728 183 1747 cum
200 1717 282 1747 nullo
298 1717 360 1747 alio
376 1717 527 1748 vocabulo
550 1718 580 1747 in
604 1728 741 1757 compos.
764 1728 834 1747 coa-

115 1761 219 1798 lescit,
244 1760 305 1790 nisi
327 1771 394 1791 cum
419 1761 466 1791 his
486 1761 622 1796 duobus,
640 1760 702 1794 ἔτος
725 1771 835 1797 annus,

115 1805 197 1834 unde
206 1802 486 1839 πεντεκαιδεκαέτης,
501 1804 666 1845 quindecim
677 1814 834 1839 annorum,

114 1851 147 1877 et
161 1858 230 1878 cum
246 1845 352 1889 ἐρέσσω
371 1849 492 1889 remigo,
514 1847 596 1877 unde
620 1848 834 1877 πεντεκαιδεκή-

114 1903 172 1932 ρης,
183 1891 407 1931 quindeciremis
420 1891 481 1931 (ita
496 1890 575 1920 enim
592 1896 624 1920 et
639 1892 706 1920 Lat.
722 1891 835 1920 audent

115 1933 331 1975 componere),
345 1935 386 1964 15
401 1933 541 1964 ordinum
556 1933 718 1973 remigum,
732 1934 778 1964 vel
794 1937 834 1964 15

116 1988 280 2014 remorum,
289 1977 388 2012 navis,
396 1982 429 2006 ut
439 1976 558 2018 τςιῆςης,
565 1975 708 2016 πεντήρης,
716 1977 833 2017 δεκὴςης.

166 2039 204 2044 -
219 2031 290 2061 pen.
312 2019 346 2050 τὸ
366 2018 488 2059 τίμημα
505 2040 513 2049 .
531 2042 538 2049 .
557 2040 564 2049 .
579 2019 744 2060 ταλάντων]
767 2031 835 2050 cen—

116 2075 164 2094 sus
179 2065 316 2104 regionis,
333 2064 380 2093 vel
396 2064 466 2103 agri
477 2064 569 2092 nostri
583 2063 747 2100 (estimatio,
761 2064 799 2093 sit
815 2066 835 2094 6

117 2108 197 2138 mille
212 2107 370 2137 talentum.
415 2107 464 2136 De
481 2116 575 2136 censu
592 2107 687 2136 totius
700 2106 835 2146 regionis

118 2152 234 2182 Anicae
251 2151 423 2180 luculentus
444 2155 476 2180 et
498 2150 665 2189 praeclarus
681 2150 731 2180 hic
747 2151 835 2181 locus

119 2193 340 2226 Demosthenis
354 2199 412 2224 est.
458 2193 532 2232 Agri
545 2192 677 2234 (inquit)
688 2194 794 2229 nostri,
805 2194 835 2224 h.

119 2249 148 2268 e.
164 2237 259 2268 totius
276 2238 526 2272 Atticae,census
541 2240 590 2267 est
605 2239 624 2266 6
640 2236 724 2266 mille
741 2238 836 2267 talen-

117 2288 196 2312 tum:
216 2281 296 2321 quod
312 2281 426 2320 repetit
435 2291 465 2320 p.
478 2282 664 2319 293.antep.
681 2291 740 2319 quo
752 2281 780 2311 in
792 2280 836 2311 lo-

117 2336 155 2356 co
164 2335 220 2365 pro
235 2323 423 2366 ἑξακισχίλια
433 2324 579 2363 scriptum
591 2323 709 2354 suisse'
698 2335 838 2354 οκτακισ-

117 2368 200 2410 χίλια
218 2373 325 2397 auctor
337 2373 386 2397 est
402 2368 590 2407 Harpocrat.
612 2367 697 2397 hisce
714 2369 834 2398 verbis·

116 2412 160 2442 ὅτι
177 2409 399 2463 ἑξακισχίλια
385 2422 415 2441 ην
430 2411 566 2441 τάλαντα
585 2409 619 2440 τὸ
641 2411 764 2452 τίμημα
787 2414 840 2446 τῆς

117 2454 258 2489 Ἀττικῆς
269 2462 350 2493 Δημ.
365 2453 392 2484 ἒν
406 2454 448 2492 τῷ
461 2454 523 2508 περὶ
537 2456 593 2484 τῶν
608 2458 774 2496 Συμμοριῶν
785 2463 840 2496 <pn-

117 2499 162 2530 σιν
187 2497 286 2532 οὕτως·
307 2497 398 2538 Ἡμῖν
423 2496 451 2527 δὲ
468 2496 500 2527 τᾶ
523 2509 576 2531 της
597 2499 694 2539 χώρας
716 2498 840 2540 τίμημα

116 2542 257 2584 ὑπάρχειν
275 2542 402 2594 ἀφορμὴν
416 2539 628 2594 ὀκτακισχίλια
647 2542 784 2573 τάλαντα,
804 2544 840 2573 ἆ-

117 2585 264 2616 καύσεται.
286 2584 347 2614 ἦτοι
362 2595 405 2614 ουν
419 2583 549 2626 γραφικδν
562 2585 731 2625 ἁμάρτημά.
748 2597 839 2622 εστιν,

117 2629 132 2661 ἢ
155 2629 222 2663 ἴσως
238 2628 250 2658 <3
275 2628 362 2669 ῥίιτως
385 2627 572 2668 συναρπάζει,
597 2628 641 2658 ἵνα
664 2628 728 2658 δοκη
742 2630 840 2659 ‘tn-Min)

119 2674 170 2704 τὴν
183 2673 311 2712 ἀφορμὴν
330 2670 407 2713 ἔχειν
422 2673 435 2702 ἦ
447 2671 541 2706 πόλις
556 2671 595 2706 εἷς
608 2670 655 2701 τὸν
670 2683 735 2712 προς
749 2672 839 2706 βασι-

120 2715 175 2746 λέα
202 2714 339 2756 πόλεμον.
361 2713 572 2756 ὀκτακισχίλια
597 2715 692 2754 igitur
716 2717 840 2756 Harpo-

120 2758 266 2790 erationis
287 2763 377 2789 aetate
395 2759 543 2797 scriptum
560 2764 626 2788 erat
645 2769 701 2798 pro
723 2758 839 2798 ἑξακισ-

120 2803 206 2844 χίλια
229 2802 261 2832 in
278 2802 337 2832 hoo
359 2803 428 2832 looo
445 2802 536 2832 Dem.
563 2801 630 2831 sive
645 2812 685 2832 ex
702 2803 793 2842 culpa
809 2809 841 2834 et

121 2845 232 2885 injuria
249 2845 454 2882 librariorum,
471 2846 537 2875 sive
560 2845 600 2875 de
622 2845 774 2876 industria
797 2847 840 2876 sic

120 2889 244 2919 locutus
257 2889 349 2919 suerit
367 2893 470 2919 orator
491 2888 560 2928 ipse
581 2892 615 2918 ut
638 2899 688 2918 res
713 2895 743 2918 et
763 2899 840 2930 opes

122 2932 351 2963 Atheniensium
363 2932 574 2972 amplificaret.
600 2932 716 2962 Verum
730 2937 840 2964 utcun-

121 2986 182 3015 que
206 2975 278 3004 olim
302 2980 461 3005 exaratum
485 2975 593 3013 suerit3
617 2980 647 3005 at
676 2976 705 3004 in
730 2976 842 3007 nostris

123 3024 206 3048 certe
222 3022 374 3058 quotquot
387 3019 480 3049 hodie
496 3023 634 3054 exstant,
651 3019 757 3049 saltem
775 3031 842 3060 quae

124 3061 203 3098 vidi,
218 3061 448 3102 exemplaribus
467 3073 526 3093 non
547 3065 646 3098 8000,
667 3063 721 3093 sed
744 3065 841 3100 6000,

170 3114 245 3135 vor..
264 3115 296 3135 v.

867 222 1236 267 SYMMORIIS.
1501 225 1584 268 489

865 329 1023 363 bohemum
1054 335 1098 359 tot
1125 341 1234 370 nempe
1265 330 1401 361 millibus
1434 330 1581 360 talentum

865 378 938 411 quot
950 372 1044 401 millia
1056 383 1199 404 annorum
1214 375 1337 404 durabit
1349 374 1478 404 mundus
1489 374 1582 412 juxta

867 420 1000 445 veterem
1029 416 1130 446 Ram..
1155 417 1362 448 traditionem.
1413 415 1581 448 Institutus

865 464 963 488 autem
979 457 1027 487 hic
1040 460 1150 489 Anicae
1164 462 1299 499 regionis
1314 472 1427 491 census
1443 465 1490 490 est
1505 465 1583 490 tem-

865 512 940 541 pore
957 502 1031 531 belli
1049 503 1218 542 Peloponn.
1236 508 1277 536 60
1293 505 1363 543 plns
1380 505 1479 534 miuus
1495 502 1582 533 annis

865 551 934 574 ante
945 545 1077 575 habitam
1091 547 1166 576 hanc
1181 549 1356 578 orationem.
1382 547 1485 577 Desiit
1500 546 1582 576 enim

866 589 978 617 bellum
998 589 1168 628 Peloponn.
1184 600 1211 619 a.
1225 594 1255 620 4.
1276 591 1401 630 Olymp.
1418 593 1471 621 93.
1494 588 1581 620 habi-

865 635 895 660 ta
926 636 973 661 cst
995 637 1096 662 autem
1134 632 1200 664 haec
1237 634 1336 662 oratio
1367 644 1394 665 a.
1415 637 1446 664 3.
1474 633 1524 662 vel
1549 635 1579 662 4.

866 675 991 714 Olymp.
1011 678 1085 705 107.
1129 677 1179 706 De
1199 677 1257 706 hoc
1280 687 1374 706 censu
1399 677 1528 711 Attices,
1550 680 1581 705 ot

865 719 903 747 de
920 723 1058 758 tempore
1072 720 1140 757 ejus
1154 719 1358 750 institutionis
1381 720 1472 749 fidem
1494 719 1584 748 nobis

865 762 939 791 facit
956 763 1156 800 gravissimus
1170 768 1199 792 et
1221 763 1482 803 prudentissimus
1507 762 1583 791 scri-

867 809 937 845 ptor
946 805 1153 845 Polyb.Hist.
1164 807 1277 847 l.ii.[c.
1288 806 1358 847 62]
1372 807 1468 846 Cujus
1478 806 1584 839 verba,

866 848 1133 889 quiainsignishie
1141 850 1227 880 locus
1235 855 1282 880 est
1290 852 1364 880 etad
1375 860 1437 880 rem
1449 853 1585 878 nostram

866 892 1006 931 apprime
1022 897 1178 932 spectans,
1199 894 1260 923 huc
1282 893 1460 923 adscribere
1482 891 1584 921 visum

867 940 933 964 est:
957 934 1002 969 τίς
1024 938 1080 977 γὰρ
1103 936 1172 976 ὑπὲρ
1191 935 1345 968 Ἀθηναίων
1371 937 1426 977 οὐχ
1453 935 1582 975 ἱστόρηκε

866 978 935 1008 διότι
953 977 1018 1008 καθ’
1037 979 1080 1014 οὓς
1102 981 1208 1021 καιροὺς
1229 982 1313 1020 μετὰ
1327 979 1457 1014 Θηβαίων
1475 979 1515 1014 εἷς
1537 977 1586 1008 τᾶν

865 1021 930 1063 πρὸς
955 1022 1187 1062 Λακεδαιμονίους
1212 1022 1342 1057 ἐνέβαινον
1371 1022 1508 1062 πόλεμον,
1535 1021 1584 1051 καὶ

865 1063 977 1105 μυρίους
990 1065 1047 1106 μὲν
1059 1065 1223 1106 ἐξέπεμπον
1236 1067 1431 1106 στρατιώτας,
1449 1065 1549 1097 ἑκατὸν
1562 1063 1586 1094 δ’

866 1107 1000 1149 ἐπλήξουν
1019 1109 1145 1149 τξιῆρεις,
1163 1109 1206 1139 ὅτι
1225 1110 1293 1140 τότε
1309 1109 1446 1149 κρίναντες
1461 1109 1520 1139 ἀπὸ
1535 1110 1588 1143 τῆς

866 1151 951 1190 ἀξίας
959 1153 1107 1183 ποιεῖσθαι
1119 1155 1175 1187 τὰς
1190 1153 1228 1187 εἰς
1242 1152 1290 1182 τόν
1303 1153 1429 1193 πόλεμον
1443 1153 1585 1193 εἰσφορὰς,

866 1193 1042 1234 ἐτιμήσαντο
1066 1197 1116 1226 τήν
1143 1208 1177 1227 τε
1199 1197 1295 1237 χώξαν
1319 1198 1369 1227 τὴν
1394 1195 1529 1227 Ἀττικὴν
1553 1196 1588 1225 ἕ.-

868 1249 968 1268 πασαν
985 1239 1032 1269 καὶ
1054 1241 1109 1273 τὰς
1121 1239 1216 1275 οἰκίας,
1233 1238 1333 1280 ὁμοίως
1351 1239 1378 1269 δὲ
1395 1240 1444 1269 καὶ
1460 1241 1511 1270 τὴν
1525 1245 1586 1268 λοι-

867 1283 919 1313 πὴν
942 1281 1044 1313 οὐσίαν·
1067 1282 1136 1312 ἀλλ’
1158 1282 1236 1323 ὅμως
1258 1285 1292 1314 τὸ
1314 1283 1438 1323 σύμπαν
1460 1280 1584 1322 τίμημα

866 1327 917 1359 τῆς
931 1325 1012 1365 ἀξίας
1026 1325 1136 1357 ἐνέλιπε
1150 1329 1205 1356 τῶν
1221 1325 1428 1368 ἑξακισχιλίων
1440 1324 1588 1359 διακοσίοις

866 1369 914 1398 καὶ
930 1369 1105 1400 πεντήκοντα
1118 1371 1283 1405 ταλάντοις.
1320 1371 1432 1410 Igitur,
1448 1371 1474 1400 si
1493 1370 1589 1408 Poly-

868 1413 919 1442 bio
933 1414 1099 1450 credimus,
1116 1414 1174 1444 ista
1189 1415 1304 1444 talenta
1324 1416 1344 1443 6
1362 1414 1448 1444 mille
1467 1413 1588 1452 integra

869 1466 926 1485 non
943 1456 1075 1487 fuerunt.
1098 1457 1252 1496 siquidem
1267 1459 1306 1488 de
1323 1457 1381 1487 hoo
1395 1467 1522 1487 numero
1532 1457 1588 1486 de-

867 1502 1044 1531 (ει-11111950.
1088 1501 1137 1530 Ita
1151 1501 1231 1530 utin
1255 1501 1311 1531 hac
1333 1501 1452 1530 ratione
1475 1511 1587 1531 census

867 1543 964 1573 Attici
976 1544 1120 1581 ineunda,
1129 1545 1347 1574 rotunditatem
1358 1544 1475 1574 numeri
1487 1544 1591 1583 potius

867 1597 956 1626 quam
969 1592 1108 1618 exactam
1123 1587 1282 1618 veritatem
1295 1588 1433 1627 computi
1443 1598 1590 1626 respexe—

868 1630 908 1660 rit
932 1630 1023 1661 Dem.
1070 1632 1153 1661 Nolo
1175 1633 1239 1671 jam
1266 1631 1318 1661 hio
1343 1631 1511 1671 compilare
1536 1631 1592 1660 ati-

868 1684 955 1703 orum
984 1674 1097 1704 scrinia
1126 1675 1165 1704 de
1194 1686 1228 1705 re
1256 1675 1424 1705 nummaria
1450 1679 1482 1704 et
1507 1684 1590 1704 com-

868 1718 1017 1747 mentaria
1033 1718 1170 1748 scribere
1187 1719 1226 1748 de
1242 1719 1356 1748 talento
1369 1718 1483 1748 Attico.
1517 1717 1590 1747 Hoc

869 1766 983 1790 tantum
1001 1763 1134 1791 observo
1157 1763 1197 1791 de
1220 1761 1325 1792 valore
1347 1761 1455 1792 talenti
1479 1761 1590 1796 Attici,

869 1804 1014 1834 aestimari
1036 1804 1094 1835 viz.
1120 1805 1197 1835 illud
1215 1807 1278 1836 600
1302 1806 1403 1835 aureis
1424 1805 1590 1839 coronatis.

869 1852 1000 1877 monetae
1011 1848 1189 1887 Anglicanae
1200 1854 1312 1879 nostrae
1325 1859 1398 1878 vero
1413 1850 1478 1879 250
1491 1847 1592 1877 libris.

870 1891 951 1920 unde
973 1891 1155 1930 collegimus
1178 1902 1268 1930 quam
1289 1897 1378 1921 vasta
1399 1896 1431 1922 et
1448 1891 1590 1921 immanis

870 1933 934 1962 11ωο
949 1935 1088 1972 pecuniae
1104 1944 1221 1964 summa
1234 1934 1340 1970 fuerit,
1361 1946 1420 1975 qua
1443 1935 1593 1964 censeba-

870 1981 919 2005 tur
932 1976 1018 2015 regio
1033 1977 1149 2013 Attica,
1158 1977 1404 2017 quandoquidem
1420 1977 1454 2007 τὸ
1465 1976 1590 2018 τίμημα

868 2021 920 2053 τῆς
933 2020 1030 2061 χώρας
1043 2024 1108 2050 erat
1124 2020 1263 2062 ἑξακισχ.
1280 2028 1353 2051 ταλ.
1370 2024 1390 2052 6
1404 2022 1484 2051 mille
1497 2023 1590 2051 talen-

869 2068 944 2093 tum.
988 2063 1080 2102 Quod
1096 2063 1124 2093 si
1138 2064 1207 2104 quis
1223 2065 1300 2095 hanc
1315 2075 1463 2095 summam
1473 2065 1590 2095 subdu-

869 2106 898 2136 ci
912 2106 999 2143 velit,
1009 2108 1270 2146 etjuxtamodum
1285 2110 1439 2139 modernae
1451 2110 1590 2148 pecuniae

869 2151 1051 2189 computari,
1065 2151 1123 2181 lioc
1146 2151 1236 2181 nobis
1259 2152 1405 2190 praestitit
1420 2153 1502 2182 Bud.
1519 2153 1540 2181 l.
1559 2162 1590 2181 v.

870 2193 909 2223 de
934 2195 1025 2224 Asse.
1084 2195 1178 2225 “Sex
1203 2194 1300 2226 millia
1332 2195 1468 2237 (inquit)
1492 2196 1589 2225 talen-

871 2241 934 2267 tum
951 2238 1056 2267 tricies
1076 2238 1181 2268 sexies
1197 2239 1316 2269 centies
1339 2240 1479 2269 millibus
1500 2249 1588 2269 aure-

871 2291 959 2310 orum
985 2286 1158 2311 nostrorum
1184 2282 1410 2323 (Gallicorum)
1436 2283 1590 2312 aestimare

873 2324 1042 2354 solemus.”
1087 2326 1163 2355 cum
1181 2336 1255 2355 vero
1271 2328 1311 2356 31
1323 2327 1406 2356 aurei
1421 2327 1504 2356 Gall.
1520 2337 1590 2356 cum

872 2378 932 2397 una
956 2371 997 2399 3a
1017 2368 1055 2398 ad
1086 2369 1194 2399 libram
1229 2375 1363 2400 nostram
1397 2375 1592 2404 concurrant,

873 2411 968 2441 efficit
983 2412 1048 2441 11ωο
1065 2423 1182 2442 summa
1195 2415 1282 2443 6000
1295 2414 1452 2450 talentum,
1468 2413 1593 2443 circiter

872 2455 1041 2485 duodecies
1056 2460 1183 2486 centena
1194 2457 1447 2488 millialibrarum
1461 2463 1592 2487 monetae

873 2504 986 2529 nostrae
1002 2499 1094 2539 Angl.

917 2542 955 2572 P.
971 2545 1082 2573 9821.
1107 2541 1447 2582 ποιῆσαικα8’ἑξῆκοντα
1457 2543 1591 2574 τάλαντα

872 2584 974 2616 ἑκατὸν
987 2584 1076 2627 μὲςη]
1102 2586 1254 2626 Sexagies
1269 2587 1348 2618 enim
1373 2592 1496 2619 centum
1523 2587 1595 2617 faci-

874 2634 927 2659 unt
943 2632 962 2660 6
979 2629 1072 2660 mille.

915 2691 959 2696 ——
990 2676 1020 2704 ¹2.
1064 2672 1128 2702 εἶτα
1168 2671 1253 2704 πέντε
1297 2673 1593 2713 ἑξηκονταταλαντίας

871 2716 947 2756 etc.]
973 2715 1145 2756 Quinquies
1169 2726 1323 2756 sexagena
1345 2718 1459 2747 talenta
1488 2717 1594 2756 singu-

873 2758 910 2789 lis
927 2760 1037 2797 viginti
1057 2760 1174 2800 magnis
1189 2761 1340 2791 classibus
1362 2761 1468 2799 assig..
1491 2761 1534 2790 ita
1560 2765 1592 2790 ut

873 2803 1002 2842 singulae
1019 2803 1135 2833 classes
1151 2804 1282 2843 singulis
1297 2804 1361 2834 suis
1383 2803 1591 2834 subclassibus

874 2847 1073 2877 duodenariis
1087 2850 1128 2877 60
1144 2849 1259 2877 talenta
1272 2848 1411 2877 reddant.
1458 2847 1529 2877 Hac
1546 2859 1592 2877 ra-

874 2889 958 2919 tione
967 2891 1079 2930 singuli
1094 2902 1132 2920 ex
1146 2892 1194 2920 his
1207 2892 1291 2920 mille
1304 2890 1447 2920 ducentis
1457 2891 1591 2930 quinque

876 2933 991 2963 talenta
1028 2935 1214 2973 pendebant,
1244 2934 1406 2973 quinquies
1437 2934 1515 2963 enim
1554 2938 1591 2965 12

876 2977 992 3007 faciunt
1015 2980 1069 3012 60,
1090 2979 1118 3009 11.
1136 2989 1164 3007 e.
1189 2982 1319 3007 moneta:
1338 2983 1451 3007 nostrae
1475 2979 1593 3014 1⁴2.30[.,

878 3021 1029 3059 siquidem
1052 3023 1103 3051 tal.
1128 3022 1191 3050 Att.
1217 3021 1299 3050 volet
1325 3021 1413 3051 ¹250AE-
1458 3021 1596 3058 Μεγάλαι,-

877 3062 1045 3104 συμμοςίας
1066 3068 1157 3094 vocat
1177 3067 1218 3095 ‘20
1237 3065 1308 3094 illas
1327 3064 1453 3099 classes,
1475 3064 1504 3093 in
1521 3076 1597 3104 quas

879 3121 898 3136 ι.)
918 3119 936 3138 R
