1931 3322
636 203 1121 248 PROLEGOMENA.

148 313 262 354 γράφον,
293 313 464 353 περιγράψω,
489 312 649 351 διαγράφω,
679 308 866 349 ἀμφιλαΒῆς,

148 357 342 397 μεταγςάφα,
373 355 551 395 ἀπογράφω,
575 354 766 395 παραγράψω,
790 353 865 381 {awo-

144 400 261 438 γράφω,
286 399 459 438 ἀντιγράφω,
481 398 662 437 ὑπεργςάφω.
708 397 770 425 Sed
787 405 865 434 prae-

149 446 211 471 stat
230 442 260 471 iu
281 442 328 471 his
349 442 487 492 ordinem
511 440 738 479 alphabeticum
759 438 864 476 sequi:

151 488 185 513 ut
206 482 382 522 ἀμφίβολος,
398 483 484 524 ἀναφε
487 496 533 523 ξω,
556 482 760 522 &nawen-⁷02,
783 482 865 510 ἇωο-

147 529 244 568 χωρῶ,
253 526 418 556 διαστέλλω
424 527 600 563 ,εἶσβάλλω,
609 524 750 559 ἐκθλίβω,
757 522 866 563 έξαίρω,

149 569 310 605 {maan—rem,
322 569 499 611 ἒμπεςιέχω,
515 568 699 603 ἐπισπεύδειν,
709 567 866 600 καταβάλ-

150 618 204 647 λω,
219 612 424 653 μεταπρέπω,
440 611 608 652 ξυμπαίζω,
625 608 865 651 ωαςαλαμὲάνω,

147 655 344 698 περιέρχομαι,
353 656 547 695 πςοσημαίγω,
555 652 793 695 πξοσαναγκάζω,
804 665 867 683 συν-

150 702 260 740 ευωχῶ,
285 699 493 738 συμπήγνυμι,
516 697 739 747 ὑπολογίζομαι,
764 698 867 737 ὑπεξα-

151 743 350 780 ωολογοῧμαι.
404 743 462 772 Hae
480 742 736 791 praepositiones,
761 740 786 769 si
819 740 867 769 vis

152 794 255 814 earum
279 785 446 822 diligenter
464 785 505 814 sit
525 785 659 823 cognita,
684 788 713 813 et
733 793 788 813 sua
805 783 867 812 sin-

153 827 233 866 gulis
265 828 447 867 compositis
477 828 618 857 derivata
650 826 867 866 subjiciantur,

151 871 330 901 immensam
347 871 566 901 vocabulorum
583 870 704 909 copiam
721 870 786 900 sine
803 870 867 899 ullo

152 914 279 954 negotio
296 914 508 954 suppeditant.
553 915 661 954 Neque
678 919 777 943 tamen
803 923 867 942 om-

152 967 208 987 nes
228 968 296 987 cum
321 958 462 988 omnibus
482 961 534 988 aut
550 958 653 988 verbis
671 961 724 987 aut
740 956 867 987 nomini-

153 1001 210 1030 bus
231 1001 373 1041 componi
392 1006 543 1041 possunt:
567 1005 612 1037 nt,
629 1000 659 1030 in
674 1005 778 1030 nostro
801 1000 867 1030 the-

153 1048 235 1074 mate
256 1044 344 1082 λέγω,
366 1045 469 1075 dicere
486 1045 561 1075 licet
586 1042 726 1084 προλέγω,
747 1042 866 1080 ἐκλέγω,

152 1085 299 1125 συλλέγω,
311 1087 454 1126 ἀναλέγω,
468 1087 605 1139 ἐπιλέγω,
621 1085 789 1125 καταλέγω,
806 1086 868 1116 δια-

153 1128 290 1169 λέγομαι,
308 1130 616 1170 ἀπολέγω,ἆντιλέγω·
631 1128 742 1167 έλλέγω
754 1136 868 1166 autem,

153 1177 186 1202 et
200 1173 364 1214 ιιεναραλέγν)
385 1175 483 1215 [unde
504 1179 607 1204 tamen
623 1178 731 1202 extant
754 1170 868 1210 ἐλλόγι-

152 1226 210 1256 μσς
221 1224 253 1246 et
259 1216 450 1257 παράλογος],
465 1215 627 1269 προσλέγω,
640 1214 791 1264 πεςιλέγω,
806 1216 868 1254 ἂμ-

154 1258 263 1298 φιλεγω
290 1258 386 1300 [uude
402 1258 586 1299 ἀμφίλεκτος
608 1258 671 1298 ἔρις,
693 1258 754 1287 nisi
779 1258 868 1287 malis

155 1312 264 1332 nomen
286 1313 356 1333 esse
375 1302 610 1343 compositum}
626 1299 768 1338 ὑπολέγω,
786 1301 869 1340 ὑπες

155 1344 241 1382 λέγω,
266 1346 367 1375 autin
391 1346 487 1380 nullo,
512 1350 565 1375 ant
591 1345 692 1374 minus
718 1343 870 1382 frequenti

156 1398 214 1418 usu
241 1393 322 1418 sunt.
366 1388 434 1419 Jam
458 1393 492 1418 ut
515 1399 534 1418 a
556 1386 633 1425 λέγω
655 1386 793 1426 simplici
817 1397 869 1415 no-

155 1431 237 1461 mina
252 1431 442 1467 derivantur,
461 1431 507 1461 sic
524 1432 615 1461 etiam
632 1440 649 1459 a
668 1430 867 1468 compositis:

156 1478 202 1509 ut,
218 1485 235 1504 a
250 1473 385 1513 συλλέγω
402 1476 434 1505 fit
449 1474 594 1514 σύλλεξις,
611 1472 781 1511 συλλεκτός,
797 1479 869 1502 συλ-

156 1516 298 1554 λειιτικός,
330 1517 514 1554 συλλεκτέος,
552 1518 689 1555 συλλογὴ,
720 1516 869 1554 σύλλογος,

157 1560 381 1602 συλλογίζομαι,
405 1559 616 1600 συλλογισμὸς,
638 1558 870 1598 συλλογιστικδς,

159 1609 191 1634 et
211 1604 256 1634 sic
272 1605 301 1633 in
320 1605 451 1640 caeteris,
468 1615 536 1645 quae
553 1605 695 1643 quisque,
713 1604 872 1633 Gramma-

157 1647 228 1677 ticae
244 1658 304 1677 non
326 1648 497 1687 imperitus,
517 1647 584 1686 ipse
608 1657 664 1686 per
680 1658 712 1676 se
732 1645 822 1676 facile
841 1652 873 1677 et

156 1690 321 1731 intelliget,
342 1691 541 1729 et’colliget:
566 1695 658 1729 atque
681 1700 740 1719 uno
760 1690 872 1720 mentis

158 1734 280 1770 obtutu,
298 1739 370 1774 post
386 1744 443 1764 non
462 1735 582 1773 longam
607 1732 873 1768 exercitationem,

159 1777 263 1807 oblato
279 1777 433 1817 primitivo
449 1783 480 1807 et
496 1777 629 1816 simplici
644 1775 804 1811 vocabulo,
819 1777 873 1806 de·

160 1820 259 1850 rivata
281 1825 314 1850 et
337 1821 504 1860 composita
529 1825 702 1860 percurret,
724 1825 815 1858 atque
835 1822 874 1850 ab

162 1863 210 1892 his
230 1864 268 1893 ad
288 1863 416 1904 primam
433 1863 533 1893 statim
555 1863 704 1901 originem
727 1868 874 1893 recurret.

163 1906 256 1943 Quod
274 1907 385 1936 utinam
405 1917 495 1945 quarn
511 1917 569 1945 ego
589 1907 783 1935 fructuosum
805 1916 874 1936 esse

163 1954 310 1989 expertus
334 1960 413 1984 sum,
431 1956 490 1978 tam
511 1949 614 1978 multis
636 1949 745 1978 imitari
769 1949 874 1978 libeat.

162 1992 224 2022 Sed
254 1993 310 2022 hac
335 1993 373 2022 de
396 2003 430 2022 re
454 1992 530 2022 satis
555 2002 589 2021 ac
613 1992 737 2021 nimium
761 1992 875 2031 potius.

162 2036 241 2065 Sunt
256 2035 336 2065 enim
352 2036 418 2065 haec
439 2035 688 2065 adolescentibus
706 2035 735 2065 in
760 2035 874 2065 exerci-

163 2079 278 2109 tatione
303 2079 501 2117 grammatica
525 2084 555 2108 et
579 2079 817 2109 demonstranda
844 2083 876 2108 et

164 2121 358 2159 inculcanda,
381 2127 417 2152 ut
440 2128 471 2152 et
492 2122 726 2161 phrasenlogia:
750 2123 789 2151 ‹le
817 2133 876 2161 qua

164 2175 262 2204 pauca
291 2177 331 2196 ex
359 2165 607 2196 annotationibus
641 2165 671 2194 in
702 2166 875 2205 Evagoram

164 2209 313 2239 Isocratis
328 2209 464 2250 [quando
481 2219 582 2238 earum
605 2208 747 2239 differtur
763 2209 875 2250 editio]

162 2251 384 2283 adscribamus.

209 2297 416 2326 Grammatica
431 2297 593 2327 verborum
611 2301 642 2326 et
658 2306 758 2326 rerum
777 2296 877 2336 expli-

165 2339 261 2374 catio,
283 2340 355 2370 facit
378 2340 417 2369 ad
441 2340 672 2380 intelligendam
695 2341 877 2370 sententiam

165 2387 200 2413 et.
215 2383 379 2414 dictionem
391 2384 535 2414 auctoris.
583 2385 702 2419 Restat,
717 2388 750 2413 ut
770 2384 876 2413 eadem

167 2425 209 2456 ad
231 2425 376 2465 loquendi
401 2427 617 2466 scribendique
642 2437 730 2457 usum
758 2437 877 2456 accom-

167 2469 342 2500 modentur.
387 2470 467 2506 Quae
482 2481 532 2499 res
553 2470 664 2509 partim
685 2471 716 2499 in
738 2469 778 2499 iis
799 2470 878 2510 ipsis

168 2523 290 2552 qnoque
307 2512 408 2553 posita
433 2518 492 2549 est,
514 2523 581 2552 quae
605 2513 696 2542 modo
719 2513 878 2543 annotavi-

167 2565 256 2586 mus:
281 2557 336 2587 sed
351 2556 484 2586 maxime
498 2556 612 2594 pendet
625 2566 642 2585 a
654 2556 880 2595 phraseologia,

169 2599 395 2637 etcolligendis
404 2598 549 2638 loquendi
561 2598 677 2628 formis.
703 2600 779 2638 Ejus
789 2610 880 2638 porro

166 2642 361 2672 collectionis
371 2643 451 2672 ratio
459 2641 590 2671 maxime
602 2641 716 2680 triplex
729 2648 775 2671 est
788 2654 794 2672 :
812 2653 881 2678 una,

129 2681 134 2685 ’
168 2690 204 2716 ut
215 2695 334 2716 omnem
350 2685 529 2715 varietatem
539 2684 777 2714 constructionis
793 2692 823 2715 et
839 2686 881 2715 si-

167 2728 373 2768 gnificationis
389 2729 526 2768 ejusdem
543 2727 629 2758 verbi
645 2729 817 2766 conquiras,
829 2739 882 2758 cu·

164 2772 303 2811 jusmodi
313 2776 375 2802 est:
392 2771 483 2811 τιμᾷν
493 2773 568 2807 τινὰ,
582 2770 724 2801 honorare
735 2772 881 2812 aliquem,-

171 2814 306 2851 τᾶληθὲς,
322 2815 352 2845 id
379 2821 439 2851 est,
455 2813 607 2849 ἀληθεύειν,
624 2825 680 2844 non
699 2814 883 2845 dissimulare

171 2859 322 2889 veritatem
333 2869 343 2895 ,-
363 2857 442 2894 Θεοῖς,
458 2859 490 2888 id
506 2863 565 2893 est,
580 2857 767 2898 καθιερῶσαι,
788 2868 882 2888 conse-

170 2911 276 2938 crare,·
306 2901 360 2931 τινὶ
384 2901 530 2936 τοσούτου,
555 2901 635 2931 tanti
660 2901 803 2932 exstimare
827 2903 883 2931 ali-

173 2954 276 2984 quem,
299 2944 329 2974 τὶ
353 2943 368 2975 ἢ
389 2946 451 2975 τινὰ
473 2942 627 2980 πλείστου,
651 2945 769 2974 maximi
777 2943 885 2985 facere

171 2987 289 3027 aliquid
304 2987 352 3016 vel
362 2987 512 3028 aliquem3
528 2989 579 3019 τῆς
595 2986 690 3027 ἀξίας,
707 2989 887 3028 tantiqnmt-

172 3032 197 3061 ti
221 3036 283 3067 αντ,-
305 3030 369 3060 «ivri
392 3031 524 3067 wem-n,
540 3037 713 3070 anteponere
732 3032 885 3068 omnibus;

1527 205 1607 248 311

900 308 951 349 πρὸ
964 312 1080 339 πολλῶν
1093 309 1266 350 χξημάταν,
1280 320 1395 351 magnae
1409 312 1541 350 pecnniae
1557 322 1612 341 an-

899 351 1021 393 tefer-re,
1050 354 1133 391 quod
1165 354 1393 383 Demosthenes
1422 354 1517 390 dixit,
1546 355 1611 384 ἀντὶ

899 397 1011 424 πολλῶν
1022 396 1183 435 χξημάτων
1194 395 1311 425 ἑλέσθαι
1323 409 1354 425 το
1364 396 1473 435 μέλλον
1481 395 1615 428 συνοίσειν

899 450 935 468 'TU
949 438 1041 467 πῡλξι.
1053 438 1145 478 Τίμᾶν
1155 449 1206 478 ’77ρῦ
1217 450 1322 472 ‘nu-2703·
1331 439 1528 480 Xfilpwffssffedb'
1537 452 1612 475 ἾἾΥΕ,

899 471 976 511 nihil
991 481 1080 511 malle
1101 491 1200 511 rerum
1217 484 1359 517 omnium,
1377 494 1464 521 quam
1481 484 1613 524 subigere

899 524 1037 563 aliquem.
1082 525 1176 563 Apud
1192 524 1363 554 Homerum
1379 532 1437 561 est,
1454 526 1505 554 τίω
1523 526 1550 556 δὲ
1562 538 1615 565 μιν

900 565 926 596 ἔν
941 565 1028 608 Καςός
1041 566 1119 608 αἴσῃ,
1138 567 1168 596 id
1187 572 1246 602 est,
1263 578 1321 596 nnn
1335 566 1432 605 pluris
1451 569 1614 610 eumfacio

899 621 988 650 quam
1015 612 1229 640 mercenarium
1258 610 1393 645 militem,
1420 613 1494 649 τιμὴ
1522 613 1614 647 enim,

902 654 983 683 unde
998 653 1113 692 τιμάω,
1131 653 1164 683 fit
1184 665 1201 683 a
1223 651 1286 689 τίω,
1304 653 1386 692 quod
1408 658 1439 682 et
1460 655 1563 684 ulcisci
1584 661 1615 685 et

901 697 1065 736 aliquando
1101 697 1184 727 idem
1215 696 1368 736 significat
1399 697 1483 736 quod
1514 699 1615 737 τιμᾷν.

900 738 1028 780 Τιμᾲἶνῆ
1051 739 1203 779 τιμᾶσθαί
1222 751 1277 770 τινι
1298 739 1459 774 ἐλάττονος,
1476 741 1614 769 minorem

901 784 997 814 alicui
1012 784 1153 814 mulctam
1173 785 1318 824 irrogare,
1334 784 1454 812 minoris
1473 783 1617 813 :estimare

902 827 991 857 litem.
1003 827 1095 867 τιμᾷν
1103 827 1160 863 δ’,τι
1168 829 1223 867 χςῆ
1236 826 1350 857 παθεῖν
1364 825 1378 854 ἢ
1389 824 1534 856 ἇποτῖσαί
1541 838 1617 862 τινα,

899 872 1098 909 pronunciare
1120 872 1193 910 quid
1215 870 1309 900 alicui
1330 869 1376 899 vel
1389 879 1506 908 corpore
1530 869 1615 899 luen-

901 915 984 949 dum,
995 914 1039 943 vel
1055 919 1166 954 quanta
1174 914 1305 952 pecunia
1319 912 1455 942 solvenda
1467 914 1514 942 sit.
1537 914 1617 942 Haec

901 958 940 987 ab
958 957 1079 987 homine
1102 957 1241 987 studioso
1262 967 1279 986 e
1303 955 1429 986 Lexicis
1454 955 1617 995 colligere,

901 1010 960 1030 uon
988 1006 1036 1030 est
1055 1000 1181 1030 difficile
1205 1000 1297 1029 modo
1322 999 1385 1029 illis
1410 999 1525 1038 ubique
1549 1004 1616 1029 tuto

901 1044 996 1073 fidere
1012 1044 1131 1075 liceret.

946 1088 992 1117 11.
1016 1087 1124 1118 Altera
1139 1087 1218 1117 ratio
1235 1091 1282 1117 est
1299 1085 1449 1117 eruditior
1465 1092 1496 1117 et
1509 1086 1619 1116 diffici-

902 1130 972 1166 lior,
989 1140 1055 1159 cmn
1069 1130 1220 1170 loquendi
1232 1130 1315 1160 modi
1331 1131 1367 1160 ad
1385 1135 1470 1159 certa
1480 1131 1618 1169 quaedam

902 1183 1004 1203 rerum
1021 1173 1122 1212 capita
1137 1173 1182 1203 ita
1197 1178 1394 1208 revocantur,
1407 1177 1441 1202 ut
1455 1174 1562 1202 eadem
1579 1173 1618 1203 de

903 1227 935 1246 re
952 1217 1077 1246 dicendi
1093 1217 1226 1246 varietas
1243 1222 1273 1246 et
1287 1215 1380 1255 copia
1395 1216 1529 1245 maxima
1545 1226 1619 1255 snp-

902 1264 1001 1298 petat,
1018 1259 1127 1298 optimi
1145 1259 1297 1300 cujusque
1315 1258 1476 1297 scriptoris
1487 1259 1620 1289 anctori-

903 1306 966 1330 tate
989 1302 1209 1340 comprobata:
1234 1302 1300 1331 sine
1324 1310 1395 1340 qua,
1421 1302 1472 1339 qui
1498 1303 1619 1341 copiam

904 1344 1059 1379 affectant,
1076 1354 1159 1384 saepe
1180 1344 1277 1373 fluunt
1297 1343 1348 1384 [nt
1367 1344 1492 1374 Horatii
1515 1345 1620 1375 verbis

904 1387 988 1428 utar]
1020 1387 1177 1417 lutulenti.
1234 1387 1398 1417 Latissime
1434 1392 1522 1426 patet
1557 1389 1620 1418 liaec

905 1430 996 1466 ratio,
1015 1435 1046 1460 et
1062 1441 1119 1460 non
1141 1430 1231 1460 modo
1248 1430 1496 1469 acrejudicium,
1514 1433 1566 1460 sed
1590 1437 1621 1461 et

906 1473 1022 1503 variam
1039 1473 1204 1503 lectionem
1223 1479 1254 1502 et
1270 1473 1457 1513 singularem
1475 1475 1621 1505 observa-

905 1516 999 1546 tionis
1010 1516 1201 1556 diligentiam
1212 1517 1359 1556 pnstulat.
1405 1517 1540 1547 Conatus
1554 1528 1621 1548 eam

907 1561 992 1600 sequi
1019 1561 1098 1589 bono
1126 1560 1251 1599 quidem
1279 1560 1382 1589 studio
1406 1560 1528 1600 quidam
1553 1567 1620 1591 cst:

907 1606 961 1633 sed
979 1603 1080 1633 defuit
1096 1603 1140 1633 illi
1161 1608 1191 1633 et
1208 1603 1362 1642 judicium
1379 1603 1409 1632 in
1431 1603 1622 1643 colligendo,

907 1651 938 1676 et
953 1646 1088 1676 eruditio
1104 1646 1135 1676 in
1159 1646 1373 1684 intelligendo,
1391 1651 1422 1676 et
1442 1647 1573 1677 facultas
1590 1648 1621 1677 in

907 1690 1127 1720 convertendo.
1173 1690 1239 1719 Nos
1265 1699 1359 1719 unum
1391 1690 1493 1720 locum
1521 1701 1624 1720 suma-

906 1744 985 1768 mus,
1001 1733 1054 1773 qui
1076 1732 1224 1769 studium,
1241 1743 1357 1768 curam,
1373 1732 1564 1772 diligentiam
1581 1735 1622 1764 si·

907 1777 1042 1817 gnificat,
1058 1777 1167 1806 Graece
1183 1775 1366 1816 σπουδάζειν,
1383 1776 1545 1816 φροντίζειν,
1560 1776 1624 1808 έπι-

906 1819 1082 1859 μελεῖσὲαι.
1098 1818 1268 1859 σπουδάζειν
1281 1822 1396 1859 μᾶλλον
1408 1820 1470 1860 πεςὶ
1482 1822 1533 1855 τῆς
1546 1820 1624 1859 δόξης

908 1862 923 1894 ἢ
954 1864 1004 1893 τοῦ
1035 1862 1107 1899 βίου,
1133 1863 1230 1901 pluris
1244 1862 1351 1903 facere
1372 1863 1512 1904 gloriam,
1536 1876 1623 1904 quam

909 1907 1000 1936 vitam
1012 1917 1022 1943 ,·
1044 1906 1106 1946 areg}
1121 1908 1170 1937 τὴν
1185 1905 1333 1936 πολιτείαν
1347 1905 1403 1947 οὐχ
1421 1904 1506 1936 ἧττον
1523 1906 1536 1938 ἢ
1554 1907 1624 1948 areg?

910 1951 959 1980 τὴν
974 1949 1113 1988 σωτηρίαν
1130 1948 1195 1982 ἴλης
1208 1951 1260 1982 τῆς
1275 1949 1393 1982 πόλεως·
1416 1949 1479 1989 πεξί
1493 1962 1557 1980 τινα
1577 1951 1624 1980 ἄν·

911 1991 1034 2032 θξαπον,
1047 1993 1211 2022 studiosum
1219 2001 1274 2021 esse
1286 1993 1416 2031 alicujus
1427 2003 1437 2028 ,-
1455 1992 1524 2033 {mig
1539 2005 1624 2030 τινος,

911 2037 1005 2065 alicui
1022 2037 1066 2065 rei
1082 2041 1135 2065 aut
1150 2034 1260 2065 homini
1280 2035 1419 2071 studere,·
1444 2036 1625 2068 ποιήσασθαι

912 2078 1041 2110 σωουδῆν
1057 2079 1189 2118 μεγάλην
1205 2077 1266 2118 πεςί
1281 2091 1324 2115 τι,
1339 2089 1446 2120 magno
1459 2081 1557 2109 studia
1577 2081 1625 2110 in-

911 2123 1044 2153 cumbere
1075 2124 1108 2152 in
1139 2123 1271 2162 aliquam
1300 2133 1362 2152 ‘rem
1376 2133 1385 2158 ,-
1421 2122 1451 2151 τὶ
1481 2123 1624 2162 μάλιστα

911 2165 1042 2199 σπουδῆς
1069 2165 1145 2205 ἄξιον
1169 2164 1238 2196 εἶναι’
1259 2176 1324 2202 τινι,
1354 2165 1468 2206 aliquid
1497 2167 1627 2206 alicujus

911 2210 1039 2239 multum
1055 2209 1198 2244 interesse,
1211 2219 1404 2250 permagnam
1421 2218 1483 2239 rem
1495 2210 1627 2249 alicujus

910 2254 979 2293 agi:
997 2252 1182 2283 ποιήσασθαι
1194 2252 1315 2283 σπουδὶν
1329 2250 1431 2292 περίτι
1447 2253 1536 2282 δοκοῦν
1552 2253 1626 2293 ὠφέ-

911 2301 995 2335 λιμον
1018 2294 1086 2325 εἷναί
1111 2307 1176 2332 τινι,
1201 2296 1253 2326 vel
1278 2297 1379 2326 πᾶσαν
1406 2295 1552 2325 ποιεῖσθαι
1575 2299 1626 2328 τὴν

912 2339 1032 2370 σπουδην
1046 2350 1120 2379 wega,
1139 2339 1197 2369 διο.
1215 2340 1293 2369 omni
1303 2339 1427 2368 studio
1417 2349 1449 2367 ιη
1465 2339 1519 2368 id
1511 2350 1626 2369 incum-

911 2383 986 2418 bere,
996 2383 1073 2422 quod
1089 2394 1103 2412 e
1117 2393 1149 2411 re
1163 2381 1372 2423 alicujnsj'ore
1386 2381 1535 2411 videatur.
1549 2382 1626 2424 ἔχειν

911 2426 1031 2456 σπουδην
1054 2423 1228 2464 ἐκλέξασθαι
1249 2436 1341 2463 κξιτην
1361 2424 1407 2454 τᾶν
1427 2424 1550 2464 ἄριστον,
1566 2428 1626 2456 sin-

908 2469 1013 2509 gulari
1042 2469 1202 2508 diligentia
1217 2468 1355 2506 judicem
1382 2468 1512 2508 deligere
1538 2480 1626 2509 qnam

911 2514 1062 2551 optimum.
1089 2512 1204 2541 Eodem
1222 2511 1356 2550 pertinet
1366 2494 1514 2551 φξοντίζειν
1529 2513 1627 2549 μηδὲν,

913 2555 927 2586 ἢ
943 2554 1033 2593 ὀλίγον
1043 2566 1113 2588 τινος
1127 2553 1300 2594 ἀνθρώπου
1290 2567 1303 2585 η
1316 2555 1502 2594 πράγματος,
1515 2568 1564 2586 οιον
1573 2559 1629 2587 τῶν

913 2599 1062 2637 σωμάτων
1076 2600 1127 2631 τῖς
1148 2595 1299 2638 σωτηρίας,
1317 2597 1375 2627 &c-
1391 2597 1490 2636 μέλειν
1510 2599 1554 2639 τῷ
1571 2599 1627 2631 Βα-

914 2644 995 2671 σιλεῖ
1008 2653 1057 2670 του
1074 2640 1206 2675 πληθους.
1223 2640 1322 2679 μέλειν
1337 2653 1388 2671 τινι
1401 2641 1474 2671 οὐδέν
1490 2644 1539 2677 τῆς
1555 2644 1626 2672 ἄλη-

915 2684 1006 2719 θείας.
1028 2685 1123 2725 ἀπορῶ
1139 2684 1252 2724 πότερον
1270 2684 1409 2717 ὑπολάβω
1424 2684 1511 2723 μηδὲν
1528 2684 1627 2723 μέλειν

917 2729 986 2767 ημῖν
1012 2730 1068 2758 τῶν
1093 2729 1182 2758 κοινῶν
1208 2728 1403 2768 πξαγμάτων·
1428 2727 1454 2763 ἢ,
1480 2728 1627 2768 φξοντίζειν

915 2770 970 2810 μὲν
991 2771 1096 2806 αὐτῶν,
1115 2771 1247 2807 scilicet,
1268 2773 1356 2811 ἡμεῖς.
1403 2772 1555 2800 Notentur
1579 2772 1626 2801 hic

917 2816 1012 2844 verba
1034 2815 1164 2844 diversae
1188 2815 1426 2844 constructionis
1449 2813 1628 2844 duriuscule

917 2859 1088 2896 conjuncta.
1112 2860 1173 2892 ’τοῖς
1184 2858 1271 2888 αὑτοῦ
1281 2856 1431 2897 πξεσέχειν
1445 2855 1489 2884 τὸν
1504 2858 1569 2886 νοῦν·
1586 2857 1627 2886 δε-

918 2900 999 2931 διέναι
1016 2901 1063 2930 καὶ
1085 2900 1234 2942 προσέχειν
1250 2900 1295 2929 τὸν
1309 2901 1365 2929 νοῖν
1378 2900 1437 2932 τοῖς
1458 2900 1628 2938 πξάγμασι.

918 2942 964 2974 τὸν
973 2943 1101 2978 Βασιλέα
1116 2943 1256 2974 κήδεσθαι
1271 2945 1325 2972 τῶν
1340 2942 1418 2972 εἴκων
1433 2944 1486 2971 τῶν
1503 2942 1625 2973 ἰδιωτῶν·

919 2989 984 3021 τοὺς
1001 2986 1180 3027 πενεστέςους
1195 2985 1326 3016 κήδεσθαι
1343 2988 1399 3014 τῶν
1412 2985 1490 3014 oram
1504 2988 1559 3015 τῶν
1571 2997 1628 3026 με-

920 3031 1027 3068 γέλων,
1043 3030 1138 3070 ὥσπερ
1156 3032 1211 3059 τῶν
1225 3027 1366 3069 σφετέρων
1386 3027 1488 3058 αὐτῶν.
1510 3029 1632 3068 πςόνοιιι
