1948 3322
420 208 504 249 AD
536 176 904 250 ORAITIONEM
939 210 1059 253 PRO
1095 214 1361 259 CORONA.

159 310 343 351 ἀνηγόρευσεν,
357 311 482 354 ἐπῄνεσεν
495 314 588 345 εἷπών·
603 315 625 345 οἱ
642 313 671 345 δὲ
685 314 761 354 νόμοι
775 315 803 346 οὐ
815 327 869 344 κω·

160 354 272 385 λύουσιν
284 354 475 392 ἐπαινεῖσθαι,
491 356 561 386 ἀλλ’
575 357 800 398 ἀναγορεύεσθαι.
822 370 869 388 re-

160 397 244 437 liqua
259 398 324 436 ipse
345 399 475 438 quisque
495 400 600 439 legito,
621 401 673 440 qui
689 402 783 437 volet,
804 402 825 431 1.
841 413 868 432 o.

201 457 244 463 -—
259 442 308 471 16.
331 440 461 483 εὐθυνῶν]
489 444 591 474 malim
613 444 761 481 εὔθυνα-ῶν,
781 455 797 474 a
815 455 868 474 no-

162 482 266 513 minat.
281 480 418 518 εὖθυντῆς.

200 543 242 548 --
257 527 308 556 19.
333 526 387 568 ὁδὶ]
407 527 555 569 Ctesipho
571 534 656 569 puta.

201 585 242 590 —-
258 570 310 598 20.
333 569 361 598 οὔ
375 570 456 609 μόνον
470 570 496 601 ἐν
507 573 567 606 τοῖς
579 572 686 612 νόμοις]
710 573 868 603 Marcelli-

157 620 214 640 nus
229 611 268 640 ad
280 611 427 653 Hermog.
443 625 474 653 p.
489 618 562 646 213.
578 616 647 645 cfin.
663 618 724 649 πῶς
737 614 790 652 οὖν,
805 615 867 645 καί·

156 663 215 693 σεξ
230 652 406 694 ἐξετάζοντες
421 659 469 688 τὴν
483 658 594 698 γνώμην
604 659 654 688 τοῦ
665 658 820 697 νομοθέτου
834 659 867 689 τὸ

155 697 263 726 τοιοῦτο
277 696 490 739 διαφευξόμεθα
501 711 510 738 ;
527 700 576 740 [ut
589 711 698 740 nempe
712 702 868 733 videamur

155 739 320 778 verbisque
333 741 409 780 legis
421 744 575 783 mentique
587 746 784 786 repugnare]
801 746 868 776 ὅταν

155 781 242 813 αὐτὴν
254 783 304 813 τὴν
318 781 450 822 ἐξέτασιν
464 786 716 828 [correctionem]
730 787 783 818 ἔθει
799 800 866 819 wa.-

153 823 330 865 ςαδεδομένην
345 825 485 869 δείξωμεν,
496 829 544 859 καὶ
559 830 607 860 οὐκ
618 830 732 867 οἴκοθεν,
742 831 798 862 οὐδ’
812 832 868 862 ἀπ’

155 866 225 903 ἰδίας
238 868 363 909 κρίσεως,
377 871 447 901 ἀλλ’
460 871 518 903 ἇπό
533 873 767 914 παραδείγματος
781 875 868 907 αὐτὴν

151 910 322 951 εἰσάγωμεν.
350 914 386 948 ὣς
411 913 437 944 ἐν
462 916 504 955 τῷ
525 917 586 957 περὶ
611 918 752 957 Στεφάνου
770 917 868 959 ἔδειξεν

152 954 220 994 ἡμῖν
227 956 276 985 τὴν
289 956 417 988 τοιαύτην
430 957 543 998 μέθοδον
554 960 566 989 ὃ
579 959 769 999 Δημοσθένης.
785 965 867 1001 μετὰ

153 998 208 1037 γὰρ
236 996 268 1027 τὸ
293 997 429 1038 ἐξετάσαι
456 1004 505 1033 τὴν
532 1003 644 1043 γνώμην
670 1004 865 1044 [sententiam

153 1039 232 1079 legis
247 1045 395 1079 correxit,
417 1049 469 1074 aut
486 1045 703 1084 interpretatus
717 1048 778 1089 est]
801 1047 868 1087 πςός

153 1082 187 1113 τὸ
201 1082 301 1113 ἑαυτοῦ
317 1087 468 1127 χρήσιμον,
490 1089 595 1127 φεύγων
616 1091 666 1120 τὴν
683 1090 778 1119 αἰτίαν
793 1092 865 1121 ταύ-

153 1137 203 1156 την
223 1125 323 1166 [quasi
346 1129 422 1168 legis
448 1131 627 1161 sententiam
645 1133 683 1161 ad
700 1143 762 1162 rem
779 1144 863 1164 suam

151 1169 343 1208 depravaret,
352 1177 442 1211 atque
453 1173 681 1216 detorqueret}
693 1173 725 1204 ἐκ
738 1179 794 1206 τῶν
805 1188 864 1207 ποι-

150 1211 343 1252 ραδειγμᾶτων
367 1214 520 1253 εἰσήνεγκεν
541 1217 627 1258 [scil.
649 1219 697 1249 τὴν
720 1217 863 1258 ἐξέτασιν,

149 1255 441 1295 interpretationem,
457 1261 505 1290 vel
521 1261 741 1291 correctionem
759 1263 863 1304 legis}

149 1297 192 1328 ὅ’τι
208 1298 236 1329 δὲ
251 1297 338 1333 οὕτως
351 1302 448 1331 ταῦτα
464 1303 492 1332 οὗ
507 1302 586 1342 μόνον
605 1303 631 1334 ἐν
645 1307 706 1338 τοῖς
719 1304 861 1345 νόμοις-

151 1341 198 1371 καὶ
212 1341 241 1371 οὗ
257 1342 336 1381 μόνον
355 1342 386 1373 ἐκ
401 1346 451 1374 τοῦ
466 1344 540 1381 ἔθους
557 1346 604 1375 καὶ
621 1347 863 1389 παραδείγματος

150 1384 329 1421 συνέστησεν,
353 1388 432 1417 ἀλλὰ
452 1389 500 1418 καὶ
524 1389 742 1429 ἐνθυμήματος,
769 1393 860 1424 εἰπών·

152 1427 290 1469 σχέτλιον
303 1431 358 1471 γὰρ
371 1429 404 1461 ἂν
419 1431 457 1462 εἴη
473 1433 558 1463 τοῦτό
573 1445 616 1472 γε.
640 1435 726 1464 Conf.
739 1436 862 1476 Sopatr.

154 1481 185 1510 p.
201 1473 273 1504 304.

194 1532 237 1537 —
245 1518 297 1546 21.
309 1515 419 1559 ἤθεσιν]
431 1519 532 1549 malim
543 1517 639 1550 ἐ’θεσιν.
649 1522 742 1560 quod,
750 1527 862 1561 praeter

153 1557 363 1590 Marcellinum
376 1565 407 1591 et
421 1562 597 1603 Sopatrum,
608 1574 656 1594 res
669 1565 736 1603 ipsa
747 1566 850 1606 jubet.

193 1619 236 1624 -—
251 1603 303 1633 25.
324 1603 373 1633 καὶ
394 1603 491 1636 νενοίλιν
514 1605 686 1648 Χαρίδημος]
718 1610 784 1639 scil.
808 1612 863 1644 τὰς

149 1642 274 1679 ἀσπίδας
295 1644 427 1678 ἐπέδωκε.
448 1660 518 1680 nam
543 1651 589 1680 sic
614 1661 701 1681 versu
724 1655 776 1683 24.
800 1652 861 1693 leg.

149 1693 207 1723 est,
229 1688 261 1718 in
276 1691 461 1730 composito.

189 1748 233 1754 —
253 1732 330 1763 ibid.
353 1732 557 1776 ἐστεφανοῦτο]
583 1737 705 1776 praetuli
735 1736 862 1778 ἐστεφα-

145 1773 234 1805 νοῦντο
246 1775 276 1805 in
292 1776 414 1814 plurali.
428 1789 494 1808 nam
506 1779 661 1810 Diotimus
673 1786 704 1811 et
713 1782 862 1812 Charide-

148 1827 217 1847 mus
238 1818 448 1859 designantur.
465 1832 494 1852 ν.
517 1833 550 1862 p.
571 1825 645 1855 265.
668 1824 751 1855 circa
774 1826 862 1856 finem

147 1860 276 1898 decreti,
285 1873 346 1902 quo
357 1862 404 1894 bis
418 1865 538 1896 duobus
551 1877 750 1903 una,coronae
762 1879 861 1899 aureae

147 1903 363 1943 decernuntur,
385 1908 425 1937 ob
442 1910 624 1947 praeclarum
645 1911 786 1942 meritum
803 1923 863 1942 una

149 1950 281 1985 partum.

193 1991 266 2020 265.
283 1993 315 2022 3.
337 1992 461 2036 τούτοις]
488 1995 642 2032 Nausicli,
666 1997 863 2034 Charidemo,

148 2031 296 2064 Diotimo.
311 2044 378 2065 nam
395 2037 565 2074 decretum,
577 2040 606 2069 in
619 2039 764 2071 honorem
780 2043 863 2071 Neo-

147 2076 275 2114 ptolemi
291 2079 512 2118 conscriptum,
528 2082 578 2112 bic
593 2093 652 2112 non
669 2089 840 2123 comparet.

187 2136 232 2142 ——-
246 2122 297 2150 11.
313 2121 464 2164 Φιᾶλωνος]
478 2125 600 2155 correxi
614 2125 740 2161 Φίλωνος.
751 2127 861 2158 deinde

148 2161 250 2192 malim
261 2162 326 2203 legi
341 2166 391 2194 τοῦ
403 2163 452 2194 ἐπὶ
463 2169 512 2198 τὴν
526 2166 652 2199 διοίκησιν
666 2179 734 2212 κεχ.
777 2171 862 2201 Stra-

122 2211 126 2214 ·
145 2205 209 2244 tegi
224 2216 321 2245 nuper
336 2207 460 2244 delecti,
484 2211 539 2240 sed
565 2212 604 2241 ad
624 2221 726 2242 curam
745 2214 859 2249 aerarii,

146 2258 204 2277 non
227 2248 367 2281 militum.
390 2252 452 2282 duo
478 2253 559 2283 enim
587 2259 673 2284 erant
700 2257 857 2296 στρατηγοὶ

145 2291 288 2329 Athenis,
309 2292 322 2322 ὅ
336 2292 392 2324 ἐπὶ
408 2297 464 2327 τῶν
477 2295 612 2333 ὅπλιτῶν,
626 2298 786 2337 Strategus
807 2309 857 2329 ca-

152 2335 293 2371 strensis,
304 2337 392 2375 cujus
407 2338 500 2377 paulo
515 2345 584 2370 ante
598 2341 680 2371 sacta
695 2342 753 2372 fuit
775 2353 858 2372 men-

145 2376 198 2414 tio,
213 2383 244 2408 et
259 2378 272 2408 ὅ
287 2377 342 2409 &wi
358 2382 409 2414 τῆς
423 2381 587 2419 διοικήσεως,
609 2388 721 2422 praetor
735 2395 858 2415 oecono-

145 2430 254 2457 mmus,
272 2432 327 2452 seu
343 2433 451 2454 aerarn.

188 2482 231 2486 —
245 2467 297 2497 13.
319 2464 417 2508 ἔδωκε]
433 2467 500 2498 scil.
515 2465 562 2498 τᾶν
572 2467 694 2508 μισθόν.
707 2473 789 2511 quod
806 2483 859 2502 vo-

145 2507 287 2538 cabulum
302 2507 377 2539 latet
391 2509 422 2539 in
439 2521 469 2540 v.
483 2511 708 2551 μισθοδοτήσαι.

187 2553 295 2581 -14.
318 2552 515 2594 ἀναγορεῦσαι]
539 2559 629 2594 aptus
649 2561 697 2587 est
720 2557 770 2588 hic
793 2557 859 2588 infi-

144 2591 260 2624 nitivus
276 2595 469 2635 ἀναγορεῦσαι,
485 2607 501 2626 a
519 2608 548 2628 v.
566 2597 642 2629 δοκεῖ
653 2610 743 2630 versu
759 2603 791 2631 7.

186 2654 230 2660 -—-
245 2639 296 2667 17.
319 2637 462 2681 Καλλίας]
490 2641 603 2671 Callias
629 2647 735 2674 auctor
760 2644 858 2676 sactus

145 2684 192 2710 est
220 2681 389 2717 sententiaa,
416 2682 514 2714 fretus
544 2685 724 2716 auctoritate
748 2688 859 2727 Pryta-

144 2733 227 2759 num,
253 2723 315 2763 ipsi
346 2725 600 2764 confirmantium,
634 2734 756 2760 senatus
782 2732 858 2762 hanc

145 2775 214 2796 esse
229 2767 429 2798 voluntatem.

186 2826 230 2832 —-
245 2811 296 2841 90.
319 2812 369 2840 τοῦ
387 2813 540 2854 ποταμοῦ]
558 2813 685 2845 Fluvius
698 2815 860 2853 Salamina,

148 2852 294 2892 oppidum
317 2854 427 2894 Cypri,
450 2857 676 2894 praeterfluens,
704 2859 754 2889 bic
778 2860 860 2890 desi-

147 2899 265 2932 guntur.
289 2897 372 2928 conf.
389 2898 524 2929 Diodor.
539 2899 603 2930 Sic.
622 2901 657 2930 T.
675 2903 719 2931 11.
736 2913 767 2942 p.
789 2907 858 2934 114.

147 2937 199 2968 39.
223 2938 330 2979 Pugna
346 2940 413 2972 haec
425 2942 550 2972 diversa
565 2947 614 2974 est
625 2945 664 2974 ab
677 2944 735 2974 alia
747 2956 862 2985 pugna,

148 2980 255 3011 eodem
279 2983 400 3015 nornine
430 2995 448 3014 a
471 2985 586 3016 Nostro
614 2989 779 3027 appellata,
807 2991 862 3019 hac

148 3021 215 3062 ipsa
235 3024 264 3054 in
288 3027 424 3058 oratione
448 3039 503 3068 pro
527 3040 650 3068 corona,
672 3043 703 3072 p.
720 3034 794 3064 300.
814 3035 863 3064 16.

195 3076 274 3098 νον..
294 3078 323 3097 v.

1560 215 1616 256 73

904 316 1128 359 diligenterque
1144 327 1213 350 sunt
1228 324 1322 351 ambae
1335 322 1552 353 discernendae.
1567 321 1617 351 hic

903 360 986 390 dicta
1000 361 1028 390 in
1042 362 1146 403 Cypro
1157 363 1282 400 accidit,
1295 365 1349 401 ibi,
1367 367 1396 395 in
1414 366 1542 396 Boeotia.
1557 365 1617 395 cir-

903 413 939 433 ca
955 405 1150 444 Cephissum.
1170 417 1230 446 qua
1245 407 1283 437 de
1305 419 1337 437 re
1354 419 1409 438 suo
1429 409 1498 439 loco
1519 408 1617 438 subti-

902 446 962 476 lius
981 448 1112 479 dicetur.

945 492 1020 521 266.
1036 494 1066 522 8.
1088 491 1157 522 ἀλλ’
1180 492 1280 527 ἀδίκως
1297 491 1381 534 ἦρξα]
1403 494 1617 534 Hermogenes

902 543 932 572 p.
952 536 1023 564 140.
1045 536 1187 569 πολλάκις
1207 537 1256 566 καὶ
1279 536 1368 578 χωςὶς
1389 539 1550 577 προτάσεως
1567 537 1615 567 καὶ

900 575 1129 617 ἀντιπροτάσεως
1143 578 1300 620 εὑρίσκομεν
1323 580 1407 621 [scil.
1420 581 1469 611 τὴν
1482 581 1618 620 ὑποφοξὰν

901 619 949 648 καὶ
965 622 1014 652 τὴν
1028 621 1123 663 λύσιν]
1146 624 1225 662 παρὰ
1245 623 1305 657 τοῖς
1321 620 1459 666 ἀρχαίοις.
1475 621 1532 653 οἷον·
1549 624 1617 653 ἀλλ’

901 662 1010 699 ἀδίκως,
1033 664 1127 704 φησὶν,
1142 663 1222 705 ἦρξα.
1238 668 1252 697 ἦ
1268 667 1393 707 ὑποφορὰ
1407 666 1496 708 χωρὶς
1510 667 1616 706 προτά-

901 715 980 740 σεως.
996 706 1062 736 εἶτα
1078 709 1180 749 παρὼν,
1194 708 1240 738 δ’τε
1254 720 1295 749 με
1310 710 1417 748 εἰσῆγον
1433 710 1453 739 οἱ
1468 711 1616 748 λογισταῖ,

901 748 947 778 διὰ
958 750 988 779 τί
998 750 1026 779 οὐ
1034 751 1213 793 κατηγόξειςς
1229 753 1243 783 ἦ
1256 752 1338 788 λύσις
1346 753 1433 795 χωρὶς
1443 754 1618 793 προτάσεως.

944 809 987 815 —-
1004 795 1033 823 9.
1057 795 1079 824 οἱ
1097 794 1231 834 λογισταὶ
1245 796 1302 836 —-]
1350 799 1384 827 ln
1407 796 1548 827 Parisina
1571 796 1617 826 sic

902 836 1058 874 vulgatum
1075 843 1140 867 est:
1162 839 1185 868 οἷ
1204 839 1352 877 λογισταί·
1371 839 1417 870 διὸ.
1435 837 1467 869 τί
1480 840 1508 871 οὗ
1524 850 1617 870 πατη-

901 877 1004 919 γόρεις;
1027 880 1136 910 omnisi
1160 881 1206 911 διὰ
1229 881 1268 912 τί.
1292 882 1363 922 quia
1383 883 1559 919 rotundius,
1586 889 1618 913 et

900 922 1022 958 fortius,
1033 929 1123 962 atque
1137 924 1301 955 Atticismo
1322 927 1556 957 convenientius
1571 927 1618 956 vi·

901 965 1030 995 debatur
1044 966 1160 996 εῖτα-
1173 967 1201 997 οὗ
1218 967 1389 1009 κατηγόςεις.
1411 974 1442 999 et
1463 970 1616 1000 nihilomi-

901 1018 957 1038 nus
976 1014 1076 1039 tamen
1097 1021 1155 1040 non
1174 1013 1351 1047 accusabas,
1370 1013 1491 1043 tametsi
1513 1023 1613 1043 coram

900 1052 1026 1081 adesses
1042 1057 1074 1082 et
1088 1053 1254 1084 interesses
1273 1055 1360 1085 actis.
1381 1056 1426 1086 διὰ
1446 1054 1479 1086 τί
1493 1056 1615 1086 videtur

900 1094 1047 1124 scholium
1066 1106 1134 1125 esse
1150 1107 1167 1126 a
1182 1097 1284 1127 nescio
1300 1109 1361 1138 quo
1376 1099 1534 1138 particulae
1551 1098 1615 1130 εἶτα

900 1139 1152 1178 superscriptum.

940 1199 984 1203 —-
999 1183 1049 1212 13.
1073 1181 1198 1224 τούτοις]
1224 1184 1357 1214 subaudi
1386 1184 1614 1227 ἐξελεγχόμενος.

899 1234 972 1262 quas
986 1225 1065 1254 enim
1079 1230 1183 1264 partes
1201 1227 1403 1265 proconsulti,
1421 1230 1476 1258 hoc
1493 1234 1541 1258 est
1561 1240 1614 1259 au-

898 1267 1049 1297 ctoritatis
1070 1273 1204 1305 senatus,
1225 1280 1284 1299 non
1304 1272 1468 1308 accusasti,
1490 1282 1546 1311 per
1562 1283 1615 1302 eas

895 1312 981 1350 ipsas
1008 1312 1172 1348 constabit,
1197 1318 1227 1342 te
1250 1314 1282 1343 in
1312 1313 1440 1353 reliquis
1462 1316 1615 1355 partibus,

896 1364 972 1393 quas
990 1355 1140 1385 vellicasti
1157 1360 1189 1385 et
1202 1357 1358 1397 carpsisti,
1373 1358 1612 1397 Sycophantam,

896 1398 1164 1437 quadruplatorem
1182 1399 1294 1438 egisse.

939 1459 980 1464 —
1007 1444 1059 1474 23.
1090 1443 1150 1477 τοῖς
1174 1442 1333 1484 θεωςικοῒς]
1365 1444 1464 1475 utrius
1491 1444 1614 1485 generis

895 1489 956 1520 est,
972 1485 1144 1522 masculini,
1161 1495 1196 1515 an
1215 1487 1373 1517 neutrius‘!
1405 1488 1568 1518 Masculini
1587 1489 1614 1518 si

896 1533 955 1564 est,
971 1539 1030 1557 non
1047 1528 1149 1565 video,
1162 1529 1213 1568 qui
1227 1530 1278 1559 alii
1295 1529 1493 1570 possintesse
1508 1532 1529 1560 οἱ
1546 1530 1613 1561 Θεω-

895 1571 974 1612 gano),
991 1582 1079 1611 quam
1095 1573 1232 1611 praefecti
1247 1573 1384 1612 pecuniae
1397 1579 1427 1604 et
1440 1575 1613 1614 disciplinae

896 1614 1041 1650 scenicae,
1064 1615 1149 1645 illius
1173 1616 1355 1656 colligendae
1377 1622 1469 1656 atque
1488 1618 1612 1656 dispen-

897 1659 1012 1694 sandae,
1034 1659 1126 1697 hujus
1149 1659 1282 1689 tuendae.
1304 1670 1371 1689 nam
1389 1660 1418 1689 bi
1435 1660 1570 1700 θεωρικοὶ,
1588 1662 1612 1690 si

896 1701 949 1741 qui
966 1702 1099 1738 suerunt,
1114 1702 1205 1731 iidem
1219 1703 1342 1732 fuerunt
1353 1713 1421 1732 cum
1432 1704 1492 1737 τοῖς
1502 1703 1550 1734 ἐπὶ
1563 1705 1614 1733 τοῦ

896 1744 1028 1786 θεωρικοῦ
1042 1745 1278 1782 naa-amaeam,
1294 1757 1433 1786 quorum,
1447 1758 1516 1777 cum
1534 1748 1613 1783 aliis,

895 1788 942 1817 hae
956 1798 1078 1828 quoque
1093 1788 1190 1819 fuisse
1205 1795 1308 1828 partes
1320 1790 1473 1825 videntur,
1489 1795 1520 1821 ut
1537 1791 1611 1821 alio-

895 1841 961 1861 rum
990 1832 1174 1871 populorum
1201 1833 1332 1872 legatos,
1357 1834 1396 1863 ad
1421 1833 1511 1863 ludos
1539 1845 1613 1864 suos

896 1876 1095 1913 spectandum
1111 1876 1233 1912 missos,
1251 1876 1369 1916 θεωξοὺς
1389 1876 1491 1907 dictos
1508 1878 1613 1917 hospi-

896 1918 948 1948 tiis
965 1922 996 1948 et
1010 1918 1113 1948 lautiis
1129 1919 1318 1959 exciperent.
1355 1920 1406 1950 Sin
1422 1925 1522 1950 autem
1539 1920 1612 1950 θεω-

895 1961 977 2002 ρικοῖς
990 1961 1021 1990 h.
1034 1962 1054 1990 l.
1069 1962 1189 2002 generis
1200 1963 1337 1992 neutrius
1349 1967 1408 1998 est,
1418 1963 1499 2002 quod
1513 1964 1612 2002 magis

896 2004 1074 2034 verosimile
1091 2008 1149 2040 est,
1165 2005 1315 2034 sententia
1330 2006 1395 2035 baec
1411 2010 1469 2036 est.
1492 2006 1530 2035 ad
1546 2008 1613 2036 uni-

897 2057 1014 2076 versam
1025 2047 1164 2086 pecuniae
1178 2048 1306 2077 scenicae
1320 2058 1479 2084 summam,
1491 2060 1530 2079 ex
1542 2050 1613 2079 uni-

897 2090 995 2120 versis
1021 2090 1160 2120 tribubus
1183 2091 1351 2127 redactam,
1373 2092 1472 2131 adjeci
1492 2097 1610 2123 centum

895 2133 992 2163 minas
1008 2133 1168 2173 gratuitas.

939 2178 1012 2208 ⁵267.
1031 2178 1062 2207 3.
1089 2176 1191 2212 οὐκοῦν,
1220 2175 1240 2206 ἃ
1269 2176 1325 2216 μὲν
1334 2177 1392 2218 —-]
1423 2178 1507 2208 citat
1535 2179 1566 2208 h.
1592 2179 1613 2208 l.

894 2220 1109 2258 Hermogenes
1132 2230 1165 2259 p.
1181 2222 1256 2251 364.
1273 2221 1323 2251 fin.
1343 2221 1372 2250 in
1390 2222 1544 2261 exemplis
1559 2224 1615 2252 τῶν

893 2261 1126 2302 πεςινενοημὲνως,
1136 2267 1237 2299 acute,
1250 2264 1390 2298 solerter,
1402 2265 1556 2295 subtiliter
1567 2266 1613 2295 di-

893 2309 1025 2340 ctorum,
1042 2316 1082 2334 ex
1099 2305 1159 2334 alio
1175 2305 1246 2335 hinc
1264 2306 1358 2336 citato
1380 2306 1449 2337 loco
1474 2309 1618 2348 subjicit:

893 2349 968 2377 πάνυ
989 2350 1042 2388 γᾶς
1066 2347 1289 2388 πεςινενοημένως
1311 2349 1402 2380 διόλου
1419 2350 1462 2389 τῷ
1477 2350 1551 2391 λόγῳ
1566 2351 1614 2382 ἡέ-

893 2402 1011 2432 χξηται.
1058 2391 1254 2422 Minucianus
1277 2403 1309 2432 p.
1335 2395 1407 2423 144.
1432 2393 1485 2429 ait,
1508 2396 1538 2424 b.
1557 2395 1577 2424 Ι.
1595 2407 1613 2426 a

893 2433 1064 2464 ταῦτ-’ἐστὶν
1071 2435 1106 2464 ad
1115 2434 1283 2475 παςανόμων
1291 2436 1397 2477 γράφῃ,
1405 2447 1423 2466 a
1430 2437 1614 2476 quibusdam

894 2478 931 2507 ad
956 2478 1182 2517 enthymemata
1203 2479 1325 2515 referri,
1343 2481 1399 2510 sed
1415 2480 1558 2511 dubitans
1575 2482 1614 2512 iis

894 2522 1053 2551 accedere.
1076 2521 1150 2550 item
1167 2521 1304 2560 Apsines
1324 2533 1354 2561 p.
1373 2524 1447 2554 703.
1465 2524 1547 2553 circa
1563 2526 1613 2554 sm.

893 2574 1001 2594 rursus
1016 2564 1092 2594 citat
1105 2564 1319 2604 Hermogenes
1329 2576 1360 2605 p.
1373 2568 1446 2598 2294.
1465 2569 1533 2601 ταῖς
1545 2567 1614 2608 μέν·

894 2619 937 2637 τοι
960 2606 1032 2637 καθ’
1055 2606 1114 2637 &m
1137 2610 1226 2638 κῶλον
1250 2609 1430 2649 παρισώσεσι
1458 2610 1506 2639 καὶ
1533 2612 1615 2641 πάνυ

893 2652 999 2691 χρῆται
1023 2651 1035 2680 ὅ
1059 2650 1256 2691 Δημοσθένης.
1280 2654 1321 2682 τὰ
1341 2655 1396 2693 γὰρ
1418 2654 1541 2683 τοιαῦτα
1564 2656 1614 2684 τοῦ

894 2694 1017 2727 κάλλους
1042 2694 1090 2724 οὐκ
1113 2694 1342 2734 ἀπηλλαγμένα,
1367 2695 1401 2725 τὸ
1424 2696 1517 2736 γοργὸν
1543 2697 1616 2726 οὐδὲν

893 2732 978 2767 ἦττον
993 2736 1065 2778 ἔχει,
1080 2737 1128 2766 καὶ
1141 2737 1260 2772 ἀληθές.
1284 2735 1341 2768 οἷον·
1359 2737 1393 2768 τδ
1407 2739 1507 2771 λαβεῖν
1522 2737 1564 2769 οὖν
1574 2742 1614 2770 τοὶ

894 2778 1025 2819 διδόμενα
1040 2780 1181 2819 ὁμολογῶν
1194 2780 1299 2820 ἔννομον
1311 2781 1390 2818 εῖναι,
1405 2782 1438 2812 τό
1454 2783 1535 2824 χάριν
1551 2783 1613 2812 τοῦ·

895 2834 951 2852 των
973 2823 1127 2853 ἀποδοῦναι
1151 2824 1319 2864 παξανόμων
1341 2826 1444 2866 γράφῃ.
1469 2825 1547 2876 τρισὶ,
1560 2828 1614 2866 γὰρ

883 2866 1003 2903 ,κώλοιςη
1018 2866 1066 2895 καὶ
1083 2865 1117 2896 δι’
1135 2865 1202 2896 δ’λων
1221 2867 1303 2903 ἴσοις,
1317 2869 1481 2907 κομμάτιον
1499 2879 1523 2897 εν
1537 2870 1615 2898 swn-

895 2919 981 2946 γαγε,
994 2908 1027 2937 τὸ
1040 2908 1206 2950 παρανόμων
1218 2912 1321 2951 γράφη.
1339 2912 1386 2941 καὶ
1399 2908 1531 2941 πεποίηκε
1543 2912 1616 2940 κάλ-

897 2958 944 2985 λος
959 2951 1093 2991 δαιμένιον
1108 2953 1176 2992 ὁμοῦ
1193 2954 1234 2992 τῷ
1248 2954 1339 2994 γοξγᾷἷ
1353 2955 1399 2983 καῖ
1414 2953 1522 2994 σφοδξςῖ
1536 2957 1616 2985 κατὰ

898 2996 946 3024 τὴν
968 2995 1157 3037 ἀποστξοφήν.
1182 2997 1255 3026 citat
1278 2998 1349 3026 item
1373 2998 1504 3027 Thomas
1521 2998 1564 3027 M.
1586 3010 1614 3028 v.

899 3038 1075 3078 παξανέμων.

903 3092 920 3111 1.
