1931 3322
320 187 403 230 AD
437 184 803 229 ORATIONEM
839 186 900 227 IN
932 187 1422 230 ARISTOCRATEM.

151 295 313 326 Persarum
344 294 555 335 prodiderunt,
580 293 620 323 ita
651 292 852 323 Athenienses

150 338 346 378 Kersoblepti
355 339 482 367 Graecos
495 347 615 375 quoque
626 338 804 375 Europaeos.
822 342 854 365 ut

148 382 236 411 ambo
246 380 358 415 Gra-ci,
368 384 428 409 tarn
436 379 576 415 Asiatici,
587 390 675 418 quam
688 379 778 409 etiam
795 380 853 409 Eu-

149 424 256 463 ropaei,
272 423 408 453 barbaris
423 423 485 452 sint
499 423 603 452 traditi
615 433 669 462 pro
681 422 853 461 mancipiis.

192 483 234 488 ——
249 468 301 496 24.
316 465 428 507 ἀδικῶν]
453 470 505 495 aut
527 463 628 499 ἀδίκως
650 469 698 496 est
719 464 780 500 leg.
804 470 855 494 aut

151 508 239 548 plane
263 508 426 539 delendum
451 513 498 538 est
521 509 630 539 ἀδικῶν.
658 518 724 538 nam
746 506 856 548 ὑέςίζων

148 556 208 581 tam
225 551 262 580 ad
277 551 397 587 παῖδας,
413 562 501 591 qnam
517 552 555 581 ad
569 552 702 590 γυναῖκας
715 552 857 590 pertinet.

147 593 267 624 tametsi
279 605 338 624 non
352 595 453 630 video,
466 595 616 634 quomodo
633 594 733 634 possit
747 594 857 633 aliquis

145 635 247 670 ἀδίκως
262 635 374 678 ὒβςίζων
389 638 465 673 dici,
482 638 567 677 quasi
585 637 624 667 sit
640 638 729 667 etiam
747 636 858 672 δικαίως

148 678 273 721 ὑβςίζειν.
298 690 392 720 quare
407 681 500 711 satius
515 681 574 710 erit
588 681 679 720 plane
694 680 772 710 tolli.

189 739 234 745 —
247 733 318 761 pen.
331 720 512 764 Ἐξήκεστος]
529 724 612 754 Citat
627 724 654 754 h.
669 723 690 754 l.
703 725 858 763 Harpocr.

149 775 180 796 v.
196 763 372 803 Ἐξήκεστος.

191 809 264 839 667.
275 807 580 850 17.ιιατεψηφι’ζεσθε]
593 809 724 839 Codices
736 809 857 849 quidam

146 851 223 881 dant
237 850 434 892 ἐψηφισμένοι.
452 863 542 892 quam
555 853 734 883 varietatem
751 852 857 882 lectio-

148 894 198 924 nis
213 905 281 924 cum
295 906 354 925 non
370 895 552 934 improbem,
568 906 626 925 non
644 896 733 926 video
746 902 858 932 tamen,

149 947 206 967 cur
221 938 310 968 alteri
327 939 458 977 vulgatae
473 940 665 979 praeferatur.

193 997 235 1003 ——
248 981 322 1011 ibid.
335 979 390 1012 ἐπ’
400 980 514 1022 ἐκείνου]
529 983 559 1012 in
570 991 613 1017 co,
625 981 763 1012 Philisco
776 986 858 1020 puta.

150 1023 351 1055 Marklaudus
372 1023 420 1055 ἐπ’
434 1024 536 1055 ἐκείνων
556 1025 698 1060 malebat,
714 1025 752 1055 ad
780 1026 860 1054 Har-

148 1067 286 1097 modium
316 1071 348 1097 et
374 1068 619 1106 Aristogitonem
648 1068 792 1097 referens.
830 1067 858 1097 in

149 1120 211 1149 quo
226 1110 389 1141 humanum
405 1110 479 1150 quid
495 1121 604 1149 passus
620 1115 676 1141 est.
701 1121 758 1150 ego
774 1110 859 1150 equi-

147 1153 230 1189 dem,
253 1153 328 1192 quid
355 1153 416 1183 sibi
439 1153 525 1190 velit,
551 1154 630 1183 haud
653 1154 753 1193 capio.
797 1154 858 1183 Sed

149 1205 209 1225 non
226 1196 301 1226 satis
316 1196 355 1226 ad
375 1197 555 1227 sententiam
573 1197 704 1227 oratoris
721 1197 860 1226 attende-

149 1239 214 1274 bat,
228 1249 327 1279 neque
342 1250 408 1270 eam
419 1240 634 1280 percipiebat;
656 1245 688 1270 et
704 1240 858 1276 universe,

148 1281 323 1312 doctissimi
339 1289 371 1313 et
391 1283 561 1314 acutissimi
575 1282 678 1313 critici
692 1283 806 1313 notulae
821 1284 860 1313 ad

115 1354 118 1357 Δ
149 1326 390 1356 Demosthenem
415 1326 573 1366 adspersae
601 1336 660 1356 non
686 1326 762 1356 satis
791 1332 860 1357 sunt

150 1375 322 1399 maturatae.

191 1430 234 1435 —
247 1414 298 1443 19.
310 1411 359 1443 ἐπὶ
374 1411 491 1452 τούτου]
510 1414 541 1442 in
557 1411 620 1448 hoc,
633 1412 828 1443 Charidemo.

190 1473 235 1478 —
248 1457 299 1487 29.
311 1455 452 1495 βούλομαι
464 1454 606 1496 τοίνυν-]
622 1456 762 1485 absoluta
774 1462 859 1494 parte

149 1498 295 1528 orationis
311 1499 423 1535 media,
438 1509 497 1539 qua
510 1499 748 1529 demonstratum
762 1500 859 1534 dedit,

150 1541 390 1572 Aristocrateam
400 1542 589 1580 rogationem
599 1543 677 1582 reip.
685 1542 859 1581 pestiferam

149 1594 230 1621 esse,
246 1584 353 1625 transit
375 1595 455 1614 nnnc
478 1588 581 1615 orator
603 1586 639 1615 ad
661 1589 858 1624 postremam,

148 1638 210 1667 qua
224 1627 346 1667 pianum
360 1628 465 1663 faciet,
483 1628 647 1658 honoribus
663 1628 756 1659 tantis
781 1628 860 1659 indi-

149 1681 242 1711 gnum
258 1681 326 1701 esse
342 1671 568 1702 Charidemum.

192 1731 236 1736 —-
247 1716 300 1745 25.
311 1712 353 1754 ἓν]
369 1714 415 1744 sio
428 1715 507 1744 uude
518 1714 656 1754 positum
669 1714 773 1753 paulo,
785 1713 859 1744 mihi

149 1757 287 1796 quidem,
309 1761 358 1787 est
381 1758 554 1787 obscurius.
577 1758 781 1797 intelligerem
806 1758 860 1788 ali-

149 1805 261 1840 quanto
291 1800 412 1837 melius,
439 1801 465 1831 si
493 1806 545 1831 aut
574 1811 631 1840 pro
659 1798 723 1831 isto
750 1801 859 1840 spiritu

147 1853 258 1882 aspero
273 1844 351 1874 lenis
365 1849 448 1874 esset
462 1850 615 1878 exaratus,
630 1850 682 1873 aut
701 1843 783 1883 μέγα
807 1846 860 1874 ad-

149 1885 260 1917 ditum.
302 1887 336 1916 Si
359 1886 434 1916 illud
458 1887 558 1926 prius,
579 1888 656 1917 foret
679 1887 759 1917 idem
783 1898 817 1917 ac
834 1888 860 1917 si

147 1928 299 1959 dixisset:
315 1928 340 1959 ἒν
356 1928 384 1959 δὲ
397 1929 517 1965 τούτοις,
531 1931 564 1960 in
575 1929 619 1960 his
629 1937 738 1966 autem,
753 1931 802 1960 vel
815 1931 861 1960 in-

151 1977 197 2003 ter
211 1971 280 2008 haec,
301 1982 369 2012 quae
387 1983 441 2003 vos
459 1974 590 2008 docebo,
612 1973 682 2009 alia,
707 1976 794 2004 etiam
809 1973 860 2003 hoc

150 2025 197 2046 vos
221 2015 333 2045 docebo.
365 2014 424 2045 hoc
448 2021 547 2045 autem
572 2016 743 2055 posteriore
768 2022 858 2056 pacto

149 2102 307 2143 σχνοῦμαι.
323 2106 352 2131 et
366 2101 412 2131 sic
424 2102 652 2141 accipiendum:
669 2112 859 2141 quaecunque

149 2149 198 2174 est
211 2155 277 2174 sors
291 2145 381 2184 hujus
397 2156 484 2180 meae,
498 2155 586 2185 qnam
600 2156 678 2175 nunc
691 2146 858 2185 ingredior,

150 2188 430 2224 demonstrationis,
444 2188 521 2218 illud
538 2189 659 2228 quidem
677 2199 808 2228 semper,
823 2189 858 2219 li<

149 2236 200 2261 cet
216 2241 306 2261 unum
319 2233 423 2267 modo,
439 2233 492 2262 sed
508 2242 650 2270 magnum
666 2232 745 2261 idem
768 2238 858 2272 atque

150 2274 358 2314 splendidum,
386 2275 474 2304 vobis
502 2275 580 2304 daho
608 2275 859 2306 demonstratum.

149 2317 330 2357 Suspicatus
345 2327 468 2357 quoqne
482 2328 548 2348 sum
562 2318 797 2349 Demosthenem
813 2330 859 2349 re-

149 2361 290 2400 liquisse,
306 2360 361 2402 οὒχ
375 2359 410 2391 ἕν.
435 2370 494 2390 nou
512 2371 602 2391 unum
620 2363 710 2391 modo
727 2362 859 2402 simplex

151 2404 367 2433 demonstrabo
379 2403 450 2440 hoc,
462 2404 544 2443 quod
558 2405 698 2443 promisi,
710 2405 861 2435 Charide-

150 2456 232 2477 mum
251 2451 322 2486 puta
343 2445 499 2486 iudignum
515 2457 596 2484 esse,
613 2448 662 2477 cui
681 2454 782 2478 tantus
805 2449 859 2478 ho-

150 2499 206 2520 nor
231 2489 368 2519 satellitii
393 2489 551 2526 habeatnr,
568 2491 620 2521 sed
646 2491 722 2521 illud
739 2502 860 2530 quoque

149 2532 273 2568 addam,
289 2542 359 2563 eum
376 2543 481 2572 poenas
494 2534 644 2563 scelerum
661 2534 861 2572 gravissimas

150 2576 312 2606 meruisse.
355 2576 505 2607 Judieent
520 2577 611 2615 periti
633 2577 681 2607 his
702 2578 742 2608 de
759 2580 861 2617 conje-

150 2618 262 2654 cturis,
277 2619 359 2658 quod
375 2618 435 2659 ipsi
453 2619 566 2649 volent.

193 2663 268 2693 668.
284 2665 335 2693 12.
354 2663 418 2696 τοὺς
432 2660 464 2692 ἐκ
478 2665 533 2693 τῶν
547 2662 707 2704 ἀργυρείων]
731 2663 861 2694 subaudi

148 2704 424 2747 χρηματιζομένους.

191 2766 236 2772 --
252 2751 300 2779 13.
316 2748 403 2788 οὐδὲν]
421 2749 528 2779 volunt
545 2747 644 2779 οὗδένα.
665 2754 795 2789 propter
810 2760 862 2780 au-

149 2791 323 2822 ctoritatem
335 2791 479 2829 marginis
495 2792 661 2822 Lutetiani.
677 2803 744 2831 quae
760 2798 864 2823 aucto-

148 2833 226 2865 ritas
249 2835 354 2871 dubia,
378 2845 475 2874 eoque
495 2835 575 2866 haud
599 2836 703 2874 gravis
729 2840 786 2865 est.
812 2846 865 2866 au-

150 2881 236 2908 otore
251 2877 330 2908 enim
343 2878 448 2914 tacito,
463 2883 548 2909 certo
564 2888 622 2909 non
638 2883 771 2914 constat,
785 2879 864 2909 sitne

151 2929 188 2950 ea
200 2919 294 2950 lectio
306 2920 425 2951 codicis
439 2922 573 2960 probati,
590 2932 626 2952 an
641 2922 780 2952 Lambini
791 2933 863 2953 con-

148 2963 280 3000 jectum.
302 2968 459 2994 teneamus
483 2975 559 3004 ergo
584 2965 737 3006 vulgatam
769 2974 800 2996 et
826 2967 864 2997 ad

151 3003 230 3041 ἔθνος
243 3005 291 3048 (v.
307 3005 376 3048 11.)
389 3007 565 3039 reseramus.

1520 187 1598 229 159

930 310 972 315 -——
988 295 1040 323 20.
1056 292 1128 333 3⁶⁷2?
1145 295 1330 337 πεποιήκασι]
1353 296 1451 326 malim
1467 294 1532 336 ὅπερ
1548 294 1596 325 καὶ

888 347 959 366 vert.

932 380 1005 410 669.
1036 381 1066 408 Q.
1091 377 1156 408 ὃίῗέν
1179 378 1331 418 ἆρξάμενος
1349 400 1388 403 —
1406 385 1499 416 κακῶς
1525 383 1602 420 ufai:

889 420 988 461 ἐποίει]
1005 421 1087 450 idem
1104 426 1149 450 est
1161 431 1196 450 ac
1213 421 1239 450 si
1256 422 1403 453 dixisset:
1428 425 1484 455 2¹52.
1500 425 1601 465 ἧξξατο

890 465 967 505 ὑμᾶς
978 467 1072 498 κακῶς
1089 464 1194 494 ποιεῖν.

932 525 971 530 --
991 510 1042 537 21.
1059 506 1132 546 ἐκεῖ]
1149 507 1178 536 in
1195 507 1335 542 Thracia,
1352 510 1431 546 apud
1448 511 1557 543 Cotvn.

933 569 975 572 —
991 553 1043 580 27.
1058 551 1105 580 οὐκ
1122 550 1304 591 ἀποδεδώκει]
1322 551 1412 580 vobis
1428 545 1516 591 putei
1534 554 1601 593 qui-

892 595 947 624 bus
964 594 1111 623 debuerat
1125 593 1251 623 obsides
1268 593 1401 624 tradere.

935 638 1008 666 670.
1020 639 1069 667 10.
1083 638 1131 667 τὴν
1142 635 1301 667 ἐπιστολήν.
1313 635 1496 677 ’Eme-mom]
1507 639 1605 668 malim

891 681 945 713 τὰς
961 678 1127 714 ἐπιστολάς.
1141 681 1191 709 vel
1205 681 1306 719 potius
1317 679 1369 710 illa
1382 681 1443 710 duo
1458 682 1606 711 vocabula

892 724 940 753 τὴν
961 721 1112 754 ἐπιστολὴν
1134 723 1246 752 deleri.
1265 733 1359 761 quare
1382 724 1468 753 uncis
1487 724 1608 755 inclusi.
1660 750 1664 755 .

892 764 1073 796 Ἐπιστολαί.
1119 767 1194 796 Sunt
1211 766 1289 795 enim
1306 766 1374 796 duae
1393 766 1546 806 epistolae,
1564 768 1608 797 al-

892 814 957 839 tera
974 809 1150 848 Iphicratis,
1165 810 1260 839 altera
1274 809 1440 840 Timothei.
1456 811 1543 840 etsie
1556 811 1608 840 de-

893 852 924 881 di
943 853 1069 882 arbitrio
1089 863 1168 888 meo,
1185 853 1361 892 transposui
1378 864 1499 892 quoqne
1517 865 1607 884 voca-

894 895 964 925 bula
980 895 1040 925 sic:
1061 895 1216 935 Ψήφισμα.
1240 894 1429 926 'ewra-*mma
1453 897 1609 937 Mag‘rvgs'oe.

936 956 979 961 —-
998 941 1047 969 18.
1064 938 1095 968 ἐκ
1111 941 1161 972 τῆς
1176 937 1345 978 ἐπιστολῆς]
1366 940 1517 970 Timothei
1534 946 1610 979 puta

894 981 931 1010 ad
946 983 978 1011 S.
995 983 1033 1012 P.
1048 983 1086 1020 Q.
1101 983 1212 1011 Athen.
1225 982 1251 1010 is
1265 982 1342 1011 enim
1357 983 1468 1013 bellum
1484 984 1520 1013 ad
1536 984 1610 1014 Am-

894 1025 1032 1064 phipolin
1052 1030 1199 1064 gesserat.
1216 1035 1245 1054 v.
1262 1026 1334 1055 669.
1354 1027 1384 1054 7.

938 1085 979 1090 -·
999 1071 1050 1099 24.
1076 1065 1125 1098 ὑπ’
1147 1067 1248 1108 αὐτοῦ]
1274 1069 1377 1098 malim
1400 1068 1448 1108 ὑφ’
1471 1070 1569 1100 αὑτοῦ.
1591 1081 1609 1098 α

894 1115 992 1145 semet,
1016 1111 1209 1141 Charidemo.
1232 1121 1300 1140 nam
1323 1111 1409 1142 αὐτοῦ
1431 1113 1548 1143 rediret
1571 1114 1609 1143 ad

894 1154 1147 1192 Cephisodotum.

938 1199 1011 1228 671.
1030 1200 1059 1227 1.
1076 1196 1261 1238 ἀπόμισθος]
1275 1197 1360 1227 citat
1376 1199 1404 1228 h.
1420 1199 1441 1228 l.
1454 1199 1609 1239 Harpocr.

895 1250 924 1270 v.
941 1239 1113 1280 ἀπόμισθος.

937 1300 979 1305 —
995 1286 1024 1314 6.
1040 1283 1209 1324 κηδεσταῖς]
1228 1284 1369 1314 Artabazi
1393 1285 1525 1324 generis,
1542 1286 1610 1315 Me-

894 1327 996 1356 mnoni
1010 1332 1041 1356 et
1056 1327 1202 1357 Mentori.
1219 1338 1250 1357 v.
1266 1329 1340 1358 67⁶2.
1356 1330 1386 1358 5.

937 1387 978 1392 —
997 1373 1026 1401 9.
1043 1368 1164 1411 Σκῆψιν]
1190 1370 1291 1401 laudat
1307 1371 1337 1400 h.
1357 1371 1375 1400 l.
1398 1371 1551 1411 Harpocr.
1578 1383 1609 1401 v.

895 1411 1016 1452 Κέβρηνα
1033 1421 1062 1443 et
1079 1412 1196 1450 Σκῆψις.

936 1473 980 1478 -
996 1459 1048 1486 11.
1063 1455 1189 1498 ἠγνόησε]
1213 1462 1384 1496 peccasset,
1400 1457 1609 1496 praetervidis-

896 1504 954 1534 set,
966 1499 1073 1538 lapsus
1087 1505 1169 1530 esset
1180 1510 1291 1535 errore,
1306 1511 1359 1539 per
1371 1501 1609 1541 imprudentiam

895 1542 926 1572 in
954 1543 1087 1572 fraudem
1119 1543 1288 1573 incidisset.
1318 1553 1349 1573 v.
1379 1556 1408 1584 p.
1434 1547 1528 1575 1463.
1557 1548 1608 1576 1⁶2.

896 1587 992 1617 1473.
1009 1597 1078 1625 pen.
1095 1591 1125 1616 et
1142 1586 1226 1616 alibi.

939 1631 1012 1660 672.
1030 1632 1082 1660 ΞΟ.
1101 1628 1251 1670 Kereus-thr]
1269 1629 1352 1659 Citat
1369 1629 1399 1660 h.
1416 1629 1436 1659 l.
1450 1630 1608 1670 Harpocr.

896 1683 923 1702 v.
943 1671 1076 1712 Κξιθωτῆ.

938 1734 978 1738 -—
995 1719 1048 1747 22.
1070 1714 1221 1756 τάναντία]
1245 1715 1379 1745 deletum
1401 1716 1466 1745 vult
1485 1717 1608 1756 Taylor,

895 1758 943 1787 cui
967 1769 1041 1790 cave
1057 1759 1258 1794 obsecundes,
1274 1759 1391 1788 fallitur
1409 1759 1501 1790 enim.
1521 1771 1610 1791 roca-

896 1802 999 1832 bnlum
1012 1808 1059 1832 est
1075 1801 1232 1832 sententiae
1250 1812 1375 1841 prorsus
1393 1804 1610 1835 necessarium.

895 1845 1090 1875 Constructio
1106 1845 1172 1876 haec
1189 1850 1255 1875 est:
1278 1844 1321 1874 ἔτι
1338 1845 1435 1874 ταῖτα
1451 1844 1606 1888 ἐφενάκιζεν

896 1889 983 1926 ὑμᾶς,
1006 1887 1130 1926 ἐγνωκὼς
1151 1886 1286 1918 τάναντία
1306 1890 1400 1918 ποιεῖν
1416 1888 1536 1925 τούτοις,
1561 1891 1608 1920 καὶ

896 1930 970 1960 ἡνίκα
986 1931 1029 1961 ἔτι
1046 1929 1076 1962 ’ἦν
1092 1930 1117 1961 ἐν
1136 1931 1231 1971 Ἀσίᾳ,
1246 1931 1293 1960 καὶ
1309 1933 1359 1961 ’τῆν
1374 1930 1527 1963 immam-a
1542 1933 1607 1973 πξός

896 1974 973 2013 ὑμᾶς
987 1974 1122 2014 ἔπεμπε.
1148 1976 1173 2004 Ε
1185 1974 1311 2003 transitu
1328 1976 1394 2013 ejus
1405 1977 1609 2014 cognoscetis,

896 2017 994 2051 illum,
1010 2018 1075 2047 hacc
1088 2019 1265 2056 jactantem,
1279 2017 1328 2047 vel
1345 2018 1392 2047 his
1405 2017 1539 2056 ineptiis,
1558 2031 1610 2049 vo-

897 2060 944 2089 bis
968 2061 1165 2099 imposuisse,
1187 2066 1218 2090 et
1242 2061 1334 2090 verba
1361 2061 1449 2091 vobis
1473 2063 1610 2099 dedisse,

895 2103 1015 2134 tametsi
1039 2104 1102 2144 jam
1129 2109 1205 2139 tum,
1233 2115 1325 2143 quum
1356 2105 1454 2133 adhuc
1482 2105 1511 2134 in
1536 2106 1610 2136 Asia

894 2152 985 2182 esset,
1001 2147 1130 2185 illasque
1147 2147 1185 2176 ad
1204 2158 1257 2176 vos
1273 2147 1378 2176 literas
1394 2147 1491 2183 daret,
1505 2159 1609 2178 secum

894 2190 1098 2225 decrevisset,
1114 2189 1173 2218 alia
1188 2191 1289 2219 omnia
1307 2191 1419 2226 facere,
1436 2201 1523 2230 quam
1541 2203 1608 2231 qua:

894 2233 984 2262 vobis
999 2234 1168 2272 recepisset
1185 2234 1343 2263 facturum.

938 2279 1011 2307 673.
1037 2278 1066 2307 9.
1090 2275 1260 2316 ἐπιστολαὶ]
1288 2277 1347 2306 His
1379 2278 1520 2316 epistolis
1550 2289 1607 2308 non

895 2321 1065 2350 continetur
1092 2320 1224 2358 epistola
1250 2320 1424 2350 Charidemi
1451 2321 1490 2350 ad
1515 2323 1547 2351 S.
1575 2323 1610 2352 P.

896 2363 936 2399 Q.
950 2364 985 2393 A.
999 2363 1046 2392 vel
1057 2364 1159 2402 potius
1172 2364 1208 2392 ad
1225 2363 1479 2402 Cephisodotum,
1492 2365 1607 2404 quippe

895 2416 962 2445 quae
991 2417 1019 2435 v.
1050 2407 1171 2436 demum
1204 2411 1252 2438 18.
1280 2407 1436 2439 recitatur.
1461 2408 1516 2437 sed
1543 2409 1609 2447 epi-

896 2450 983 2479 stolae
1000 2450 1065 2479 iiaec
1082 2455 1151 2478 sunt
1168 2450 1343 2480 archontum
1358 2450 1543 2486 Atticorum,
1556 2451 1609 2490 qui

896 2497 958 2522 tum
977 2493 1104 2522 urbibus
1120 2493 1333 2527 Cherrhonesi‚
1350 2492 1375 2522 si
1398 2504 1465 2532 quae
1482 2494 1609 2524 Atheni-

897 2536 1021 2565 ensibus
1043 2536 1228 2574 superstites
1248 2536 1440 2571 mansissent,
1460 2547 1527 2567 cum
1553 2537 1608 2567 im-

897 2579 983 2618 perio
1013 2584 1188 2618 praeessent.
1216 2589 1246 2609 v.
1268 2589 1300 2618 p.
1327 2581 1364 2609 67
1373 2583 1401 2610 2.
1427 2583 1478 2611 ΞΟ.
1500 2585 1531 2610 et
1553 2581 1610 2611 hac

898 2623 966 2661 ipsa
987 2623 1108 2661 pagina,
1124 2633 1152 2651 v.
1169 2624 1221 2652 27.

939 2683 982 2688 —-
999 2667 1050 2695 16.
1073 2665 1190 2695 ἐπαινῶν
1209 2664 1256 2694 καὶ
1278 2665 1332 2706 τὰ]
1355 2665 1456 2696 malim
1479 2665 1613 2702 ἐπαίνων,

897 2710 936 2738 τὰ
953 2708 1034 2742 (sine
1049 2710 1185 2748 copula),
1202 2713 1236 2738 ut
1251 2709 1292 2738 sit
1308 2709 1463 2748 genitivus
1483 2710 1612 2749 pluralis

898 2753 935 2781 ab
950 2751 1069 2785 ἔπαινος.

940 2812 984 2816 —-
1000 2798 1050 2825 24.
1066 2794 1207 2836 μαρτυςία
1223 2794 1318 2835 ἔργων]
1332 2806 1387 2835 pro
1402 2795 1448 2825 his
1462 2795 1564 2825 verbis
1582 2795 1611 2825 in

899 2839 989 2868 codd.
1011 2838 1079 2868 aliis
1102 2844 1148 2868 est
1168 2837 1318 2872 ἐπιστολὴ,
1339 2840 1419 2877 quod
1442 2838 1614 2876 praeferam.

899 2881 1030 2920 epistola
1054 2881 1242 2919 significatur
1260 2881 1398 2920 praefecti
1416 2881 1575 2912 Crithotae.
1596 2893 1613 2911 e

900 2934 959 2964 qua
974 2924 1042 2964 ipsa
1058 2926 1123 2962 ejus
1141 2925 1234 2954 verba
1252 2936 1282 2953 v.
1299 2928 1350 2954 27.
1365 2924 1541 2953 afferuntur.

943 2985 983 2989 ——
998 2968 1052 2997 ult.
1067 2966 1223 3006 ἐπιδείξας]
1239 2969 1314 2996 bene
1328 2967 1430 2996 habet.
1456 2966 1613 2998 Sententia

901 3015 967 3041 est:
986 3011 1083 3042 recita
1095 3016 1139 3046 tu,
1151 3021 1169 3040 0
1185 3011 1295 3046 scriba,
1307 3009 1433 3040 aliarum
1447 3011 1614 3049 particulas
