1948 3322
476 195 561 237 AD
595 191 1002 236 PHILIPPICAM
1035 191 1327 235 TERTIAM.

215 321 257 328 —
272 306 321 336 16.
340 301 408 334 ἀλλ’
423 302 539 344 ευαγὲς
534 315 548 333 η
567 300 600 331 τὸ
614 300 796 340 ἀποκτεῖναι]
813 301 884 330 sub-

172 348 245 378 audi
267 346 313 377 τὸν
338 358 456 377 τοιουτου
482 345 575 386 φονέα.
601 349 663 375 tuin
687 343 736 373 καὶ
759 354 818 373 non
839 349 886 373 est

174 391 295 430 copula,
311 391 364 420 sed
380 400 450 429 pars
462 389 556 428 legis,
572 399 641 418 cum
659 388 789 417 formula
804 386 884 426 legis

173 434 310 468 recitata,
325 433 447 463 tametsi
461 443 509 462 και
526 431 556 461 b.
571 431 617 462 l.
609 442 639 461 in
657 430 885 460 constructione

171 476 332 506 redundat.
376 476 414 505 Iu
431 480 575 506 contexto
599 474 692 512 legis,
715 483 784 503 cum
808 473 886 503 inte-

172 529 256 559 gram
279 518 437 548 formulam
459 529 558 549 coram
583 517 681 547 oculis
708 516 814 551 habes,
838 516 887 546 καὶ

170 572 231 591 non
251 561 413 592 redundat.
441 567 471 592 at
494 562 556 597 hic,
577 561 608 591 in
628 560 779 599 particula
805 560 885 599 legis

172 610 331 644 excerpta,
346 605 509 636 redundat.
555 604 596 634 Et
609 604 666 633 hoc
679 607 770 643 pacto
787 603 887 632 aliena

174 648 268 677 verba
283 649 412 678 recitare
427 658 523 688 penes
539 648 641 677 nullos
655 657 723 681 non,
736 656 886 685 nusquam

172 699 232 720 non
246 691 276 720 in
289 701 346 721 usu
362 691 432 721 fuit.
463 691 499 720 In
511 690 646 729 vulgatis
662 689 775 728 legitur
790 688 888 727 εὐαγὲς

169 731 210 764 ἦν.
233 744 291 773 ego
308 733 489 774 imperfecto
509 733 740 773 subjunctivum
765 732 887 769 suffeci,

171 777 212 807 ob
227 777 418 816 praemissum
435 777 510 815 διδῷ.

213 838 256 843 -
272 823 323 850 21.
345 821 455 850 ὠνεῖται
471 817 669 861 ἢδιαφθείςει]
695 823 803 849 suntne
822 818 888 848 baec

170 862 232 893 duo
258 863 394 899 diversa,
421 874 457 894 an
481 863 637 902 posterius
659 862 772 901 prioris
799 862 888 891 scho-

169 906 245 936 lium
262 907 330 936 est?
367 907 402 937 Si
416 907 573 942 differunt,
584 906 708 936 videtur
723 905 808 944 prius
824 916 888 935 rem

170 950 339 989 perfectam
360 950 510 986 indicare,
523 949 681 990 posterius
697 949 889 979 solummodo

171 998 316 1024 tentatam
341 998 371 1023 et
394 993 578 1023 inchoatam.
622 992 683 1022 Sed
707 1002 829 1027 vereor,
851 1003 889 1021 ne

172 1035 282 1067 videar
304 1037 486 1075 quibusdam
510 1035 602 1066 nimis
625 1035 778 1065 subtiliter
800 1045 891 1073 argu·

174 1079 244 1110 tari.
287 1081 334 1110 An
350 1078 375 1112 ἓν
388 1079 432 1110 διὰ
453 1080 522 1110 δυοῖν
536 1083 584 1109 est
607 1082 639 1108 et
658 1078 732 1107 nibil
749 1078 831 1107 aliud
849 1078 890 1106 si-

175 1123 309 1162 gnificat,
325 1133 414 1162 quam
435 1122 648 1160 largitionibus
671 1121 709 1150 ad
731 1121 890 1159 perfidiam

173 1164 343 1205 patriaeque
359 1165 566 1204 proditionem
583 1174 789 1203 corrumpere.
810 1174 890 1204 prae-

173 1208 268 1238 feram
283 1209 449 1248 posterius.

215 1269 259 1274 —
275 1262 344 1291 peu.
359 1251 420 1294 περὶ
431 1251 558 1293 πάντων]
575 1262 635 1281 nou
649 1251 812 1282 admodum
827 1250 891 1289 pla-

172 1299 223 1325 cet
239 1295 313 1335 περὶ,
325 1296 356 1325 in
372 1306 432 1334 quo
449 1301 500 1326 aut
513 1298 675 1336 περιφανῶς
691 1295 785 1324 latere
804 1294 889 1324 vide-

172 1343 234 1375 tur,
247 1339 370 1388 palam,
393 1344 445 1369 aut
467 1338 612 1379 παριόντα,
633 1348 828 1378 progressum
852 1338 889 1367 ad

174 1392 231 1412 vos
245 1381 275 1411 in
287 1381 463 1412 concionem
480 1387 511 1412 et
523 1386 663 1421 agentem
677 1380 847 1412 vobiscum
860 1381 892 1411 h.

175 1435 203 1454 e.
218 1435 274 1455 vos
289 1431 394 1464 aperte
406 1426 437 1455 in
458 1436 492 1455 os
508 1427 682 1466 objurgare.

217 1485 262 1491 —
275 1469 331 1499 ult.
355 1468 577 1509 παραπλησίως]
602 1468 669 1499 scil.
684 1467 773 1505 ὑμῖν’
766 1467 889 1510 ἔχουσιν.

175 1511 241 1550 pari
269 1516 361 1551 pacto
391 1522 458 1542 sese
488 1513 599 1542 babent
627 1511 738 1550 reliqui
769 1522 890 1550 quoque

177 1555 291 1590 Graeci,
301 1560 390 1594 atque
407 1565 462 1585 vos
478 1555 608 1585 habetis.

221 1600 292 1629 123.
309 1601 339 1629 3.
353 1596 422 1632 τίνος
437 1599 539 1640 εἴπαις]
565 1598 667 1628 malim
685 1598 730 1628 sic
747 1597 891 1628 discerni.

175 1639 262 1679 τίνος;
287 1642 339 1671 sed
357 1643 474 1681 ecquod
491 1648 536 1672 est
550 1641 627 1672 illud
643 1642 774 1672 salutare
791 1641 892 1671 consi-

174 1684 248 1714 lium
263 1685 273 1715 ?
295 1684 385 1724 εἴπω;
402 1685 561 1715 dicamne?

217 1746 261 1751 —
275 1730 305 1758 4.
337 1727 369 1758 ἐκ
394 1730 444 1758 τοῦ
474 1728 679 1769 γραμματείου
705 1727 889 1769 ἀναγίνωσκε]

176 1770 238 1801 imo
251 1781 325 1802 vero
339 1772 532 1811 ἀναγινώσκει,
558 1774 588 1802 in
614 1772 794 1801 indicativo.
822 1783 890 1801 nam

177 1813 226 1844 hic
241 1820 288 1844 est
302 1815 420 1845 titulus.
465 1816 578 1846 Orator
598 1815 709 1845 scribae
724 1816 749 1844 si
766 1815 815 1844 hic
836 1815 892 1844 im-

176 1862 299 1896 peraret
310 1858 468 1888 sormulam
486 1859 627 1895 recitare,
643 1859 685 1888 nil
702 1864 840 1888 uteretur
855 1859 892 1887 il-

175 1900 216 1930 lis
237 1900 270 1930 ἐκ
290 1903 341 1931 τοῦ
362 1901 579 1943 γραμματείου,
596 1902 651 1932 sed
674 1902 766 1937 nude,
787 1907 817 1931 et
837 1901 892 1931 de-

179 1944 284 1973 stricte
293 1945 412 1975 diceret
420 1945 602 1984 ἰιναγίνωσ-κε.
624 1945 819 1975 Manifestum
833 1950 892 1980 est,

176 1986 232 2016 illa
247 1986 278 2016 ἐκ
293 1989 342 2017 τοῦ
359 1987 564 2028 γραμματείου
579 1999 647 2019 esse
667 1993 782 2027 partem
800 1988 892 2018 tituli.

178 2030 231 2069 qui
248 2030 293 2060 sic
308 2035 357 2060 est
375 2032 607 2070 concipiendus.
629 2030 660 2060 ἐκ.
678 2032 728 2060 τοῦ
749 2042 892 2071 γραμμα-

178 2071 261 2103 τείου.
283 2073 322 2103 de
349 2074 476 2104 schedio
500 2075 548 2105 vel
571 2074 699 2114 pittacio
725 2075 894 2104 recitantur

178 2116 381 2155 insequentia.
399 2118 590 2155 ἀναγινώσκει.
636 2118 743 2148 Scriba
761 2119 823 2156 jam
844 2128 892 2147 re-

179 2160 265 2190 citat.
287 2160 414 2190 recitata
443 2166 543 2191 autem
569 2161 698 2191 formula
724 2160 803 2199 ipsa,
834 2171 893 2200 pro

178 2213 275 2239 more,
299 2204 397 2234 deest.
420 2208 495 2243 post
518 2205 583 2234 liaec
604 2204 754 2234 vocabula
777 2204 893 2234 addunt

179 2247 314 2283 vulgatae
345 2247 445 2278 adhuc
477 2246 646 2287 Ἀνάγνωσις
676 2246 893 2288 γςαμματείου,

179 2290 265 2329 quasi
280 2290 330 2320 hic
351 2301 444 2321 verus
468 2290 576 2321 titulus
601 2296 692 2322 esset.
712 2302 815 2321 verum
841 2292 892 2320 ab·

179 2338 249 2363 sunt
263 2333 317 2363 illa
331 2344 348 2363 a
365 2334 504 2374 plurimis
520 2339 552 2364 et
565 2335 688 2373 optimis
701 2334 798 2364 libris.
818 2345 892 2374 qua·

179 2381 308 2416 propter
336 2377 448 2407 delevi.
502 2378 655 2408 Universa
684 2378 811 2408 mirifice
846 2389 894 2408 me

179 2421 341 2458 perturbat
362 2420 411 2450 bic
427 2420 546 2457 titulus,
562 2421 615 2460 qui
632 2423 669 2452 ab
694 2422 751 2451 hoc
765 2421 832 2451 loco
848 2426 894 2451 est

181 2462 398 2493 alienissimus.
443 2465 591 2495 Rationes
612 2464 810 2505 pecuniariae,
828 2465 894 2504 ple-

181 2506 308 2542 bis-cim
316 2507 499 2544 testimonia,
516 2509 611 2547 leges,
629 2513 660 2538 et
675 2508 733 2538 alia
751 2508 823 2537 talia
839 2508 894 2538 do-

181 2554 323 2580 cumenta
337 2561 448 2587 causae,
471 2551 570 2581 solent
589 2552 627 2581 ab
652 2552 824 2582 oratoribus
847 2562 895 2582 re·

180 2592 303 2623 citanda
327 2593 405 2623 tradi
433 2595 556 2630 scribis,
580 2599 612 2625 et
634 2596 671 2625 ab
692 2595 739 2625 his
763 2595 894 2625 recitari.

180 2637 281 2676 Ecqui
298 2641 397 2667 autem
413 2647 543 2677 unquam
554 2638 611 2667 fuit
624 2648 703 2668 unus
715 2643 817 2668 orator
831 2649 895 2668 om—

181 2681 276 2716 nium,
305 2680 368 2719 qui,
397 2691 524 2720 quorum
552 2686 661 2711 auctor
684 2682 800 2721 populo
829 2682 894 2712 fleri

182 2723 285 2758 vellet,
301 2734 337 2753 ea
353 2734 412 2753 non
429 2724 498 2764 ipse
510 2735 563 2755 ore
580 2734 636 2754 suo
649 2725 827 2760 inculcaret,
841 2726 896 2755 sed

180 2766 218 2796 de
234 2766 350 2805 scripto
367 2767 523 2798 recitanda
538 2769 648 2798 scribae
664 2769 808 2798 traderet.
856 2770 896 2798 E-

177 2809 314 2848 jusmodi
329 2811 542 2842 auctoritatum
555 2822 591 2841 ea
602 2816 652 2841 est
666 2817 783 2847 natura,
800 2817 832 2842 ut
845 2823 896 2842 ore

181 2853 280 2883 alieno
305 2854 443 2891 prolatae,
468 2860 669 2895 praeterquam
690 2857 768 2894 ejus,
794 2866 810 2884 a
836 2866 897 2894 quo

183 2896 426 2935 proficiscantur,
451 2909 577 2938 prorsus
605 2899 781 2939 exspirent,
805 2904 898 2938 atque

182 2939 278 2970 irritae
293 2940 445 2970 occidant.

224 3000 268 3005 —
281 2985 331 3012 14.
343 2983 556 3024 ὑποδεδωκείἀι]
572 2985 739 3015 decrevisse.
750 2985 810 3015 imo
824 2996 899 3015 vero

182 3026 343 3062 increvisse,
359 3025 562 3058 ἐπιδεδωκέναι.
579 3029 659 3068 quod
672 3029 804 3068 praetuli.
818 3035 899 3059 artes

1579 192 1634 234 37

920 299 1001 329 enim
1016 310 1121 329 omnes
1138 311 1197 339 quo
1207 301 1324 330 diutius
1341 306 1372 331 et
1389 301 1526 332 crebrius
1542 306 1573 331 et
1589 303 1636 332 di-

919 343 1063 382 ligentius
1080 348 1271 379 exercentur,
1283 346 1339 373 hoc
1354 346 1481 385 propius
1494 346 1530 376 ad
1548 346 1636 375 sasti-

919 387 1003 425 gium
1019 396 1075 425 pei
1078 386 1222 415 fectionis
1239 386 1440 418 adscendunt.
1471 390 1512 418 Et
1525 389 1636 419 adver-

921 434 1021 459 satura
1047 430 1129 459 foret
1153 429 1284 459 oratoris
1316 432 1474 460 sententiae
1499 432 1634 472 vulgata.

920 473 1110 503 Hortatur-us
1126 474 1164 502 ad
1179 471 1387 502 assiduitatem
1401 479 1432 502 et
1445 474 1637 512 vigilantiam

922 520 953 545 et
968 516 1195 545 contentionem
1212 525 1377 545 nervorum
1391 516 1524 546 omnium
1543 519 1640 548 Athe-

921 559 1056 594 nienses,
1078 559 1146 598 ipse
1171 569 1240 588 sese
1260 559 1463 593 subverteret,
1482 564 1572 598 atque
1595 562 1638 591 ri-

921 603 1057 640 deretur,
1071 603 1097 632 si
1111 603 1157 632 sic
1172 605 1326 641 argueret.
1344 602 1416 631 olim
1433 602 1558 632 difficile
1575 615 1637 633 ma-

917 646 1038 685 joribus
1065 646 1180 675 vestris
1206 650 1270 675 erat
1299 655 1368 674 cum
1399 646 1642 677 Lacedaemoniis

923 688 1003 718 bella
1036 699 1156 727 gerere.
1187 689 1260 727 quia
1289 689 1368 718 ratio
1406 688 1552 725 bellandi,
1582 701 1642 728 qua

923 732 1149 762 Lacedaemonii
1164 733 1338 767 utebantur,
1348 732 1445 761 multo
1458 736 1522 761 erat
1536 737 1567 762 et
1579 735 1658 763 cah»

922 775 1026 812 lidior,
1058 779 1090 804 et
1120 776 1211 804 rebus
1235 775 1375 804 omnibus
1398 775 1640 812 formidolosior,

923 829 1014 857 quam
1032 829 1092 857 qua
1113 829 1191 848 nunc
1211 818 1379 857 Philippus
1397 829 1452 849 vos
1469 818 1640 858 impugnat.

925 864 1016 892 Artes
1038 862 1158 891 bellicae
1179 861 1271 891 hodie
1295 862 1510 897 decreverunt,
1534 863 1564 891 in
1589 863 1644 892 de-

925 905 1119 935 suetudinem
1137 909 1297 940 venerunt,
1308 905 1432 944 frigent,
1444 906 1558 943 jacent.
1575 907 1647 936 1m01

927 959 1018 978 vero:
1042 947 1121 978 ratio
1135 951 1272 978 vestusta
1284 948 1416 977 bellandi
1433 949 1471 977 ad
1482 958 1592 979 novam
1610 960 1643 979 se

925 992 1029 1027 habet,
1044 997 1078 1021 ut
1099 992 1226 1021 ludicrae
1247 1001 1412 1030 puerorum
1429 991 1647 1022 dimicationes

926 1035 964 1064 ad
980 1035 1115 1065 virorum
1129 1035 1211 1064 acria
1226 1035 1404 1070 certamina,
1417 1039 1498 1064 artes
1516 1035 1588 1065 belli
1604 1037 1642 1065 ad

926 1087 1073 1107 summam
1091 1078 1272 1107 subtilitatis
1289 1079 1448 1117 perductae
1473 1083 1553 1113 sunt,
1575 1090 1643 1118 qnae

925 1121 998 1150 olim
1023 1127 1162 1160 agrestes
1186 1126 1217 1150 et
1239 1131 1368 1160 prorsus
1384 1131 1493 1158 cascae,
1509 1123 1644 1163 ἀρχαῖαι,

924 1168 1020 1194 erant.

967 1225 1011 1230 ——
1027 1209 1079 1238 16.
1106 1209 1155 1239 τῆν
1176 1205 1273 1247 ὡραίαν
1300 1208 1400 1249 αὐτὴν]
1422 1208 1520 1248 ipsam
1546 1209 1643 1239 solam

925 1251 1064 1281 aestivam
1080 1256 1307 1291 tempestatem,
1321 1262 1381 1291 qua
1393 1251 1462 1282 coeli
1481 1252 1645 1282 clementia

925 1294 999 1324 sinit
1026 1294 1176 1324 homines*
1193 1296 1247 1324 sub
1277 1296 1329 1324 dio
1355 1294 1482 1324 versari.
1512 1296 1526 1326 ἡ
1549 1295 1644 1335 ὡραία,

924 1337 990 1368 scit.
1007 1338 1062 1378 ὥρα
1074 1339 1123 1367 τοῦ
1139 1337 1230 1374 ἔτους,
1242 1337 1408 1368 bellissima
1423 1343 1453 1368 et
1467 1340 1643 1368 maturrima

924 1381 996 1411 anni
1013 1386 1193 1420 tempestas,
1208 1392 1275 1421 quae
1292 1383 1409 1421 profert
1425 1382 1525 1410 omnia
1541 1382 1579 1411 ad
1595 1384 1646 1413 τήν

923 1425 1004 1464 ὥραν,
1017 1425 1250 1463 perfectionem,
1266 1431 1413 1464 percocta
1430 1430 1459 1454 et
1483 1430 1643 1454 maturata.

925 1468 1125 1499 Destituebat
1153 1469 1182 1497 h.
1213 1469 1233 1498 l.
1264 1469 1378 1498 bonum
1403 1468 1553 1498 VVolfium
1581 1479 1645 1498 me-

925 1511 1032 1542 moria.

970 1573 1012 1578 —-
1028 1558 1081 1587 18.
1101 1553 1249 1596 ὗπλίταις]
1275 1554 1340 1585 sola
1362 1554 1500 1594 pedestri
1522 1554 1645 1591 militia,

925 1609 1005 1638 quae,
1018 1599 1100 1638 quod
1116 1597 1219 1637 gravis
1234 1603 1266 1628 et.
1281 1599 1362 1629 lenta
1377 1603 1434 1634 est,
1450 1599 1511 1628 late
1530 1609 1643 1628 excur-

924 1652 1005 1679 rere,
1019 1642 1222 1681 incendiaque
1239 1647 1421 1681 stragesque
1436 1642 1496 1671 late
1512 1641 1645 1672 circum-

924 1685 1006 1715 ferre
1032 1685 1149 1725 nequit,
1173 1685 1244 1715 ideo
1270 1685 1370 1715 miuus
1397 1689 1443 1714 est
1467 1685 1643 1721 metuenda,

926 1739 1015 1768 quam
1031 1728 1193 1768 equestris.
1217 1728 1328 1758 deinde
1345 1728 1385 1758 nil
1404 1729 1568 1758 utebantur
1584 1730 1643 1759 La-

925 1772 1105 1802 cedaemonii
1116 1772 1313 1802 mercenariis
1326 1772 1486 1807 militibus,
1501 1771 1554 1802 sed
1568 1773 1644 1803 solis

926 1815 1059 1852 civibus,
1075 1815 1188 1855 quibus
1209 1815 1263 1845 diu
1283 1816 1375 1845 domo
1391 1815 1498 1845 abesse
1516 1814 1644 1855 soloque

926 1859 1032 1889 hostili
1052 1860 1241 1889 continenter
1259 1859 1436 1889 incumbere
1452 1869 1510 1888 nou
1527 1858 1646 1889 liceret.

926 1907 1076 1942 praeterea
1098 1908 1198 1932 tantus
1218 1912 1287 1932 esse
1313 1912 1454 1931 numerus
1476 1901 1590 1931 civium
1613 1903 1645 1932 in

927 1945 1038 1976 castris
1053 1946 1208 1986 agentium
1230 1955 1301 1975 esse
1321 1956 1379 1974 non
1397 1950 1528 1983 poterat,
1549 1956 1646 1984 quan-

927 1994 992 2019 tum
1008 1989 1263 2018 mercenariorum
1287 1990 1465 2018 contrahere
1489 1993 1604 2027 potest,
1619 1989 1646 2019 si

928 2032 977 2062 cui
992 2042 1182 2062 nummorum
1201 2032 1276 2061 satis
1293 2036 1455 2071 suppetat;
1472 2032 1644 2070 praesertim

928 2086 995 2105 cum
1012 2076 1091 2114 parti
1106 2076 1221 2105 civium
1232 2075 1319 2104 alteri
1333 2075 1414 2104 domi
1430 2075 1646 2105 remanendum

929 2119 981 2155 sit,
1007 2119 1044 2148 ad
1062 2119 1190 2158 patriam
1216 2119 1372 2154 tuendam,
1389 2118 1484 2147 altera
1499 2118 1530 2147 in
1547 2119 1644 2149 aciem

928 2168 1071 2191 exeunte.

971 2208 1043 2236 1²24.
1060 2209 1089 2237 8.
1113 2203 1391 2246 ἐκτραχηλισθῆναι]
1420 2204 1503 2235 citat
1519 2205 1549 2235 h.
1566 2206 1586 2235 l.
1605 2207 1648 2236 Ε-

927 2249 1077 2288 tymolog.
1095 2250 1139 2278 M.
1156 2259 1186 2277 v.
1202 2247 1477 2289 ἐκτραχηλισθῆναι.

971 2310 1013 2315 —-
1031 2295 1081 2322 10.
1094 2292 1157 2333 οὐχι
1173 2291 1480 2331 συμπλακέντας-]
1499 2292 1580 2322 idem
1598 2298 1647 2322 est

929 2345 964 2364 ac
978 2335 1003 2365 si
1015 2336 1134 2373 plenius
1149 2335 1298 2364 dixisset:
1315 2335 1378 2376 οὐχὶ
1398 2335 1441 2364 δεῖ
1453 2335 1647 2374 συμπλακέν-

928 2390 983 2412 τας
1002 2379 1080 2418 ὑμᾶς
1096 2377 1241 2415 Φιλίππῳ,
1257 2377 1470 2417 διαγωνίζεσθαι
1487 2378 1575 2419 αὐτῷ.
1597 2390 1649 2410 ca-

931 2432 1001 2451 vere
1015 2427 1149 2462 oportet,
1166 2426 1256 2460 atque
1274 2422 1331 2451 lnoc
1348 2421 1525 2457 machinari,
1544 2428 1576 2452 ut
1593 2423 1648 2452 do-

929 2465 971 2495 mi
988 2476 1057 2495 eum
1076 2476 1138 2495 snae.
1154 2465 1311 2494 retineatis
1327 2466 1540 2501 constrictum,
1557 2471 1647 2505 atque

929 2509 1053 2548 prodire
1068 2508 1261 2549 impeditum,
1281 2518 1471 2547 nequaquam
1490 2519 1561 2538 vero
1579 2521 1648 2539 cum

931 2563 967 2582 eo
984 2553 1050 2582 acie
1067 2551 1225 2589 congredi,
1242 2562 1301 2590 qua
1317 2552 1446 2582 salutem
1465 2558 1597 2582 vestram
1617 2553 1648 2582 in

931 2596 1094 2625 discrimen
1111 2595 1179 2625 sitis
1195 2595 1308 2624 daturi.

976 2641 1048 2670 1²25.
1065 2642 1093 2670 9.
1118 2638 1190 2672 τινὲς
1209 2638 1237 2668 δὲ
1260 2639 1310 2667 τοῦ
1326 2636 1498 2679 Βελτίστου]
1518 2639 1649 2668 subaudi

930 2680 1032 2722 μέζους
1047 2683 1167 2712 κοινωνοί.
1184 2682 1321 2711 nonnulli
1336 2687 1423 2720 parte
1435 2692 1502 2711 cum
1521 2683 1650 2712 meliore

931 2726 1088 2755 facientes.
1120 2726 1296 2755 Felicianea
1308 2725 1361 2754 dat
1379 2723 1451 2759 τινὲς
1466 2725 1493 2755 δὲ
1511 2725 1588 2765 &wig
1599 2726 1649 2754 τοῦ

931 2767 1098 2804 (ἓελτίστου,
1114 2769 1243 2798 subaudi
1260 2767 1362 2808 μέρους
1375 2768 1550 2808 μαχόμενοι.
1567 2769 1651 2807 quod

932 2813 1026 2842 nihilo
1044 2813 1169 2853 vulgata
1186 2823 1283 2852 neque
1306 2812 1426 2848 melius,
1442 2822 1543 2850 neque
1563 2813 1650 2841 dete.-

932 2856 997 2885 rius
1011 2861 1069 2886 est.

977 2901 1050 2929 1⁸26.
1065 2901 1094 2929 6.
1112 2897 1260 2938 Ευφςαῖος]
1277 2898 1358 2927 Citat
1373 2897 1402 2927 h.
1416 2897 1436 2926 l.
1455 2897 1609 2936 Hal-‚poor
1622 2908 1651 2926 v.

935 2943 1079 2983 Ευφραιος.
1095 2947 1165 2981 post
1180 2941 1236 2970 ἄνθ
1214 2952 1327 2981 ρωπος
1348 2930 1384 2969 mi
1402 2950 1524 2969 sensum
1542 2941 1581 2970 nil
1599 2941 1652 2971 dt-

935 2997 966 3015 e‘
961 2992 993 3015 t.
1019 2986 1166 3023 Suspicm
1183 2991 1281 3014 tamen
1297 2984 1390 3013 nihilo
1404 2984 1514 3017 minus,
1527 2996 1603 3023 μετς
1607 2997 1643 3017 ιο·

938 3030 987 3058 vel
1005 3028 1136 3065 ἐπιεικὴς,
1152 3030 1198 3058 tel
1218 3028 1276 3057 tale
1294 3027 1366 3065 qnid
1385 3027 1504 3056 deesse.
