1931 3323
298 175 383 216 320

300 281 355 314 κῶς
370 278 499 317 γενέσθαι
514 280 558 318 τῷ
573 281 664 320 Λυδῷ.

344 340 388 345 --
402 326 454 353 102.
470 324 633 363 ποιοῦντες]
651 322 738 353 Pro’
728 322 831 355 εποίουν
845 323 885 354 δέ.

344 383 387 387 ——
402 366 479 396 ibid.
498 368 551 398 τὰς
567 366 634 406 πςός
650 364 803 407 Φίλιππον]
818 367 948 397 Scilicet
964 376 1015 395 πε-

300 407 471 446 ποιημένας.
516 410 595 438 Nam
616 410 736 439 articuli
752 410 851 448 juncti
868 409 1017 449 praeposi·

303 451 450 485 tionibus,
467 451 633 491 participia
645 462 727 491 saepe
740 452 917 483 includunt:
935 452 1017 481 sicut

303 494 395 531 paulo
420 499 501 529 ante,
523 496 571 525 την
591 494 657 535 πρὸς
679 496 780 528 αὐτοὺς
801 495 937 535 πόλεμον.
966 495 1017 524 ubi

303 536 453 575 γενόμενον,
466 542 518 566 aut
530 538 588 567 tale
599 539 756 577 quippiam
768 537 1018 575 subintelligitur.

345 597 389 602 —-
405 582 456 610 13.
471 579 678 620 συνετέθειντο]
697 581 885 621 Pepigerant.
911 581 1019 610 Possit

302 622 393 651 etiam
438 623 499 661 legi
537 623 718 654 συνετέθειτο
756 623 1018 663 impersonaliter,

304 671 475 695 convenerat
492 667 568 695 iuter
578 676 633 696 eos.

346 725 388 730 -—
406 711 458 738 14.
472 707 671 743 σπείσασθαι,
688 706 899 746 ἒσπεισμὲνοις,
914 707 1018 743 λαέὼν,

303 748 458 790 ἐπήνεγκεν,
485 751 676 790 πεπόμφασι,
707 751 953 791 παραβεβηκόσιν]
990 752 1019 780 Α

305 795 406 823 verbis
422 793 544 830 σπένδω,
560 793 716 833 λαμβάνω,
733 792 875 834 ἐωιφὲρω,
894 792 1020 832 πέμπω,

305 847 363 877 παρ
366 835 479 866 chedwal-

347 898 390 901 —
403 880 478 909 ibid.
497 878 634 919 δεόμενος]
650 880 817 919 προφάσεως
831 878 923 908 δέεται
938 878 1019 918 μόνον

306 923 319 952 ἦ
343 922 470 962 «πονηρία.
517 923 595 958 Quae
624 922 774 952 sententia
798 922 958 961 copiosius
986 922 1018 950 in

303 966 441 995 oratioue
461 965 719 1004 Megalopolitana
734 966 918 995 declaratur.
970 965 1019 994 Si-

303 1009 427 1049 gnificat
453 1013 552 1038 autem
576 1007 730 1048 πρᾶφιισις,
751 1006 828 1042 ρῖἰῒῑ
850 1007 1016 1047 fiittnutt,

302 1057 483 1089 proeteoetum,
500 1051 653 1081 interdum
680 1061 810 1086 causum,
832 1052 1018 1087 occasionem,

305 1097 385 1123 unde
402 1095 529 1123 verbum
545 1092 780 1135 προφασίζεσθαι.
793 1093 901 1124 δεῖσθαι
917 1099 1017 1124 autem

306 1137 356 1166 hio
372 1137 452 1167 idem
470 1141 517 1167 est
532 1139 613 1176 quod
630 1136 735 1176 ζητεῖν,
749 1137 905 1179 εὔχεσθαι.

349 1197 391 1202 --
406 1191 477 1219 pen.
498 1182 563 1214 τοὺς
577 1180 692 1220 ἑαυτοῦ]
714 1181 842 1211 Scilicet
864 1179 952 1209 αὐτοῦ
968 1181 1017 1209 τοῦ

307 1221 460 1253 Φιλίππου.
508 1225 542 1253 In
563 1224 685 1260 Latino,
704 1224 728 1253 si
747 1225 846 1260 dicas,
864 1225 936 1258 sais,
956 1233 1018 1252 ain-

306 1266 430 1305 biguum
449 1272 513 1297 est:
538 1267 591 1297 sed
618 1267 770 1296 sententia
792 1273 892 1297 tamen
916 1266 1018 1301 docet,

306 1309 344 1338 ad
363 1310 550 1349 Philippum,
566 1320 624 1340 non
640 1310 678 1340 ad
694 1310 859 1350 Olynthios
881 1320 950 1339 esse
971 1320 1018 1339 re-

305 1354 474 1383 serendum.

348 1414 391 1418 -—
408 1397 460 1426 ult.
480 1395 630 1436 ἐπήνεγκε]
659 1397 759 1427 Recte
782 1397 878 1437 igitur
898 1396 1019 1427 divina·

305 1445 379 1468 runt
409 1440 559 1477 Olynthii,
583 1441 637 1469 sed
665 1451 723 1470 non
751 1447 834 1470 recte
860 1441 1020 1470 consulue-

304 1487 391 1512 runt:
418 1482 559 1520 primum,
575 1484 627 1521 qui
643 1494 711 1513 cum
732 1488 860 1522 tyranno
881 1483 954 1513 belli
971 1493 1021 1512 so-

305 1524 446 1555 cietatem
461 1525 590 1555 coierint
605 1526 788 1566 (quanquam
800 1527 1020 1566 ignoscendum

307 1572 356 1598 est
373 1569 420 1597 vel
438 1570 619 1599 necessitate
635 1570 762 1605 coactis,
774 1570 823 1599 vel
838 1570 945 1599 fraude
961 1569 1019 1599 cir-

307 1611 510 1650 cumventis).
537 1612 667 1648 Deinde,
685 1614 736 1652 qui
753 1613 847 1642 nimio
860 1623 961 1642 rerum
974 1613 1020 1641 fu-

307 1660 442 1684 turarum
462 1659 543 1684 metu
560 1660 651 1694 pacta
663 1660 693 1684 et
709 1660 859 1685 conventa
870 1655 1022 1685 violarint.

310 1698 423 1727 Poenas
439 1697 534 1735 igitur
544 1698 696 1727 dederunt
706 1703 736 1727 et
752 1697 893 1727 stultitiae
906 1702 936 1727 et
952 1707 1022 1736 per-

312 1739 390 1769 tidiae
412 1750 486 1775 suae,
504 1750 562 1769 non
586 1741 676 1770 modo
694 1740 779 1776 victi,
802 1740 856 1770 sed
878 1745 910 1770 et
928 1739 1023 1769 deleti

310 1793 326 1812 a
343 1783 508 1822 Philippo:
533 1783 611 1812 utin
633 1783 769 1813 oratione
793 1783 855 1822 πεξῖ
877 1792 1023 1823 παραπρε-

309 1824 406 1860 σέείας
423 1827 514 1856 etiam
529 1827 754 1856 Demosthenes
769 1826 894 1856 indicat.

354 1888 398 1892 ——
414 1869 488 1899 ibid.
503 1870 524 1898 οἱ
541 1868 570 1898 δὲ
587 1869 788 1909 πεωόμφοισι]
805 1869 915 1899 Obiter
931 1868 1023 1897 etiam

311 1912 362 1942 hio
379 1912 569 1947 observabis,
591 1912 681 1951 hujus
703 1912 882 1942 narrationis
901 1912 1024 1941 seriem.

313 1956 443 1985 Orditur
456 1966 471 1985 a
489 1957 549 1985 situ
567 1955 706 1994 Olynthi,
719 1960 749 1985 et
761 1955 868 1994 primis
885 1955 1026 1984 condito-

311 1999 406 2028 ribus.
462 1999 585 2028 Deinde
608 2009 658 2028 res
689 2003 802 2037 gestas,
829 1998 1026 2032 incrementa,

313 2042 497 2081 periculum,
526 2041 740 2077 defectionem,
768 2041 964 2080 legationem,
990 2051 1025 2070 ac

311 2086 443 2123 denique
474 2095 609 2120 causam,
638 2091 668 2114 et
702 2095 849 2115 summam
879 2084 1026 2114 orationis

313 2128 463 2167 explicat,
479 2129 594 2159 inserta
608 2128 699 2159 etiam
715 2127 872 2158 theatralis
888 2128 1026 2167 pecuniae

312 2178 440 2201 ratione.

356 2232 398 2236 -
413 2214 489 2244 ibid.
513 2213 572 2253 περὶ
597 2212 738 2255 ξοηθείας]
765 2215 800 2244 ld
821 2218 880 2250 est,
903 2212 1028 2246 Βοηθειαν

314 2256 488 2292 natricem-ag.
531 2258 675 2287 Sciebant
691 2258 771 2287 enim
784 2258 936 2296 Olynthii,
953 2257 1027 2286 Phi-

314 2301 435 2339 lippum
449 2301 507 2331 sibi
524 2311 581 2330 non
598 2300 696 2338 magis
711 2311 778 2331 esse
791 2300 1028 2336 formidabilem,

315 2354 404 2382 quam
424 2343 672 2374 Atheniensibus.

360 2388 395 2416 P.
415 2389 446 2417 8.
463 2391 492 2416 1.
508 2386 621 2419 Βοηθεῖν
639 2386 770 2427 κελεύων]
794 2386 872 2416 Haeo
894 2391 941 2416 est
959 2397 1028 2425 pro-

317 2430 431 2468 positio
447 2441 453 2459 :
502 2430 719 2460 Defendendos
751 2440 819 2459 esse
851 2429 1030 2468 Olynthios,

316 2472 390 2501 olim
413 2473 520 2502 hostes
544 2472 787 2508 Atheniensium,
803 2483 882 2502 nunc
903 2473 1029 2502 lubricae

316 2515 388 2544 fidei
404 2516 505 2545 socios
518 2516 669 2555 Philippi,
680 2515 832 2555 μᾶλλονδὲ
844 2516 1028 2549 ἀποστάταις.

316 2559 419 2595 Quare
442 2559 611 2589 adversarii
639 2559 854 2589 Demosthenis
878 2559 1027 2598 plausibi-

316 2600 424 2630 liorem
442 2612 563 2630 causam
579 2602 757 2632 defendisse
773 2602 928 2633 videntur.

359 2662 403 2667 —-
418 2644 494 2674 ibid.
518 2644 566 2674 καί
591 2651 661 2682 φησι
683 2645 747 2686 τὴν]
773 2645 968 2675 Confirmatio
992 2646 1028 2674 ab

316 2687 406 2716 utili:
433 2687 512 2725 quod
542 2698 633 2716 unum
659 2699 677 2717 a
702 2689 821 2717 Graecis
849 2687 1028 2718 civitatibus

317 2731 463 2769 spectari,
475 2740 531 2759 non
546 2730 610 2759 sine
621 2730 732 2769 insigni
745 2731 952 2761 criminatione
965 2742 1028 2761 suae

317 2773 430 2812 gentis,
449 2773 478 2803 in
502 2773 678 2812 Philippica
700 2778 829 2803 testatur
852 2774 1026 2804 Isocrates:

317 2826 372 2845 nec
389 2817 482 2846 multo
502 2816 588 2845 aliter
606 2817 828 2846 Demosthenes
844 2816 873 2845 in
890 2817 1029 2857 Megalo-

316 2859 452 2897 politana
466 2863 497 2888 et
514 2859 681 2888 Rhodiaca.

360 2920 402 2925 --
417 2905 447 2933 3.
463 2902 609 2932 ποιεῖσθαι
627 2902 674 2931 τὸν
689 2900 828 2941 πόλεμον]
847 2902 885 2931 Id
902 2907 961 2938 est,
978 2914 1027 2932 του

316 2946 464 2983 πολεμεῖν.
511 2945 619 2976 Facere
647 2944 767 2981 bellum,
797 2945 915 2975 Latinis
944 2946 1027 2975 aliud

316 2993 373 3019 est.

504 174 558 216 H.
581 174 806 217 WOLFII
843 173 905 215 IN
940 173 1171 216 LlBANII
1203 173 1642 217 ARGUMENTUM

1092 298 1134 303 —
1149 283 1178 310 4.
1194 278 1256 310 ὑπὸ
1273 278 1409 320 Φιλίππῳ
1424 279 1581 322 γένηται]’
1571 283 1617 311 εὰν
1631 280 1643 309 ὁ
1660 275 1766 312 Φίλιπ-

1049 334 1100 356 πος
1122 321 1367 362 καταστρέψηται
1391 335 1439 355 την
1449 323 1598 360 Ὄλυνθον,
1611 324 1658 353 καῖ
1678 324 1766 358 αὐτῆς

1050 365 1192 406 ἐγκρατὴς
1207 364 1332 402 γένηται.

1092 408 1225 438 —ibid.
1251 406 1391 448 ἀνεῖσθαι]
1419 420 1527 449 wagan.
1553 408 1702 445 infinitus,
1727 409 1765 438 ab

1049 450 1155 491 ἇνίημι,
1179 450 1310 490 ἀνίεμαιε
1335 453 1490 487 remissam,
1517 452 1656 487 laxatam,
1677 461 1766 490 aper-

1052 499 1112 523 tam
1140 504 1193 524 esse
1222 495 1311 529 viam,
1341 504 1397 533 pro
1424 493 1575 536 ἀνεῷχθαι.
1638 494 1766 525 Utilitas

1051 538 1204 567 contrario
1221 537 1400 567 illustratur.

1094 597 1136 603 ·—
1152 582 1183 610 5.
1198 581 1267 619 φησὶ
1285 579 1330 619 δὲ]
1353 579 1538 619 Occupatio,
1554 580 1710 618 pertinens
1728 580 1766 609 ad

1051 623 1151 653 locum
1168 623 1331 658 facultatis,
1350 623 1402 662 qui
1421 623 1576 661 copiosius
1593 622 1623 652 in
1633 623 1766 653 secunda

1052 676 1142 705 quam
1160 666 1189 694 in
1208 667 1305 705 prima
1321 665 1504 705 Olynthiaca
1519 670 1678 696 tractatur.

1095 726 1137 731 -—-
1153 709 1229 738 ibid.
1237 721 1307 760 ουχ
1322 710 1358 742 ὡς
1373 706 1566 749 υπείληπται]
1590 708 1642 738 Sic
1663 709 1767 747 legen-

1052 752 1135 787 dum,
1153 762 1209 781 non
1224 763 1321 785 ουτως.
1365 752 1425 781 Sed
1451 751 1481 781 in
1502 752 1672 791 exemplari
1691 762 1768 790 quo-

1052 794 1133 842 dap»,
1155 794 1220 824 sive
1247 795 1398 829 Romano,
1420 794 1485 824 sive
1505 794 1682 824 Florentino
1700 796 1767 835 (est

1053 837 1131 866 enim
1162 836 1326 875 ἀνώνυμον),
1352 846 1519 876 paucarum
1545 837 1764 867 Demosthenis

1054 880 1235 914 orationum,
1252 879 1383 917 legitur:
1408 879 1479 918 φησι
1498 878 1527 909 δὲ
1547 882 1590 918 μὴ
1608 880 1767 930 δυσμάχη-

1053 933 1099 951 τον
1114 922 1180 952 εῖναι
1197 922 1243 952 τὸν
1257 920 1398 952 Φίλιππον
1412 920 1509 956 οὕτως,
1529 922 1565 955 ὣς
1579 921 1768 952 ὑπείληπται.

1054 965 1178 1002 Quibus
1205 966 1235 995 in
1260 965 1376 1000 verbis,
1399 964 1518 994 tametsi
1546 963 1634 999 οὕτως
1658 967 1767 995 abesse

1053 1013 1167 1047 potest,
1184 1008 1255 1038 ferri
1271 1017 1372 1038 tamen
1392 1007 1473 1037 idem
1489 1007 1581 1037 etiam
1604 1013 1717 1047 potest,
1733 1013 1767 1037 ut

1054 1052 1205 1081 sententia
1225 1052 1284 1081 sit:
1310 1050 1377 1081 Esse
1395 1050 1509 1091 quidem
1529 1055 1674 1090 potentem
1692 1051 1768 1081 Phi-

1054 1095 1177 1134 lippum,
1192 1094 1241 1125 sed
1256 1105 1313 1124 uon
1328 1095 1482 1124 invictum.

1096 1155 1138 1159 -
1149 1138 1223 1168 ibid.
1240 1135 1433 1178 ὑπείληπται]
1451 1135 1600 1166 Sciliceto‘
1615 1135 1769 1171 Φίλιππος,

1053 1190 1139 1220 quam
1166 1182 1363 1210 existimetur:
1392 1181 1430 1209 ab
1455 1178 1713 1219 ὑπολαμέάνομαι.
1735 1185 1769 1210 ut

1053 1224 1082 1252 in
1105 1224 1249 1253 Busiride
1265 1223 1432 1253 Isocratis:
1457 1223 1478 1252 οἱ
1501 1222 1634 1262 μειζόνως
1654 1222 1668 1253 ἢ
1687 1225 1767 1252 κατὰ

1053 1268 1103 1297 τὴν
1127 1266 1207 1305 ἀξίαν
1230 1265 1507 1305 ὑπολαμβανόμενοι,
1530 1275 1653 1305 quorum
1675 1266 1768 1304 νησίον·

1053 1315 1092 1346 esc
1108 1310 1289 1344 existimatio,
1304 1319 1391 1348 quam
1406 1314 1565 1338 merentur.
1597 1309 1709 1338 Potest
1722 1314 1767 1338 et-

1053 1353 1112 1382 iam
1140 1350 1332 1382 ὑωείληωται
1357 1351 1427 1391 capi
1454 1351 1712 1391 impersonaliter,
1735 1356 1771 1381 ut

1054 1394 1186 1434 λέγεται,
1202 1395 1261 1425 &c.

1097 1457 1139 1461 -
1154 1439 1230 1469 ibid.
1244 1438 1401 1482 θαρσύνων]
1413 1436 1457 1468 ἵνα
1467 1436 1595 1479 Gangem,
1606 1437 1655 1467 τοῦ
1670 1435 1771 1480 θαρσῧ-

1053 1493 1106 1512 ναι,

1097 1543 1137 1548 -
1148 1527 1180 1556 7.
1197 1502 1366 1576 διείλεκται]
1383 1527 1408 1556 Α
1420 1522 1605 1564 διαλέγομαι,
1621 1524 1771 1554 obsermn-

1055 1569 1139 1604 dum,
1164 1567 1384 1608 παρακειμένοις
1407 1575 1439 1599 et
1460 1565 1597 1608 ἀορίστοις
1620 1578 1702 1607 saepe
1727 1567 1770 1597 uti

1056 1612 1194 1647 Graecos,
1208 1611 1260 1641 ubi
1275 1611 1377 1641 Latini
1394 1611 1596 1661 praesentibus
1607 1610 1702 1649 magis
1714 1610 1769 1640 de-

1055 1653 1216 1684 lectantur.
1253 1655 1332 1684 Haeo
1347 1664 1419 1694 pars
1433 1654 1462 1684 in
1480 1653 1571 1683 tertia
1586 1653 1771 1692 Olynthiaca

1056 1700 1206 1726 tractatur
1221 1697 1363 1726 maxime.
1408 1697 1458 1726 Sic
1475 1697 1562 1726 vides
1582 1697 1658 1725 hanc
1675 1696 1772 1735 hypo-

1056 1739 1157 1769 thesin
1181 1750 1237 1769 non
1267 1741 1304 1769 ad
1331 1740 1461 1779 primam
1484 1739 1642 1775 duntaxat,
1664 1739 1717 1769 sed
1739 1738 1770 1768 in

1058 1782 1232 1812 universum
1239 1783 1275 1812 ad
1286 1793 1391 1812 omnes
1400 1782 1553 1820 pertinere
1561 1782 1771 1821 Olynthiacas.

1098 1842 1143 1849 —
1157 1825 1233 1855 ibid.
1248 1826 1449 1865 στξατιωτικᾶ,
1463 1823 1524 1853 ἀντὶ
1540 1823 1692 1865 θεωρικῶν]
1711 1823 1773 1854 Μὶ-

1058 1867 1160 1898 litares
1172 1878 1226 1906 pro
1243 1868 1447 1903 theatralibus,
1458 1866 1488 1896 id
1508 1871 1565 1902 est,
1582 1877 1675 1907 quum
1691 1877 1772 1897 nunc

1058 1910 1122 1940 sint
1142 1911 1316 1947 theatrales,
1336 1910 1528 1941 efficiendum
1552 1915 1585 1940 ut
1610 1910 1670 1940 sint
1692 1910 1773 1940 mili—

1058 1958 1151 1984 tares.
1167 1952 1261 1994 θεωρία
1275 1953 1475 1993 spectaculum
1487 1958 1542 1988 est,
1555 1954 1584 1983 in
1599 1953 1685 1983 sestis
1701 1954 1774 1983 deo-

1058 2007 1125 2026 rum
1149 1997 1344 2036 potissimum
1368 1996 1461 2036 (alias
1477 1997 1689 2036 contemplatio,
1704 2006 1773 2036 quae

1059 2039 1098 2081 τῇ
1119 2040 1226 2079 πράξει
1245 2039 1440 2080 opponitur),
1457 2040 1537 2069 unde
1556 2039 1664 2080 θεωροὶ,
1686 2045 1717 2069 et
1739 2038 1775 2069 τὸ

1059 2081 1180 2124 θεωρικὸν
1204 2085 1306 2113 πλοῖον
1331 2084 1413 2123 apud
1439 2083 1609 2113 Platonem.
1656 2083 1775 2121 Specta-

1059 2126 1174 2156 culares
1189 2126 1291 2157 dicere
1307 2137 1366 2156 non
1387 2125 1482 2156 licet:
1505 2126 1665 2156 abutamur
1680 2125 1774 2165 igitur

1060 2169 1263 2204 theatralibus,
1280 2180 1339 2208 quo
1356 2169 1452 2199 verbo
1464 2173 1495 2198 et
1505 2169 1615 2199 Cicero
1625 2175 1672 2198 est
1687 2179 1774 2199 usus.

1103 2230 1146 2235 —-
1162 2215 1192 2243 8.
1216 2213 1262 2242 καὶ
1288 2225 1321 2242 το
1344 2211 1423 2252 ἐ’θος]
1453 2212 1555 2242 Verba
1578 2211 1623 2241 sic
1647 2211 1774 2241 ordines

1060 2255 1154 2285 licet:
1186 2267 1234 2285 και
1262 2256 1370 2294 ἀνάγκη
1391 2253 1555 2307 σαφηνίσαι
1584 2267 1617 2285 το
1646 2253 1715 2291 ἔθος,
1740 2266 1775 2283 ων

1061 2296 1192 2339 ἐχρῶντο,
1208 2298 1237 2328 οὗ
1249 2295 1403 2338 πεόδηλον”
1389 2308 1435 2327 ονε
1459 2308 1578 2332 morem,
1590 2299 1643 2338 qui
1657 2308 1713 2327 uon
1729 2299 1775 2328 zta

1061 2348 1148 2371 izotus
1162 2345 1212 2371 est.
1242 2342 1351 2372 Potest
1366 2341 1458 2370 etiam
1473 2341 1501 2370 οὖ
1515 2339 1678 2381 ’πρόδηλον
1668 2352 1704 2375 ον,
1720 2351 1776 2380 pro

1061 2384 1089 2414 οὗ
1102 2384 1238 2424 προδήλου
1249 2383 1323 2421 ὄντος
1335 2384 1384 2414 τοῦ
1395 2382 1480 2421 ἔθους,
1496 2384 1578 2424 capi.
1596 2384 1624 2414 οὗ
1636 2383 1778 2425 πρόδηλον,

1061 2427 1277 2458 subobscurum.

1105 2487 1146 2493 —
1163 2474 1193 2502 9.
1209 2469 1324 2510 λιθίνου]
1339 2468 1370 2501 ἐκ
1385 2469 1473 2501 λίθων
1486 2469 1764 2509 κατεσκευασμένου.

1106 2532 1148 2536 ——-
1165 2516 1216 2545 10.
1232 2514 1281 2544 καί
1300 2515 1369 2555 που]
1393 2514 1457 2544 ἀντὶ
1478 2515 1541 2551 τοῦ,
1562 2513 1641 2544 ἐστὶν
1658 2512 1744 2549 δ’ωου,
1761 2512 1776 2543 ἢ

1062 2555 1141 2586 ἐστὶν
1155 2556 1214 2594 ὅτε,
1228 2558 1278 2587 hic
1295 2558 1367 2597 poni
1381 2557 1518 2588 videtur.

1106 2618 1149 2623 —
1165 2603 1217 2630 11.
1232 2601 1253 2631 οἱ
1269 2601 1462 2641 προεστῶτες]
1482 2600 1563 2630 κατὰ
1580 2599 1724 2637 συγκοπῆν
1739 2610 1772 2628 τε

1063 2643 1109 2672 καὶ
1129 2645 1237 2683 κξξῖσιν,
1260 2644 1282 2673 οἱ
1306 2643 1522 2684 προεστηκότες,
1543 2652 1560 2672 a
1585 2641 1678 2671 verbo
1700 2641 1777 2682 πξοί-

1064 2697 1171 2726 στημι,
1185 2697 1321 2725 praesum.

1106 2747 1150 2752 -—-
1167 2732 1218 2760 12.
1241 2727 1463 2768 καταζαλόντοι]
1483 2726 1693 2763 καταβάλλειν,
1717 2737 1776 2756 non

1064 2777 1163 2802 tamen
1187 2772 1310 2811 dejicere
1334 2777 1365 2802 et
1390 2776 1581 2811 prosternere,
1607 2770 1661 2799 sed
1685 2771 1777 2799 etiam

1064 2826 1220 2846 numerare
1233 2820 1265 2845 et
1277 2815 1380 2845 solvere
1393 2814 1517 2844 debitam
1533 2813 1703 2851 pecuniam.-
1719 2813 1778 2842 sic-

1065 2864 1098 2888 ut
1120 2864 1223 2888 nostra
1245 2858 1349 2897 lingua
1365 2856 1508 2892 dicimus,
1528 2859 1593 2891 Ba&
1620 2853 1707 2888 Εόεἶῒ
1729 2863 1778 2888 et-

1063 2902 1181 2942 {egen
1206 2900 1319 2931 Unde‘
1310 2913 1323 2930 η
1337 2900 1445 2939 πςωτη,
1456 2897 1579 2940 δευτερα,
1592 2897 1672 2938 τρίτη
1684 2909 1778 2928 κατοι-

1064 2944 1144 2979 βολη,
1159 2944 1266 2983 prima,
1290 2942 1430 2978 secunda,
1453 2943 1540 2972 tertia
1554 2942 1652 2980 pensio
1668 2942 1776 2983 (quem

1066 2988 1159 3026 vulgo
1194 2987 1353 3018 terminum
1387 2984 1527 3026 vocant),
1566 2982 1666 3024 stifft,
1710 2983 1775 3025 Ξίῖ,
