1931 3322
473 214 538 256 IN
572 212 747 256 ORAT.
781 212 863 255 DE
898 212 1266 255 SYMMORIIS.

150 332 284 359 sensum,
300 322 373 352 licet
393 331 452 350 11011
475 321 513 351 ad
529 321 668 350 verbum.
713 321 785 350 Hoc
802 330 854 350 no-

149 377 217 397 meu
228 365 315 406 ’cogive
327 365 419 404 longe
432 365 520 394 aliter
535 365 614 402 apud
631 364 754 394 Atticos
769 374 855 393 usur-

148 414 250 449 patur,
266 419 354 448 quam
376 410 456 447 apud
479 408 589 437 Sacros
604 407 779 446 Scriptores
801 406 855 436 ali-

149 462 244 491 osqne
257 462 334 482 com.
346 453 402 481 Gr.
440 451 504 480 Hic
520 450 599 480 0111111
618 449 704 490 κύριος
720 455 767 479 est
785 450 854 478 siru-

148 495 272 534 plic-iter
287 495 433 529 dominus,
456 493 561 529 herus,-
586 498 616 522 at
639 493 778 531 puriores
797 491 853 522 Gr.

150 539 207 568 hoo
231 547 321 567 seusu
347 537 484 568 δεσπότην
507 537 612 575 potius
636 536 742 565 dicunt
766 545 853 574 quam

148 581 245 620 κύςιον.
296 579 389 622 Κύριος
414 591 471 620 pro
495 580 610 609 domino
636 584 687 607 aut
710 588 778 617 rege
803 581 853 606 aut

144 625 280 663 principe
288 629 338 653 aut
345 632 496 662 possessore
505 627 556 651 aut
568 620 784 662 patrefamilias
797 630 853 649 non

149 667 285 696 occurrit
308 667 339 696 in
363 667 470 701 Hom.‚
492 665 553 694 imo
575 674 634 694 11011
659 663 780 693 0111111110
803 674 853 692 oc-

148 710 246 740 currit
261 710 326 739 haec
343 719 418 744 vox,
438 709 491 737 sed
514 718 568 747 pro
586 717 621 736 ea
642 712 689 736 051
711 707 759 736 vel
783 706 855 745 ἅναξ

148 753 199 783 vel
224 752 352 794 ὄρχαμος
368 751 418 781 vel
443 749 569 790 κοίρανος.
601 749 676 789 [Od.
699 756 734 779 A.
761 750 852 790 3972]

148 796 246 836 Αὐτὰρ
258 793 327 833 ἐγὼν
341 794 421 824 οἴκοιο
442 793 514 832 ἄνα-ξ
525 792 610 831 ’ἔσομ’
625 791 777 833 ἡμετέροιο.
800 791 855 831 ἐγὼ

147 838 288 872 δεσπότης
302 837 317 868 ἢ
333 837 421 877 κύριος
433 836 539 877 ἔσομαι
555 837 604 866 τοῦ
620 836 692 866 οἴκου
705 848 774 874 μου.
797 834 854 875 [ΙΙ.

149 888 181 912 Β.
200 880 292 921 204.]
321 878 359 914 εἷς
381 879 500 920 κοίρανος
524 878 612 915 ἔστω,
638 876 684 913 Εἷς
708 878 853 913 Βασιλεύς.

150 922 196 959 Εἷς
206 923 292 966 κύριος
305 923 404 962 inquit
421 923 547 958 Paulus,
567 920 603 956 εἷς
623 921 740 962 κοίρανος
754 922 857 961 inquit

148 972 251 1007 poeta,
276 967 316 996 de
340 966 503 996 monarcha
520 967 658 996 humano.
704 965 744 994 Et
771 971 856 995 certe

148 1010 214 1040 haec
231 1010 330 1040 unitas
344 1014 392 1039 est
406 1009 506 1048 imago
522 1010 660 1048 quaedam
675 1019 727 1038 seu
744 1019 857 1048 reprae-

149 1053 281 1083 sentatio
293 1053 386 1082 illius.
410 1052 590 1082 Monarchia
605 1053 734 1081 humana
750 1052 856 1081 umbra

149 1097 258 1126 saltem
283 1101 313 1126 01
337 1095 502 1136 vestigium
529 1098 577 1124 est
601 1094 783 1124 monarchiae
809 1095 857 1125 di-

149 1140 242 1175 vinae,
259 1143 292 1169 ut
305 1139 453 1179 praeclare
469 1139 562 1168 docet
575 1138 691 1169 Justiu.
706 1139 800 1168 Mart.
816 1139 855 1168 de

149 1183 307 1213 Monarch.
322 1181 395 1221 Dei,
410 1181 462 1211 ubi
477 1186 507 1211 et
520 1182 600 1210 huno
614 1181 712 1220 ipsum
727 1181 856 1211 Homeri

148 1226 250 1256 locum
273 1225 304 1256 111
328 1225 405 1254 hanc
429 1235 493 1254 rem
519 1224 654 1254 adducit.
708 1225 768 1254 Sed
791 1225 856 1254 haec

150 1273 238 1299 extra
254 1269 348 1304 oleas,
361 1267 422 1297 imo
435 1278 527 1307 supra
546 1267 694 1307 sphaeram
710 1272 857 1298 nostram.

149 1312 258 1342 Redeo
271 1312 309 1342 ad
320 1321 409 1341 usum
419 1311 508 1350 hujus
520 1311 661 1341 vocabuli
673 1310 759 1352 κύριος
773 1311 856 1351 apud

149 1356 258 1392 Hom.‚
269 1359 415 1395 posteros
428 1353 552 1384 Atticos
568 1354 734 1393 scriptores
750 1359 781 1384 et
797 1355 857 1384 ele·

151 1398 305 1438 gantiores
321 1399 377 1428 Gr.
421 1398 491 1428 Non
512 1397 623 1427 dubito
639 1408 694 1428 vos
718 1398 855 1437 quaedam

152 1443 335 1472 observasse
362 1442 402 1471 de
429 1441 552 1480 syntaxi
581 1447 613 1470 et
636 1440 856 1479 significatione

149 1485 240 1524 hujus
251 1484 348 1514 vocis.
394 1484 463 1522 Ego
474 1490 603 1520 tantum,
616 1485 731 1514 ordinis
749 1484 856 1523 gratia,

149 1533 183 1558 ut
205 1527 437 1558 observationes
463 1534 581 1558 nostras
609 1527 640 1557 in
670 1528 794 1557 sormam
827 1532 858 1557 et

148 1571 327 1601 methodum
342 1570 545 1609 compingam,
555 1572 690 1610 regulam
706 1581 793 1600 unam
806 1576 856 1600 aut

149 1614 276 1644 alteram
292 1614 332 1644 de
350 1624 407 1643 usu
421 1614 510 1653 hujus
526 1614 615 1644 vocis
637 1615 769 1644 breviter
784 1624 857 1654 pro·

148 1667 270 1696 ponam.
316 1656 383 1698 (1.)
409 1656 501 1698 Κύριος
527 1665 672 1697 sequente
703 1657 856 1688 infinitivo

148 1710 216 1730 curn
239 1700 288 1730 vel
314 1700 379 1730 sine
403 1701 535 1730 articulo
561 1701 715 1740 significat
727 1702 784 1739 jus
806 1700 855 1730 vel

143 1749 314 1780 potestatem
331 1743 444 1783 aliquid
459 1744 569 1784 agendi
585 1744 633 1773 vel
650 1755 708 1774 ηυη
728 1744 856 1784 agendi:

149 1792 182 1816 ut
197 1785 287 1826 κύξιός
300 1785 361 1826 εἶμι
376 1787 426 1816 τοῦ
446 1788 532 1817 ποιεῖν
546 1785 622 1822 τόδε,
642 1796 727 1826 penes
747 1797 790 1816 me
815 1792 854 1816 est

149 1829 200 1859 hoc
213 1829 330 1869 jacere.
373 1829 513 1868 Thucyd.
539 1829 620 1869 [viii.
642 1831 689 1871 5.]
716 1829 804 1869 κύξιος
826 1828 856 1860 ἦν

150 1871 352 1902 ἀποοτὲλλειν.
366 1882 452 1910 penes
471 1883 537 1901 eum
558 1878 621 1902 erat
633 1874 689 1911 jus
711 1873 856 1902 mittendi.

149 1916 280 1946 Aristot.
295 1916 367 1945 Eth.
383 1915 404 1944 l.
419 1915 464 1945 iii.
481 1916 545 1956 [7.]
562 1915 650 1955 κύριος
670 1917 724 1955 ’γᾶς
740 1916 790 1945 τοῦ
811 1917 856 1955 μὴ

148 1957 333 1998 μεθυσθῆναι.
347 1960 379 1988 in
391 1958 454 1996 ejus
467 1960 541 1988 enim
556 1965 694 1997 potestate
712 1965 775 1989 erat
798 1969 856 1988 11οη

148 2002 305 2032 inebriari.
349 2000 415 2042 (2.)
430 2001 520 2041 Κύριος
534 2002 560 2031 51
578 2002 666 2032 habet
683 2003 785 2041 genit„
798 2002 857 2031 erit

149 2045 195 2074 rei
211 2045 311 2084 potius
323 2045 373 2084 (et.
387 2043 591 2084 frequentius)
602 2055 689 2084 quam
706 2056 855 2084 personae.

151 2088 296 2118 Puriores
312 2088 390 2118 euim
408 2088 465 2117 Gr.
480 2088 533 2117 vix
550 2093 602 2117 aut
624 2099 661 2118 ne
678 2088 732 2118 vix
751 2089 856 2118 dicunt

149 2130 235 2172 κύριον
248 2141 305 2170 pro
328 2130 396 2161 hero
415 2135 467 2160 aut
481 2132 597 2161 domino
616 2136 668 2161 aut
688 2141 858 2170 possessore,-

149 2185 207 2204 nec
223 2175 261 2205 ab
277 2174 392 2204 Atticis
409 2174 521 2204 dicitur
536 2173 623 2214 κύριος
637 2175 687 2203 τοῦ
703 2175 782 2210 δεῖνος
801 2185 856 2214 pro

150 2217 217 2247 hero
231 2222 284 2248 aut
299 2218 413 2247 domino
427 2217 565 2257 alicujus,
581 2218 634 2248 sed
653 2217 792 2252 δεσπότης
806 2224 857 2248 aut

149 2261 163 2290 ὃ
177 2259 358 2300 κεκτημένος.
396 2259 462 2301 (3.)
471 2261 564 2301 Κύςιος
578 2271 645 2290 011111
663 2262 755 2299 genit.
766 2261 856 2291 etiam

151 2305 195 2334 rei
211 2314 269 2334 11011
285 2308 345 2334 tam
360 2303 510 2343 significat
526 2305 676 2334 dominum
690 2306 809 2342 proprie
823 2315 857 2333 ac

146 2356 334 2386 possessorem,
351 2357 438 2386 quam
452 2357 518 2377 eum
537 2348 588 2386 qui
602 2348 700 2387 quovis
715 2349 797 2377 modo
801 2349 859 2386 jus

150 2401 184 2420 ac
195 2394 361 2429 potestatem
372 2389 455 2420 habet
465 2391 498 2420 in
506 2400 566 2419 rem
576 2390 716 2430 aliquam,
727 2396 761 2420 ut
769 2393 858 2430 τιμῆς

151 2433 199 2463 καὶ
214 2431 354 2474 τιμωρίας
368 2432 456 2474 κύςιος
472 2433 484 2463 ὅ
502 2433 600 2472 δῆμος.
627 2433 755 2474 [Polyb.
771 2434 792 2464 l.
815 2435 857 2464 vi.

152 2487 179 2506 c.
197 2477 266 2518 14,]
281 2477 358 2515 plebs
370 2482 537 2515 potestatem
554 2477 637 2506 habet
653 2476 816 2507 honorandi
830 2483 857 2507 et

149 2520 306 2558 puniendi,
320 2520 367 2549 vel
383 2518 475 2549 honor
492 2525 519 2549 et
533 2529 617 2558 paena
628 2524 698 2549 sunt
710 2530 796 2559 penes
807 2531 857 2560 po-

148 2563 266 2602 pulum.
277 2561 383 2593 πόλεων
397 2562 444 2591 καὶ
457 2561 559 2592 τόπων
573 2562 664 2604 κύριοι.
678 2564 727 2603 qui
737 2565 821 2594 urbes
830 2570 858 2594 et

151 2607 224 2635 locos
238 2607 366 2636 munitos
379 2607 411 2636 in
422 2615 475 2636 sua
484 2610 622 2645 potestate
633 2606 747 2637 habent.
786 2608 857 2636 Ari-

151 2653 223 2678 stot.
239 2649 312 2679 Eth.
324 2649 346 2678 1.
363 2649 405 2679 ν1.
423 2651 452 2679 2.
469 2648 534 2689 τρία,
549 2648 572 2678 δ’
585 2648 663 2678 ἐστὶν
677 2647 703 2679 ἐν
717 2649 756 2690 τῇ
773 2648 859 2692 ψυχῇ

152 2695 192 2722 τὰ
208 2692 287 2733 κύριοι
302 2691 428 2733 πράξεως
442 2692 490 2722 καὶ
506 2690 646 2732 ἀληθείαις,
661 2693 719 2722 tria
740 2699 807 2723 sunt
826 2696 857 2723 in

150 2737 248 2765 animo
262 2746 326 2776 quae
342 2736 376 2764 in
395 2736 535 2765 actionem
549 2740 577 2765 et
591 2737 741 2766 veritatem
753 2736 810 2774 jus
831 2742 858 2766 et

149 2784 320 2816 potestatem
348 2777 464 2814 habent,
492 2778 641 2814 αἴσθησις,
668 2780 735 2815 νοῦς,
764 2778 857 2819 ὄρεξις,

153 2830 258 2857 sensus,
279 2832 369 2858 mens,
392 2822 550 2861 appelit-us.
596 2823 646 2851 Sic
662 2833 729 2852 curn
745 2823 784 2852 de
801 2833 855 2852 usu

154 2869 185 2893 et
214 2864 435 2895 cousuetudine
465 2865 596 2895 dicimus
625 2865 729 2894 tritum
769 2865 859 2901 illud,

152 2909 174 2924 “
186 2917 275 2946 quem
291 2918 400 2947 penes,
416 2907 495 2938 eto.”
509 2908 523 2938 ἦ
539 2909 651 2949 χρῆσις,
669 2908 719 2938 vel
734 2907 768 2937 τὸ
783 2907 858 2945 ἔθος,

153 2948 237 2990 κύριόν
252 2949 317 2980 ἔστι
333 2952 383 2980 τοῦ
404 2950 503 2989 λέγειν.
547 2951 651 2990 Atque
677 2951 719 2981 ita
743 2953 856 2991 exponi

154 2997 256 3030 potest
270 2993 356 3024 locus
371 2993 467 3025 1110111
480 2995 601 3033 Evang.
613 2993 728 3034 [Marc.
741 2994 775 3025 11,
789 2996 857 3037 ²28.]

152 3036 223 3071 5547--
242 3035 328 3077 κύριός
342 3035 420 3068 ἔστιν
434 3037 446 3067 ὄ
462 3037 514 3072 υἱός
528 3037 578 3067 τοῦ
592 3037 738 3078 ἀνθρώπου
751 3038 858 3068 καὶτοῦ

1518 212 1601 253 509

890 319 1056 353 σιββάτου.
1101 321 1229 359 Semper
1245 320 1323 350 enirn
1339 319 1413 349 mihi
1429 317 1597 358 probabilis

892 363 958 392 visa
982 368 1029 392 est
1054 362 1267 402 interpretatio
1294 363 1399 392 horum
1423 363 1598 397 verborum,

890 416 977 444 quam
1000 405 1089 434 affert
1117 407 1199 435 doct.
1229 407 1272 435 H.
1290 408 1398 443 Grot.;
1421 412 1453 435 111
1469 406 1529 435 viz.
1546 405 1596 434 hic

891 459 944 487 per
966 447 1019 477 υἱὸν
1035 449 1084 477 τοῦ
1100 448 1239 489 ἀνθρώπου
1254 460 1312 478 11011
1330 448 1516 487 intelligatur
1532 448 1598 488 ipse

890 491 1042 526 Christus,
1060 492 1113 519 sed
1130 492 1220 520 homo
1233 493 1344 529 quivis.
1391 492 1547 522 Sabbatum
1557 497 1597 521 est

889 533 1010 563 hominis
1035 543 1135 567 causa,
1162 545 1216 563 11011
1244 534 1324 563 homo
1348 535 1467 564 Sabbati
1492 544 1598 564 causa:

889 576 1070 616 quav'efilius
1085 575 1209 606 hominis
1225 579 1311 606 etiam
1327 577 1445 608 Subbati
1457 584 1496 606 est
1507 578 1599 607 domi-

888 630 953 649 nus.
1004 621 1041 649 Et
1057 621 1149 648 verba
1172 630 1229 649 uon
1252 625 1313 648 tam
1337 621 1414 650 bene
1432 622 1599 656 cohaerent,

889 662 914 691 si
930 673 983 701 per
996 662 1085 703 filius
1096 662 1218 692 hominis
1228 662 1278 691 hio
1295 660 1499 701 intelligimus
1511 664 1598 694 Chri-

890 711 967 735 stum
981 717 987 735 x
1012 706 1168 736 Sabbatum
1187 706 1288 746 gratia
1314 704 1436 736 hominis
1463 715 1515 742 est,
1541 717 1598 736 non

890 748 970 778 homo
982 751 1082 789 gratia
1103 749 1230 784 sabbati,
1249 758 1317 788 ergo
1334 748 1468 778 Christus
1483 756 1521 779 est
1538 749 1599 779 Do—

889 794 984 821 minus
1008 792 1135 828 sabbati,
1157 792 1219 821 imo
1237 792 1350 830 potius,
1367 802 1435 830 ergo
1457 791 1538 821 homo
1559 797 1601 822 est

889 836 1023 865 dominus
1036 835 1164 870 sabbati,
1179 834 1266 875 >niem
1281 835 1331 864 ’τοῦ
1348 834 1516 871 σαββάτου,
1530 835 1559 864 h.
1573 845 1600 865 e.

889 879 978 907 homo
995 879 1024 908 in
1041 879 1092 908 tali
1108 888 1192 914 casu,
1209 878 1261 907 ubi
1285 889 1328 907 sc.
1353 879 1455 917 agitur
1471 878 1510 907 de
1533 879 1599 915 ejus

891 921 953 951 vita
969 927 999 951 et
1013 922 1120 958 salute,
1135 923 1185 960 jus
1202 922 1292 951 habet
1308 921 1445 952 vertendi
1463 922 1493 951 in
1511 931 1598 951 usum

890 975 974 994 suum
1005 965 1095 995 etiam
1123 965 1245 994 Sabbati
1272 965 1364 994 diem.
1411 963 1502 1005 Κύςιος
1532 963 1600 995 εἶναι

890 1009 999 1038 Graece
1016 1008 1141 1044 dicitur,
1165 1008 1215 1048 qni
1241 1008 1344 1047 aliqua
1364 1018 1397 1037 re
1419 1008 1526 1038 utendi
1545 1009 1600 1046 jus

889 1051 991 1081 habet.
1008 1051 1058 1092 (4.
1075 1056 1106 1081 ct
1120 1051 1194 1092 ult.)
1208 1051 1299 1090 Κύριος
1314 1053 1392 1092 παρὰ
1413 1053 1474 1085 τοῖς
1494 1050 1600 1081 Ἀττι-

889 1095 958 1130 κοῖς,
974 1094 1122 1133 siquidem
1147 1099 1216 1133 post
1241 1104 1274 1124 se
1294 1095 1403 1124 habeat
1418 1094 1515 1132 genit.
1530 1104 1602 1134 per-

891 1148 972 1168 sonae
994 1139 1178 1177 denotetque
1202 1137 1278 1167 adeo
1299 1137 1465 1167 dominium
1489 1138 1520 1167 111
1545 1138 1601 1168 ali-

890 1191 978 1220 quam
995 1191 1168 1221 personam,
1185 1191 1243 1210 uon
1261 1180 1412 1220 significat
1430 1180 1600 1211 dominium

891 1234 945 1254 seu
961 1224 1123 1264 imperium
1140 1225 1247 1259 herile,
1262 1224 1350 1263 quale
1367 1229 1414 1254 est.
1434 1224 1551 1254 domini
1566 1224 1598 1254 in

890 1278 1023 1304 servum,
1042 1268 1095 1297 sed
1111 1268 1204 1297 civile
1220 1271 1251 1297 et
1267 1267 1416 1305 maritale,
1433 1267 1492 1297 viri
1508 1279 1552 1298 50.
1568 1268 1599 1298 in

891 1321 1030 1341 uxorem.
1044 1311 1132 1352 κύξιος
1153 1316 1184 1341 et
1209 1310 1303 1344 δοῦλος
1325 1322 1383 1341 11011
1401 1315 1470 1340 sunt
1492 1311 1548 1340 rel.
1570 1315 1602 1341 et

890 1365 981 1390 corr„
995 1355 1047 1384 sed
1062 1354 1202 1387 δεσπότιος
1216 1359 1247 1383 01
1262 1354 1365 1390 δοῦλος,
1376 1354 1463 1394 migro<
1477 1359 1507 1384 et
1524 1353 1601 1392 γυνή.

893 1399 1032 1428 Eustath.
1051 1398 1098 1438 [p.
1115 1397 1227 1438 1185]
1244 1398 1265 1426 οἳ
1278 1396 1407 1427 Ἀττικοὶ
1423 1396 1470 1426 τὸν
1480 1397 1601 1427 σύνευνον

890 1440 975 1481 κύςιον
990 1441 1094 1479 ἔλεγον.
1140 1442 1230 1478 Quod
1255 1440 1351 1479 igitur
1375 1442 1450 1470 Sara
1472 1451 1510 1470 ex
1535 1451 1601 1471 mo-

891 1485 990 1514 destia
1011 1485 1120 1515 marito
1144 1484 1231 1519 fecit,
1249 1483 1281 1513 id
1306 1484 1401 1514 Attici
1422 1494 1460 1513 cx
1487 1494 1543 1514 usu
1569 1488 1601 1514 et

891 1528 1111 1558 consuetudine
1122 1528 1235 1566 linguae
1251 1537 1313 1557 suae
1327 1527 1461 1557 faciunt:
1478 1528 1516 1556 de
1534 1527 1601 1557 viro

890 1581 989 1610 eoque
1008 1572 1116 1601 marito
1133 1571 1305 1610 loquentes,
1329 1570 1415 1611 κύξιον
1440 1568 1523 1600 αὐτὸν
1546 1582 1602 1600 κα·

891 1615 982 1645 λοῦσι.

933 1674 977 1679 -
989 1659 1038 1686 17.
1055 1657 1117 1697 περὶ
1132 1660 1185 1687 τῶν
1194 1656 1261 1697 πρὸς
1276 1656 1377 1689 αὐτοὺς
1391 1655 1602 1698 &minc-&near

890 1700 1035 1741 διαφορῶν]
1053 1701 1087 1729 de
1100 1702 1223 1740 privatis
1239 1700 1463 1730 contenderunt.
1509 1700 1602 1729 Post-

890 1754 978 1782 quam
1015 1754 1084 1773 cum
1119 1743 1243 1783 publico
1273 1748 1303 1772 et
1334 1743 1486 1772 communi
1513 1743 1601 1782 hoste

889 1797 995 1826 pacem
1008 1787 1154 1821 fecerunt,
1171 1792 1233 1815 111111
1247 1786 1369 1815 demum
1384 1786 1520 1825 privatas
1529 1785 1601 1815 lites

889 1835 919 1859 et
941 1831 1169 1860 controversias
1186 1830 1263 1859 inter
1280 1840 1312 1859 se
1329 1829 1505 1868 agitaruut:
1528 1827 1602 1870 ὅπερ

889 1876 972 1911 φιλεῖ
982 1872 1120 1911 γενέσθαι.
1168 1874 1214 1903 Ea
1229 1873 1359 1902 fereest,
1380 1877 1487 1902 natura
1503 1871 1601 1901 homi-

890 1927 972 1951 num,
1000 1923 1032 1945 ut
1063 1917 1088 1945 si
1117 1916 1192 1945 soris
1224 1916 1339 1945 hostem
1370 1926 1428 1944 non
1459 1915 1601 1951 habeant,

891 1959 973 1989 (101111
987 1959 1109 1989 faciant.
1154 1959 1278 1989 Utinam
1296 1969 1370 1988 vero
1389 1964 1419 1987 et
1436 1968 1490 1987 nos
1506 1958 1600 1988 lindie

890 2002 961 2032 huic
974 2003 1096 2031 veritati
1117 2002 1270 2031 funestum
1288 2001 1378 2030 nimis
1400 2006 1431 2031 et
1451 2001 1539 2031 triste
1556 2006 1600 2031 te-

890 2045 1064 2075 stimonium
1076 2055 1134 2074 non
1146 2045 1388 2086 perhiberemus.
1408 2044 1525 2074 Utinam
1537 2044 1602 2083 pri-

892 2094 969 2118 vatae
982 2093 1092 2118 nostrae
1104 2088 1267 2118 discordiae
1279 2087 1326 2117 καὶ
1340 2088 1369 2118 αἱ
1383 2087 1449 2128 πρὸς
1459 2088 1600 2122 ἀλλήλους

891 2130 1019 2172 διαφοξοιὶ
1045 2131 1088 2171 τῷ
1111 2130 1189 2171 κοινᾷἷ
1211 2130 1303 2173 ἐχθρῷ
1324 2132 1404 2160 viam
1422 2137 1528 2160 contra
1545 2141 1599 2160 nos

891 2185 949 2204 non
967 2180 1149 2210 sternerent,
1166 2185 1221 2204 nec
1243 2175 1356 2204 aditum
1379 2174 1599 2213 patefacerent,

891 2227 945 2246 nec
963 2219 1072 2248 cristas
1089 2219 1254 2258 erigerent,
1271 2227 1326 2247 uec
1343 2218 1490 2257 gloriandi
1507 2222 1599 2256 atque

892 2261 1098 2300 triumphandi
1111 2272 1213 2291 ansam
1224 2262 1406 2300 praeberent.
1422 2259 1437 2291 ’ἦ
1453 2260 1501 2290 καὶ
1517 2259 1600 2299 γηθή-

891 2315 941 2333 σαι
952 2304 1089 2345 Πρίαμος.
1105 2303 1251 2344 μέγισται
1268 2307 1324 2334 τῶν
1337 2302 1600 2343 πόλεωνσυμφοςοιί

891 2347 960 2377 εἰσιν
983 2349 1012 2378 αῖ
1038 2350 1093 2377 τῶν
1119 2351 1242 2380 πολιτῶν
1268 2347 1405 2388 διαφοραί.
1453 2349 1478 2377 Ε
1493 2353 1599 2376 contra

892 2392 973 2420 salus
998 2392 1128 2421 Graeciae
1156 2397 1203 2421 est
1229 2392 1285 2421 Gr.
1311 2390 1487 2420 concordia.
1533 2390 1599 2421 Stet

892 2434 1055 2473 Carthago,
1065 2445 1102 2464 ne
1116 2434 1215 2464 Roma
1230 2435 1260 2463 in
1278 2445 1310 2463 se
1323 2440 1401 2464 ruat.
1432 2434 1478 2463 Sit
1488 2434 1599 2470 Turca,

893 2477 933 2506 sit
962 2478 1069 2512 Persa,
1094 2478 1135 2507 sit.
1163 2477 1339 2517 Philippus,
1367 2477 1478 2513 hostis,
1507 2478 1598 2506 modo

893 2521 993 2550 Graeci
1010 2521 1089 2550 inter
1105 2531 1138 2550 se
1154 2521 1340 2560 conspirent,
1362 2530 1470 2560 pacem
1487 2521 1601 2555 colant,

892 2564 1050 2603 velintque
1067 2564 1184 2603 junctis
1198 2564 1308 2594 studiis
1324 2570 1355 2594 et
1372 2564 1464 2593 unitis
1482 2564 1600 2593 viribus

892 2608 1044 2637 connnuni
1060 2607 1139 2637 hosti
1153 2606 1331 2647 ὁμοθυμαδὸν
1346 2605 1506 2637 ἐπιθέσθαι.
1537 2608 1598 2636 Sed

892 2651 1033 2689 profecto
1042 2651 1184 2680 obdurati
1197 2656 1268 2680 sunt
1280 2652 1321 2681 ita
1334 2650 1496 2680 multorum
1508 2650 1598 2679 animi

892 2699 922 2723 01
937 2695 1084 2724 obturatae
1100 2704 1189 2724 aures
1205 2694 1242 2723 ad
1258 2695 1346 2733 pacis
1362 2704 1467 2723 nomen
1482 2703 1489 2729 ;
1513 2698 1545 2722 ut
1560 2693 1596 2721 ad

892 2737 1083 2767 concordiam
1091 2737 1276 2767 suadendam
1289 2748 1346 2768 nec
1357 2737 1439 2766 mille
1452 2736 1600 2764 sufficiant

894 2781 1075 2811 Demostl1.:
1091 2791 1145 2810 nec
1161 2781 1237 2810 libet
1248 2780 1343 2820 igitur
1354 2790 1410 2808 1100
1423 2784 1511 2808 vacat
1524 2779 1599 2808 ulte·

892 2823 955 2853 rius
972 2834 1135 2854 excurrere
1151 2824 1180 2853 iu
1197 2825 1275 2853 hunc
1292 2824 1391 2853 locum
1409 2832 1597 2851 communem

891 2867 930 2896 de
959 2867 1111 2897 communi
1141 2867 1228 2897 hoste
1257 2865 1464 2905 propulsando
1498 2865 1600 2894 colen-

892 2911 991 2949 daque
1006 2911 1085 2941 inter
1100 2911 1187 2941 cives
1203 2910 1366 2939 concordia
1378 2917 1386 2944 3
1400 2909 1439 2938 de
1454 2918 1513 2947 qua
1524 2908 1599 2937 alias

891 2953 969 2983 forte
990 2954 1091 2993 aptior
1112 2953 1173 2983 erit.
1188 2952 1309 2982 dicendi
1332 2952 1418 2981 locus
1434 2957 1465 2981 et
1485 2961 1598 2991 oppor-

892 2996 992 3026 tunior
1006 2997 1139 3027 occasio.
1185 2995 1306 3025 Mittam
1319 2997 1381 3034 jam
1395 2999 1514 3033 satyras
1532 2995 1599 3025 mit-

893 3044 1013 3078 tamque
1023 3040 1174 3079 querelas,
1187 3039 1238 3068 sed
1257 3049 1313 3068 non
1331 3039 1467 3068 omittam
1482 3047 1598 3078 preces.
