<?xml version="1.0" encoding="UTF-8"?>
<!DOCTYPE html PUBLIC "-//W3C//DTD XHTML 1.0 Transitional//EN"
    "http://www.w3.org/TR/xhtml1/DTD/xhtml1-transitional.dtd">
<html xmlns="http://www.w3.org/1999/xhtml" xml:lang="en" lang="en">
 <head>
  <title>
</title>
<meta http-equiv="Content-Type" content="text/html;charset=utf-8" />
  <meta name='ocr-system' content='tesseract 3.04.00' />
  <meta name='ocr-capabilities' content='ocr_page ocr_carea ocr_par ocr_line ocrx_word'/>
</head>
<body>
  <div class='ocr_page' id='page_1' title='image "./oratoresatticie09dobs/oratoresatticie09dobs_0416.png"; bbox 0 0 1931 3323; ppageno 0'>
   <div class='ocr_carea' id='block_1_1' title="bbox 329 200 414 242">
    <p class='ocr_par' dir='ltr' id='par_1_1' title="bbox 329 200 414 242">
     <span class='ocr_line' id='line_1_1' title="bbox 329 200 414 242; baseline 0.024 -2"><span class='ocrx_word' id='word_1_1' title='bbox 329 200 414 242; x_wconf 78' lang='lat'>404</span> 
     </span>
    </p>
   </div>
   <div class='ocr_carea' id='block_1_2' title="bbox 333 304 1060 2408">
    <p class='ocr_par' dir='ltr' id='par_1_2' title="bbox 333 304 1060 2408">
     <span class='ocr_line' id='line_1_2' title="bbox 334 304 1043 348; baseline 0 -11"><span class='ocrx_word' id='word_1_2' title='bbox 334 306 509 344; x_wconf 79' lang='lat' dir='ltr'>delubrum,</span> <span class='ocrx_word' id='word_1_3' title='bbox 532 306 628 336; x_wconf 80' lang='lat' dir='ltr'>instar</span> <span class='ocrx_word' id='word_1_4' title='bbox 652 304 736 337; x_wconf 89' lang='lat' dir='ltr'>illius</span> <span class='ocrx_word' id='word_1_5' title='bbox 761 307 845 348; x_wconf 80' lang='lat' dir='ltr'>apud</span> <span class='ocrx_word' id='word_1_6' title='bbox 875 307 1043 348; x_wconf 85' lang='lat' dir='ltr'><strong>Ephesum,</strong></span> 
     </span>
     <span class='ocr_line' id='line_1_3' title="bbox 335 350 1045 391; baseline 0.003 -12"><span class='ocrx_word' id='word_1_7' title='bbox 335 351 488 380; x_wconf 87' lang='lat' dir='ltr'>communi</span> <span class='ocrx_word' id='word_1_8' title='bbox 502 350 633 389; x_wconf 82' lang='lat' dir='ltr'>pecunia</span> <span class='ocrx_word' id='word_1_9' title='bbox 647 356 816 390; x_wconf 86' lang='lat' dir='ltr'><strong>ponerent:</strong></span> <span class='ocrx_word' id='word_1_10' title='bbox 833 350 886 381; x_wconf 84' lang='lat' dir='ltr'>ubi</span> <span class='ocrx_word' id='word_1_11' title='bbox 903 352 1045 391; x_wconf 81' lang='lat' dir='ltr'>frequen·</span> 
     </span>
     <span class='ocr_line' id='line_1_4' title="bbox 334 393 1045 429; baseline 0.003 -7"><span class='ocrx_word' id='word_1_12' title='bbox 334 398 382 423; x_wconf 82' lang='lat' dir='ltr'>tes</span> <span class='ocrx_word' id='word_1_13' title='bbox 413 403 481 422; x_wconf 91' lang='lat' dir='ltr'>cum</span> <span class='ocrx_word' id='word_1_14' title='bbox 510 393 736 429; x_wconf 85' lang='lat' dir='ltr'>convenissent,</span> <span class='ocrx_word' id='word_1_15' title='bbox 758 394 983 424; x_wconf 85' lang='lat' dir='ltr'>controversias</span> <span class='ocrx_word' id='word_1_16' title='bbox 1013 398 1045 424; x_wconf 88' lang='lat' dir='ltr'>et</span> 
     </span>
     <span class='ocr_line' id='line_1_5' title="bbox 333 436 1044 475; baseline 0.003 -10"><span class='ocrx_word' id='word_1_17' title='bbox 333 436 397 474; x_wconf 81' lang='lat' dir='ltr'>ipsi</span> <span class='ocrx_word' id='word_1_18' title='bbox 413 437 493 466; x_wconf 89' lang='lat' dir='ltr'>inter</span> <span class='ocrx_word' id='word_1_19' title='bbox 506 446 538 466; x_wconf 92' lang='lat' dir='ltr'>se</span> <span class='ocrx_word' id='word_1_20' title='bbox 554 441 785 475; x_wconf 84' lang='lat' dir='ltr'>componerent:</span> <span class='ocrx_word' id='word_1_21' title='bbox 810 441 842 468; x_wconf 90' lang='lat' dir='ltr'>et</span> <span class='ocrx_word' id='word_1_22' title='bbox 851 437 920 468; x_wconf 88' lang='lat' dir='ltr'>aliis</span> <span class='ocrx_word' id='word_1_23' title='bbox 934 437 1044 469; x_wconf 83' lang='lat' dir='ltr'>civita-</span> 
     </span>
     <span class='ocr_line' id='line_1_6' title="bbox 335 479 1046 520; baseline 0.004 -13"><span class='ocrx_word' id='word_1_24' title='bbox 335 479 421 508; x_wconf 81' lang='lat' dir='ltr'>tibus</span> <span class='ocrx_word' id='word_1_25' title='bbox 447 479 740 520; x_wconf 77' lang='lat' dir='ltr'>compromitterent.</span> <span class='ocrx_word' id='word_1_26' title='bbox 773 481 840 510; x_wconf 87' lang='lat' dir='ltr'>haec</span> <span class='ocrx_word' id='word_1_27' title='bbox 872 481 937 510; x_wconf 83' lang='lat' dir='ltr'>t&#39;ere</span> <span class='ocrx_word' id='word_1_28' title='bbox 968 479 1046 511; x_wconf 90' lang='lat' dir='ltr'>Dio-</span> 
     </span>
     <span class='ocr_line' id='line_1_7' title="bbox 334 522 1046 564; baseline 0.004 -14"><span class='ocrx_word' id='word_1_29' title='bbox 334 522 454 560; x_wconf 86' lang='lat' dir='ltr'>nysius,</span> <span class='ocrx_word' id='word_1_30' title='bbox 480 524 531 552; x_wconf 91' lang='lat' dir='ltr'>cui</span> <span class='ocrx_word' id='word_1_31' title='bbox 555 522 750 554; x_wconf 85' lang='lat' dir='ltr'>consentiens</span> <span class='ocrx_word' id='word_1_32' title='bbox 763 523 873 555; x_wconf 86' lang='lat' dir='ltr'>Livius</span> <span class='ocrx_word' id='word_1_33' title='bbox 889 523 959 564; x_wconf 89' lang='lat' dir='ltr'>[lib.</span> <span class='ocrx_word' id='word_1_34' title='bbox 976 525 1005 554; x_wconf 92' lang='grc' dir='ltr'>Ι.</span> <span class='ocrx_word' id='word_1_35' title='bbox 1019 534 1046 553; x_wconf 87' lang='lat' dir='ltr'>c.</span> 
     </span>
     <span class='ocr_line' id='line_1_8' title="bbox 336 565 1047 607; baseline 0.004 -13"><span class='ocrx_word' id='word_1_36' title='bbox 336 565 407 606; x_wconf 71' lang='lat'>45.]</span> <span class='ocrx_word' id='word_1_37' title='bbox 432 570 453 583; x_wconf 86' lang='lat'><em>“</em></span> <span class='ocrx_word' id='word_1_38' title='bbox 465 566 567 596; x_wconf 79' lang='lat' dir='ltr'>Aucta</span> <span class='ocrx_word' id='word_1_39' title='bbox 584 566 710 597; x_wconf 83' lang='lat' dir='ltr'>civitate</span> <span class='ocrx_word' id='word_1_40' title='bbox 725 567 935 607; x_wconf 77' lang='lat' dir='ltr'>magnitudine</span> <span class='ocrx_word' id='word_1_41' title='bbox 950 566 1047 602; x_wconf 84' lang='lat' dir='ltr'>urbis,</span> 
     </span>
     <span class='ocr_line' id='line_1_9' title="bbox 334 608 1047 640; baseline 0.004 -3"><span class='ocrx_word' id='word_1_42' title='bbox 334 608 476 638; x_wconf 82' lang='lat' dir='ltr'>formatis</span> <span class='ocrx_word' id='word_1_43' title='bbox 499 609 640 640; x_wconf 89' lang='lat' dir='ltr'>omnibus</span> <span class='ocrx_word' id='word_1_44' title='bbox 667 610 751 640; x_wconf 88' lang='lat' dir='ltr'>domi</span> <span class='ocrx_word' id='word_1_45' title='bbox 774 615 805 640; x_wconf 90' lang='lat' dir='ltr'>et</span> <span class='ocrx_word' id='word_1_46' title='bbox 827 611 865 640; x_wconf 88' lang='lat' dir='ltr'>ad</span> <span class='ocrx_word' id='word_1_47' title='bbox 879 610 953 640; x_wconf 89' lang='lat' dir='ltr'>belli</span> <span class='ocrx_word' id='word_1_48' title='bbox 964 614 995 640; x_wconf 90' lang='lat' dir='ltr'>et</span> <span class='ocrx_word' id='word_1_49' title='bbox 1008 610 1047 639; x_wconf 88' lang='lat' dir='ltr'>ad</span> 
     </span>
     <span class='ocr_line' id='line_1_10' title="bbox 335 652 1046 693; baseline 0.004 -13"><span class='ocrx_word' id='word_1_50' title='bbox 335 652 422 690; x_wconf 82' lang='lat' dir='ltr'><strong>pacis</strong></span> <span class='ocrx_word' id='word_1_51' title='bbox 443 662 530 689; x_wconf 83' lang='lat' dir='ltr'>usus,</span> <span class='ocrx_word' id='word_1_52' title='bbox 545 662 583 683; x_wconf 88' lang='lat' dir='ltr'>ne</span> <span class='ocrx_word' id='word_1_53' title='bbox 602 663 723 692; x_wconf 89' lang='lat' dir='ltr'>semper</span> <span class='ocrx_word' id='word_1_54' title='bbox 739 652 832 683; x_wconf 86' lang='lat' dir='ltr'>armis</span> <span class='ocrx_word' id='word_1_55' title='bbox 848 663 924 692; x_wconf 84' lang='lat' dir='ltr'>opes</span> <span class='ocrx_word' id='word_1_56' title='bbox 940 654 1046 693; x_wconf 87' lang='lat' dir='ltr'>acqui-</span> 
     </span>
     <span class='ocr_line' id='line_1_11' title="bbox 335 695 1048 735; baseline 0.003 -11"><span class='ocrx_word' id='word_1_57' title='bbox 335 700 488 732; x_wconf 87' lang='lat' dir='ltr'>rerentur,</span> <span class='ocrx_word' id='word_1_58' title='bbox 510 696 642 726; x_wconf 90' lang='lat' dir='ltr'>consilio</span> <span class='ocrx_word' id='word_1_59' title='bbox 676 706 789 735; x_wconf 82' lang='lat' dir='ltr'>augere</span> <span class='ocrx_word' id='word_1_60' title='bbox 809 695 972 735; x_wconf 87' lang='lat' dir='ltr'>imperium</span> <span class='ocrx_word' id='word_1_61' title='bbox 996 707 1048 726; x_wconf 89' lang='lat' dir='ltr'>co-</span> 
     </span>
     <span class='ocr_line' id='line_1_12' title="bbox 335 739 1049 777; baseline 0.003 -11"><span class='ocrx_word' id='word_1_62' title='bbox 335 743 427 768; x_wconf 84' lang='lat' dir='ltr'>natus</span> <span class='ocrx_word' id='word_1_63' title='bbox 437 744 498 775; x_wconf 88' lang='lat' dir='ltr'>est,</span> <span class='ocrx_word' id='word_1_64' title='bbox 511 739 600 769; x_wconf 88' lang='lat' dir='ltr'>simul</span> <span class='ocrx_word' id='word_1_65' title='bbox 611 744 641 768; x_wconf 90' lang='lat' dir='ltr'>et</span> <span class='ocrx_word' id='word_1_66' title='bbox 651 739 773 777; x_wconf 85' lang='lat' dir='ltr'>aliquod</span> <span class='ocrx_word' id='word_1_67' title='bbox 786 740 899 768; x_wconf 82' lang='lat' dir='ltr'>addere</span> <span class='ocrx_word' id='word_1_68' title='bbox 911 739 982 769; x_wconf 89' lang='lat' dir='ltr'>urbi</span> <span class='ocrx_word' id='word_1_69' title='bbox 994 740 1049 768; x_wconf 87' lang='lat' dir='ltr'>de-</span> 
     </span>
     <span class='ocr_line' id='line_1_13' title="bbox 336 781 1050 823; baseline 0.001 -13"><span class='ocrx_word' id='word_1_70' title='bbox 336 791 402 811; x_wconf 89' lang='lat' dir='ltr'>cus.</span> <span class='ocrx_word' id='word_1_71' title='bbox 427 783 495 813; x_wconf 83' lang='lat' dir='ltr'>Jam</span> <span class='ocrx_word' id='word_1_72' title='bbox 511 786 574 812; x_wconf 88' lang='lat' dir='ltr'>tum</span> <span class='ocrx_word' id='word_1_73' title='bbox 585 787 650 812; x_wconf 86' lang='lat' dir='ltr'>erat</span> <span class='ocrx_word' id='word_1_74' title='bbox 661 781 808 823; x_wconf 89' lang='lat' dir='ltr'>inclytum</span> <span class='ocrx_word' id='word_1_75' title='bbox 824 781 934 813; x_wconf 81' lang='lat' dir='ltr'>Dianae</span> <span class='ocrx_word' id='word_1_76' title='bbox 947 782 1050 821; x_wconf 89' lang='lat' dir='ltr'>Ephe-</span> 
     </span>
     <span class='ocr_line' id='line_1_14' title="bbox 338 824 1051 855; baseline 0.001 -2"><span class='ocrx_word' id='word_1_77' title='bbox 338 825 393 854; x_wconf 86' lang='lat' dir='ltr'>siae</span> <span class='ocrx_word' id='word_1_78' title='bbox 417 825 530 855; x_wconf 85' lang='lat' dir='ltr'>fanum.</span> <span class='ocrx_word' id='word_1_79' title='bbox 553 825 585 854; x_wconf 92' lang='lat' dir='ltr'>id</span> <span class='ocrx_word' id='word_1_80' title='bbox 610 824 810 855; x_wconf 84' lang='lat' dir='ltr'>communiter</span> <span class='ocrx_word' id='word_1_81' title='bbox 833 835 851 854; x_wconf 87' lang='lat' dir='ltr'>a</span> <span class='ocrx_word' id='word_1_82' title='bbox 875 824 1051 855; x_wconf 88' lang='lat' dir='ltr'>civitatibus</span> 
     </span>
     <span class='ocr_line' id='line_1_15' title="bbox 337 868 1051 898; baseline 0 0"><span class='ocrx_word' id='word_1_83' title='bbox 337 868 422 898; x_wconf 74' lang='lat' dir='ltr'>Asiae</span> <span class='ocrx_word' id='word_1_84' title='bbox 452 869 566 898; x_wconf 82' lang='lat' dir='ltr'>factum</span> <span class='ocrx_word' id='word_1_85' title='bbox 591 869 670 898; x_wconf 83' lang='lat' dir='ltr'>fama</span> <span class='ocrx_word' id='word_1_86' title='bbox 700 868 826 897; x_wconf 82' lang='lat' dir='ltr'>ferebat·</span> <span class='ocrx_word' id='word_1_87' title='bbox 872 868 950 898; x_wconf 91' lang='lat' dir='ltr'>Cum</span> <span class='ocrx_word' id='word_1_88' title='bbox 980 879 1051 898; x_wconf 92' lang='lat' dir='ltr'>con-</span> 
     </span>
     <span class='ocr_line' id='line_1_16' title="bbox 339 911 1052 950; baseline 0.001 -10"><span class='ocrx_word' id='word_1_89' title='bbox 339 921 461 940; x_wconf 78' lang='lat' dir='ltr'>sensum</span> <span class='ocrx_word' id='word_1_90' title='bbox 507 912 644 950; x_wconf 88' lang='lat' dir='ltr'>deosque</span> <span class='ocrx_word' id='word_1_91' title='bbox 683 911 878 941; x_wconf 85' lang='lat' dir='ltr'>consociatos</span> <span class='ocrx_word' id='word_1_92' title='bbox 913 911 1052 941; x_wconf 87' lang='lat' dir='ltr'>laudaret</span> 
     </span>
     <span class='ocr_line' id='line_1_17' title="bbox 339 954 1051 994; baseline 0.003 -12"><span class='ocrx_word' id='word_1_93' title='bbox 339 955 415 984; x_wconf 87' lang='lat' dir='ltr'>mire</span> <span class='ocrx_word' id='word_1_94' title='bbox 439 954 568 984; x_wconf 88' lang='lat' dir='ltr'>Servius</span> <span class='ocrx_word' id='word_1_95' title='bbox 588 955 668 984; x_wconf 88' lang='lat' dir='ltr'>inter</span> <span class='ocrx_word' id='word_1_96' title='bbox 691 965 835 994; x_wconf 84' lang='lat' dir='ltr'>proceres</span> <span class='ocrx_word' id='word_1_97' title='bbox 861 955 1051 989; x_wconf 83' lang='lat' dir='ltr'>Latinorum,</span> 
     </span>
     <span class='ocr_line' id='line_1_18' title="bbox 338 997 1053 1037; baseline 0.003 -11"><span class='ocrx_word' id='word_1_98' title='bbox 338 1007 407 1026; x_wconf 86' lang='lat' dir='ltr'>oum</span> <span class='ocrx_word' id='word_1_99' title='bbox 424 997 532 1035; x_wconf 83' lang='lat' dir='ltr'>quibus</span> <span class='ocrx_word' id='word_1_100' title='bbox 548 998 673 1037; x_wconf 90' lang='lat' dir='ltr'>publice</span> <span class='ocrx_word' id='word_1_101' title='bbox 695 997 900 1037; x_wconf 87' lang='lat' dir='ltr'>privatimque</span> <span class='ocrx_word' id='word_1_102' title='bbox 917 998 1053 1037; x_wconf 84' lang='lat' dir='ltr'>hospitia</span> 
     </span>
     <span class='ocr_line' id='line_1_19' title="bbox 339 1039 1051 1080; baseline 0.003 -11"><span class='ocrx_word' id='word_1_103' title='bbox 339 1040 552 1079; x_wconf 73' lang='lat' dir='ltr'>amicitiasque</span> <span class='ocrx_word' id='word_1_104' title='bbox 568 1040 607 1070; x_wconf 91' lang='lat' dir='ltr'>de</span> <span class='ocrx_word' id='word_1_105' title='bbox 629 1039 951 1080; x_wconf 84' lang='lat' dir='ltr'>industriajunxerat,</span> <span class='ocrx_word' id='word_1_106' title='bbox 968 1051 1051 1080; x_wconf 82' lang='lat' dir='ltr'>saepe</span> 
     </span>
     <span class='ocr_line' id='line_1_20' title="bbox 337 1083 1050 1123; baseline 0.001 -11"><span class='ocrx_word' id='word_1_107' title='bbox 337 1083 479 1113; x_wconf 83' lang='lat' dir='ltr'>iterando</span> <span class='ocrx_word' id='word_1_108' title='bbox 501 1083 608 1114; x_wconf 86' lang='lat' dir='ltr'>eadem</span> <span class='ocrx_word' id='word_1_109' title='bbox 634 1084 772 1123; x_wconf 75' lang='lat' dir='ltr'>perpulit</span> <span class='ocrx_word' id='word_1_110' title='bbox 787 1084 921 1119; x_wconf 88' lang='lat' dir='ltr'>tandem,</span> <span class='ocrx_word' id='word_1_111' title='bbox 938 1089 970 1113; x_wconf 88' lang='lat' dir='ltr'>ut</span> <span class='ocrx_word' id='word_1_112' title='bbox 990 1086 1050 1113; x_wconf 77' lang='lat' dir='ltr'>Ro-</span> 
     </span>
     <span class='ocr_line' id='line_1_21' title="bbox 338 1126 1051 1167; baseline 0.003 -12"><span class='ocrx_word' id='word_1_113' title='bbox 338 1136 396 1156; x_wconf 86' lang='lat' dir='ltr'>mae</span> <span class='ocrx_word' id='word_1_114' title='bbox 412 1127 514 1156; x_wconf 85' lang='lat' dir='ltr'>fanum</span> <span class='ocrx_word' id='word_1_115' title='bbox 540 1126 648 1157; x_wconf 80' lang='lat' dir='ltr'>Dianae</span> <span class='ocrx_word' id='word_1_116' title='bbox 672 1126 778 1167; x_wconf 88' lang='lat' dir='ltr'>populi</span> <span class='ocrx_word' id='word_1_117' title='bbox 793 1126 896 1158; x_wconf 83' lang='lat' dir='ltr'>Latini</span> <span class='ocrx_word' id='word_1_118' title='bbox 912 1137 979 1157; x_wconf 89' lang='lat' dir='ltr'>cum</span> <span class='ocrx_word' id='word_1_119' title='bbox 996 1138 1051 1167; x_wconf 89' lang='lat' dir='ltr'>po·</span> 
     </span>
     <span class='ocr_line' id='line_1_22' title="bbox 340 1169 1051 1209; baseline 0.003 -11"><span class='ocrx_word' id='word_1_120' title='bbox 340 1169 416 1209; x_wconf 88' lang='lat' dir='ltr'>pulo</span> <span class='ocrx_word' id='word_1_121' title='bbox 447 1171 585 1200; x_wconf 88' lang='lat' dir='ltr'>Romano</span> <span class='ocrx_word' id='word_1_122' title='bbox 612 1170 780 1200; x_wconf 81' lang='lat' dir='ltr'>facerent.&#39;&#39;</span> <span class='ocrx_word' id='word_1_123' title='bbox 839 1170 923 1200; x_wconf 87' lang='lat' dir='ltr'>Hinc</span> <span class='ocrx_word' id='word_1_124' title='bbox 948 1175 1051 1200; x_wconf 85' lang='lat' dir='ltr'>tantus</span> 
     </span>
     <span class='ocr_line' id='line_1_23' title="bbox 339 1212 1051 1252; baseline 0 -10"><span class='ocrx_word' id='word_1_125' title='bbox 339 1213 459 1251; x_wconf 84' lang='lat' dir='ltr'>Ephesi</span> <span class='ocrx_word' id='word_1_126' title='bbox 473 1213 621 1242; x_wconf 90' lang='lat' dir='ltr'>tumultus</span> <span class='ocrx_word' id='word_1_127' title='bbox 635 1217 684 1243; x_wconf 84' lang='lat' dir='ltr'>est</span> <span class='ocrx_word' id='word_1_128' title='bbox 696 1213 861 1249; x_wconf 86' lang='lat' dir='ltr'>excitatus,</span> <span class='ocrx_word' id='word_1_129' title='bbox 873 1224 964 1252; x_wconf 89' lang='lat' dir='ltr'>quum</span> <span class='ocrx_word' id='word_1_130' title='bbox 976 1212 1051 1242; x_wconf 84' lang='lat' dir='ltr'>Dia-</span> 
     </span>
     <span class='ocr_line' id='line_1_24' title="bbox 338 1255 1052 1295; baseline 0 -10"><span class='ocrx_word' id='word_1_131' title='bbox 338 1265 387 1285; x_wconf 87' lang='lat' dir='ltr'>nae</span> <span class='ocrx_word' id='word_1_132' title='bbox 404 1266 512 1286; x_wconf 89' lang='lat' dir='ltr'>numen</span> <span class='ocrx_word' id='word_1_133' title='bbox 539 1260 571 1286; x_wconf 89' lang='lat' dir='ltr'>et</span> <span class='ocrx_word' id='word_1_134' title='bbox 598 1256 707 1295; x_wconf 86' lang='lat' dir='ltr'>religio</span> <span class='ocrx_word' id='word_1_135' title='bbox 724 1255 817 1285; x_wconf 85' lang='lat' dir='ltr'>Pauli</span> <span class='ocrx_word' id='word_1_136' title='bbox 831 1256 1052 1294; x_wconf 70' lang='lat' dir='ltr'>praedicatione</span> 
     </span>
     <span class='ocr_line' id='line_1_25' title="bbox 340 1299 1050 1340; baseline 0 -12"><span class='ocrx_word' id='word_1_137' title='bbox 340 1299 388 1339; x_wconf 91' lang='lat' dir='ltr'>[p.</span> <span class='ocrx_word' id='word_1_138' title='bbox 403 1301 476 1330; x_wconf 84' lang='lat'>148.</span> <span class='ocrx_word' id='word_1_139' title='bbox 492 1300 541 1330; x_wconf 91' lang='lat' dir='ltr'>ed.</span> <span class='ocrx_word' id='word_1_140' title='bbox 557 1299 830 1340; x_wconf 86' lang='lat' dir='ltr'>D.]indiscrimen</span> <span class='ocrx_word' id='word_1_141' title='bbox 842 1300 976 1328; x_wconf 87' lang='lat' dir='ltr'>adducta</span> <span class='ocrx_word' id='word_1_142' title='bbox 989 1304 1050 1334; x_wconf 86' lang='lat' dir='ltr'>est,</span> 
     </span>
     <span class='ocr_line' id='line_1_26' title="bbox 339 1341 1051 1381; baseline -0.001 -9"><span class='ocrx_word' id='word_1_143' title='bbox 339 1346 362 1359; x_wconf 89' lang='lat'><strong>“</strong></span> <span class='ocrx_word' id='word_1_144' title='bbox 376 1352 493 1380; x_wconf 77' lang='lat' dir='ltr'>magnae</span> <span class='ocrx_word' id='word_1_145' title='bbox 512 1342 620 1372; x_wconf 85' lang='lat' dir='ltr'>Dianae</span> <span class='ocrx_word' id='word_1_146' title='bbox 642 1343 788 1381; x_wconf 89' lang='lat' dir='ltr'>templum</span> <span class='ocrx_word' id='word_1_147' title='bbox 803 1343 834 1370; x_wconf 90' lang='lat' dir='ltr'>in</span> <span class='ocrx_word' id='word_1_148' title='bbox 858 1341 985 1371; x_wconf 83' lang='lat' dir='ltr'>nihilum</span> <span class='ocrx_word' id='word_1_149' title='bbox 1003 1352 1051 1371; x_wconf 91' lang='lat' dir='ltr'>re-</span> 
     </span>
     <span class='ocr_line' id='line_1_27' title="bbox 341 1384 1052 1425; baseline 0 -11"><span class='ocrx_word' id='word_1_150' title='bbox 341 1385 513 1425; x_wconf 86' lang='lat' dir='ltr'>putabitur,</span> <span class='ocrx_word' id='word_1_151' title='bbox 543 1391 574 1415; x_wconf 90' lang='lat' dir='ltr'>et</span> <span class='ocrx_word' id='word_1_152' title='bbox 604 1386 720 1415; x_wconf 76' lang='lat' dir='ltr'>destrui</span> <span class='ocrx_word' id='word_1_153' title='bbox 750 1384 880 1424; x_wconf 75' lang='lat' dir='ltr'>incipiet</span> <span class='ocrx_word' id='word_1_154' title='bbox 908 1386 1052 1423; x_wconf 88' lang='lat' dir='ltr'>majestas</span> 
     </span>
     <span class='ocr_line' id='line_1_28' title="bbox 341 1427 1051 1468; baseline 0 -10"><span class='ocrx_word' id='word_1_155' title='bbox 341 1430 419 1467; x_wconf 81' lang='lat' dir='ltr'>ejus,</span> <span class='ocrx_word' id='word_1_156' title='bbox 434 1439 523 1468; x_wconf 88' lang='lat' dir='ltr'>quam</span> <span class='ocrx_word' id='word_1_157' title='bbox 534 1433 599 1458; x_wconf 82' lang='lat' dir='ltr'>tota</span> <span class='ocrx_word' id='word_1_158' title='bbox 613 1428 688 1458; x_wconf 83' lang='lat' dir='ltr'>Asia</span> <span class='ocrx_word' id='word_1_159' title='bbox 700 1433 731 1458; x_wconf 89' lang='lat' dir='ltr'>et</span> <span class='ocrx_word' id='word_1_160' title='bbox 744 1428 828 1457; x_wconf 88' lang='lat' dir='ltr'>orbis</span> <span class='ocrx_word' id='word_1_161' title='bbox 840 1427 947 1457; x_wconf 89' lang='lat' dir='ltr'>colit.&#39;&#39;</span> <span class='ocrx_word' id='word_1_162' title='bbox 964 1428 1051 1468; x_wconf 82' lang='lat' dir='ltr'>[Act.</span> 
     </span>
     <span class='ocr_line' id='line_1_29' title="bbox 339 1471 1055 1511; baseline -0.001 -10"><span class='ocrx_word' id='word_1_163' title='bbox 339 1471 444 1501; x_wconf 86' lang='lat' dir='ltr'><strong>XIX.</strong></span> <span class='ocrx_word' id='word_1_164' title='bbox 466 1471 534 1511; x_wconf 57' lang='lat' dir='ltr'>QZ]</span> <span class='ocrx_word' id='word_1_165' title='bbox 560 1472 632 1501; x_wconf 89' lang='lat' dir='ltr'>Hoc</span> <span class='ocrx_word' id='word_1_166' title='bbox 659 1472 781 1501; x_wconf 85' lang='lat' dir='ltr'>salubre</span> <span class='ocrx_word' id='word_1_167' title='bbox 805 1471 992 1508; x_wconf 85' lang='lat' dir='ltr'>institutum,</span> <span class='ocrx_word' id='word_1_168' title='bbox 1020 1476 1055 1501; x_wconf 86' lang='lat' dir='ltr'>ut</span> 
     </span>
     <span class='ocr_line' id='line_1_30' title="bbox 340 1515 1054 1554; baseline 0 -10"><span class='ocrx_word' id='word_1_169' title='bbox 340 1515 499 1545; x_wconf 89' lang='lat' dir='ltr'>inventum</span> <span class='ocrx_word' id='word_1_170' title='bbox 517 1520 609 1554; x_wconf 86' lang='lat' dir='ltr'>atque</span> <span class='ocrx_word' id='word_1_171' title='bbox 630 1520 782 1544; x_wconf 85' lang='lat' dir='ltr'>servatum</span> <span class='ocrx_word' id='word_1_172' title='bbox 799 1515 917 1544; x_wconf 78' lang='lat' dir='ltr'>Graecis</span> <span class='ocrx_word' id='word_1_173' title='bbox 935 1523 970 1544; x_wconf 82' lang='lat' dir='ltr'>ac</span> <span class='ocrx_word' id='word_1_174' title='bbox 990 1515 1054 1544; x_wconf 87' lang='lat' dir='ltr'>Ro-</span> 
     </span>
     <span class='ocr_line' id='line_1_31' title="bbox 340 1557 1055 1597; baseline -0.001 -9"><span class='ocrx_word' id='word_1_175' title='bbox 340 1559 439 1588; x_wconf 84' lang='lat' dir='ltr'>manis</span> <span class='ocrx_word' id='word_1_176' title='bbox 457 1558 559 1593; x_wconf 87' lang='lat' dir='ltr'>saluti,</span> <span class='ocrx_word' id='word_1_177' title='bbox 571 1558 615 1587; x_wconf 85' lang='lat' dir='ltr'>sic</span> <span class='ocrx_word' id='word_1_178' title='bbox 633 1557 791 1587; x_wconf 84' lang='lat' dir='ltr'>veteribus</span> <span class='ocrx_word' id='word_1_179' title='bbox 809 1557 963 1587; x_wconf 86' lang='lat' dir='ltr'>Britannis</span> <span class='ocrx_word' id='word_1_180' title='bbox 981 1568 1055 1597; x_wconf 78' lang='lat' dir='ltr'>neg·</span> 
     </span>
     <span class='ocr_line' id='line_1_32' title="bbox 343 1600 1055 1641; baseline -0.001 -10"><span class='ocrx_word' id='word_1_181' title='bbox 343 1602 458 1631; x_wconf 86' lang='lat' dir='ltr'>lectum</span> <span class='ocrx_word' id='word_1_182' title='bbox 482 1602 580 1631; x_wconf 88' lang='lat' dir='ltr'>exitio</span> <span class='ocrx_word' id='word_1_183' title='bbox 597 1600 665 1631; x_wconf 81' lang='lat' dir='ltr'>t&#39;uit.</span> <span class='ocrx_word' id='word_1_184' title='bbox 689 1602 728 1631; x_wconf 93' lang='lat' dir='ltr'>de</span> <span class='ocrx_word' id='word_1_185' title='bbox 745 1601 855 1641; x_wconf 85' lang='lat' dir='ltr'>quibus</span> <span class='ocrx_word' id='word_1_186' title='bbox 877 1601 943 1630; x_wconf 84' lang='lat' dir='ltr'>haeo</span> <span class='ocrx_word' id='word_1_187' title='bbox 965 1602 1055 1631; x_wconf 89' lang='lat' dir='ltr'>Taci-</span> 
     </span>
     <span class='ocr_line' id='line_1_33' title="bbox 342 1644 1055 1685; baseline 0 -11"><span class='ocrx_word' id='word_1_188' title='bbox 342 1650 392 1674; x_wconf 85' lang='lat' dir='ltr'>tus</span> <span class='ocrx_word' id='word_1_189' title='bbox 408 1645 454 1684; x_wconf 89' lang='lat' dir='ltr'>[in</span> <span class='ocrx_word' id='word_1_190' title='bbox 469 1644 530 1673; x_wconf 78' lang='lat' dir='ltr'>vita</span> <span class='ocrx_word' id='word_1_191' title='bbox 542 1644 709 1683; x_wconf 72' lang='lat' dir='ltr'>Agricolae,</span> <span class='ocrx_word' id='word_1_192' title='bbox 724 1644 867 1685; x_wconf 73' lang='lat' dir='ltr'>c.12.]“</span> <span class='ocrx_word' id='word_1_193' title='bbox 880 1644 962 1674; x_wconf 86' lang='lat' dir='ltr'>Olim</span> <span class='ocrx_word' id='word_1_194' title='bbox 974 1644 1055 1682; x_wconf 82' lang='lat' dir='ltr'>regi-</span> 
     </span>
     <span class='ocr_line' id='line_1_34' title="bbox 341 1688 1055 1728; baseline 0.001 -11"><span class='ocrx_word' id='word_1_195' title='bbox 341 1690 399 1717; x_wconf 90' lang='lat' dir='ltr'>bus</span> <span class='ocrx_word' id='word_1_196' title='bbox 426 1688 585 1728; x_wconf 88' lang='lat' dir='ltr'>parebant‚</span> <span class='ocrx_word' id='word_1_197' title='bbox 608 1698 686 1717; x_wconf 85' lang='lat' dir='ltr'>nnnc</span> <span class='ocrx_word' id='word_1_198' title='bbox 698 1698 756 1727; x_wconf 89' lang='lat' dir='ltr'>per</span> <span class='ocrx_word' id='word_1_199' title='bbox 775 1688 933 1728; x_wconf 82' lang='lat' dir='ltr'>principes</span> <span class='ocrx_word' id='word_1_200' title='bbox 949 1688 1055 1718; x_wconf 83' lang='lat' dir='ltr'>factio-</span> 
     </span>
     <span class='ocr_line' id='line_1_35' title="bbox 342 1730 1055 1761; baseline 0.003 -2"><span class='ocrx_word' id='word_1_201' title='bbox 342 1731 434 1760; x_wconf 82' lang='lat' dir='ltr'>nibus</span> <span class='ocrx_word' id='word_1_202' title='bbox 461 1735 492 1760; x_wconf 93' lang='lat' dir='ltr'>et</span> <span class='ocrx_word' id='word_1_203' title='bbox 520 1730 630 1760; x_wconf 86' lang='lat' dir='ltr'>studiis</span> <span class='ocrx_word' id='word_1_204' title='bbox 659 1732 830 1760; x_wconf 86' lang='lat' dir='ltr'>trahuntur.</span> <span class='ocrx_word' id='word_1_205' title='bbox 877 1733 945 1761; x_wconf 85' lang='lat' dir='ltr'>Nee</span> <span class='ocrx_word' id='word_1_206' title='bbox 971 1732 1055 1761; x_wconf 82' lang='lat' dir='ltr'>alind</span> 
     </span>
     <span class='ocr_line' id='line_1_36' title="bbox 342 1773 1055 1814; baseline 0 -10"><span class='ocrx_word' id='word_1_207' title='bbox 342 1775 493 1804; x_wconf 82' lang='lat' dir='ltr'>adversus</span> <span class='ocrx_word' id='word_1_208' title='bbox 505 1773 712 1804; x_wconf 85' lang='lat' dir='ltr'>validissimas</span> <span class='ocrx_word' id='word_1_209' title='bbox 722 1779 829 1814; x_wconf 85' lang='lat' dir='ltr'>gentes</span> <span class='ocrx_word' id='word_1_210' title='bbox 841 1775 928 1804; x_wconf 87' lang='lat' dir='ltr'>nobis</span> <span class='ocrx_word' id='word_1_211' title='bbox 938 1774 1055 1811; x_wconf 88' lang='lat' dir='ltr'>utilius,</span> 
     </span>
     <span class='ocr_line' id='line_1_37' title="bbox 343 1817 1055 1856; baseline 0.001 -10"><span class='ocrx_word' id='word_1_212' title='bbox 343 1827 433 1856; x_wconf 89' lang='lat' dir='ltr'>quam</span> <span class='ocrx_word' id='word_1_213' title='bbox 462 1817 546 1856; x_wconf 89' lang='lat' dir='ltr'>quod</span> <span class='ocrx_word' id='word_1_214' title='bbox 572 1818 603 1847; x_wconf 92' lang='lat' dir='ltr'>in</span> <span class='ocrx_word' id='word_1_215' title='bbox 627 1827 785 1848; x_wconf 88' lang='lat' dir='ltr'>commune</span> <span class='ocrx_word' id='word_1_216' title='bbox 803 1828 862 1847; x_wconf 88' lang='lat' dir='ltr'>non</span> <span class='ocrx_word' id='word_1_217' title='bbox 883 1818 1055 1847; x_wconf 82' lang='lat' dir='ltr'>consulunt.</span> 
     </span>
     <span class='ocr_line' id='line_1_38' title="bbox 340 1860 1056 1901; baseline 0 -11"><span class='ocrx_word' id='word_1_218' title='bbox 340 1862 445 1891; x_wconf 82' lang='lat' dir='ltr'>Rarus</span> <span class='ocrx_word' id='word_1_219' title='bbox 460 1861 579 1890; x_wconf 85' lang='lat' dir='ltr'>duabus</span> <span class='ocrx_word' id='word_1_220' title='bbox 600 1860 738 1890; x_wconf 81' lang='lat' dir='ltr'>tribusve</span> <span class='ocrx_word' id='word_1_221' title='bbox 754 1860 933 1890; x_wconf 87' lang='lat' dir='ltr'>civitatibus</span> <span class='ocrx_word' id='word_1_222' title='bbox 949 1862 986 1890; x_wconf 85' lang='lat' dir='ltr'>ad</span> <span class='ocrx_word' id='word_1_223' title='bbox 1004 1871 1056 1901; x_wconf 91' lang='lat' dir='ltr'>po-</span> 
     </span>
     <span class='ocr_line' id='line_1_39' title="bbox 342 1904 1057 1944; baseline -0.001 -10"><span class='ocrx_word' id='word_1_224' title='bbox 342 1904 528 1943; x_wconf 88' lang='lat' dir='ltr'>pulsandum</span> <span class='ocrx_word' id='word_1_225' title='bbox 549 1913 710 1933; x_wconf 85' lang='lat' dir='ltr'>commune</span> <span class='ocrx_word' id='word_1_226' title='bbox 737 1904 906 1944; x_wconf 84' lang='lat' dir='ltr'>periculum</span> <span class='ocrx_word' id='word_1_227' title='bbox 923 1914 1057 1933; x_wconf 77' lang='lat' dir='ltr'>conven—</span> 
     </span>
     <span class='ocr_line' id='line_1_40' title="bbox 343 1946 1057 1986; baseline 0 -10"><span class='ocrx_word' id='word_1_228' title='bbox 343 1954 406 1977; x_wconf 86' lang='lat' dir='ltr'>tus.</span> <span class='ocrx_word' id='word_1_229' title='bbox 433 1947 479 1976; x_wconf 82' lang='lat' dir='ltr'>ita</span> <span class='ocrx_word' id='word_1_230' title='bbox 501 1947 573 1976; x_wconf 89' lang='lat' dir='ltr'>dum</span> <span class='ocrx_word' id='word_1_231' title='bbox 604 1946 715 1986; x_wconf 85' lang='lat' dir='ltr'>singuli</span> <span class='ocrx_word' id='word_1_232' title='bbox 745 1951 891 1986; x_wconf 81' lang='lat' dir='ltr'>pugnant,</span> <span class='ocrx_word' id='word_1_233' title='bbox 920 1947 1057 1976; x_wconf 86' lang='lat' dir='ltr'>universi</span> 
     </span>
     <span class='ocr_line' id='line_1_41' title="bbox 344 1989 1058 2030; baseline 0 -11"><span class='ocrx_word' id='word_1_234' title='bbox 344 1989 541 2020; x_wconf 67' lang='lat' dir='ltr'>vincutum-‚³³</span> <span class='ocrx_word' id='word_1_235' title='bbox 561 1995 719 2020; x_wconf 75' lang='lat' dir='ltr'>conventus</span> <span class='ocrx_word' id='word_1_236' title='bbox 741 1995 790 2019; x_wconf 86' lang='lat' dir='ltr'>est</span> <span class='ocrx_word' id='word_1_237' title='bbox 814 1990 955 2030; x_wconf 72' lang='grc' dir='ltr'><strong><em>συνὲδςιον,</em></strong></span> <span class='ocrx_word' id='word_1_238' title='bbox 975 1991 1058 2029; x_wconf 86' lang='lat' dir='ltr'>quod</span> 
     </span>
     <span class='ocr_line' id='line_1_42' title="bbox 345 2033 1058 2074; baseline 0 -12"><span class='ocrx_word' id='word_1_239' title='bbox 345 2034 428 2063; x_wconf 88' lang='lat' dir='ltr'>aliud</span> <span class='ocrx_word' id='word_1_240' title='bbox 456 2043 578 2072; x_wconf 89' lang='lat' dir='ltr'>quoque</span> <span class='ocrx_word' id='word_1_241' title='bbox 607 2033 726 2062; x_wconf 73' lang='lat' dir='ltr'>Graecis</span> <span class='ocrx_word' id='word_1_242' title='bbox 750 2033 818 2070; x_wconf 82' lang='lat' dir='ltr'>fuit,</span> <span class='ocrx_word' id='word_1_243' title='bbox 842 2039 956 2074; x_wconf 79' lang='lat' dir='ltr'>praeter</span> <span class='ocrx_word' id='word_1_244' title='bbox 980 2033 1058 2063; x_wconf 86' lang='lat' dir='ltr'>anti-</span> 
     </span>
     <span class='ocr_line' id='line_1_43' title="bbox 344 2076 1058 2116; baseline 0 -10"><span class='ocrx_word' id='word_1_245' title='bbox 344 2087 437 2115; x_wconf 83' lang='lat' dir='ltr'>quum</span> <span class='ocrx_word' id='word_1_246' title='bbox 452 2076 530 2105; x_wconf 87' lang='lat' dir='ltr'>illud</span> <span class='ocrx_word' id='word_1_247' title='bbox 552 2076 854 2116; x_wconf 85' lang='lat' dir='ltr'>Amphictyonicnm,</span> <span class='ocrx_word' id='word_1_248' title='bbox 869 2077 908 2106; x_wconf 88' lang='lat' dir='ltr'>de</span> <span class='ocrx_word' id='word_1_249' title='bbox 925 2078 1058 2116; x_wconf 88' lang='lat' dir='ltr'>quojam</span> 
     </span>
     <span class='ocr_line' id='line_1_44' title="bbox 344 2118 1058 2160; baseline 0.001 -11"><span class='ocrx_word' id='word_1_250' title='bbox 344 2120 492 2149; x_wconf 84' lang='lat' dir='ltr'>diximus.</span> <span class='ocrx_word' id='word_1_251' title='bbox 512 2119 676 2149; x_wconf 88' lang='lat' dir='ltr'>AEsohines</span> <span class='ocrx_word' id='word_1_252' title='bbox 694 2118 771 2159; x_wconf 69' lang='grc' dir='ltr'><strong><em>[πεξὶ</em></strong></span> <span class='ocrx_word' id='word_1_253' title='bbox 789 2130 925 2159; x_wconf 62' lang='lat' dir='ltr'>magam-g.</span> <span class='ocrx_word' id='word_1_254' title='bbox 937 2131 968 2160; x_wconf 91' lang='lat' dir='ltr'>p.</span> <span class='ocrx_word' id='word_1_255' title='bbox 984 2122 1058 2150; x_wconf 67' lang='lat'>24⁷.</span> 
     </span>
     <span class='ocr_line' id='line_1_45' title="bbox 344 2161 1059 2203; baseline 0.001 -12"><span class='ocrx_word' id='word_1_256' title='bbox 344 2162 395 2192; x_wconf 87' lang='lat' dir='ltr'>ed.</span> <span class='ocrx_word' id='word_1_257' title='bbox 413 2162 538 2203; x_wconf 83' lang='lat' dir='ltr'>Reisk.]</span> <span class='ocrx_word' id='word_1_258' title='bbox 562 2161 705 2194; x_wconf 71' lang='grc' dir='ltr'><strong><em>συνέβαινε</em></strong></span> <span class='ocrx_word' id='word_1_259' title='bbox 728 2161 752 2192; x_wconf 76' lang='grc' dir='ltr'>δ’</span> <span class='ocrx_word' id='word_1_260' title='bbox 772 2163 848 2202; x_wconf 71' lang='grc' dir='ltr'><strong><em>ἡμῶν</em></strong></span> <span class='ocrx_word' id='word_1_261' title='bbox 871 2162 917 2193; x_wconf 74' lang='grc' dir='ltr'><strong><em>τὸν</em></strong></span> <span class='ocrx_word' id='word_1_262' title='bbox 931 2174 1059 2202; x_wconf 61' lang='grc' dir='ltr'><strong><em>στρατη-</em></strong></span> 
     </span>
     <span class='ocr_line' id='line_1_46' title="bbox 342 2203 1058 2245; baseline 0.003 -11"><span class='ocrx_word' id='word_1_263' title='bbox 342 2204 389 2243; x_wconf 69' lang='grc' dir='ltr'><strong><em>γόν</em></strong></span> <span class='ocrx_word' id='word_1_264' title='bbox 404 2203 430 2234; x_wconf 77' lang='grc' dir='ltr'><strong><em>ἓν</em></strong></span> <span class='ocrx_word' id='word_1_265' title='bbox 442 2205 486 2244; x_wconf 70' lang='grc' dir='ltr'>τῷ</span> <span class='ocrx_word' id='word_1_266' title='bbox 499 2204 621 2245; x_wconf 76' lang='grc' dir='ltr'><strong><em>πολέμῳ</em></strong></span> <span class='ocrx_word' id='word_1_267' title='bbox 635 2205 830 2243; x_wconf 67' lang='grc' dir='ltr'><strong><em>ἑβδομήκοντα</em></strong></span> <span class='ocrx_word' id='word_1_268' title='bbox 845 2205 900 2244; x_wconf 76' lang='grc' dir='ltr'><strong><em>μὲν</em></strong></span> <span class='ocrx_word' id='word_1_269' title='bbox 911 2206 959 2235; x_wconf 75' lang='grc' dir='ltr'>καὶ</span> <span class='ocrx_word' id='word_1_270' title='bbox 974 2204 1058 2236; x_wconf 79' lang='grc' dir='ltr'><strong><em>πέντε</em></strong></span> 
     </span>
     <span class='ocr_line' id='line_1_47' title="bbox 344 2247 1058 2289; baseline 0.001 -10"><span class='ocrx_word' id='word_1_271' title='bbox 344 2248 442 2281; x_wconf 80' lang='grc' dir='ltr'><strong><em>πόλεις</em></strong></span> <span class='ocrx_word' id='word_1_272' title='bbox 457 2247 655 2289; x_wconf 72' lang='grc' dir='ltr'>συμμαχίδας</span> <span class='ocrx_word' id='word_1_273' title='bbox 669 2248 908 2289; x_wconf 68' lang='grc' dir='ltr'>ἀποβεβληκέναι,</span> <span class='ocrx_word' id='word_1_274' title='bbox 931 2249 965 2282; x_wconf 77' lang='grc' dir='ltr'>ἃς</span> <span class='ocrx_word' id='word_1_275' title='bbox 976 2248 1058 2280; x_wconf 73' lang='grc' dir='ltr'><strong><em>ἐκτή-</em></strong></span> 
     </span>
     <span class='ocr_line' id='line_1_48' title="bbox 345 2291 1060 2330; baseline 0.001 -9"><span class='ocrx_word' id='word_1_276' title='bbox 345 2304 422 2321; x_wconf 84' lang='grc' dir='ltr'><strong><em>σατο</em></strong></span> <span class='ocrx_word' id='word_1_277' title='bbox 436 2291 600 2330; x_wconf 64' lang='grc' dir='ltr'><strong><em>Τιμόθεοςὸ</em></strong></span> <span class='ocrx_word' id='word_1_278' title='bbox 618 2291 741 2328; x_wconf 80' lang='grc' dir='ltr'><strong><em>Κόνωνος,</em></strong></span> <span class='ocrx_word' id='word_1_279' title='bbox 765 2292 813 2321; x_wconf 81' lang='grc' dir='ltr'>καῖ</span> <span class='ocrx_word' id='word_1_280' title='bbox 829 2291 1010 2323; x_wconf 75' lang='grc' dir='ltr'><strong><em>κατέστησεν</em></strong></span> <span class='ocrx_word' id='word_1_281' title='bbox 1022 2293 1060 2327; x_wconf 84' lang='grc' dir='ltr'>εἰς</span> 
     </span>
     <span class='ocr_line' id='line_1_49' title="bbox 345 2334 1058 2376; baseline 0.001 -12"><span class='ocrx_word' id='word_1_282' title='bbox 345 2335 380 2364; x_wconf 76' lang='grc' dir='ltr'>τὸ</span> <span class='ocrx_word' id='word_1_283' title='bbox 411 2334 551 2376; x_wconf 75' lang='grc' dir='ltr'><strong><em>συνέδριον.</em></strong></span> <span class='ocrx_word' id='word_1_284' title='bbox 576 2345 616 2364; x_wconf 85' lang='lat' dir='ltr'>ex</span> <span class='ocrx_word' id='word_1_285' title='bbox 645 2335 703 2364; x_wconf 87' lang='lat' dir='ltr'>hoc</span> <span class='ocrx_word' id='word_1_286' title='bbox 729 2339 870 2374; x_wconf 87' lang='lat' dir='ltr'>apparet,</span> <span class='ocrx_word' id='word_1_287' title='bbox 897 2345 1058 2366; x_wconf 84' lang='lat' dir='ltr'>commune</span> 
     </span>
     <span class='ocr_line' id='line_1_50' title="bbox 346 2377 1058 2408; baseline 0 0"><span class='ocrx_word' id='word_1_288' title='bbox 346 2378 585 2408; x_wconf 80' lang='lat' dir='ltr'>Atheniensibus</span> <span class='ocrx_word' id='word_1_289' title='bbox 606 2377 770 2407; x_wconf 87' lang='lat' dir='ltr'>concilium</span> <span class='ocrx_word' id='word_1_290' title='bbox 794 2377 890 2408; x_wconf 82' lang='lat' dir='ltr'>fuisse</span> <span class='ocrx_word' id='word_1_291' title='bbox 915 2389 983 2408; x_wconf 87' lang='lat' dir='ltr'>cum</span> <span class='ocrx_word' id='word_1_292' title='bbox 1009 2389 1058 2408; x_wconf 85' lang='lat' dir='ltr'>so-</span> 
     </span>
    </p>
   </div>
   <div class='ocr_carea' id='block_1_3' title="bbox 674 198 1447 243">
    <p class='ocr_par' dir='ltr' id='par_1_3' title="bbox 674 198 1447 243">
     <span class='ocr_line' id='line_1_51' title="bbox 674 198 1447 243; baseline 0 -2"><span class='ocrx_word' id='word_1_293' title='bbox 674 198 934 242; x_wconf 89' lang='lat' dir='ltr'>DOUNAEI</span> <span class='ocrx_word' id='word_1_294' title='bbox 967 198 1447 243; x_wconf 82' lang='lat' dir='ltr'>PRAELECTIONES</span> 
     </span>
    </p>
   </div>
   <div class='ocr_carea' id='block_1_4' title="bbox 1078 308 1824 2418">
    <p class='ocr_par' dir='ltr' id='par_1_4' title="bbox 1078 308 1306 347">
     <span class='ocr_line' id='line_1_52' title="bbox 1078 308 1306 347; baseline -0.004 -9"><span class='ocrx_word' id='word_1_295' title='bbox 1078 318 1135 338; x_wconf 88' lang='lat' dir='ltr'>one</span> <span class='ocrx_word' id='word_1_296' title='bbox 1146 308 1306 347; x_wconf 82' lang='lat' dir='ltr'>agebatur.</span> 
     </span>
    </p>

    <p class='ocr_par' dir='ltr' id='par_1_5' title="bbox 1078 347 1796 520">
     <span class='ocr_line' id='line_1_53' title="bbox 1121 347 1796 391; baseline -0.001 -11"><span class='ocrx_word' id='word_1_297' title='bbox 1121 350 1175 391; x_wconf 91' lang='lat' dir='ltr'>[P.</span> <span class='ocrx_word' id='word_1_298' title='bbox 1192 352 1266 382; x_wconf 81' lang='lat'>149.</span> <span class='ocrx_word' id='word_1_299' title='bbox 1285 349 1335 380; x_wconf 86' lang='lat' dir='ltr'>ed.</span> <span class='ocrx_word' id='word_1_300' title='bbox 1348 348 1519 390; x_wconf 81' lang='lat' dir='ltr'>D.]—11.</span> <span class='ocrx_word' id='word_1_301' title='bbox 1542 349 1653 380; x_wconf 73' lang='grc' dir='ltr'><strong><em>’τὰ-τῶν</em></strong></span> <span class='ocrx_word' id='word_1_302' title='bbox 1682 347 1796 390; x_wconf 62' lang='grc' dir='ltr'><strong><em>Ἀμφιο</em></strong></span> 
     </span>
     <span class='ocr_line' id='line_1_54' title="bbox 1078 391 1791 433; baseline -0.004 -9"><span class='ocrx_word' id='word_1_303' title='bbox 1078 393 1198 424; x_wconf 81' lang='grc' dir='ltr'><strong><em>κτυόνων</em></strong></span> <span class='ocrx_word' id='word_1_304' title='bbox 1215 393 1354 433; x_wconf 80' lang='grc' dir='ltr'><strong><em>δόγματα</em></strong></span> <span class='ocrx_word' id='word_1_305' title='bbox 1380 391 1627 433; x_wconf 55' lang='grc' dir='ltr'><strong><em>προστησάμενοι]</em></strong></span> <span class='ocrx_word' id='word_1_306' title='bbox 1668 392 1791 422; x_wconf 85' lang='lat' dir='ltr'>Bellum</span> 
     </span>
     <span class='ocr_line' id='line_1_55' title="bbox 1080 435 1795 477; baseline -0.003 -11"><span class='ocrx_word' id='word_1_307' title='bbox 1080 447 1173 477; x_wconf 87' lang='lat' dir='ltr'>grave</span> <span class='ocrx_word' id='word_1_308' title='bbox 1183 441 1214 467; x_wconf 88' lang='lat' dir='ltr'>et</span> <span class='ocrx_word' id='word_1_309' title='bbox 1222 437 1308 477; x_wconf 84' lang='lat' dir='ltr'>pium</span> <span class='ocrx_word' id='word_1_310' title='bbox 1323 436 1481 467; x_wconf 87' lang='lat' dir='ltr'>videretur</span> <span class='ocrx_word' id='word_1_311' title='bbox 1493 437 1599 465; x_wconf 83' lang='lat' dir='ltr'>horum</span> <span class='ocrx_word' id='word_1_312' title='bbox 1609 435 1795 466; x_wconf 80' lang='lat' dir='ltr'>auctoritate</span> 
     </span>
     <span class='ocr_line' id='line_1_56' title="bbox 1080 477 1604 520; baseline -0.004 -10"><span class='ocrx_word' id='word_1_313' title='bbox 1080 485 1268 520; x_wconf 86' lang='lat' dir='ltr'>susceptum.</span> <span class='ocrx_word' id='word_1_314' title='bbox 1286 479 1359 520; x_wconf 88' lang='lat' dir='ltr'>[pro</span> <span class='ocrx_word' id='word_1_315' title='bbox 1374 477 1604 518; x_wconf 61' lang='lat' dir='ltr'>ctesiphonte]</span> 
     </span>
    </p>

    <p class='ocr_par' dir='ltr' id='par_1_6' title="bbox 1080 519 1824 2418">
     <span class='ocr_line' id='line_1_57' title="bbox 1123 519 1796 563; baseline -0.006 -9"><span class='ocrx_word' id='word_1_316' title='bbox 1123 541 1166 546; x_wconf 89' lang='lat'>—</span> <span class='ocrx_word' id='word_1_317' title='bbox 1203 526 1256 554; x_wconf 71' lang='lat'>12.</span> <span class='ocrx_word' id='word_1_318' title='bbox 1298 521 1545 563; x_wconf 71' lang='grc' dir='ltr'><strong><em>πςοστησάμενοι]</em></strong></span> <span class='ocrx_word' id='word_1_319' title='bbox 1590 519 1796 562; x_wconf 66' lang='lat' dir='ltr'>preferentes:</span> 
     </span>
     <span class='ocr_line' id='line_1_58' title="bbox 1081 563 1795 606; baseline -0.006 -10"><span class='ocrx_word' id='word_1_320' title='bbox 1081 567 1169 606; x_wconf 88' lang='lat' dir='ltr'>quasi</span> <span class='ocrx_word' id='word_1_321' title='bbox 1184 567 1334 601; x_wconf 90' lang='lat' dir='ltr'>dicerent,</span> <span class='ocrx_word' id='word_1_322' title='bbox 1347 576 1402 596; x_wconf 92' lang='lat' dir='ltr'>nos</span> <span class='ocrx_word' id='word_1_323' title='bbox 1412 565 1532 605; x_wconf 87' lang='lat' dir='ltr'>magnis</span> <span class='ocrx_word' id='word_1_324' title='bbox 1546 564 1723 595; x_wconf 83' lang='lat' dir='ltr'>auctoribus</span> <span class='ocrx_word' id='word_1_325' title='bbox 1734 563 1795 593; x_wconf 83' lang='lat' dir='ltr'>boc</span> 
     </span>
     <span class='ocr_line' id='line_1_59' title="bbox 1080 605 1796 649; baseline -0.007 -9"><span class='ocrx_word' id='word_1_326' title='bbox 1080 610 1195 640; x_wconf 81' lang='lat' dir='ltr'>bellum</span> <span class='ocrx_word' id='word_1_327' title='bbox 1229 609 1434 649; x_wconf 87' lang='lat' dir='ltr'>suscepimus.</span> <span class='ocrx_word' id='word_1_328' title='bbox 1484 617 1590 638; x_wconf 86' lang='lat' dir='ltr'>eorum</span> <span class='ocrx_word' id='word_1_329' title='bbox 1618 605 1796 642; x_wconf 87' lang='lat' dir='ltr'>auctoritas,</span> 
     </span>
     <span class='ocr_line' id='line_1_60' title="bbox 1082 649 1798 693; baseline -0.007 -10"><span class='ocrx_word' id='word_1_330' title='bbox 1082 663 1210 692; x_wconf 89' lang='lat' dir='ltr'>quorum</span> <span class='ocrx_word' id='word_1_331' title='bbox 1227 653 1362 684; x_wconf 89' lang='lat' dir='ltr'>decretis</span> <span class='ocrx_word' id='word_1_332' title='bbox 1379 651 1547 693; x_wconf 88' lang='lat' dir='ltr'>paruimus,</span> <span class='ocrx_word' id='word_1_333' title='bbox 1561 661 1617 681; x_wconf 88' lang='lat' dir='ltr'>nos</span> <span class='ocrx_word' id='word_1_334' title='bbox 1633 649 1798 680; x_wconf 86' lang='lat' dir='ltr'>tutabitur.</span> 
     </span>
     <span class='ocr_line' id='line_1_61' title="bbox 1083 691 1796 736; baseline -0.006 -11"><span class='ocrx_word' id='word_1_335' title='bbox 1083 697 1175 726; x_wconf 90' lang='lat' dir='ltr'>Dem.</span> <span class='ocrx_word' id='word_1_336' title='bbox 1199 695 1319 736; x_wconf 84' lang='lat' dir='ltr'>[contra</span> <span class='ocrx_word' id='word_1_337' title='bbox 1333 696 1549 730; x_wconf 84' lang='lat' dir='ltr'>Timocratem,</span> <span class='ocrx_word' id='word_1_338' title='bbox 1568 704 1601 734; x_wconf 86' lang='lat' dir='ltr'>p.</span> <span class='ocrx_word' id='word_1_339' title='bbox 1619 695 1697 724; x_wconf 79' lang='lat'>¹708.</span> <span class='ocrx_word' id='word_1_340' title='bbox 1712 691 1796 732; x_wconf 90' lang='lat' dir='ltr'>seq.]</span> 
     </span>
     <span class='ocr_line' id='line_1_62' title="bbox 1083 734 1798 779; baseline -0.007 -11"><span class='ocrx_word' id='word_1_341' title='bbox 1083 737 1261 778; x_wconf 64' lang='grc' dir='ltr'><strong><em>ἐνθυμήθητε</em></strong></span> <span class='ocrx_word' id='word_1_342' title='bbox 1281 737 1557 779; x_wconf 74' lang='grc' dir='ltr'>ἀναγιγνωσκομένου</span> <span class='ocrx_word' id='word_1_343' title='bbox 1571 737 1621 766; x_wconf 75' lang='grc' dir='ltr'>τοῦ</span> <span class='ocrx_word' id='word_1_344' title='bbox 1637 734 1798 776; x_wconf 75' lang='grc' dir='ltr'><strong><em>ψηφίσμα-</em></strong></span> 
     </span>
     <span class='ocr_line' id='line_1_63' title="bbox 1084 777 1798 824; baseline -0.004 -14"><span class='ocrx_word' id='word_1_345' title='bbox 1084 793 1143 817; x_wconf 84' lang='grc' dir='ltr'><strong><em>τος,</em></strong></span> <span class='ocrx_word' id='word_1_346' title='bbox 1158 783 1194 816; x_wconf 77' lang='grc' dir='ltr'>ὡς</span> <span class='ocrx_word' id='word_1_347' title='bbox 1205 782 1364 824; x_wconf 75' lang='grc' dir='ltr'><strong><em>τεχνικῶςὸ</em></strong></span> <span class='ocrx_word' id='word_1_348' title='bbox 1379 782 1492 821; x_wconf 66' lang='grc' dir='ltr'><strong><em>γράφων</em></strong></span> <span class='ocrx_word' id='word_1_349' title='bbox 1500 779 1582 817; x_wconf 73' lang='grc' dir='ltr'><strong><em>αὐτὸ,</em></strong></span> <span class='ocrx_word' id='word_1_350' title='bbox 1596 781 1646 811; x_wconf 81' lang='grc' dir='ltr'><strong><em>τῆν</em></strong></span> <span class='ocrx_word' id='word_1_351' title='bbox 1657 777 1798 813; x_wconf 77' lang='grc' dir='ltr'><strong><em>διοίκησιν,</em></strong></span> 
     </span>
     <span class='ocr_line' id='line_1_64' title="bbox 1083 823 1798 865; baseline -0.003 -12"><span class='ocrx_word' id='word_1_352' title='bbox 1083 825 1131 854; x_wconf 78' lang='grc' dir='ltr'>καὶ</span> <span class='ocrx_word' id='word_1_353' title='bbox 1148 823 1182 854; x_wconf 73' lang='grc' dir='ltr'>τὸ</span> <span class='ocrx_word' id='word_1_354' title='bbox 1193 826 1244 859; x_wconf 68' lang='grc' dir='ltr'>τῆς</span> <span class='ocrx_word' id='word_1_355' title='bbox 1259 825 1353 865; x_wconf 59' lang='lat' dir='ltr'>{oga-&#39;riq</span> <span class='ocrx_word' id='word_1_356' title='bbox 1366 825 1601 865; x_wconf 73' lang='grc' dir='ltr'><strong><em>προστησάμενος</em></strong></span> <span class='ocrx_word' id='word_1_357' title='bbox 1614 823 1798 861; x_wconf 77' lang='grc' dir='ltr'><strong><em>κατεπεῖγον,</em></strong></span> 
     </span>
     <span class='ocr_line' id='line_1_65' title="bbox 1084 864 1798 908; baseline -0.004 -11"><span class='ocrx_word' id='word_1_358' title='bbox 1084 869 1186 897; x_wconf 78' lang='grc' dir='ltr'><strong><em>ἀνελὼν</em></strong></span> <span class='ocrx_word' id='word_1_359' title='bbox 1207 867 1253 898; x_wconf 73' lang='grc' dir='ltr'><strong><em>τὸν</em></strong></span> <span class='ocrx_word' id='word_1_360' title='bbox 1269 867 1301 898; x_wconf 81' lang='grc' dir='ltr'>ἐκ</span> <span class='ocrx_word' id='word_1_361' title='bbox 1316 870 1371 897; x_wconf 75' lang='grc' dir='ltr'><strong><em>τῶν</em></strong></span> <span class='ocrx_word' id='word_1_362' title='bbox 1385 867 1474 907; x_wconf 80' lang='grc' dir='ltr'><strong><em>νόμων</em></strong></span> <span class='ocrx_word' id='word_1_363' title='bbox 1498 866 1602 908; x_wconf 59' lang='grc' dir='ltr'><strong><em>χρόνον,</em></strong></span> <span class='ocrx_word' id='word_1_364' title='bbox 1616 864 1702 899; x_wconf 77' lang='grc' dir='ltr'><strong><em>αὐτὸς</em></strong></span> <span class='ocrx_word' id='word_1_365' title='bbox 1715 865 1798 906; x_wconf 78' lang='grc' dir='ltr'><strong><em>’ἐγρα-</em></strong></span> 
     </span>
     <span class='ocr_line' id='line_1_66' title="bbox 1086 907 1801 952; baseline -0.004 -12"><span class='ocrx_word' id='word_1_366' title='bbox 1086 909 1139 948; x_wconf 70' lang='grc' dir='ltr'><strong><em>ψεν</em></strong></span> <span class='ocrx_word' id='word_1_367' title='bbox 1161 911 1248 952; x_wconf 69' lang='grc' dir='ltr'><strong><em>αὕςιον</em></strong></span> <span class='ocrx_word' id='word_1_368' title='bbox 1271 910 1430 951; x_wconf 72' lang='grc' dir='ltr'><strong><em>νομὲιετεῖν.</em></strong></span> <span class='ocrx_word' id='word_1_369' title='bbox 1475 909 1571 940; x_wconf 86' lang='lat' dir='ltr'>Paulo</span> <span class='ocrx_word' id='word_1_370' title='bbox 1593 913 1674 949; x_wconf 83' lang='lat' dir='ltr'>ante,</span> <span class='ocrx_word' id='word_1_371' title='bbox 1697 907 1747 938; x_wconf 81' lang='grc' dir='ltr'>ἐπὶ</span> <span class='ocrx_word' id='word_1_372' title='bbox 1761 907 1801 949; x_wconf 66' lang='grc' dir='ltr'>τῇ</span> 
     </span>
     <span class='ocr_line' id='line_1_67' title="bbox 1086 951 1798 994; baseline -0.006 -10"><span class='ocrx_word' id='word_1_373' title='bbox 1086 956 1142 984; x_wconf 80' lang='grc' dir='ltr'><strong><em>τῶν</em></strong></span> <span class='ocrx_word' id='word_1_374' title='bbox 1159 953 1357 984; x_wconf 67' lang='grc' dir='ltr'><strong><em>Παναθηναίων</em></strong></span> <span class='ocrx_word' id='word_1_375' title='bbox 1375 953 1535 994; x_wconf 61' lang='grc' dir='ltr'><strong><em>«προφάσει.</em></strong></span> <span class='ocrx_word' id='word_1_376' title='bbox 1587 951 1798 991; x_wconf 81' lang='lat' dir='ltr'>Quinquatrus</span> 
     </span>
     <span class='ocr_line' id='line_1_68' title="bbox 1086 994 1801 1036; baseline -0.006 -9"><span class='ocrx_word' id='word_1_377' title='bbox 1086 997 1165 1027; x_wconf 83' lang='lat' dir='ltr'>enirn</span> <span class='ocrx_word' id='word_1_378' title='bbox 1181 997 1347 1032; x_wconf 85' lang='lat' dir='ltr'>instabant,</span> <span class='ocrx_word' id='word_1_379' title='bbox 1372 998 1412 1027; x_wconf 90' lang='lat' dir='ltr'>ob</span> <span class='ocrx_word' id='word_1_380' title='bbox 1436 1006 1563 1036; x_wconf 84' lang='lat' dir='ltr'>eamque</span> <span class='ocrx_word' id='word_1_381' title='bbox 1579 1005 1701 1025; x_wconf 88' lang='lat' dir='ltr'>causam</span> <span class='ocrx_word' id='word_1_382' title='bbox 1715 994 1801 1024; x_wconf 87' lang='lat' dir='ltr'>festi-</span> 
     </span>
     <span class='ocr_line' id='line_1_69' title="bbox 1087 1038 1799 1079; baseline -0.006 -9"><span class='ocrx_word' id='word_1_383' title='bbox 1087 1041 1179 1070; x_wconf 80' lang='lat' dir='ltr'>nabat</span> <span class='ocrx_word' id='word_1_384' title='bbox 1202 1041 1393 1071; x_wconf 83' lang='lat' dir='ltr'>Timocrates</span> <span class='ocrx_word' id='word_1_385' title='bbox 1415 1040 1517 1079; x_wconf 87' lang='lat' dir='ltr'>legem</span> <span class='ocrx_word' id='word_1_386' title='bbox 1537 1048 1621 1069; x_wconf 79' lang='lat' dir='ltr'>suam</span> <span class='ocrx_word' id='word_1_387' title='bbox 1648 1038 1799 1077; x_wconf 83' lang='lat' dir='ltr'>perferre,</span> 
     </span>
     <span class='ocr_line' id='line_1_70' title="bbox 1085 1080 1799 1124; baseline -0.004 -11"><span class='ocrx_word' id='word_1_388' title='bbox 1085 1083 1178 1113; x_wconf 87' lang='lat' dir='ltr'>etiam</span> <span class='ocrx_word' id='word_1_389' title='bbox 1196 1085 1263 1114; x_wconf 92' lang='lat' dir='ltr'>sine</span> <span class='ocrx_word' id='word_1_390' title='bbox 1289 1083 1531 1124; x_wconf 80' lang='lat' dir='ltr'>promulgatione</span> <span class='ocrx_word' id='word_1_391' title='bbox 1556 1087 1625 1112; x_wconf 82' lang='lat' dir='ltr'>ante</span> <span class='ocrx_word' id='word_1_392' title='bbox 1648 1080 1799 1111; x_wconf 83' lang='lat' dir='ltr'>festivita-</span> 
     </span>
     <span class='ocr_line' id='line_1_71' title="bbox 1086 1124 1798 1157; baseline -0.004 -1"><span class='ocrx_word' id='word_1_393' title='bbox 1086 1131 1159 1156; x_wconf 87' lang='lat' dir='ltr'>tem.</span> <span class='ocrx_word' id='word_1_394' title='bbox 1175 1131 1210 1157; x_wconf 89' lang='lat' dir='ltr'>ut</span> <span class='ocrx_word' id='word_1_395' title='bbox 1230 1127 1309 1156; x_wconf 88' lang='lat' dir='ltr'>enim</span> <span class='ocrx_word' id='word_1_396' title='bbox 1326 1125 1458 1156; x_wconf 89' lang='lat' dir='ltr'>Romani</span> <span class='ocrx_word' id='word_1_397' title='bbox 1474 1125 1576 1155; x_wconf 84' lang='lat' dir='ltr'>tribus</span> <span class='ocrx_word' id='word_1_398' title='bbox 1591 1124 1738 1154; x_wconf 86' lang='lat' dir='ltr'>nundinis</span> <span class='ocrx_word' id='word_1_399' title='bbox 1752 1124 1798 1153; x_wconf 89' lang='lat' dir='ltr'>le-</span> 
     </span>
     <span class='ocr_line' id='line_1_72' title="bbox 1086 1168 1801 1209; baseline -0.003 -10"><span class='ocrx_word' id='word_1_400' title='bbox 1086 1179 1141 1209; x_wconf 88' lang='lat' dir='ltr'>ges</span> <span class='ocrx_word' id='word_1_401' title='bbox 1157 1179 1228 1199; x_wconf 84' lang='lat' dir='ltr'>suas</span> <span class='ocrx_word' id='word_1_402' title='bbox 1244 1175 1313 1199; x_wconf 89' lang='lat' dir='ltr'>ante</span> <span class='ocrx_word' id='word_1_403' title='bbox 1326 1169 1548 1209; x_wconf 82' lang='lat' dir='ltr'>proponebant,</span> <span class='ocrx_word' id='word_1_404' title='bbox 1557 1178 1646 1207; x_wconf 89' lang='lat' dir='ltr'>quam</span> <span class='ocrx_word' id='word_1_405' title='bbox 1660 1168 1801 1197; x_wconf 77' lang='lat' dir='ltr'>fereban-</span> 
     </span>
     <span class='ocr_line' id='line_1_73' title="bbox 1087 1211 1801 1252; baseline -0.003 -11"><span class='ocrx_word' id='word_1_406' title='bbox 1087 1218 1137 1241; x_wconf 87' lang='lat' dir='ltr'>tur</span> <span class='ocrx_word' id='word_1_407' title='bbox 1153 1213 1191 1241; x_wconf 84' lang='lat' dir='ltr'>ad</span> <span class='ocrx_word' id='word_1_408' title='bbox 1208 1212 1365 1252; x_wconf 88' lang='lat' dir='ltr'>populum,</span> <span class='ocrx_word' id='word_1_409' title='bbox 1382 1216 1415 1241; x_wconf 91' lang='lat' dir='ltr'>ut</span> <span class='ocrx_word' id='word_1_410' title='bbox 1430 1211 1571 1241; x_wconf 87' lang='lat' dir='ltr'>omnibus</span> <span class='ocrx_word' id='word_1_411' title='bbox 1594 1211 1673 1241; x_wconf 85' lang='lat' dir='ltr'>soret</span> <span class='ocrx_word' id='word_1_412' title='bbox 1687 1221 1801 1250; x_wconf 83' lang='lat' dir='ltr'>cogno-</span> 
     </span>
     <span class='ocr_line' id='line_1_74' title="bbox 1087 1253 1799 1294; baseline -0.004 -9"><span class='ocrx_word' id='word_1_413' title='bbox 1087 1255 1194 1285; x_wconf 83' lang='lat' dir='ltr'>scendi</span> <span class='ocrx_word' id='word_1_414' title='bbox 1218 1259 1369 1294; x_wconf 89' lang='lat' dir='ltr'>potestas,</span> <span class='ocrx_word' id='word_1_415' title='bbox 1394 1259 1534 1284; x_wconf 88' lang='lat' dir='ltr'>essentne</span> <span class='ocrx_word' id='word_1_416' title='bbox 1560 1253 1693 1291; x_wconf 86' lang='lat' dir='ltr'>idoneae,</span> <span class='ocrx_word' id='word_1_417' title='bbox 1724 1264 1799 1293; x_wconf 90' lang='lat' dir='ltr'>quas</span> 
     </span>
     <span class='ocr_line' id='line_1_75' title="bbox 1087 1297 1798 1337; baseline -0.003 -9"><span class='ocrx_word' id='word_1_418' title='bbox 1087 1299 1275 1337; x_wconf 81' lang='lat' dir='ltr'>acciperent,</span> <span class='ocrx_word' id='word_1_419' title='bbox 1305 1308 1423 1328; x_wconf 87' lang='lat' dir='ltr'>necue:</span> <span class='ocrx_word' id='word_1_420' title='bbox 1461 1298 1506 1327; x_wconf 89' lang='lat' dir='ltr'>sio</span> <span class='ocrx_word' id='word_1_421' title='bbox 1535 1297 1740 1327; x_wconf 85' lang='lat' dir='ltr'>Athenienses</span> <span class='ocrx_word' id='word_1_422' title='bbox 1767 1297 1798 1326; x_wconf 92' lang='lat' dir='ltr'>in</span> 
     </span>
     <span class='ocr_line' id='line_1_76' title="bbox 1088 1341 1801 1381; baseline -0.003 -10"><span class='ocrx_word' id='word_1_423' title='bbox 1088 1341 1151 1371; x_wconf 80' lang='lat' dir='ltr'>suis</span> <span class='ocrx_word' id='word_1_424' title='bbox 1168 1341 1288 1381; x_wconf 79' lang='lat' dir='ltr'>legibus</span> <span class='ocrx_word' id='word_1_425' title='bbox 1303 1341 1438 1370; x_wconf 86' lang='lat' dir='ltr'>ferendis</span> <span class='ocrx_word' id='word_1_426' title='bbox 1454 1344 1570 1371; x_wconf 85' lang='lat' dir='ltr'>certum</span> <span class='ocrx_word' id='word_1_427' title='bbox 1581 1344 1704 1379; x_wconf 86' lang='lat' dir='ltr'>tempus</span> <span class='ocrx_word' id='word_1_428' title='bbox 1719 1350 1801 1380; x_wconf 87' lang='lat' dir='ltr'>prae-</span> 
     </span>
     <span class='ocr_line' id='line_1_77' title="bbox 1089 1384 1799 1423; baseline -0.001 -9"><span class='ocrx_word' id='word_1_429' title='bbox 1089 1385 1206 1414; x_wconf 83' lang='lat' dir='ltr'>finitum</span> <span class='ocrx_word' id='word_1_430' title='bbox 1229 1384 1394 1420; x_wconf 79' lang='lat' dir='ltr'>habebant,</span> <span class='ocrx_word' id='word_1_431' title='bbox 1415 1394 1475 1423; x_wconf 81' lang='lat' dir='ltr'>quo</span> <span class='ocrx_word' id='word_1_432' title='bbox 1497 1388 1742 1423; x_wconf 83' lang='lat' dir='ltr'>proponerentur</span> <span class='ocrx_word' id='word_1_433' title='bbox 1767 1384 1799 1413; x_wconf 89' lang='lat' dir='ltr'>in</span> 
     </span>
     <span class='ocr_line' id='line_1_78' title="bbox 1090 1425 1801 1467; baseline 0 -11"><span class='ocrx_word' id='word_1_434' title='bbox 1090 1427 1206 1467; x_wconf 83' lang='lat' dir='ltr'>scripto</span> <span class='ocrx_word' id='word_1_435' title='bbox 1222 1426 1346 1467; x_wconf 67' lang='grc' dir='ltr'><strong><em>πςόσθεν</em></strong></span> <span class='ocrx_word' id='word_1_436' title='bbox 1361 1429 1415 1456; x_wconf 75' lang='grc' dir='ltr'><strong><em>τῶν</em></strong></span> <span class='ocrx_word' id='word_1_437' title='bbox 1430 1425 1599 1466; x_wconf 67' lang='grc' dir='ltr'><strong><em>ἐπωνύμων,</em></strong></span> <span class='ocrx_word' id='word_1_438' title='bbox 1619 1427 1641 1456; x_wconf 92' lang='lat' dir='ltr'>i.</span> <span class='ocrx_word' id='word_1_439' title='bbox 1669 1431 1738 1456; x_wconf 91' lang='lat' dir='ltr'>ante</span> <span class='ocrx_word' id='word_1_440' title='bbox 1755 1427 1801 1456; x_wconf 79' lang='lat' dir='ltr'>ef-</span> 
     </span>
     <span class='ocr_line' id='line_1_79' title="bbox 1089 1470 1801 1510; baseline -0.001 -10"><span class='ocrx_word' id='word_1_441' title='bbox 1089 1471 1177 1510; x_wconf 82' lang='lat' dir='ltr'>figies</span> <span class='ocrx_word' id='word_1_442' title='bbox 1194 1476 1224 1500; x_wconf 90' lang='lat' dir='ltr'>et</span> <span class='ocrx_word' id='word_1_443' title='bbox 1237 1476 1353 1500; x_wconf 82' lang='lat' dir='ltr'>statuas</span> <span class='ocrx_word' id='word_1_444' title='bbox 1368 1472 1519 1506; x_wconf 87' lang='lat' dir='ltr'>Heroum,</span> <span class='ocrx_word' id='word_1_445' title='bbox 1530 1480 1548 1499; x_wconf 93' lang='lat' dir='ltr'>a</span> <span class='ocrx_word' id='word_1_446' title='bbox 1562 1470 1672 1508; x_wconf 89' lang='lat' dir='ltr'>quibus</span> <span class='ocrx_word' id='word_1_447' title='bbox 1688 1480 1801 1509; x_wconf 84' lang='lat' dir='ltr'>cogno-</span> 
     </span>
     <span class='ocr_line' id='line_1_80' title="bbox 1089 1513 1801 1552; baseline 0 -9"><span class='ocrx_word' id='word_1_448' title='bbox 1089 1515 1210 1544; x_wconf 78' lang='lat' dir='ltr'>minatae</span> <span class='ocrx_word' id='word_1_449' title='bbox 1226 1518 1294 1544; x_wconf 85' lang='lat' dir='ltr'>sunt</span> <span class='ocrx_word' id='word_1_450' title='bbox 1307 1515 1413 1544; x_wconf 86' lang='lat' dir='ltr'>decem</span> <span class='ocrx_word' id='word_1_451' title='bbox 1429 1513 1540 1548; x_wconf 86' lang='lat' dir='ltr'>tribus,</span> <span class='ocrx_word' id='word_1_452' title='bbox 1550 1514 1630 1552; x_wconf 90' lang='lat' dir='ltr'>quod</span> <span class='ocrx_word' id='word_1_453' title='bbox 1643 1513 1801 1543; x_wconf 87' lang='lat' dir='ltr'>Timocra-</span> 
     </span>
     <span class='ocr_line' id='line_1_81' title="bbox 1089 1556 1802 1597; baseline -0.001 -10"><span class='ocrx_word' id='word_1_454' title='bbox 1089 1562 1136 1587; x_wconf 90' lang='lat' dir='ltr'>tes</span> <span class='ocrx_word' id='word_1_455' title='bbox 1149 1567 1347 1597; x_wconf 82' lang='lat' dir='ltr'>praepropera</span> <span class='ocrx_word' id='word_1_456' title='bbox 1358 1556 1551 1588; x_wconf 85' lang='lat' dir='ltr'>festinatione</span> <span class='ocrx_word' id='word_1_457' title='bbox 1566 1557 1716 1595; x_wconf 89' lang='lat' dir='ltr'>praecidit.</span> <span class='ocrx_word' id='word_1_458' title='bbox 1733 1558 1802 1587; x_wconf 89' lang='lat' dir='ltr'>Ma-</span> 
     </span>
     <span class='ocr_line' id='line_1_82' title="bbox 1090 1600 1799 1640; baseline 0 -10"><span class='ocrx_word' id='word_1_459' title='bbox 1090 1601 1214 1630; x_wconf 88' lang='lat' dir='ltr'>crobius</span> <span class='ocrx_word' id='word_1_460' title='bbox 1240 1601 1319 1640; x_wconf 90' lang='lat' dir='ltr'>[Sat.</span> <span class='ocrx_word' id='word_1_461' title='bbox 1345 1602 1372 1631; x_wconf 93' lang='lat'>1.</span> <span class='ocrx_word' id='word_1_462' title='bbox 1402 1611 1470 1640; x_wconf 89' lang='lat' dir='ltr'>cap.</span> <span class='ocrx_word' id='word_1_463' title='bbox 1496 1600 1591 1630; x_wconf 89' lang='lat' dir='ltr'>XVI.</span> <span class='ocrx_word' id='word_1_464' title='bbox 1614 1610 1648 1639; x_wconf 87' lang='lat' dir='ltr'>p.</span> <span class='ocrx_word' id='word_1_465' title='bbox 1663 1602 1734 1630; x_wconf 69' lang='lat'>201.</span> <span class='ocrx_word' id='word_1_466' title='bbox 1751 1601 1799 1630; x_wconf 83' lang='lat' dir='ltr'>ed.</span> 
     </span>
     <span class='ocr_line' id='line_1_83' title="bbox 1090 1643 1796 1684; baseline -0.001 -10"><span class='ocrx_word' id='word_1_467' title='bbox 1090 1643 1202 1684; x_wconf 72' lang='lat' dir='ltr'>Zeum]</span> <span class='ocrx_word' id='word_1_468' title='bbox 1219 1648 1239 1661; x_wconf 84' lang='lat'>‘¹</span> <span class='ocrx_word' id='word_1_469' title='bbox 1254 1644 1391 1674; x_wconf 82' lang='lat' dir='ltr'>Rutilius</span> <span class='ocrx_word' id='word_1_470' title='bbox 1408 1643 1525 1681; x_wconf 87' lang='lat' dir='ltr'>scribit,</span> <span class='ocrx_word' id='word_1_471' title='bbox 1540 1644 1694 1674; x_wconf 88' lang='lat' dir='ltr'>Romanos</span> <span class='ocrx_word' id='word_1_472' title='bbox 1710 1643 1796 1674; x_wconf 89' lang='lat' dir='ltr'>insti-</span> 
     </span>
     <span class='ocr_line' id='line_1_84' title="bbox 1091 1686 1802 1726; baseline -0.001 -8"><span class='ocrx_word' id='word_1_473' title='bbox 1091 1687 1188 1718; x_wconf 86' lang='lat' dir='ltr'>tuisse</span> <span class='ocrx_word' id='word_1_474' title='bbox 1211 1688 1373 1724; x_wconf 81' lang='lat' dir='ltr'>nundinas,</span> <span class='ocrx_word' id='word_1_475' title='bbox 1398 1692 1431 1717; x_wconf 89' lang='lat' dir='ltr'>ut</span> <span class='ocrx_word' id='word_1_476' title='bbox 1454 1691 1523 1718; x_wconf 84' lang='lat' dir='ltr'>octo</span> <span class='ocrx_word' id='word_1_477' title='bbox 1545 1686 1667 1726; x_wconf 85' lang='lat' dir='ltr'>quidem</span> <span class='ocrx_word' id='word_1_478' title='bbox 1688 1688 1802 1717; x_wconf 81' lang='lat' dir='ltr'>diebus</span> 
     </span>
     <span class='ocr_line' id='line_1_85' title="bbox 1091 1731 1799 1770; baseline 0.001 -10"><span class='ocrx_word' id='word_1_479' title='bbox 1091 1731 1120 1760; x_wconf 93' lang='lat' dir='ltr'>in</span> <span class='ocrx_word' id='word_1_480' title='bbox 1140 1731 1222 1770; x_wconf 83' lang='lat' dir='ltr'>agris</span> <span class='ocrx_word' id='word_1_481' title='bbox 1246 1731 1354 1760; x_wconf 90' lang='lat' dir='ltr'>rustici</span> <span class='ocrx_word' id='word_1_482' title='bbox 1380 1741 1459 1770; x_wconf 91' lang='lat' dir='ltr'>opus</span> <span class='ocrx_word' id='word_1_483' title='bbox 1474 1732 1629 1760; x_wconf 77' lang='lat' dir='ltr'>facerent:</span> <span class='ocrx_word' id='word_1_484' title='bbox 1652 1740 1731 1760; x_wconf 90' lang='lat' dir='ltr'>nono</span> <span class='ocrx_word' id='word_1_485' title='bbox 1745 1741 1799 1761; x_wconf 83' lang='lat' dir='ltr'>au-</span> 
     </span>
     <span class='ocr_line' id='line_1_86' title="bbox 1091 1773 1802 1810; baseline -0.001 -6"><span class='ocrx_word' id='word_1_486' title='bbox 1091 1779 1152 1804; x_wconf 85' lang='lat' dir='ltr'>tem</span> <span class='ocrx_word' id='word_1_487' title='bbox 1168 1774 1219 1803; x_wconf 91' lang='lat' dir='ltr'>die</span> <span class='ocrx_word' id='word_1_488' title='bbox 1232 1773 1409 1804; x_wconf 88' lang='lat' dir='ltr'>intermisso</span> <span class='ocrx_word' id='word_1_489' title='bbox 1424 1784 1505 1810; x_wconf 81' lang='lat' dir='ltr'>rure,</span> <span class='ocrx_word' id='word_1_490' title='bbox 1516 1773 1554 1803; x_wconf 86' lang='lat' dir='ltr'>ad</span> <span class='ocrx_word' id='word_1_491' title='bbox 1574 1777 1741 1803; x_wconf 77' lang='lat' dir='ltr'>mereatum</span> <span class='ocrx_word' id='word_1_492' title='bbox 1757 1774 1802 1803; x_wconf 83' lang='lat' dir='ltr'>le-</span> 
     </span>
     <span class='ocr_line' id='line_1_87' title="bbox 1091 1817 1802 1857; baseline -0.001 -10"><span class='ocrx_word' id='word_1_493' title='bbox 1091 1828 1207 1857; x_wconf 87' lang='lat' dir='ltr'>gesque</span> <span class='ocrx_word' id='word_1_494' title='bbox 1228 1817 1423 1856; x_wconf 88' lang='lat' dir='ltr'>accipiendas</span> <span class='ocrx_word' id='word_1_495' title='bbox 1446 1818 1573 1846; x_wconf 86' lang='lat' dir='ltr'>Romam</span> <span class='ocrx_word' id='word_1_496' title='bbox 1590 1817 1745 1847; x_wconf 87' lang='lat' dir='ltr'>venirent:</span> <span class='ocrx_word' id='word_1_497' title='bbox 1771 1821 1802 1847; x_wconf 87' lang='lat' dir='ltr'>et</span> 
     </span>
     <span class='ocr_line' id='line_1_88' title="bbox 1092 1860 1801 1900; baseline 0.003 -11"><span class='ocrx_word' id='word_1_498' title='bbox 1092 1864 1126 1890; x_wconf 89' lang='lat' dir='ltr'>ut</span> <span class='ocrx_word' id='word_1_499' title='bbox 1138 1861 1215 1889; x_wconf 89' lang='lat' dir='ltr'>scita</span> <span class='ocrx_word' id='word_1_500' title='bbox 1230 1865 1321 1899; x_wconf 85' lang='lat' dir='ltr'>atque</span> <span class='ocrx_word' id='word_1_501' title='bbox 1337 1860 1475 1889; x_wconf 89' lang='lat' dir='ltr'>consulta</span> <span class='ocrx_word' id='word_1_502' title='bbox 1484 1860 1690 1899; x_wconf 86' lang='lat' dir='ltr'>frequentiore</span> <span class='ocrx_word' id='word_1_503' title='bbox 1701 1870 1801 1900; x_wconf 87' lang='lat' dir='ltr'>popu-</span> 
     </span>
     <span class='ocr_line' id='line_1_89' title="bbox 1091 1903 1801 1944; baseline 0 -12"><span class='ocrx_word' id='word_1_504' title='bbox 1091 1904 1122 1933; x_wconf 91' lang='lat' dir='ltr'>lo</span> <span class='ocrx_word' id='word_1_505' title='bbox 1135 1904 1330 1939; x_wconf 83' lang='lat' dir='ltr'>referrentur,</span> <span class='ocrx_word' id='word_1_506' title='bbox 1345 1912 1413 1942; x_wconf 85' lang='lat' dir='ltr'>quae</span> <span class='ocrx_word' id='word_1_507' title='bbox 1427 1903 1605 1933; x_wconf 86' lang='lat' dir='ltr'>trinundino</span> <span class='ocrx_word' id='word_1_508' title='bbox 1620 1903 1671 1932; x_wconf 91' lang='lat' dir='ltr'>die</span> <span class='ocrx_word' id='word_1_509' title='bbox 1685 1914 1801 1944; x_wconf 89' lang='lat' dir='ltr'>propo-</span> 
     </span>
     <span class='ocr_line' id='line_1_90' title="bbox 1092 1946 1803 1985; baseline 0 -9"><span class='ocrx_word' id='word_1_510' title='bbox 1092 1946 1161 1982; x_wconf 88' lang='lat' dir='ltr'>sita,</span> <span class='ocrx_word' id='word_1_511' title='bbox 1174 1957 1192 1976; x_wconf 87' lang='lat' dir='ltr'>a</span> <span class='ocrx_word' id='word_1_512' title='bbox 1207 1946 1348 1985; x_wconf 83' lang='lat' dir='ltr'>singulis,</span> <span class='ocrx_word' id='word_1_513' title='bbox 1366 1951 1458 1985; x_wconf 83' lang='lat' dir='ltr'>atque</span> <span class='ocrx_word' id='word_1_514' title='bbox 1478 1946 1629 1977; x_wconf 82' lang='lat' dir='ltr'>universis</span> <span class='ocrx_word' id='word_1_515' title='bbox 1644 1947 1732 1976; x_wconf 84' lang='lat' dir='ltr'>facile</span> <span class='ocrx_word' id='word_1_516' title='bbox 1748 1957 1803 1976; x_wconf 88' lang='lat' dir='ltr'>uo-</span> 
     </span>
     <span class='ocr_line' id='line_1_91' title="bbox 1092 1988 1806 2030; baseline 0.001 -11"><span class='ocrx_word' id='word_1_517' title='bbox 1092 1988 1286 2019; x_wconf 86' lang='lat' dir='ltr'>scebantur.&#39;’</span> <span class='ocrx_word' id='word_1_518' title='bbox 1329 1989 1432 2030; x_wconf 86' lang='lat' dir='ltr'>[Hinc</span> <span class='ocrx_word' id='word_1_519' title='bbox 1449 1989 1512 2026; x_wconf 85' lang='lat' dir='ltr'>lex,</span> <span class='ocrx_word' id='word_1_520' title='bbox 1537 1990 1618 2029; x_wconf 89' lang='lat' dir='ltr'>quod</span> <span class='ocrx_word' id='word_1_521' title='bbox 1642 1990 1672 2020; x_wconf 88' lang='lat' dir='ltr'>in</span> <span class='ocrx_word' id='word_1_522' title='bbox 1688 1990 1806 2029; x_wconf 87' lang='lat' dir='ltr'>scripto</span> 
     </span>
     <span class='ocr_line' id='line_1_92' title="bbox 1091 2032 1800 2075; baseline 0 -13"><span class='ocrx_word' id='word_1_523' title='bbox 1091 2033 1264 2071; x_wconf 87' lang='lat' dir='ltr'>legebatur,</span> <span class='ocrx_word' id='word_1_524' title='bbox 1305 2037 1464 2072; x_wconf 80' lang='lat' dir='ltr'>antequam</span> <span class='ocrx_word' id='word_1_525' title='bbox 1498 2034 1560 2063; x_wconf 81' lang='lat' dir='ltr'>lata</span> <span class='ocrx_word' id='word_1_526' title='bbox 1589 2037 1646 2064; x_wconf 87' lang='lat' dir='ltr'>est.</span> <span class='ocrx_word' id='word_1_527' title='bbox 1681 2032 1800 2075; x_wconf 65' lang='lat' dir='ltr'>Deum]</span> 
     </span>
     <span class='ocr_line' id='line_1_93' title="bbox 1092 2074 1804 2117; baseline -0.001 -11"><span class='ocrx_word' id='word_1_528' title='bbox 1092 2077 1201 2112; x_wconf 84' lang='lat' dir='ltr'>Vides,</span> <span class='ocrx_word' id='word_1_529' title='bbox 1218 2075 1261 2115; x_wconf 76' lang='grc' dir='ltr'>τᾷἰ</span> <span class='ocrx_word' id='word_1_530' title='bbox 1281 2074 1518 2115; x_wconf 68' lang='grc' dir='ltr'><strong><em>ωξοστῆσασθαι</em></strong></span> <span class='ocrx_word' id='word_1_531' title='bbox 1541 2076 1707 2115; x_wconf 86' lang='lat' dir='ltr'>significari</span> <span class='ocrx_word' id='word_1_532' title='bbox 1729 2076 1804 2117; x_wconf 64' lang='grc' dir='ltr'>πρό-</span> 
     </span>
     <span class='ocr_line' id='line_1_94' title="bbox 1092 2118 1802 2160; baseline 0.003 -12"><span class='ocrx_word' id='word_1_533' title='bbox 1092 2127 1191 2159; x_wconf 78' lang='grc' dir='ltr'><strong><em>φασιν.</em></strong></span> <span class='ocrx_word' id='word_1_534' title='bbox 1213 2119 1227 2148; x_wconf 76' lang='grc' dir='ltr'>ἦ</span> <span class='ocrx_word' id='word_1_535' title='bbox 1243 2120 1296 2159; x_wconf 68' lang='grc' dir='ltr'>γὰρ</span> <span class='ocrx_word' id='word_1_536' title='bbox 1307 2121 1361 2148; x_wconf 77' lang='grc' dir='ltr'><strong><em>τῶν</em></strong></span> <span class='ocrx_word' id='word_1_537' title='bbox 1376 2118 1569 2150; x_wconf 75' lang='grc' dir='ltr'><strong><em>Παναθηναίων</em></strong></span> <span class='ocrx_word' id='word_1_538' title='bbox 1583 2119 1802 2160; x_wconf 71' lang='grc' dir='ltr'><strong><em>πρόφασις-,ἆθ-</em></strong></span> 
     </span>
     <span class='ocr_line' id='line_1_95' title="bbox 1092 2161 1824 2203; baseline -0.001 -11"><span class='ocrx_word' id='word_1_539' title='bbox 1092 2166 1241 2193; x_wconf 84' lang='lat' dir='ltr'>monstrat</span> <span class='ocrx_word' id='word_1_540' title='bbox 1256 2162 1329 2201; x_wconf 93' lang='lat' dir='ltr'>quid</span> <span class='ocrx_word' id='word_1_541' title='bbox 1345 2162 1397 2198; x_wconf 88' lang='lat' dir='ltr'>sit,</span> <span class='ocrx_word' id='word_1_542' title='bbox 1411 2161 1445 2193; x_wconf 74' lang='grc' dir='ltr'>τὸ</span> <span class='ocrx_word' id='word_1_543' title='bbox 1460 2164 1512 2197; x_wconf 68' lang='grc' dir='ltr'>τῆς</span> <span class='ocrx_word' id='word_1_544' title='bbox 1532 2162 1625 2203; x_wconf 75' lang='grc' dir='ltr'><strong><em>ἑορτῆς</em></strong></span> <span class='ocrx_word' id='word_1_545' title='bbox 1639 2163 1805 2202; x_wconf 73' lang='grc' dir='ltr'><strong><em>πξοστησά-</em></strong></span> <span class='ocrx_word' id='word_1_546' title='bbox 1820 2179 1824 2184; x_wconf 90' lang='grc'><strong>-</strong></span> 
     </span>
     <span class='ocr_line' id='line_1_96' title="bbox 1091 2205 1806 2246; baseline 0.001 -12"><span class='ocrx_word' id='word_1_547' title='bbox 1091 2216 1172 2245; x_wconf 85' lang='grc' dir='ltr'><strong><em>μενος</em></strong></span> <span class='ocrx_word' id='word_1_548' title='bbox 1183 2206 1362 2244; x_wconf 77' lang='grc' dir='ltr'>κατεπεῖγον.</span> <span class='ocrx_word' id='word_1_549' title='bbox 1380 2205 1425 2246; x_wconf 85' lang='lat' dir='ltr'>[p.</span> <span class='ocrx_word' id='word_1_550' title='bbox 1444 2207 1518 2236; x_wconf 84' lang='lat'>150.</span> <span class='ocrx_word' id='word_1_551' title='bbox 1533 2206 1581 2235; x_wconf 92' lang='lat' dir='ltr'>ed.</span> <span class='ocrx_word' id='word_1_552' title='bbox 1599 2206 1656 2246; x_wconf 88' lang='lat' dir='ltr'>D.]</span> <span class='ocrx_word' id='word_1_553' title='bbox 1671 2206 1806 2236; x_wconf 79' lang='grc' dir='ltr'><strong><em>κατεπεί-</em></strong></span> 
     </span>
     <span class='ocr_line' id='line_1_97' title="bbox 1092 2247 1804 2289; baseline 0.003 -11"><span class='ocrx_word' id='word_1_554' title='bbox 1092 2259 1159 2286; x_wconf 72' lang='grc' dir='ltr'><strong><em>γειν,</em></strong></span> <span class='ocrx_word' id='word_1_555' title='bbox 1187 2253 1233 2278; x_wconf 88' lang='lat' dir='ltr'>est</span> <span class='ocrx_word' id='word_1_556' title='bbox 1249 2259 1366 2289; x_wconf 77' lang='lat' dir='ltr'>urgere,</span> <span class='ocrx_word' id='word_1_557' title='bbox 1389 2251 1512 2279; x_wconf 77' lang='lat' dir='ltr'>instare.</span> <span class='ocrx_word' id='word_1_558' title='bbox 1528 2252 1558 2278; x_wconf 85' lang='lat' dir='ltr'>et</span> <span class='ocrx_word' id='word_1_559' title='bbox 1573 2247 1606 2278; x_wconf 79' lang='grc' dir='ltr'>τὸ</span> <span class='ocrx_word' id='word_1_560' title='bbox 1625 2249 1804 2287; x_wconf 72' lang='grc' dir='ltr'><strong><em>κατεπεῖγον,</em></strong></span> 
     </span>
     <span class='ocr_line' id='line_1_98' title="bbox 1091 2291 1804 2332; baseline 0.004 -12"><span class='ocrx_word' id='word_1_561' title='bbox 1091 2302 1200 2332; x_wconf 80' lang='lat' dir='ltr'>urgens</span> <span class='ocrx_word' id='word_1_562' title='bbox 1224 2294 1382 2326; x_wconf 76' lang='lat' dir='ltr'>necessitas,</span> <span class='ocrx_word' id='word_1_563' title='bbox 1409 2292 1559 2332; x_wconf 75' lang='lat' dir='ltr'>negotium</span> <span class='ocrx_word' id='word_1_564' title='bbox 1579 2291 1654 2332; x_wconf 78' lang='lat' dir='ltr'>quod</span> <span class='ocrx_word' id='word_1_565' title='bbox 1688 2292 1804 2323; x_wconf 77' lang='lat' dir='ltr'>nullum</span> 
     </span>
     <span class='ocr_line' id='line_1_99' title="bbox 1091 2332 1805 2375; baseline 0 -10"><span class='ocrx_word' id='word_1_566' title='bbox 1091 2336 1261 2365; x_wconf 79' lang='lat' dir='ltr'>dilationem</span> <span class='ocrx_word' id='word_1_567' title='bbox 1281 2335 1413 2373; x_wconf 80' lang='lat' dir='ltr'>patitur.</span> <span class='ocrx_word' id='word_1_568' title='bbox 1440 2332 1581 2369; x_wconf 71' lang='grc' dir='ltr'><strong><em>διοίκησις,</em></strong></span> <span class='ocrx_word' id='word_1_569' title='bbox 1595 2333 1686 2375; x_wconf 78' lang='lat' dir='ltr'>festis</span> <span class='ocrx_word' id='word_1_570' title='bbox 1704 2335 1805 2366; x_wconf 75' lang='lat' dir='ltr'>diebus</span> 
     </span>
     <span class='ocr_line' id='line_1_100' title="bbox 1088 2378 1804 2418; baseline 0.001 -10"><span class='ocrx_word' id='word_1_571' title='bbox 1088 2378 1259 2417; x_wconf 79' lang='lat' dir='ltr'>procuratio</span> <span class='ocrx_word' id='word_1_572' title='bbox 1278 2378 1438 2418; x_wconf 78' lang='lat' dir='ltr'>religionis,</span> <span class='ocrx_word' id='word_1_573' title='bbox 1460 2378 1589 2416; x_wconf 79' lang='lat' dir='ltr'>impensa</span> <span class='ocrx_word' id='word_1_574' title='bbox 1613 2388 1676 2418; x_wconf 81' lang='lat' dir='ltr'>quae</span> <span class='ocrx_word' id='word_1_575' title='bbox 1687 2378 1804 2417; x_wconf 81' lang='lat' dir='ltr'>publice</span> 
     </span>
    </p>
   </div>
   <div class='ocr_carea' id='block_1_5' title="bbox 345 2418 1671 2461">
    <p class='ocr_par' dir='ltr' id='par_1_7' title="bbox 345 2418 1671 2461">
     <span class='ocr_line' id='line_1_101' title="bbox 345 2418 1671 2461; baseline 0 -11"><span class='ocrx_word' id='word_1_576' title='bbox 345 2421 406 2450; x_wconf 83' lang='lat' dir='ltr'>ciis</span> <span class='ocrx_word' id='word_1_577' title='bbox 431 2421 571 2450; x_wconf 85' lang='lat' dir='ltr'>omnibus</span> <span class='ocrx_word' id='word_1_578' title='bbox 603 2431 640 2450; x_wconf 87' lang='lat' dir='ltr'>ex</span> <span class='ocrx_word' id='word_1_579' title='bbox 665 2420 720 2450; x_wconf 92' lang='lat' dir='ltr'>illo</span> <span class='ocrx_word' id='word_1_580' title='bbox 748 2421 968 2451; x_wconf 83' lang='lat' dir='ltr'>Demosthenis</span> <span class='ocrx_word' id='word_1_581' title='bbox 989 2431 1056 2451; x_wconf 86' lang='lat' dir='ltr'>cum</span> <span class='ocrx_word' id='word_1_582' title='bbox 1082 2420 1177 2461; x_wconf 81' lang='lat' dir='ltr'>fiebat</span> <span class='ocrx_word' id='word_1_583' title='bbox 1191 2418 1310 2460; x_wconf 78' lang='lat' dir='ltr'>adfestz&#39;</span> <span class='ocrx_word' id='word_1_584' title='bbox 1322 2422 1453 2458; x_wconf 71' lang='lat' dir='ltr'>temporis</span> <span class='ocrx_word' id='word_1_585' title='bbox 1465 2420 1671 2451; x_wconf 81' lang='lat' dir='ltr'>celebritatem.</span> 
     </span>
    </p>
   </div>
   <div class='ocr_carea' id='block_1_6' title="bbox 346 2463 1060 3062">
    <p class='ocr_par' dir='ltr' id='par_1_8' title="bbox 346 2463 1060 3062">
     <span class='ocr_line' id='line_1_102' title="bbox 347 2463 1057 2504; baseline 0.003 -12"><span class='ocrx_word' id='word_1_586' title='bbox 347 2465 466 2493; x_wconf 61' lang='lat' dir='ltr'>Graecis</span> <span class='ocrx_word' id='word_1_587' title='bbox 486 2464 626 2494; x_wconf 89' lang='lat' dir='ltr'>omnibus</span> <span class='ocrx_word' id='word_1_588' title='bbox 653 2463 810 2504; x_wconf 89' lang='lat' dir='ltr'>[Philipp.</span> <span class='ocrx_word' id='word_1_589' title='bbox 834 2464 893 2494; x_wconf 91' lang='lat' dir='ltr'>IV.</span> <span class='ocrx_word' id='word_1_590' title='bbox 918 2475 949 2504; x_wconf 91' lang='lat' dir='ltr'>p.</span> <span class='ocrx_word' id='word_1_591' title='bbox 966 2464 1057 2504; x_wconf 65' lang='lat'><strong>133]</strong></span> 
     </span>
     <span class='ocr_line' id='line_1_103' title="bbox 347 2505 1059 2548; baseline 0.003 -13"><span class='ocrx_word' id='word_1_592' title='bbox 347 2505 420 2535; x_wconf 72' lang='grc' dir='ltr'><strong><em>οὕτω</em></strong></span> <span class='ocrx_word' id='word_1_593' title='bbox 444 2506 665 2546; x_wconf 64' lang='grc' dir='ltr'>διαβεβλήμεθα</span> <span class='ocrx_word' id='word_1_594' title='bbox 694 2507 743 2536; x_wconf 76' lang='grc' dir='ltr'>καὶ</span> <span class='ocrx_word' id='word_1_595' title='bbox 773 2507 1059 2548; x_wconf 63' lang='grc' dir='ltr'><strong><em>καταπεφρονήμεθα</em></strong></span> 
     </span>
     <span class='ocr_line' id='line_1_104' title="bbox 347 2548 1060 2590; baseline 0.003 -12"><span class='ocrx_word' id='word_1_596' title='bbox 347 2548 380 2578; x_wconf 75' lang='grc' dir='ltr'>ἐκ</span> <span class='ocrx_word' id='word_1_597' title='bbox 394 2549 512 2584; x_wconf 80' lang='grc' dir='ltr'><strong><em>τούτων,</em></strong></span> <span class='ocrx_word' id='word_1_598' title='bbox 533 2549 609 2579; x_wconf 73' lang='grc' dir='ltr'><strong><em>ὥστε</em></strong></span> <span class='ocrx_word' id='word_1_599' title='bbox 632 2552 690 2579; x_wconf 78' lang='grc' dir='ltr'><strong><em>τῶν</em></strong></span> <span class='ocrx_word' id='word_1_600' title='bbox 711 2549 738 2579; x_wconf 79' lang='grc' dir='ltr'><strong><em>ἐν</em></strong></span> <span class='ocrx_word' id='word_1_601' title='bbox 757 2549 838 2589; x_wconf 70' lang='grc' dir='ltr'><strong><em>αὐτῷ’</em></strong></span> <span class='ocrx_word' id='word_1_602' title='bbox 849 2551 891 2590; x_wconf 74' lang='grc' dir='ltr'>τῷ</span> <span class='ocrx_word' id='word_1_603' title='bbox 904 2550 1060 2581; x_wconf 75' lang='grc' dir='ltr'><strong><em>κινδυνεύειν</em></strong></span> 
     </span>
     <span class='ocr_line' id='line_1_105' title="bbox 346 2591 1057 2633; baseline 0.006 -13"><span class='ocrx_word' id='word_1_604' title='bbox 346 2592 441 2631; x_wconf 77' lang='grc' dir='ltr'><strong><em>ὄντων,</em></strong></span> <span class='ocrx_word' id='word_1_605' title='bbox 457 2593 478 2621; x_wconf 82' lang='grc' dir='ltr'>οῖ</span> <span class='ocrx_word' id='word_1_606' title='bbox 495 2591 560 2631; x_wconf 79' lang='grc' dir='ltr'><strong><em>μὲν,</em></strong></span> <span class='ocrx_word' id='word_1_607' title='bbox 584 2591 660 2633; x_wconf 58' lang='grc' dir='ltr'>ὑπὲρ</span> <span class='ocrx_word' id='word_1_608' title='bbox 676 2593 726 2626; x_wconf 54' lang='lat' dir='ltr'>&#39;riis</span> <span class='ocrx_word' id='word_1_609' title='bbox 737 2592 885 2632; x_wconf 70' lang='grc' dir='ltr'><strong><em>ἡγεμονίας</em></strong></span> <span class='ocrx_word' id='word_1_610' title='bbox 899 2594 967 2632; x_wconf 81' lang='grc' dir='ltr'><strong><em>ἧμῖν</em></strong></span> <span class='ocrx_word' id='word_1_611' title='bbox 980 2594 1057 2624; x_wconf 73' lang='grc' dir='ltr'><strong><em>ἄντι-</em></strong></span> 
     </span>
     <span class='ocr_line' id='line_1_106' title="bbox 347 2633 1058 2676; baseline 0.003 -13"><span class='ocrx_word' id='word_1_612' title='bbox 347 2634 487 2673; x_wconf 72' lang='grc' dir='ltr'><strong><em>λέγουσιν,</em></strong></span> <span class='ocrx_word' id='word_1_613' title='bbox 503 2635 525 2664; x_wconf 80' lang='grc' dir='ltr'>οἱ</span> <span class='ocrx_word' id='word_1_614' title='bbox 548 2633 572 2664; x_wconf 72' lang='grc' dir='ltr'>δ’</span> <span class='ocrx_word' id='word_1_615' title='bbox 594 2635 670 2674; x_wconf 65' lang='grc' dir='ltr'>ὑπὲξ</span> <span class='ocrx_word' id='word_1_616' title='bbox 690 2637 740 2665; x_wconf 74' lang='grc' dir='ltr'>τοῦ</span> <span class='ocrx_word' id='word_1_617' title='bbox 765 2637 818 2666; x_wconf 82' lang='grc' dir='ltr'>ποῦ</span> <span class='ocrx_word' id='word_1_618' title='bbox 839 2636 1058 2676; x_wconf 74' lang='grc' dir='ltr'><strong><em>συνεδρεύσουσι.</em></strong></span> 
     </span>
     <span class='ocr_line' id='line_1_107' title="bbox 349 2677 1059 2718; baseline 0.001 -11"><span class='ocrx_word' id='word_1_619' title='bbox 349 2679 465 2717; x_wconf 79' lang='lat' dir='ltr'>saepius</span> <span class='ocrx_word' id='word_1_620' title='bbox 495 2677 575 2707; x_wconf 85' lang='lat' dir='ltr'>enim</span> <span class='ocrx_word' id='word_1_621' title='bbox 597 2679 743 2714; x_wconf 80' lang='lat' dir='ltr'>Athenas,</span> <span class='ocrx_word' id='word_1_622' title='bbox 764 2679 928 2718; x_wconf 86' lang='lat' dir='ltr'>aliquando</span> <span class='ocrx_word' id='word_1_623' title='bbox 950 2680 1059 2709; x_wconf 90' lang='lat' dir='ltr'>Corin-</span> 
     </span>
     <span class='ocr_line' id='line_1_108' title="bbox 347 2721 1058 2760; baseline 0 -8"><span class='ocrx_word' id='word_1_624' title='bbox 347 2722 434 2752; x_wconf 84' lang='lat' dir='ltr'>thum</span> <span class='ocrx_word' id='word_1_625' title='bbox 456 2726 508 2750; x_wconf 90' lang='lat' dir='ltr'>aut</span> <span class='ocrx_word' id='word_1_626' title='bbox 522 2721 684 2760; x_wconf 86' lang='lat' dir='ltr'>Sicyonem</span> <span class='ocrx_word' id='word_1_627' title='bbox 703 2722 937 2757; x_wconf 86' lang='lat' dir='ltr'>conveniebant,</span> <span class='ocrx_word' id='word_1_628' title='bbox 953 2722 1003 2752; x_wconf 88' lang='lat' dir='ltr'>ubi</span> <span class='ocrx_word' id='word_1_629' title='bbox 1020 2723 1058 2752; x_wconf 84' lang='lat' dir='ltr'>de</span> 
     </span>
     <span class='ocr_line' id='line_1_109' title="bbox 348 2763 1059 2803; baseline 0.001 -9"><span class='ocrx_word' id='word_1_630' title='bbox 348 2763 561 2794; x_wconf 86' lang='lat' dir='ltr'>communibus</span> <span class='ocrx_word' id='word_1_631' title='bbox 583 2763 716 2803; x_wconf 87' lang='lat' dir='ltr'>negotiis</span> <span class='ocrx_word' id='word_1_632' title='bbox 739 2770 875 2803; x_wconf 82' lang='lat' dir='ltr'>agerent.</span> <span class='ocrx_word' id='word_1_633' title='bbox 919 2765 976 2795; x_wconf 81' lang='lat' dir='ltr'>Sed</span> <span class='ocrx_word' id='word_1_634' title='bbox 1002 2766 1059 2795; x_wconf 89' lang='lat' dir='ltr'>hoc</span> 
     </span>
     <span class='ocr_line' id='line_1_110' title="bbox 348 2807 1058 2846; baseline 0.003 -10"><span class='ocrx_word' id='word_1_635' title='bbox 348 2818 408 2837; x_wconf 89' lang='lat' dir='ltr'>non</span> <span class='ocrx_word' id='word_1_636' title='bbox 424 2807 547 2837; x_wconf 87' lang='lat' dir='ltr'>videtur</span> <span class='ocrx_word' id='word_1_637' title='bbox 562 2811 740 2846; x_wconf 86' lang='lat' dir='ltr'>perpetuum</span> <span class='ocrx_word' id='word_1_638' title='bbox 755 2807 863 2842; x_wconf 82' lang='lat' dir='ltr'>fuisse,</span> <span class='ocrx_word' id='word_1_639' title='bbox 881 2818 916 2837; x_wconf 83' lang='lat' dir='ltr'>ac</span> <span class='ocrx_word' id='word_1_640' title='bbox 928 2812 1058 2838; x_wconf 84' lang='lat' dir='ltr'>tantum-</span> 
     </span>
     <span class='ocr_line' id='line_1_111' title="bbox 348 2849 1059 2889; baseline 0.003 -10"><span class='ocrx_word' id='word_1_641' title='bbox 348 2851 441 2879; x_wconf 80' lang='lat' dir='ltr'>modo</span> <span class='ocrx_word' id='word_1_642' title='bbox 467 2850 647 2880; x_wconf 88' lang='lat' dir='ltr'>necessariis</span> <span class='ocrx_word' id='word_1_643' title='bbox 668 2849 746 2888; x_wconf 77' lang='lat' dir='ltr'>reip.</span> <span class='ocrx_word' id='word_1_644' title='bbox 770 2851 974 2889; x_wconf 89' lang='lat' dir='ltr'>temporibus,</span> <span class='ocrx_word' id='word_1_645' title='bbox 990 2862 1059 2881; x_wconf 83' lang='lat' dir='ltr'>cnm</span> 
     </span>
     <span class='ocr_line' id='line_1_112' title="bbox 348 2893 1060 2932; baseline 0.004 -10"><span class='ocrx_word' id='word_1_646' title='bbox 348 2893 466 2922; x_wconf 89' lang='lat' dir='ltr'>bellum</span> <span class='ocrx_word' id='word_1_647' title='bbox 502 2893 625 2932; x_wconf 84' lang='lat' dir='ltr'>aliquod</span> <span class='ocrx_word' id='word_1_648' title='bbox 665 2902 759 2932; x_wconf 85' lang='lat' dir='ltr'>grave</span> <span class='ocrx_word' id='word_1_649' title='bbox 793 2893 996 2932; x_wconf 85' lang='lat' dir='ltr'>impenderet,</span> <span class='ocrx_word' id='word_1_650' title='bbox 1028 2900 1060 2925; x_wconf 87' lang='lat' dir='ltr'>ut</span> 
     </span>
     <span class='ocr_line' id='line_1_113' title="bbox 349 2935 1059 2976; baseline 0.004 -12"><span class='ocrx_word' id='word_1_651' title='bbox 349 2936 498 2974; x_wconf 89' lang='lat' dir='ltr'>quondam</span> <span class='ocrx_word' id='word_1_652' title='bbox 526 2946 543 2964; x_wconf 88' lang='lat' dir='ltr'>a</span> <span class='ocrx_word' id='word_1_653' title='bbox 572 2935 685 2971; x_wconf 88' lang='lat' dir='ltr'>Medis,</span> <span class='ocrx_word' id='word_1_654' title='bbox 707 2945 785 2965; x_wconf 87' lang='lat' dir='ltr'>nunc</span> <span class='ocrx_word' id='word_1_655' title='bbox 807 2946 875 2965; x_wconf 87' lang='lat' dir='ltr'>cum</span> <span class='ocrx_word' id='word_1_656' title='bbox 902 2936 1059 2976; x_wconf 84' lang='lat' dir='ltr'>Philippo.</span> 
     </span>
     <span class='ocr_line' id='line_1_114' title="bbox 349 2977 1059 3019; baseline 0.001 -12"><span class='ocrx_word' id='word_1_657' title='bbox 349 2979 429 3008; x_wconf 68' lang='lat' dir='ltr'>liaec</span> <span class='ocrx_word' id='word_1_658' title='bbox 446 2988 501 3008; x_wconf 88' lang='lat' dir='ltr'>nos</span> <span class='ocrx_word' id='word_1_659' title='bbox 517 2982 549 3008; x_wconf 89' lang='lat' dir='ltr'>et</span> <span class='ocrx_word' id='word_1_660' title='bbox 564 2978 651 3017; x_wconf 87' lang='lat' dir='ltr'>plura</span> <span class='ocrx_word' id='word_1_661' title='bbox 665 2978 846 3018; x_wconf 83' lang='lat' dir='ltr'>collegimus</span> <span class='ocrx_word' id='word_1_662' title='bbox 870 2977 896 3008; x_wconf 83' lang='grc' dir='ltr'><strong><em>ἐν</em></strong></span> <span class='ocrx_word' id='word_1_663' title='bbox 916 2978 957 3019; x_wconf 65' lang='grc' dir='ltr'>τῇ</span> <span class='ocrx_word' id='word_1_664' title='bbox 979 2985 1059 3019; x_wconf 85' lang='grc' dir='ltr'><strong><em>Συμ-</em></strong></span> 
     </span>
     <span class='ocr_line' id='line_1_115' title="bbox 351 3019 1060 3062; baseline 0.001 -11"><span class='ocrx_word' id='word_1_665' title='bbox 351 3019 493 3062; x_wconf 73' lang='grc' dir='ltr'><strong><em>πολιτείᾳ,</em></strong></span> <span class='ocrx_word' id='word_1_666' title='bbox 517 3031 605 3061; x_wconf 84' lang='lat' dir='ltr'>quam</span> <span class='ocrx_word' id='word_1_667' title='bbox 622 3021 794 3062; x_wconf 87' lang='lat' dir='ltr'>composui,</span> <span class='ocrx_word' id='word_1_668' title='bbox 815 3031 907 3062; x_wconf 87' lang='lat' dir='ltr'>quum</span> <span class='ocrx_word' id='word_1_669' title='bbox 924 3022 962 3059; x_wconf 87' lang='lat' dir='ltr'>de</span> <span class='ocrx_word' id='word_1_670' title='bbox 984 3023 1060 3053; x_wconf 84' lang='lat' dir='ltr'>Uni-</span> 
     </span>
    </p>
   </div>
   <div class='ocr_carea' id='block_1_7' title="bbox 1091 2462 1806 3063">
    <p class='ocr_par' dir='ltr' id='par_1_9' title="bbox 1091 2462 1805 2752">
     <span class='ocr_line' id='line_1_116' title="bbox 1135 2462 1804 2504; baseline 0 -12"><span class='ocrx_word' id='word_1_671' title='bbox 1135 2481 1178 2486; x_wconf 88' lang='lat'>—-</span> <span class='ocrx_word' id='word_1_672' title='bbox 1190 2464 1266 2493; x_wconf 90' lang='lat' dir='ltr'>ibid.</span> <span class='ocrx_word' id='word_1_673' title='bbox 1281 2463 1347 2493; x_wconf 69' lang='grc' dir='ltr'><strong><em>εἶτα</em></strong></span> <span class='ocrx_word' id='word_1_674' title='bbox 1362 2462 1583 2494; x_wconf 78' lang='grc' dir='ltr'><strong><em>ἐπισπασθῶσιν</em></strong></span> <span class='ocrx_word' id='word_1_675' title='bbox 1597 2463 1715 2494; x_wconf 78' lang='grc' dir='ltr'><strong><em>ἕκαστοι</em></strong></span> <span class='ocrx_word' id='word_1_676' title='bbox 1730 2462 1804 2504; x_wconf 60' lang='grc' dir='ltr'>πέζα</span> 
     </span>
     <span class='ocr_line' id='line_1_117' title="bbox 1092 2505 1802 2548; baseline 0.003 -13"><span class='ocrx_word' id='word_1_677' title='bbox 1092 2507 1143 2536; x_wconf 76' lang='grc' dir='ltr'>τοῦ</span> <span class='ocrx_word' id='word_1_678' title='bbox 1166 2505 1359 2546; x_wconf 57' lang='grc' dir='ltr'><strong><em>συμφέροντος</em></strong></span> <span class='ocrx_word' id='word_1_679' title='bbox 1381 2506 1504 2542; x_wconf 78' lang='grc' dir='ltr'><strong><em>ἑαυτοῖς,</em></strong></span> <span class='ocrx_word' id='word_1_680' title='bbox 1529 2507 1596 2546; x_wconf 71' lang='grc' dir='ltr'><strong><em>ἡμῖν</em></strong></span> <span class='ocrx_word' id='word_1_681' title='bbox 1612 2507 1802 2548; x_wconf 60' lang='grc' dir='ltr'><strong><em>πολεμῆσαι]</em></strong></span> 
     </span>
     <span class='ocr_line' id='line_1_118' title="bbox 1091 2549 1805 2591; baseline 0 -12"><span class='ocrx_word' id='word_1_682' title='bbox 1091 2549 1331 2587; x_wconf 75' lang='grc' dir='ltr'><strong><em>Ἐφελκυσθῶσιν,</em></strong></span> <span class='ocrx_word' id='word_1_683' title='bbox 1346 2549 1552 2580; x_wconf 78' lang='lat' dir='ltr'>attrahantur.</span> <span class='ocrx_word' id='word_1_684' title='bbox 1564 2550 1657 2580; x_wconf 91' lang='lat' dir='ltr'>Hom.</span> <span class='ocrx_word' id='word_1_685' title='bbox 1671 2550 1805 2591; x_wconf 82' lang='lat' dir='ltr'>[Odyss.</span> 
     </span>
     <span class='ocr_line' id='line_1_119' title="bbox 1093 2590 1801 2634; baseline 0 -12"><span class='ocrx_word' id='word_1_686' title='bbox 1093 2592 1224 2622; x_wconf 85' lang='lat' dir='ltr'>XVIII.</span> <span class='ocrx_word' id='word_1_687' title='bbox 1237 2593 1306 2633; x_wconf 59' lang='lat'>702]</span> <span class='ocrx_word' id='word_1_688' title='bbox 1331 2590 1348 2623; x_wconf 81' lang='grc' dir='ltr'>’ἦ</span> <span class='ocrx_word' id='word_1_689' title='bbox 1372 2592 1461 2634; x_wconf 78' lang='grc' dir='ltr'><strong><em>τάχει</em></strong></span> <span class='ocrx_word' id='word_1_690' title='bbox 1477 2591 1549 2632; x_wconf 68' lang='grc' dir='ltr'><strong><em>’Ἶςος</em></strong></span> <span class='ocrx_word' id='word_1_691' title='bbox 1578 2592 1651 2633; x_wconf 54' lang='lat'>&amp;2204-</span> <span class='ocrx_word' id='word_1_692' title='bbox 1671 2592 1801 2622; x_wconf 81' lang='grc' dir='ltr'><strong><em>ἐπίσπα-</em></strong></span> 
     </span>
     <span class='ocr_line' id='line_1_120' title="bbox 1092 2634 1805 2675; baseline -0.003 -9"><span class='ocrx_word' id='word_1_693' title='bbox 1092 2647 1160 2666; x_wconf 85' lang='grc' dir='ltr'><strong><em>στον</em></strong></span> <span class='ocrx_word' id='word_1_694' title='bbox 1182 2634 1266 2665; x_wconf 76' lang='grc' dir='ltr'><strong><em>κακὸν</em></strong></span> <span class='ocrx_word' id='word_1_695' title='bbox 1288 2635 1355 2675; x_wconf 75' lang='grc' dir='ltr'><strong><em>ἕξει.</em></strong></span> <span class='ocrx_word' id='word_1_696' title='bbox 1385 2635 1605 2665; x_wconf 83' lang='lat' dir='ltr'>concitabimus</span> <span class='ocrx_word' id='word_1_697' title='bbox 1623 2636 1652 2665; x_wconf 85' lang='lat' dir='ltr'>in</span> <span class='ocrx_word' id='word_1_698' title='bbox 1674 2645 1741 2671; x_wconf 87' lang='lat' dir='ltr'>nos,</span> <span class='ocrx_word' id='word_1_699' title='bbox 1757 2636 1805 2665; x_wconf 91' lang='lat' dir='ltr'>in-</span> 
     </span>
     <span class='ocr_line' id='line_1_121' title="bbox 1093 2679 1804 2719; baseline 0 -11"><span class='ocrx_word' id='word_1_700' title='bbox 1093 2679 1171 2718; x_wconf 89' lang='lat' dir='ltr'>quit,</span> <span class='ocrx_word' id='word_1_701' title='bbox 1187 2688 1433 2719; x_wconf 90' lang='lat' dir='ltr'>unumquemque</span> <span class='ocrx_word' id='word_1_702' title='bbox 1456 2688 1573 2713; x_wconf 88' lang='lat' dir='ltr'>eorum,</span> <span class='ocrx_word' id='word_1_703' title='bbox 1588 2688 1664 2718; x_wconf 88' lang='lat' dir='ltr'>quos</span> <span class='ocrx_word' id='word_1_704' title='bbox 1679 2688 1804 2709; x_wconf 86' lang='lat' dir='ltr'>enume-</span> 
     </span>
     <span class='ocr_line' id='line_1_122' title="bbox 1092 2732 1171 2752; baseline -0.013 0"><span class='ocrx_word' id='word_1_705' title='bbox 1092 2732 1171 2752; x_wconf 83' lang='lat' dir='ltr'>ravi.</span> 
     </span>
    </p>

    <p class='ocr_par' dir='ltr' id='par_1_10' title="bbox 1093 2762 1806 3063">
     <span class='ocr_line' id='line_1_123' title="bbox 1135 2762 1803 2805; baseline -0.001 -10"><span class='ocrx_word' id='word_1_706' title='bbox 1135 2783 1180 2788; x_wconf 92' lang='lat'>—</span> <span class='ocrx_word' id='word_1_707' title='bbox 1201 2774 1275 2805; x_wconf 85' lang='lat' dir='ltr'>pen.</span> <span class='ocrx_word' id='word_1_708' title='bbox 1298 2763 1408 2797; x_wconf 72' lang='grc' dir='ltr'><strong><em>ἑαυτοῖς</em></strong></span> <span class='ocrx_word' id='word_1_709' title='bbox 1434 2762 1517 2804; x_wconf 74' lang='grc' dir='ltr'><strong><em>ἡμῖν]</em></strong></span> <span class='ocrx_word' id='word_1_710' title='bbox 1551 2763 1627 2802; x_wconf 88' lang='lat' dir='ltr'>Ulp.</span> <span class='ocrx_word' id='word_1_711' title='bbox 1657 2762 1721 2793; x_wconf 68' lang='grc' dir='ltr'><strong><em>ἀντὶ</em></strong></span> <span class='ocrx_word' id='word_1_712' title='bbox 1751 2765 1803 2795; x_wconf 73' lang='grc' dir='ltr'>τοῦ</span> 
     </span>
     <span class='ocr_line' id='line_1_124' title="bbox 1094 2806 1804 2847; baseline -0.001 -9"><span class='ocrx_word' id='word_1_713' title='bbox 1094 2808 1162 2847; x_wconf 70' lang='grc' dir='ltr'><strong><em>ὑμῖν</em></strong></span> <span class='ocrx_word' id='word_1_714' title='bbox 1173 2808 1292 2842; x_wconf 65' lang='grc' dir='ltr'>ἁπλῶς.</span> <span class='ocrx_word' id='word_1_715' title='bbox 1308 2808 1370 2837; x_wconf 89' lang='lat' dir='ltr'>Sed</span> <span class='ocrx_word' id='word_1_716' title='bbox 1386 2806 1560 2845; x_wconf 83' lang='lat' dir='ltr'>disjunctim</span> <span class='ocrx_word' id='word_1_717' title='bbox 1575 2806 1699 2845; x_wconf 86' lang='lat' dir='ltr'>legitur.</span> <span class='ocrx_word' id='word_1_718' title='bbox 1718 2807 1804 2837; x_wconf 86' lang='lat' dir='ltr'>Alio-</span> 
     </span>
     <span class='ocr_line' id='line_1_125' title="bbox 1094 2848 1806 2890; baseline 0 -10"><span class='ocrx_word' id='word_1_719' title='bbox 1094 2851 1167 2890; x_wconf 88' lang='lat' dir='ltr'>quin</span> <span class='ocrx_word' id='word_1_720' title='bbox 1189 2851 1285 2881; x_wconf 87' lang='lat' dir='ltr'>Attici</span> <span class='ocrx_word' id='word_1_721' title='bbox 1305 2851 1383 2890; x_wconf 73' lang='grc' dir='ltr'>ὑμᾶς</span> <span class='ocrx_word' id='word_1_722' title='bbox 1402 2848 1518 2882; x_wconf 79' lang='grc' dir='ltr'><strong><em>ἑαυτοὺς</em></strong></span> <span class='ocrx_word' id='word_1_723' title='bbox 1542 2853 1573 2878; x_wconf 85' lang='lat' dir='ltr'>et</span> <span class='ocrx_word' id='word_1_724' title='bbox 1597 2850 1674 2888; x_wconf 73' lang='grc' dir='ltr'>ἡμᾶς</span> <span class='ocrx_word' id='word_1_725' title='bbox 1688 2849 1806 2885; x_wconf 76' lang='grc' dir='ltr'><strong><em>ἑαυτοὺς</em></strong></span> 
     </span>
     <span class='ocr_line' id='line_1_126' title="bbox 1094 2891 1803 2933; baseline -0.004 -10"><span class='ocrx_word' id='word_1_726' title='bbox 1094 2895 1201 2923; x_wconf 83' lang='lat' dir='ltr'>dicunt</span> <span class='ocrx_word' id='word_1_727' title='bbox 1210 2904 1267 2933; x_wconf 87' lang='lat' dir='ltr'>pro</span> <span class='ocrx_word' id='word_1_728' title='bbox 1277 2893 1389 2928; x_wconf 79' lang='grc' dir='ltr'><strong><em>αὐτοὺς,</em></strong></span> <span class='ocrx_word' id='word_1_729' title='bbox 1402 2897 1434 2922; x_wconf 92' lang='lat' dir='ltr'>ut</span> <span class='ocrx_word' id='word_1_730' title='bbox 1446 2892 1578 2921; x_wconf 86' lang='lat' dir='ltr'>Budaeus</span> <span class='ocrx_word' id='word_1_731' title='bbox 1588 2891 1688 2922; x_wconf 88' lang='lat' dir='ltr'>docet.</span> <span class='ocrx_word' id='word_1_732' title='bbox 1705 2893 1803 2924; x_wconf 73' lang='lat' dir='ltr'>Arist.</span> 
     </span>
     <span class='ocr_line' id='line_1_127' title="bbox 1095 2933 1805 2977; baseline -0.001 -11"><span class='ocrx_word' id='word_1_733' title='bbox 1095 2936 1338 2977; x_wconf 78' lang='lat' dir='ltr'>[problematum</span> <span class='ocrx_word' id='word_1_734' title='bbox 1355 2940 1430 2965; x_wconf 85' lang='lat' dir='ltr'>sect.</span> <span class='ocrx_word' id='word_1_735' title='bbox 1446 2933 1582 2975; x_wconf 64' lang='lat' dir='ltr'>XXX]</span> <span class='ocrx_word' id='word_1_736' title='bbox 1599 2933 1642 2964; x_wconf 74' lang='grc' dir='ltr'>ὅτι</span> <span class='ocrx_word' id='word_1_737' title='bbox 1658 2935 1670 2964; x_wconf 81' lang='grc' dir='ltr'>ὁ</span> <span class='ocrx_word' id='word_1_738' title='bbox 1686 2935 1750 2969; x_wconf 68' lang='grc' dir='ltr'>θεὸς</span> <span class='ocrx_word' id='word_1_739' title='bbox 1762 2935 1805 2977; x_wconf 78' lang='grc' dir='ltr'>ἔρ-</span> 
     </span>
     <span class='ocr_line' id='line_1_128' title="bbox 1094 2975 1803 3019; baseline 0.001 -12"><span class='ocrx_word' id='word_1_740' title='bbox 1094 2990 1168 3017; x_wconf 73' lang='grc' dir='ltr'><strong><em>γανα</em></strong></span> <span class='ocrx_word' id='word_1_741' title='bbox 1181 2978 1208 3008; x_wconf 80' lang='grc' dir='ltr'><strong><em>ἐν</em></strong></span> <span class='ocrx_word' id='word_1_742' title='bbox 1221 2979 1289 3018; x_wconf 71' lang='grc' dir='ltr'><strong><em>ἡμῖν</em></strong></span> <span class='ocrx_word' id='word_1_743' title='bbox 1299 2978 1409 3012; x_wconf 78' lang='grc' dir='ltr'><strong><em>ἑαυτοῖς</em></strong></span> <span class='ocrx_word' id='word_1_744' title='bbox 1424 2976 1524 3007; x_wconf 76' lang='grc' dir='ltr'><strong><em>δέδωκε</em></strong></span> <span class='ocrx_word' id='word_1_745' title='bbox 1540 2976 1595 3014; x_wconf 81' lang='grc' dir='ltr'><strong><em>δύο,</em></strong></span> <span class='ocrx_word' id='word_1_746' title='bbox 1609 2975 1635 3007; x_wconf 84' lang='grc' dir='ltr'><strong><em>ἐν</em></strong></span> <span class='ocrx_word' id='word_1_747' title='bbox 1650 2976 1687 3013; x_wconf 72' lang='grc' dir='ltr'>οῖς</span> <span class='ocrx_word' id='word_1_748' title='bbox 1697 2978 1803 3019; x_wconf 61' lang='grc' dir='ltr'><strong><em>χρησό-</em></strong></span> 
     </span>
     <span class='ocr_line' id='line_1_129' title="bbox 1093 3019 1802 3063; baseline -0.003 -9"><span class='ocrx_word' id='word_1_749' title='bbox 1093 3021 1173 3062; x_wconf 79' lang='grc' dir='ltr'>μεθα</span> <span class='ocrx_word' id='word_1_750' title='bbox 1187 3022 1247 3057; x_wconf 75' lang='grc' dir='ltr'><strong><em>τοῖς·</em></strong></span> <span class='ocrx_word' id='word_1_751' title='bbox 1261 3020 1341 3057; x_wconf 78' lang='grc' dir='ltr'><strong><em>ἐκτὸς</em></strong></span> <span class='ocrx_word' id='word_1_752' title='bbox 1356 3020 1482 3062; x_wconf 58' lang='grc' dir='ltr'><strong><em>ὀργάνοις.</em></strong></span> <span class='ocrx_word' id='word_1_753' title='bbox 1508 3021 1596 3063; x_wconf 59' lang='grc' dir='ltr'><strong><em>χεῖρα</em></strong></span> <span class='ocrx_word' id='word_1_754' title='bbox 1612 3019 1659 3051; x_wconf 78' lang='grc' dir='ltr'>καὶ</span> <span class='ocrx_word' id='word_1_755' title='bbox 1675 3022 1729 3052; x_wconf 75' lang='grc' dir='ltr'><strong><em>νοῦν</em></strong></span> <span class='ocrx_word' id='word_1_756' title='bbox 1742 3021 1802 3052; x_wconf 76' lang='lat' dir='ltr'>sci-</span> 
     </span>
    </p>
   </div>
  </div>
 </body>
</html>
