1931 3322
677 483 716 533 I.
751 484 791 532 I.
826 481 1096 531 REISKII

739 607 1043 647 ANNOTATA

863 721 909 742 AD

611 801 1170 857 PROOEMIA.

205 1005 275 1043 Quo
303 1009 440 1045 tempore
460 1005 526 1036 haec
544 1004 644 1036 literis
668 1005 790 1040 mando,
809 1005 876 1035 dies

163 1053 210 1079 est
232 1051 282 1079 17.
297 1049 380 1079 Junii
406 1051 502 1080 1769.
524 1049 564 1079 ad
586 1049 720 1088 ¹primum
748 1049 877 1087 legenda

162 1093 276 1123 accedo
291 1093 356 1123 haec
365 1093 526 1132 prooemia,
539 1103 606 1132 quae
617 1092 735 1127 nescio,
751 1102 810 1131 qua
822 1092 878 1121 du·

161 1141 230 1165 ctus
252 1135 452 1177 praejudicata
474 1136 664 1172 aversatione
691 1142 780 1164 antea
805 1144 878 1164 con-

162 1182 334 1209 temseram.
347 1185 535 1219 quapropter
549 1189 609 1209 non
625 1177 722 1208 ausim
738 1178 878 1208 meditati

162 1222 323 1261 quicquam
344 1231 375 1252 et
390 1223 502 1252 maturi
517 1223 555 1253 ad
576 1222 642 1251 haec
659 1222 879 1261 gymnasmatia

161 1265 343 1304 promittere
359 1266 533 1303 allaturum,
551 1266 606 1295 sed
625 1276 661 1294 ea
674 1265 879 1301 solummodo,

163 1319 232 1347 quae
256 1309 354 1348 prima
379 1309 484 1346 lectio,
508 1320 577 1339 cum
602 1308 796 1338 contentione
819 1319 878 1338 nou

163 1352 314 1382 acerrima
328 1357 483 1392 suggerat.

210 1397 304 1426 1420.
317 1398 367 1425 17.
381 1394 639 1435 μεταλαμβάνειν]
657 1405 714 1424 non
727 1394 880 1433 intelligo.

165 1438 262 1468 Estne
283 1439 362 1468 idem
383 1444 476 1479 atque
495 1439 730 1479 μεταγινώσκειν,
749 1444 878 1468 mentem

165 1486 296 1517 mutare,
316 1483 406 1512 aliam
431 1483 508 1512 inire
530 1483 611 1512 viam
639 1481 833 1511 consiliorum
850 1488 881 1511 et

165 1534 266 1554 rerum
282 1527 482 1564 gerendarum
497 1527 507 1556 ?
532 1526 664 1555 videtur.

210 1570 305 1598 14021.
325 1569 380 1598 ult.
403 1568 434 1610 ἢ]
459 1569 560 1599 malim
584 1566 643 1604 οἷον,
661 1568 728 1598 scil.
745 1567 880 1597 πάθοιτε.

165 1611 217 1641 vel
234 1611 258 1641 δ’.
274 1622 304 1641 v.
322 1622 351 1642 v.
369 1615 422 1642 ⁶24.

212 1656 305 1685 1423.
321 1657 371 1685 16.
385 1654 494 1684 δύναιτό
506 1655 566 1695 τις]
583 1659 634 1684 aut
648 1666 693 1688 τις
705 1655 882 1689 delendum,

166 1701 220 1727 aut
232 1708 301 1727 cum
316 1699 363 1737 τῷ
377 1699 554 1728 mutandum
575 1699 705 1727 videtur.
734 1699 793 1727 Sed
809 1698 882 1727 dedi

165 1741 205 1770 de
229 1751 298 1771 meo
322 1740 453 1772 ὁστισοῦν
476 1741 595 1778 δύναιτο,
623 1741 680 1776 δ’,τι
705 1740 814 1780 διδάξαι
835 1742 882 1783 (iu

166 1784 334 1823 optativo).
349 1786 486 1815 oratione
495 1786 532 1815 ad
542 1785 706 1824 idquoque
717 1785 882 1821 adducere,

168 1828 249 1866 quod
264 1827 495 1858 demonstrarit.

214 1873 309 1901 1424.
323 1875 375 1900 11.
390 1870 456 1912 ἤπερ
468 1870 502 1912 ἃ]
516 1871 587 1900 dedi
604 1871 642 1900 de
658 1881 725 1900 meo
740 1870 755 1902 ἢ
772 1870 839 1911 παρ’
853 1870 884 1906 ἃ,

170 1923 260 1942 secus
294 1918 384 1952 atque
423 1924 482 1952 ego
513 1914 612 1943 sentio
647 1914 883 1944 saluberrimum

173 1966 253 1986 esse.

214 1999 309 2029 1425.
326 2001 354 2029 4.
373 1999 394 2029 οἳ
410 2001 591 2040 παςαχρῆμα
603 1998 683 2037 ’λόγοι
697 1999 749 2041 χ.]
763 2000 863 2030 malim
877 2011 883 2029 :

171 2041 193 2072 οἱ
207 2041 282 2080 λόγοι
294 2044 343 2073 τὴν
355 2044 540 2084 παραχρῆμα
554 2043 648 2083 χάριν.

214 2103 256 2108 -—-
273 2088 324 2115 1⁰2.
340 2086 362 2115 εἰ
377 2086 405 2115 δέ
421 2088 559 2116 σκοπεῖτε
570 2086 627 2126 —-]
650 2085 671 2114 f.
690 2085 712 2115 εἴ
728 2085 756 2116 δὲ
769 2087 887 2115 σκοπεῖν

171 2128 223 2164 δεῖ,
238 2127 269 2159 τί
279 2129 326 2157 καὶ
340 2128 486 2164 Βούλεσθε,
499 2130 535 2163 ὡς
545 2127 576 2158 ἒιι
585 2131 642 2158 τῶν
655 2129 677 2170 fi.
691 2129 886 2169 εὐδοκιμῆσαι,

170 2171 200 2201 οὗ
224 2171 290 2206 δέον,
316 2171 363 2200 οὐκ
389 2171 485 2214 ὀρθῶς.
529 2173 582 2202 sin
606 2177 704 2202 autem
724 2173 885 2213 explorare

171 2220 305 2254 oportet,
331 2215 404 2254 quid
433 2215 535 2245 velitis
563 2215 635 2250 diei,
663 2221 695 2244 ut
721 2221 822 2246 orator
846 2226 885 2245 ex

171 2258 308 2288 oratioue
325 2269 379 2287 sua
392 2259 513 2288 laudem
530 2263 731 2298 consequatur
743 2260 789 2300 (id
805 2259 886 2299 quod

173 2301 254 2331 haud
271 2302 372 2335 decet.
388 2309 472 2332 recte
488 2312 545 2332 non
559 2301 675 2339 habet).

219 2346 314 2375 1427.
324 2347 376 2375 15.
390 2345 492 2386 «ἕνα-’σεξ
503 2344 534 2374 ἐκ
545 2345 650 2387 γένους]
668 2346 688 2375 f.
703 2346 799 2386 ὥσπες
814 2346 887 2386 ἱερω-

174 2387 255 2418 σύνην
270 2386 301 2416 ἐκ
315 2387 414 2426 γένους.

217 2449 259 2453 ———
276 2433 328 2461 27.
343 2433 398 2461 τῶν
412 2431 522 2473 ἄλλων]
540 2437 610 2471 post
623 2433 678 2461 τῶν
692 2432 788 2462 ἄλλων
802 2431 888 2461 vide—

172 2479 223 2505 tur
238 2474 448 2514 ἅμαςτῆματα
463 2475 582 2504 deesse.

217 2535 260 2540 —-
276 2527 346 2556 pen.
371 2518 401 2548 οὐ
413 2518 575 2559 χαριεῖται]
601 2518 622 2547 f.
637 2518 693 2559 οὐχ
711 2518 821 2559 ὁρᾶται,
836 2522 888 2548 aut

175 2561 269 2591 ποιεῖν
278 2579 319 2583 —-
331 2560 387 2602 οὐχ
401 2562 531 2600 αἱρεῖται.

218 2606 314 2635 14Ξ9.
335 2604 385 2634 17.
401 2604 457 2644 τὰ]
475 2614 532 2633 non
549 2604 681 2634 cohaeret
693 2615 765 2634 cum
781 2605 887 2644 proxi-

174 2657 224 2677 mo
239 2647 419 2687 πράγματα,
434 2648 488 2677 sed
504 2658 572 2677 cum
584 2648 741 2678 remotiori
756 2654 889 2689 λελυμα-

173 2688 280 2731 σμένα.

219 2736 314 2765 1430.
331 2735 359 2764 9.
384 2732 449 2773 τοῦ]
471 2733 544 2763 dedi
560 2734 599 2763 de
617 2743 684 2764 meo
708 2732 722 2765 ἢ
744 2734 805 2764 τοῦ.
828 2744 888 2763 non

175 2774 426 2807 minusvestrum'
441 2782 606 2817 est,›quam
623 2778 702 2817 ejus,
717 2777 769 2817 qui
783 2782 890 2807 auctor

175 2819 280 2850 fuerit.

219 2864 314 2894 1434.
330 2864 360 2894 5.
374 2862 574 2905 καῖ-μέχρι]
584 2863 692 2893 lacuna
703 2863 750 2893 hic
760 2863 820 2893 loci
833 2867 890 2893 est.

221 2908 325 2943 -22,
339 2906 534 2948 ὑπαρχόντων]
552 2911 625 2947 post
635 2906 827 2948 ὑπαςχόντων,
839 2912 891 2936 aut

179 2947 209 2977 in
223 2948 279 2978 hac
300 2949 434 2987 regione,
455 2951 565 2980 deesse
581 2949 704 2980 videtur
720 2951 824 2986 δηλοῦν,
839 2954 892 2980 aut

180 2990 281 3063 ελίΙιηίΙε
307 2992 392 3032 quid.
424 2993 530 3024 addidi
558 3003 598 3023 ex
624 2993 726 3024 indice
753 2993 890 3024 [lambini

207 3044 287 3071 εγειν.

954 1006 1049 1035 1436.
1066 1015 1138 1045 pen.
1163 1004 1284 1047 τούτων]
1312 1010 1384 1045 post
1399 1005 1505 1036 τούτων
1521 1006 1626 1038 addidi

910 1050 975 1078 τῶν.
991 1048 1064 1078 illos
1081 1049 1180 1088 ipsos,
1201 1049 1230 1078 in
1249 1059 1299 1079 res
1320 1055 1421 1090 gestas
1445 1050 1626 1082 invehentes

911 1102 1022 1130 easque
1038 1092 1309 1131 reprehendentes.

953 1151 997 1157 —-
1013 1135 1071 1164 ult.
1094 1134 1142 1164 καῖ
1158 1136 1257 1176 ὑμᾶς]
1279 1136 1347 1166 scil.
1363 1135 1470 1166 εἶδέναι.
1491 1143 1542 1167 aut
1564 1138 1627 1178 leg.

912 1182 958 1207 est
975 1178 1068 1217 ὑμεῖς,
1084 1178 1151 1208 scil.
1167 1178 1273 1209 οἴδατε.

956 1223 1051 1252 1437.
1064 1225 1115 1252 10.
1132 1220 1291 1263 δυνηθῶσιν]
1307 1223 1373 1253 scil.
1389 1224 1411 1253 οἱ
1424 1222 1630 1263 ἀντιλέγοντες.

912 1265 1020 1295 eodem
1036 1265 1129 1295 etiam
1146 1266 1224 1295 redit
1240 1264 1356 1304 ἕξουσιν.

956 1310 1051 1338 1438.
1067 1310 1120 1339 2‘2.
1145 1308 1167 1338 οἳ
1189 1308 1259 1351 μὲν]
1288 1310 1355 1340 scil.
1377 1307 1463 1351 ἐροῦσι
1485 1320 1523 1340 ex
1549 1310 1630 1341 inse-

911 1357 1024 1391 quente
1041 1350 1103 1392 ἐρεῖ.

957 1398 1052 1426 1440.
1075 1397 1106 1425 6.
1135 1396 1187 1429 τῆς
1214 1394 1369 1437 ἀμελείας]
1400 1396 1558 1427 articulum
1589 1398 1629 1427 de

913 1448 982 1467 meo
998 1438 1113 1468 addidi.
1139 1440 1254 1477 pendet
1270 1440 1317 1470 hie
1334 1440 1487 1480 genitivus
1504 1451 1520 1470 e
1541 1451 1632 1481 supe·

915 1482 988 1511 riori
1006 1493 1033 1510 v.
1049 1480 1199 1521 ὑπερβολὴν
1212 1494 1242 1512 v.
1255 1486 1286 1514 3.

959 1528 1054 1555 1441.
1075 1529 1123 1555 11.
1146 1526 1196 1555 τοῦ
1209 1525 1308 1568 λόγου]
1332 1527 1434 1556 malim
1449 1531 1500 1556 aut
1516 1528 1566 1556 τοῦ
1582 1525 1632 1557 λέ-

915 1574 1049 1606 γειν,-ειυῐ
1063 1571 1117 1597 τῶν
1131 1568 1227 1605 λόγων.

958 1629 1002 1634 ——
1018 1615 1070 1643 22.
1095 1612 1328 1653 ἀωοκεκώλωιεν]
1353 1613 1457 1643 malim
1481 1614 1634 1644 ἅποκεκώ-

916 1661 1005 1684 λυκεν.

957 1716 1000 1720 -
1015 1708 1086 1737 pen.
1112 1699 1173 1740 ὁρῶν
1197 1698 1375 1740 ἦγουμένους]
1402 1699 1476 1729 dedi
1501 1699 1540 1730 de
1566 1711 1633 1731 meo

916 1741 978 1781 ὅςᾶν
995 1740 1169 1782 ἲπουμένους.
1187 1754 1216 1772 v.
1232 1744 1372 1782 Hesych.
1387 1753 1416 1772 v.
1434 1743 1634 1784 ἰππουμένους.

962 1788 1056 1816 1442.
1078 1795 1148 1825 pen.
1171 1785 1218 1815 τὸν
1240 1786 1347 1828 χρόνον]
1373 1786 1476 1816 malim
1501 1789 1635 1817 τοσοῦτον

916 1827 1018 1869 χρόνον.

961 1873 1056 1902 1443.
1072 1874 1103 1902 Q.
1127 1870 1283 1914 παξουσία]
1311 1883 1369 1902 nou
1388 1873 1549 1903 damnabo.
1578 1875 1633 1904 sed

918 1913 1098 1944 insolentior
1113 1921 1159 1945 est
1180 1917 1208 1945 h.
1225 1916 1245 1945 l.
1265 1916 1373 1945 dictio.
1396 1917 1506 1946 melius
1521 1927 1635 1947 conve-

918 1957 999 1987 niret
1014 1957 1169 1997 μετουεία,
1186 1963 1235 1988 aut
1252 1957 1406 2000 περιουσία.

960 2018 1002 2022 -—-
1018 2005 1047 2031 4.
1065 2001 1142 2042 ἰδεῖν]
1160 2002 1289 2041 primum
1307 2002 1393 2031 uncis
1408 2002 1532 2033 inclusi.
1546 2014 1633 2043 pror-

919 2053 971 2072 sus
988 2044 1142 2075 delevisse
1159 2046 1353 2084 praestiterat.

961 2104 1004 2109 —
1023 2090 1072 2118 12.
1095 2087 1136 2117 δ’τι
1153 2089 1175 2118 οἳ
1192 2087 1274 2130 τότε]
1297 2089 1354 2118 hoc
1371 2087 1414 2118 δ’τι
1429 2089 1571 2120 iteratum
1587 2097 1636 2122 est

919 2140 1133 2170 epexegeseos
1164 2133 1272 2171 gratia,
1306 2137 1340 2162 ut
1370 2133 1561 2171 praemissum
1591 2134 1635 2164 δ’τι

920 2183 975 2212 per
985 2174 1042 2203 hoc
1055 2175 1182 2204 alterum
1194 2175 1223 2204 ei
1236 2176 1406 2214 subjeetum
1417 2177 1637 2208 declararetur.

922 2216 1051 2256 perinde
1067 2219 1154 2247 nobis
1169 2220 1238 2253 erit,
1256 2230 1292 2248 ac-
1309 2219 1334 2248 si
1355 2220 1467 2249 Orator
1483 2221 1633 2252 dixisset:

922 2259 1072 2292 τουτὲο-τιν
1087 2260 1131 2290 ὅτι
1148 2262 1169 2291 οῖ
1186 2260 1264 2291 τότε.

963 2321 1006 2326 —
1025 2306 1075 2335 13.
1095 2304 1248 2345 ποιήσητε]
1273 2305 1405 2335 subaudi
1419 2305 1467 2334 καὶ
1482 2308 1535 2337 νῖν.

963 2364 1007 2369 —
1022 2351 1074 2378 14.
1098 2349 1157 2382 τοῖς
1172 2348 1240 2377 τότε
1257 2348 1382 2389 δόξασιν]
1399 2359 1468 2388 quae
1485 2361 1564 2381 nunc
1580 2351 1636 2381 im-

922 2391 1058 2430 probatis
1074 2396 1104 2421 et
1121 2392 1296 2429 exagitatis.
1323 2393 1402 2421 unde
1420 2397 1515 2431 patet,
1530 2396 1636 2433 proxi-

922 2444 1004 2463 mum
1033 2436 1169 2464 συνειπεῖν
1193 2436 1269 2464 bene
1295 2435 1417 2471 habere,
1443 2436 1597 2468 immerito
1620 2450 1638 2469 a

922 2477 1040 2508 Wolfio
1056 2484 1215 2507 vexatum.

963 2537 1007 2542 —
1020 2522 1071 2550 15.
1087 2521 1199 2562 ταῦτα]
1213 2526 1285 2559 post
1293 2522 1391 2552 ταῦτα
1401 2522 1524 2553 videtur
1536 2525 1636 2562 λαβὴν,

904 2585 907 2586 .
923 2563 972 2593 vel
989 2564 1090 2593 simile
1107 2564 1193 2603 quid,
1209 2565 1328 2595 deesse.

964 2624 1007 2629 -
1023 2609 1073 2637 16.
1099 2607 1221 2649 τούτων]
1246 2619 1282 2639 ea
1297 2608 1365 2638 scil.
1379 2619 1446 2648 quae
1463 2621 1518 2641 vos
1534 2611 1590 2642 hac
1607 2613 1637 2642 in

922 2650 1072 2680 concione
1087 2651 1270 2681 decernetis.

965 2711 1008 2716 -
1025 2696 1075 2725 19.
1090 2694 1183 2736 μήτε]
1197 2695 1269 2724 dedi
1284 2696 1323 2725 de
1340 2706 1408 2726 meo
1423 2697 1510 2735 μηδὲ.
1526 2708 1560 2728 ne
1574 2699 1637 2737 ipsa

923 2737 1037 2777 quidem
1052 2747 1071 2765 a
1084 2737 1159 2767 vobis
1171 2738 1297 2768 decreta.

967 2798 1010 2803 —
1025 2783 1077 2810 21.
1101 2780 1173 2811 εἴητε
1191 2780 1216 2811 δ’
1229 2781 1340 2823 ὥσπερ]
1363 2783 1412 2812 hic
1429 2783 1539 2813 desunt
1555 2795 1637 2823 quae-

924 2823 1005 2852 dam.
1026 2823 1085 2853 nisi
1101 2823 1166 2854 haec
1190 2825 1231 2854 sit
1254 2826 1423 2856 sententia:
1446 2836 1506 2865 quo
1526 2826 1587 2862 fiat,
1603 2834 1639 2858 ut

925 2866 993 2896 sitis
1008 2867 1040 2896 in
1058 2872 1209 2906 potestate
1231 2878 1347 2905 eorum,
1371 2868 1422 2908 qui
1446 2869 1536 2908 primi
1553 2870 1638 2900 dixe-

925 2909 996 2946 rint,
1034 2909 1161 2949 perinde
1196 2916 1286 2951 atque
1316 2911 1426 2941 sedilia
1454 2912 1484 2942 in
1520 2913 1639 2945 theatro

926 2963 1030 2982 eorum
1047 2959 1131 2989 snut,
1147 2954 1199 2992 qui
1214 2954 1304 2993 primi
1321 2964 1523 2992 occupavere.

971 2999 1064 3027 1444.
1083 2998 1113 3026 9.
1138 2996 1262 3036 εἰδότας]
1281 3002 1351 3035 post
1365 2997 1475 3032 εἰδότας
1490 3000 1639 3031 autdeest

926 3039 1013 3078 ὑμῗις,
1030 3045 1081 3070 aut
1098 3047 1180 3070 certe
1192 3040 1436 3072 subaudiendiun
1452 3046 1509 3072 est.
