1948 3322
393 190 476 231 AD
510 187 878 230 ORATIONEM
916 188 1035 229 PRO
1070 188 1336 229 CORONA.

178 314 220 318 —-
241 298 292 326 23.
315 296 478 337 χρήσεσθε]
509 296 630 327 correxi
659 295 842 338 χρήσασθαι.

138 340 289 378 quomodo
305 343 431 369 tractare
447 339 600 379 negotium
618 339 788 379 praecipio?

180 399 224 404 --
237 385 288 414 24.
308 381 400 421 τούτῳ
424 383 506 412 πάνυ
529 395 580 422 μοι
606 381 773 424 ωςοσέχετε
798 381 844 412 τὸν

138 425 207 465 νοῦν]
223 435 278 454 non
290 425 439 455 redundat
449 437 512 466 μοι,
525 436 624 465 neque
638 425 843 460 solummodo,

136 472 171 498 ut
186 467 261 498 alias
276 477 369 507 saepe,
386 469 480 504 velim,
494 479 595 509 quaeso,
612 469 775 508 significat,
788 470 842 498 sed

139 511 215 540 hoo:
237 509 329 550 τούτῳ
344 510 386 550 τῷ
399 511 480 551 μέςει
503 513 552 542 τοῦ
569 511 639 552 ἐμοῦ
655 511 748 550 λόγου.
773 512 843 541 huic

136 552 216 594 parti
229 563 305 582 meae
317 554 536 594 disputationis
551 555 712 585 attendite.

178 597 253 627 288.
263 597 293 627 2.
303 599 498 640 κατατυχεῖν]
512 603 560 628 est
573 597 706 637 speratis
719 602 750 627 et
762 608 842 652 qum-

136 638 204 670 sitis
218 639 322 679 potiri.
345 641 467 671 videtur
485 648 583 675 tamen
596 641 689 671 lectio
702 642 780 670 κατὰ
792 641 843 671 τύ-

135 692 202 724 χην,
216 684 308 713 nescio
319 695 375 725 quo
389 694 458 716 casu
464 684 610 726 fortuito,
625 689 785 724 praestare.

176 742 220 748 ·-
234 728 266 756 7.
286 726 335 756 οὐκ
354 726 431 758 εἶπον
450 728 574 769 μὲν-ᾔ]
599 728 752 758 celebrem
775 728 843 758 h.l.

134 768 210 798 citat
223 769 396 800 Alexander
413 771 540 808 Rhet0r‚
555 782 587 812 p.
604 773 656 803 68.
682 772 843 801 Phoebam—

133 821 204 841 mon
218 822 249 851 p.
268 814 340 844 132.

177 871 220 878 -—-
237 857 288 886 1'7.
301 855 337 886 σὲ
358 855 386 887 δὲ
408 856 479 898 μηδ’
492 856 560 899 ἥξω]
579 857 663 888 Citat
678 858 708 888 h.
722 857 744 888 l.
760 859 843 888 Hei-

132 907 252 938 mogen.
264 910 293 939 p.
306 901 381 931 339.

175 959 219 964 —
233 944 286 973 21.
300 942 369 973 κατ’
381 941 478 974 ἐκεῖνον
498 942 545 973 τὸν
565 942 669 984 καιξόν]
691 944 756 974 haec
772 955 842 974 ver-

134 985 184 1020 ba,
206 989 346 1026 tanquam
370 987 521 1017 scholium
544 987 684 1017 adverbii
698 987 778 1023 τότε,
797 987 842 1017 ci-

136 1029 204 1058 tans
218 1028 247 1058 h.
259 1029 281 1058 l.
297 1029 411 1060 omittit
425 1031 641 1070 Hermogenes
657 1042 688 1070 p.
707 1032 782 1061 556.

179 1089 223 1094 —
239 1074 291 1102 24.
306 1073 441 1114 προσῆκε]
459 1074 495 1103 ad
513 1075 634 1114 προσῖκε
658 1074 737 1103 adde
752 1073 845 1114 πράτ-

136 1123 204 1150 τειν,
224 1115 264 1144 ob
286 1116 497 1155 insequentem
520 1115 739 1151 accusativum,
762 1117 844 1155 quod

135 1157 314 1196 insequente
329 1158 436 1188 dativo
451 1169 580 1189 necesse
595 1169 655 1188 non
668 1159 757 1188 foret.

179 1217 222 1222 —
249 1201 304 1231 ult.
333 1200 426 1232 ἐπειδὴ
436 1202 504 1243 ——]
533 1203 590 1232 Est
619 1201 846 1232 anacoluthum.

139 1243 293 1282 Apodosis
308 1243 419 1284 incipit
438 1256 468 1285 p.
486 1247 561 1277 289.
577 1245 628 1275 25.
646 1255 664 1275 a
681 1246 784 1276 verbis
807 1244 845 1275 διὸ

132 1285 272 1317 δέδοκται.

180 1331 254 1362 289.
270 1331 323 1360 19.
337 1330 383 1361 καὶ
398 1329 484 1372 ἰδίοις]
501 1331 577 1371 quid
592 1330 652 1361 sibi
669 1331 769 1361 velint
790 1342 844 1371 op-

136 1372 210 1413 pida
220 1373 354 1412 propria,
374 1384 434 1405 non
457 1374 606 1414 intelligo.
629 1375 679 1404 cui
695 1375 845 1414 propria!

135 1425 197 1446 non
225 1421 310 1447 certe
339 1417 497 1458 Philippo.
529 1428 586 1448 cur
615 1418 695 1448 enim
724 1424 845 1458 raperet

137 1458 208 1498 ipse
229 1460 306 1495 sua.
327 1460 502 1502 suspicatus
526 1461 691 1500 aliquando
715 1461 769 1497 fui,
783 1461 846 1501 leg.

139 1512 210 1532 esse
237 1501 285 1532 καὶ
310 1503 340 1534 οὗ
366 1503 475 1545 φιλίας.
501 1504 620 1544 oppida
646 1505 846 1535 barbarorum

137 1545 334 1584 populorum,
355 1547 515 1578 nobiseum
533 1547 683 1578 societate
696 1548 780 1578 nulla
795 1558 846 1578 co-

136 1589 254 1628 putata,
276 1594 330 1620 aut
349 1590 397 1621 καὶ
418 1591 466 1622 οὐκ
489 1589 568 1626 ἶδίαςι
590 1601 690 1631 neque
705 1590 846 1630 proprias

135 1631 378 1670 Atheniensium,
406 1634 436 1664 in
469 1636 541 1673 jure
573 1639 664 1674 atque
693 1639 846 1673 potestate

135 1685 240 1705 eorum
254 1675 306 1708 sit.
319 1677 368 1708 die
379 1677 461 1708 nicht
477 1677 542 1708 ihre
557 1676 763 1708 Unterthanen
778 1678 845 1708 sind

137 1716 222 1758 [they
235 1718 330 1750 which
344 1731 396 1751 ατε
411 1725 461 1751 not
475 1731 551 1761 your
567 1720 720 1761 suly‘ectsJ.

175 1764 280 1794 -20-
293 1761 430 1807 ἔλαττον]
446 1764 577 1795 subaudi
593 1776 643 1795 του
655 1763 786 1803 ἐγκαλεῖν
798 1763 846 1793 καὶ

134 1805 339 1845 τιμωρεῖσθαι.

177 1849 253 1879 290.
265 1852 318 1881 ⁶²1.
340 1849 502 1892 συγγενείᾳ]
526 1851 604 1881 bene
625 1851 728 1881 habet.
748 1861 847 1889 neque

135 1892 236 1930 quoad
256 1894 480 1932 cognationem,
493 1904 592 1933 neque
603 1898 753 1933 quatenus
766 1895 847 1932 ejus-

136 1934 206 1964 dem
221 1935 354 1967 nationis
367 1937 456 1966 ambo
471 1937 578 1976 populi
594 1941 675 1967 sunt.
702 1937 847 1967 Germani

136 1986 254 2014 omnes,
268 1984 418 2017 quatenus
442 1980 588 2010 Germani
603 1984 684 2016 sunt,
711 1979 847 2020 ὁμόφυλοι

136 2024 220 2057 sunt,
235 2028 398 2052 consortes
414 2023 553 2061 ejusdem
573 2023 716 2058 nationis,
738 2028 768 2052 at
787 2033 846 2052 non

136 2062 210 2095 item
232 2066 388 2103 συγγενεῖς,
410 2066 489 2096 inter
512 2075 546 2096 se
567 2066 698 2106 cognati.
731 2066 847 2096 Verum

133 2106 273 2138 Thebani
287 2109 431 2139 dicuntur
443 2109 473 2138 h.
487 2109 507 2138 l.
520 2119 590 2139 cum
607 2106 848 2139 Atheniensibus

133 2159 193 2180 non
209 2151 300 2181 modo
316 2151 462 2192 ὁμόφυλοι,
482 2151 514 2181 id
537 2153 619 2191 quod
639 2152 720 2182 inter
743 2162 848 2182 omnes

133 2197 265 2229 constat,
281 2195 371 2225 ambo
386 2196 466 2225 enim
483 2196 600 2225 Graecae
622 2194 729 2234 stirpis
749 2200 846 2231 erant,

133 2237 189 2266 sed
205 2237 295 2267 etiam
313 2238 459 2277 sanguine
475 2238 554 2268 inter
570 2249 604 2268 se
618 2237 741 2277 cognati
757 2249 844 2269 esse·
838 2262 846 2276 ,

133 2279 174 2311 de
196 2290 257 2320 quo
279 2281 355 2311 mihi
381 2292 440 2311 non
466 2287 605 2319 constat3
627 2282 759 2311 fortasse
781 2293 848 2322 my-

134 2322 330 2363 thologicis'
322 2335 352 2355 m
378 2320 562 2364 labyrinthis
587 2325 699 2355 versati
715 2326 847 2356 certiora

132 2375 190 2396 nos
212 2367 253 2398 de
274 2368 486 2398 Thebanorum
509 2379 577 2398 cum
605 2368 846 2399 Atheniensibus

134 2418 191 2448 per
204 2409 314 2441 heroas
325 2411 476 2450 mythicos
488 2411 667 2451 cognatione
682 2412 846 2442 docebunt.

177 2468 221 2475 -
236 2455 289 2486 25.
310 2454 488 2494 κατήγαγον]
512 2455 614 2485 malim
630 2455 847 2495 κατηγάγομεν,

135 2495 175 2524 ob
190 2495 355 2536 insequens
371 2497 588 2537 ὑπεδεξάμεθα.

181 2556 226 2562 --
240 2543 294 2572 27.
310 2540 452 2582 Οἰδίπουν]
470 2541 620 2581 OEdipum
640 2542 846 2573 Athenienses

135 2584 211 2614 tanti
225 2584 376 2620 fecerunt,
398 2590 433 2613 ut
447 2595 534 2624 paene
548 2585 580 2614 in
600 2595 725 2616 numero
748 2586 846 2616 numi·

135 2638 219 2664 num,
232 2632 316 2658 certe
337 2628 476 2664 heroum,
504 2628 553 2658 vel
577 2629 740 2658 Semonum
756 2630 846 2659 habe-

134 2675 213 2701 rent.
227 2675 259 2702 et
274 2671 423 2707 Thebani,
438 2681 508 2701 ossa
521 2673 586 2711 ejus
597 2672 634 2701 ab
649 2671 846 2702 Atheniensi-

137 2714 195 2744 hus
204 2718 391 2754 repetentes,
403 2714 508 2744 testati
521 2719 603 2750 sunt,
614 2725 671 2744 non
684 2719 744 2745 tam
756 2716 845 2755 parvi

137 2757 286 2798 OEdipum
301 2769 320 2788 a
335 2768 368 2788 se
383 2757 460 2795 fleri,
479 2768 579 2797 neque
599 2762 660 2788 tam
681 2758 848 2796 abhorreri,

136 2803 227 2840 atque
241 2801 339 2831 Wolf
345 2801 444 2831 voluit
455 2801 651 2840 persuadere.

179 2845 253 2875 291.
266 2846 318 2875 14.
332 2842 348 2875 ’ἦ
363 2843 418 2884 μὲν
429 2844 515 2875 τοίνυν
522 2845 579 2885 -]
595 2843 794 2875 Marcellinus
808 2845 846 2875 ad

139 2885 286 2927 Hermog-
301 2898 331 2928 p.
341 2890 415 2920 205.
437 2886 543 2927 ἐδίδαξε
559 2888 588 2919 δὲ
604 2887 651 2918 καὶ
670 2888 682 2918 ὃ
699 2888 787 2929 fivia-mg
801 2888 849 2918 τᾶν

136 2929 187 2958 τοῦ
199 2929 340 2970 ὅρίζισθιιι
352 2930 461 2972 τρόπον.
483 2930 602 2962 καθόλου
615 2933 670 2972 γὰρ
686 2943 734 2962 ουκ
753 2930 779 2962 ἐν
799 2931 847 2972 δ’ςῳ

134 2970 223 3024 μόνον,
237 2973 306 3003 ἀλλ’
319 2972 345 3003 ἐν
360 2976 435 3004 πᾶσι
450 2975 509 3009 τοῖς
523 2974 800 3015 ἅμφισβητησίμοις
816 2975 848 3016 ἐξ

136 3013 270 3058 ina-tem
281 3015 400 3058 ὄςίζιτοιι
414 3017 480 3059 πρός
494 3030 527 3049 τε
542 3017 577 3049 τὸ
590 3018 686 3049 ἑαυτὸν
699 3020 846 3050 συστῆσαι

1538 185 1589 225 79

877 295 925 324 καὶ
948 294 996 324 τὸν
1017 291 1150 324 ἀντίδικον
1173 294 1325 327 διαβαλεῖν.
1351 296 1386 328 ὼς
1412 293 1437 323 ἐν
1463 293 1508 333 τῷ
1532 292 1594 333 περὶ

879 339 1028 376 Στεφάνου.
1051 336 1200 377 ὁριζόμενος
1215 339 1281 376 γὰρ,
1297 336 1341 371 τίς
1356 348 1388 366 τε
1404 338 1415 366 ὁ
1431 336 1598 375 σύμβουλος

877 381 926 410 καὶ
950 380 995 414 τίς
1016 381 1028 410 ὁ
1055 380 1244 419 συκοφάντης,
1265 379 1312 408 καὶ
1343 379 1395 409 ’τίνι
1423 379 1596 419 διαφέρουσιν

877 424 1022 459 ἀλλήλων,
1050 425 1105 457 τὰς
1131 424 1168 457 εἷς
1196 422 1323 462 ἑκάτερον
1351 433 1481 461 παρασκε
1485 426 1535 457 us<
1563 423 1596 452 ἐκ

878 470 933 497 τῶν
958 466 1171 507 ’ωεπξοιγμένων
1198 464 1348 504 ἓντηγαγεν,
1378 466 1537 499 &vossium
1566 466 1598 505 ἐξ

878 511 979 545 ἀυτῶν,
993 521 1088 540 Εαυτῦν
1102 520 1157 549 μὲν
1181 508 1249 539 Εἶναι
1265 520 1311 537 'TGV
1332 507 1445 561 ἄξίστῧν
1468 508 1596 548 συμέόυ·

879 560 934 589 λον,
950 552 1086 594 Αἰσχίνην
1109 553 1136 583 δὲ
1160 552 1347 591 συκοφάντην,
1364 550 1390 581 ἐν
1405 562 1441 584 οις
1456 552 1548 591 φησίν·
1569 557 1597 583 ἠν

876 608 934 636 μεν
948 601 990 627 Οὑν
1005 598 1091 626 ‘rostro
1106 608 1155 625 ΤΘΗ
1173 594 1277 625 &aelfw
1294 593 1473 625 πολίτου-

921 658 964 663 -
979 644 1031 672 2⁶2.
1056 644 1084 670 ἡν
1105 638 1160 678 μὲν
1182 636 1234 674 οὑν,
1258 636 1323 678 ὅπερ
1345 643 1422 668 εἰπον
1432 636 1490 677 -—-]
1513 637 1593 667 idem

879 684 1021 714 Marcell.
1034 693 1066 722 p.
1059 684 1150 714 ,⁶265.
1162 682 1254 721 τούτῳ
1265 683 1408 720 μίιλιστα.
1417 679 1598 721 Δημοσθένης

879 726 1030 768 ἐκράτησεν
1041 726 1076 755 ΑΞ
1069 724 1187 767 .σχίνου,
1202 724 1233 764 ἐξ
1248 736 1278 754 ου
1292 725 1340 754 καὶ
1356 724 1394 759 εἷς
1406 723 1525 763 ἀξίωμα
1540 723 1596 762 μὲ-

878 781 976 809 γιστον
996 770 1008 800 ὃ
1031 770 1110 807 λόγος
1131 769 1203 809 [pro
1219 779 1330 798 corona
1345 767 1435 808 puta]
1459 767 1597 807 προνλὲε,

878 826 920 853 τῳ
937 813 1027 853 λέγειν
1040 815 1083 852 μὴ
1099 810 1246 853 παξελθεῖν
1260 823 1290 841 τι
1307 810 1389 841 αὐτον
1404 813 1460 840 ’τῶν
1475 809 1597 850 ὀφειλόν-

878 868 934 886 των
947 856 1125 908 πραχὲηναι,
1144 855 1192 885 καὶ
1207 855 1235 885 οὐ
1251 854 1317 884 τότε
1332 853 1422 894 μόνον,
1445 853 1513 883 αλλ’
1535 853 1595 883 οὐδὲ

878 911 920 929 wv
942 901 964 929 E:
968 902 1030 930 πεῖν
1051 898 1116 929 ἐστί
1138 910 1169 928 ’ῘῚ
1191 900 1246 927 Τῶν
1266 896 1542 937 συμβουλέυὲέντων
1565 908 1598 926 αν

879 943 998 980 ἄμεινον.
1013 941 1042 974 ἦν
1053 942 1108 982 μὲν
1123 940 1176 978 οὑν,
1192 941 1266 982 ὅπερ
1280 941 1367 977 εἶπον,
1391 940 1489 974 ἐκεῖνος
1504 940 1516 969 ὁ
1530 951 1595 970 και-

879 997 971 1026 ρος-
983 986 1048 1016 ad
1037 999 1051 1017 η
1066 998 1155 1025 καιρος
1169 984 1320 1024 συμφέξων
1335 982 1403 1025 παρ’
1420 983 1490 1023 ἐμοῦ
1511 993 1598 1023 ‘trage-

882 1028 999 1081 λείφθηω
997 1029 1034 1070 τῇ
1050 1029 1142 1059 πόλει.
1152 1025 1418 1069 παραλαμέάνομεν
1429 1026 1457 1057 δὲ
1469 1026 1502 1056 τὸ
1513 1027 1596 1066 ἀξίω-

877 1084 926 1111 μα.
950 1073 1034 1102 τοῦτο
1063 1070 1089 1102 ἓν
1112 1072 1177 1106 ταῖς
1203 1069 1393 1110 συμξουλαῖς,
1420 1071 1448 1101 οὐ
1471 1071 1596 1100 πάντοτε

878 1116 990 1150 ἁπλῶς,
1006 1116 1086 1145 ἀλλὰ.
1100 1113 1168 1144 τότε
1183 1113 1371 1155 χρησόμεθα,
1387 1113 1452 1144 ὅταν
1475 1113 1596 1154 ἀκριβῶ..

879 1169 952 1189 πεπ·
954 1157 1106 1191 στευκότες
1121 1162 1198 1196 ὠμεν
1217 1156 1354 1196 μηδένα’
1347 1156 1435 1196 ε’τεςον
1455 1156 1596 1186 δύνασθαι
1630 1193 1637 1198 .

880 1200 1148 1241 παραλελειμμένον
1163 1211 1194 1230 τι
1214 1200 1302 1239 δειξαι
1318 1203 1373 1230 τῶν
1393 1199 1500 1230 δεόντων
1517 1211 1596 1241 προι-
1601 1203 1605 1207 ’

879 1242 989 1286 χθηναι.
1008 1245 1104 1292 ὥσπερ
1119 1244 1130 1273 ὃ
1145 1256 1230 1284 ρητωξ
1245 1241 1389 1274 πεποίηκε.

924 1290 998 1319 ⁰9⁶2.
1010 1290 1040 1318 7.
1054 1283 1147 1318 emath
1164 1285 1187 1316 δ’
1196 1299 1224 1316 ου
1237 1285 1320 1326 τότε]
1335 1285 1464 1316 subaudi
1480 1285 1596 1324 ἔδειξας.

922 1348 965 1353 -—
977 1334 1008 1361 8.
1026 1329 1121 1371 λόγος]
1138 1330 1168 1359 h.
1186 1330 1206 1360 l.
1224 1335 1272 1359 est
1287 1329 1376 1365 ratio,
1402 1330 1462 1364 via,
1486 1330 1596 1359 modus

880 1375 1003 1413 agendi,
1019 1373 1204 1408 institutum,
1220 1372 1282 1403 acri
1299 1378 1329 1403 et
1345 1373 1452 1403 subtili
1468 1373 1597 1402 medita-

881 1417 962 1447 tione
977 1418 1198 1456 excogitatum.

923 1478 966 1483 ——
981 1463 1033 1490 27.
1055 1459 1101 1490 καὶ
1124 1457 1188 1489 τότ’
1217 1458 1264 1490 ἢδη
1292 1457 1438 1498 κατηγόρει
1463 1458 1536 1498 μου]
1568 1464 1597 1487 et

880 1508 944 1533 tum
959 1505 1082 1534 demum
1105 1514 1153 1533 me
1170 1511 1292 1533 accusa.
1313 1508 1511 1541 posteaquam
1529 1501 1597 1531 scil.

881 1557 916 1577 ea
942 1546 1215 1583 demonstraveris,
1239 1556 1306 1585 quae
1322 1546 1376 1575 abs
1395 1550 1426 1575 te
1446 1545 1518 1575 mihi
1536 1555 1596 1586 po-

881 1589 945 1620 tulo
959 1590 1173 1620 demonstrari.

924 1650 964 1657 --
975 1644 1045 1673 pen.
1060 1633 1072 1663 ὁ
1083 1632 1207 1672 συμβὰς
1217 1630 1359 1668 σκηπτᾶς,
1372 1630 1386 1662 ἢ
1398 1631 1524 1672 χειμὼν]
1536 1632 1597 1661 duo

880 1681 1036 1716 postrema
1054 1676 1202 1707 vocabula
1218 1675 1361 1705 videntur
1378 1680 1430 1704 aut
1446 1675 1597 1705 scholium

881 1731 911 1751 v.
927 1719 1069 1754 σκηπτὸς,
1086 1724 1140 1749 aut
1152 1721 1220 1758 ejus
1238 1719 1359 1748 varians
1373 1718 1469 1747 lectio
1485 1728 1565 1748 esse.

924 1765 999 1795 293.
1017 1765 1068 1794 15.
1088 1761 1221 1803 πλησίον]
1244 1762 1362 1792 addidi.
1376 1765 1482 1800 potest
1498 1767 1596 1792 tamen

881 1805 972 1836 etiam
990 1807 1115 1845 vulgata
1127 1805 1252 1836 defendi
1273 1810 1303 1835 et
1319 1806 1397 1835 bene
1412 1805 1521 1835 reddi:
1544 1815 1597 1835 us-

880 1860 969 1889 quam
985 1850 1123 1880 locorum
1138 1849 1170 1879 in
1186 1849 1243 1878 hac
1259 1855 1362 1878 nostra
1376 1848 1510 1888 regione.

923 1911 965 1916 —-
982 1894 1034 1924 16.
1049 1892 1095 1934 σις’
1108 1890 1196 1923 οἴεσθε
1210 1890 1254 1921 δ’τι
1267 1892 1310 1922 νῦν
1323 1890 1378 1931 μὲν
1393 1891 1508 1932 στῆναι]
1530 1901 1597 1920 cor-

880 1937 950 1966 rexi
965 1936 1005 1966 de
1020 1947 1102 1972 meo,
1113 1934 1162 1976 ἶς’
1183 1934 1278 1966 οἴεσθε
1301 1933 1346 1965 ἔτι
1368 1935 1409 1964 νῦν
1432 1934 1464 1964 ἂν
1486 1936 1596 1965 στῆναι.

881 1989 1063 2018 quamquam
1093 1989 1172 2009 nuuc
1198 1978 1319 2007 mallem
1347 1979 1486 2008 συστῆναι
1508 1988 1525 2007 a
1547 1988 1595 2007 me

881 2023 1040 2060 praelatum
1055 2022 1159 2052 fuisse.
1185 2021 1247 2051 Sed
1257 2026 1320 2050 tum
1334 2021 1465 2050 nondum
1481 2031 1596 2056 noram,

883 2065 1097 2095 Marcellinum
1114 2066 1204 2104 hujus
1218 2063 1358 2094 lectionis
1375 2070 1531 2094 auctorem
1548 2075 1596 2093 es-

883 2119 928 2138 se.
951 2109 1106 2147 putatisne
1128 2109 1227 2137 adhuc
1242 2108 1389 2143 futurum,
1406 2112 1458 2137 aut
1478 2107 1595 2136 licitum

883 2152 931 2181 vel
947 2153 1052 2181 datum
1069 2151 1156 2181 vobis
1178 2162 1195 2181 a
1211 2150 1272 2181 diis
1287 2160 1366 2186 esse,
1380 2154 1414 2180 ut
1429 2150 1496 2180 unis
1517 2150 1596 2180 loeis

881 2195 1071 2230 consistatis,
1084 2195 1238 2233 quomodo
1251 2205 1329 2224 nunc
1346 2194 1444 2223 adhuc
1461 2194 1574 2224 facitis.

922 2256 966 2261 —
977 2241 1027 2269 19.
1044 2237 1111 2268 τότε
1124 2237 1151 2267 δὲ
1164 2238 1211 2268 οὐκ
1221 2237 1310 2279 ἄξιον]
1327 2237 1447 2276 praetuli
1460 2238 1499 2267 de
1515 2248 1596 2273 meo,

879 2280 949 2311 τότε
965 2280 1217 2321 δέ.ἰῃῑθηοςειίίο
1235 2282 1299 2311 haec
1315 2286 1363 2310 est
1377 2280 1550 2310 mirabundi
1566 2286 1597 2310 et

881 2325 1035 2364 suspensi.
1050 2328 1122 2355 tunc
1149 2323 1320 2354 autem—!
1346 2324 1416 2354 scil.
1438 2324 1490 2354 dic
1510 2324 1596 2359 mihi,

879 2369 954 2407 quid
968 2369 1102 2398 futurum
1119 2368 1240 2403 suisset,
1257 2367 1332 2407 quid
1349 2369 1513 2398 evenisset.
1539 2368 1595 2397 Est

880 2411 1086 2451 aposiopesis.
1118 2412 1192 2451 Ipse
1222 2415 1325 2441 orator
1351 2421 1385 2440 se
1412 2410 1598 2450 comprimit,

880 2456 985 2485 dicens
997 2453 1067 2485 ἀλλ’
1076 2454 1126 2485 οὐκ
1137 2453 1222 2493 ἄξιον,
1231 2464 1335 2484 verum
1343 2454 1429 2493 piget
1441 2455 1597 2494 pudetque

880 2508 1174 2533 eacommemorare,
1185 2508 1312 2537 quorum
1323 2507 1360 2526 ne
1374 2502 1463 2537 gustu
1474 2498 1596 2538 quidem

879 2552 936 2572 nos
955 2542 1068 2572 imbuit
1088 2541 1222 2571 numinis
1247 2541 1471 2571 benevolentia.
1517 2542 1596 2571 Nam

879 2595 937 2625 pro
953 2584 974 2614 ἃ
994 2595 1027 2623 γε
1048 2584 1122 2625 μηδὲ
1137 2585 1236 2624 πεῖραν
1250 2584 1322 2614 dedi
1339 2593 1446 2614 rursus
1470 2584 1508 2614 de
1530 2595 1598 2614 meo

880 2627 900 2658 22
915 2639 949 2667 γε
964 2627 1034 2668 μηδ’
1057 2628 1096 2662 εἷς
1111 2629 1218 2668 πεῖραν.
1237 2638 1274 2658 ne
1290 2627 1420 2668 periculi
1434 2628 1487 2658 vel
1502 2638 1598 2666 expe-

880 2671 1002 2702 rimenti
1016 2671 1140 2711 quidem
1157 2680 1243 2711 erg0,
1258 2681 1296 2701 ne
1313 2671 1458 2710 gustandi
1474 2671 1596 2710 quidem

880 2720 971 2753 atque
993 2715 1161 2745 delibandi.
1204 2715 1330 2744 Poterat
1352 2715 1425 2744 item
1449 2713 1519 2753 μηδ’
1542 2713 1598 2744 ἐστὶ

881 2757 964 2799 πείρᾳ
983 2758 1031 2797 (ἰη
1047 2758 1172 2798 dativo)
1195 2757 1322 2798 corrigi,
1338 2763 1369 2787 et
1385 2758 1475 2787 facile
1491 2762 1540 2787 est
1554 2758 1600 2786 in-

880 2802 1020 2838 tellectu,
1031 2800 1087 2832 ἒωὶ
1103 2801 1244 2841 potuisse
1258 2801 1333 2831 elidi
1344 2801 1373 2831 in
1388 2801 1490 2830 medio
1505 2801 1596 2830 situm

880 2845 958 2876 inter
980 2845 1053 2884 μηδὲ
1077 2850 1107 2875 et
1129 2843 1220 2885 πείρᾳ.
1245 2845 1360 2884 quippe
1387 2845 1474 2882 cujus
1498 2843 1598 2882 prima

880 2888 969 2918 litera
986 2899 997 2918 ε
1013 2899 1082 2919 cum
1107 2894 1261 2938 postrema
1277 2888 1307 2918 in
1322 2886 1396 2927 μηδὲ
1419 2892 1447 2916 et
1473 2886 1597 2925 reliqnae

880 2932 950 2961 dure
967 2932 1000 2961 πῖ
1016 2942 1083 2962 cum
1098 2932 1188 2962 initio
1204 2943 1234 2961 v.
1253 2930 1340 2971 «πείρᾳ
1355 2935 1456 2960 essent
1469 2930 1595 2960 eaedem.

881 2976 987 3006 Potest
996 2986 1117 3014 quoque
1128 2986 1195 3006 cum
1207 2976 1288 3016 Aug.
1301 2978 1409 3014 quarto
1426 2973 1498 3013 legi:
1515 2984 1550 3004 ων
1565 2984 1598 3013 γε

880 3018 953 3059 μηδὲ
970 3020 1078 3060 πεῖραν.
