1931 3322
452 476 748 527 THOMAE
811 471 1180 525 STANLEII

583 596 1065 642 ANNOTATIONES

179 714 269 772 IN
327 714 920 771 DEMOSTHENIS

980 711 1472 769 ORATIONEM

553 848 690 887 ΠΕΡΙ
729 846 1100 886 ΣΥΜΜΟΡΙΩΝ.

132 1013 194 1054 *3⁸
218 1014 278 1043 Ha>
296 1013 423 1044 Stanleii
447 1013 671 1050 annotationes,
688 1024 768 1043 nunc
786 1013 931 1053 primum,
948 1012 1031 1051 quod
1046 1012 1154 1046 sciam,
1172 1010 1289 1050 publici
1303 1011 1381 1049 juris
1396 1012 1497 1047 sactae,
1513 1011 1572 1041 hoc

90 1056 241 1097 temporis
253 1057 464 1097 Cantabrigiae
477 1062 638 1087 servantur
649 1057 680 1086 in
694 1057 892 1087 Bibliotheca
904 1056 1030 1085 Publica
1039 1056 1142 1095 (Plut.
1152 1056 1211 1093 Gg.
1221 1056 1286 1085 —3
1296 1072 1338 1076 —-
1351 1054 1416 1094 16).
1436 1054 1575 1084 Plurima

93 1101 206 1131 liabent
223 1100 303 1140 sigla
319 1101 390 1139 plus
407 1102 506 1133 minus
522 1101 689 1131 inusitata:
714 1101 842 1131 lacuna-⁷
852 1110 945 1139 porro
968 1104 999 1128 et
1017 1099 1140 1134 menda,
1157 1108 1226 1138 quae
1243 1097 1360 1137 passim
1378 1102 1509 1134 scatent,
1524 1108 1574 1127 rne

91 1144 122 1173 in
139 1143 349 1183 suspicionem
366 1145 537 1180 adducunt,
550 1145 606 1174 has
620 1150 708 1174 notas
723 1143 932 1184 apographum
951 1143 1107 1182 quoddam
1123 1152 1206 1177 esse,
1221 1142 1303 1181 quod
1318 1142 1355 1171 V.
1367 1142 1407 1171 D.
1422 1142 1575 1171 revisione

92 1188 268 1217 fraudatum
284 1193 343 1218 est.
369 1188 415 1218 Cf.
429 1188 555 1228 Taylori
573 1188 798 1228 Prolegomena
813 1188 852 1216 ad
869 1186 1110 1216 Demosthenem
1129 1185 1191 1215 vol.
1208 1185 1229 1214 i.
1245 1196 1276 1225 p.
1290 1185 1375 1214 xcvi.
1391 1185 1467 1215 edit.
1480 1190 1576 1215 nostr.

140 1273 220 1304 Haec
235 1272 334 1302 oratio
350 1272 459 1312 partim
472 1277 521 1304 est
534 1273 745 1314 ἀποτρεπτικῆ,
759 1272 778 1302 11
783 1273 820 1302 is-

94 1317 240 1351 suasoria,
264 1316 374 1358 partim
391 1318 574 1357 παραινητικῆ
592 1327 645 1348 seu
662 1316 821 1351 διδακτικῆ,

97 1361 285 1390 instructoria
296 1371 350 1390 seu
361 1361 526 1390 monitoria.
552 1359 730 1400 Dupliciter
740 1360 820 1389 enini

97 1403 221 1433 omnino
249 1403 298 1432 hic
320 1404 385 1443 agit
403 1404 566 1433 Demosth.
618 1403 822 1434 Athenienses

98 1447 281 1477 dehortatur
294 1457 311 1477 a
327 1457 430 1486 pugna
446 1447 618 1487 suadetque
635 1458 671 1476 ne
686 1447 748 1486 ipsi
764 1446 822 1476 soli

101 1490 168 1520 sine
184 1495 357 1520 ceterorum
376 1492 554 1520 Graecorum
578 1501 637 1530 ope
654 1495 686 1520 et
707 1490 824 1520 auxilio

100 1534 216 1565 bellum
229 1538 337 1564 contra
354 1534 473 1573 Regem
490 1534 671 1574 suscipiant.
703 1533 824 1563 Deinde

98 1577 250 1608 rationem
262 1577 399 1607 ostendit
413 1588 472 1617 qua
486 1578 601 1618 optime
614 1589 647 1608 se
661 1578 700 1608 ad
712 1577 825 1607 bellum

100 1620 252 1652 instruere
264 1620 395 1660 possint,
408 1620 433 1651 si
446 1621 572 1652 omnino
584 1621 826 1660 belligerandum

101 1664 154 1694 sit.
178 1665 281 1714 Atque
295 1665 361 1694 haec
376 1664 438 1694 duo
455 1669 596 1704 tanquam
612 1665 768 1704 generalia
780 1675 828 1694 ca—

101 1707 167 1746 pita
177 1707 272 1738 totius
283 1708 431 1738 orationis
449 1709 532 1740 brev'
524 1714 583 1738 iter
596 1708 663 1738 hic
655 1719 685 1738 1n
697 1708 828 1738 exordio

102 1751 261 1794 proponit,
274 1751 374 1781 fusius
382 1757 493 1804 postea
505 1757 740 1804 prosecuturus.
764 1752 828 1781 Ex-

103 1796 227 1825 ordium
245 1805 318 1825 vero
333 1792 392 1825 ἀπὸ
407 1796 458 1831 τῆς
475 1793 660 1836 συγκρίσεως,
671 1795 830 1825 conferen-

104 1838 146 1868 do
164 1849 196 1868 se
212 1848 281 1867 cum
298 1838 367 1868 aliis
384 1839 569 1870 Rhetoribus
583 1849 619 1868 ac
639 1839 831 1879 Demagogis

104 1882 218 1914 Athen.
228 1881 342 1921 quibus
353 1892 397 1912 sc.
410 1881 442 1915 id
455 1883 579 1912 solenne
593 1886 670 1918 erat,
682 1884 831 1922 majorum

104 1924 331 1965 ›zanoe-&aspona
349 1930 381 1955 et
403 1925 654 1966 ἀνδραγαθήματα
672 1926 784 1967 passim
802 1927 833 1956 in

106 1969 299 1999 orationibus
322 1968 388 1998 suis
409 1969 612 2000 ehuccinare:
637 1973 668 1999 et
688 1969 738 1999 ve}
760 1968 833 1999 Mil-

106 2011 201 2043 tiadis
225 2012 375 2052 trophaea,
396 2013 447 2043 vel
470 2012 609 2043 Cimonis
634 2018 665 2043 et
686 2012 834 2043 Aristidis

107 2066 158 2085 res
173 2060 287 2095 gestas,
299 2055 349 2085 vel
362 2055 579 2087 Themistoclis
597 2055 756 2090 victorias.
772 2067 834 2086 ma-

110 2109 169 2139 gna
182 2101 346 2129 verborum
358 2109 470 2139 pompa
483 2100 674 2130 describere.
712 2100 835 2130 Xerxis

109 2142 193 2183 fuga,
210 2142 364 2172 Leonidas
379 2147 410 2172 et
425 2143 654 2183 Thermopylae,
671 2144 834 2174 Marathon

855 1276 886 1301 et
914 1281 1016 1311 pugna
1043 1270 1220 1307 Salaminia,
1248 1274 1409 1309 utramque
1438 1270 1580 1310 paginam

856 1315 939 1354 apud
956 1325 1009 1344 eos
1033 1315 1198 1344 faciebant.
1246 1315 1326 1344 Haec
1347 1314 1470 1353 quidem
1494 1314 1581 1344 dictu

857 1359 1001 1399 speciosa
1017 1365 1047 1388 et
1063 1358 1226 1397 splendida
1242 1357 1388 1387 orationis
1404 1362 1584 1396 argumenta

857 1408 887 1432 et
900 1402 1005 1432 auditu
1020 1402 1169 1440 jucunda.
1203 1402 1265 1431 Sed
1282 1402 1331 1430 cui
1348 1401 1447 1431 bono?
1465 1402 1584 1443 (inquit

860 1445 969 1486 Dem.)
1008 1445 1065 1476 Cui
1079 1445 1160 1485 [sicz
1185 1445 1208 1475 s.
1228 1446 1319 1476 Cum.
1335 1446 1390 1475 sed
1406 1445 1583 1475 mehercule

859 1490 1072 1520 conturbatior
1096 1490 1146 1520 hic
1172 1488 1365 1529 contextus-J
1395 1494 1586 1519 mortuorum

859 1533 968 1564 laudes
981 1538 1013 1562 et
1023 1534 1161 1563 encomia
1174 1543 1231 1562 non
1244 1537 1375 1573 prosunt
1389 1533 1466 1572 ipsis
1479 1533 1587 1562 defun-

861 1577 934 1611 ctis,
955 1576 980 1606 si
1007 1578 1086 1606 forte
1110 1576 1214 1606 vivis:
1239 1587 1410 1616 quanquam
1440 1586 1478 1605 ne
1507 1575 1589 1605 vivis

862 1621 1000 1660 quidem,
1018 1620 1125 1650 saltem
1143 1631 1201 1650 uon
1218 1630 1360 1659 semper:
1385 1630 1442 1650 uon
1459 1623 1591 1658 prosunt

862 1664 1017 1694 defunctis
1031 1663 1198 1702 majoribus
1216 1664 1265 1694 vel
1282 1664 1348 1694 haec
1360 1663 1510 1699 encomia,
1528 1663 1590 1692 imo

863 1713 975 1738 nocent
990 1707 1105 1748 (inquit
1117 1707 1247 1748 Orator)
1258 1712 1288 1737 et
1304 1707 1446 1746 injuriam
1463 1707 1593 1742 faciunt,

864 1751 1113 1790 quandoquidem
1139 1751 1230 1791 longe
1253 1752 1331 1781 infra
1353 1760 1458 1780 eornm
1483 1750 1594 1780 merita

867 1795 1043 1824 subsidunt.
1091 1793 1202 1824 Missis
1232 1794 1327 1834 igitur
1352 1794 1400 1824 his
1425 1794 1592 1824 verboru-m

865 1838 1003 1878 phaleris
1016 1842 1048 1867 et
1062 1837 1228 1876 pigmentis
1245 1843 1276 1868 et
1292 1837 1467 1873 lenociniis,
1482 1837 1595 1876 quibus

867 1882 921 1912 alii
941 1882 1096 1911 Rhetores
1114 1882 1231 1922 populo
1252 1882 1376 1920 plaeere
1401 1881 1538 1916 student,
1564 1886 1596 1911 et

866 1926 1004 1955 favorem
1017 1929 1154 1964 captant,
1166 1929 1197 1954 et
1209 1924 1393 1964 eloquentiae
1406 1925 1527 1954 laudern
1542 1934 1596 1954 au-

868 1975 1039 2008 cupantur:
1058 1968 1132 1998 mihi
1148 1969 1297 1999 rationem
1311 1967 1388 2008 [sic]
1403 1973 1433 1997 et
1447 1973 1595 1998 statutum

869 2017 918 2043 est
940 2022 976 2042 ea
997 2016 1113 2041 tantum
1130 2012 1213 2051 apud
1232 2022 1287 2041 vos
1304 2012 1424 2047 dicere,
1441 2021 1510 2050 quae
1526 2021 1596 2041 cum

870 2058 951 2086 bono
979 2055 1105 2094 publico
1132 2060 1297 2094 vestroque
1322 2055 1455 2085 omnium
1482 2055 1598 2085 usitata

871 2105 902 2130 et
918 2100 1064 2138 praesenti
1082 2109 1183 2128 rerum
1196 2104 1278 2129 statu
1294 2099 1428 2130 maxime
1442 2104 1515 2129 sunt
1526 2109 1599 2129 con-

868 2145 983 2183 juncta.

583 2261 648 2303 IN
682 2260 1147 2304 ARGUMENTUM.

158 2353 197 2383 P.
214 2354 290 2385 ⁴280.
306 2355 336 2384 2.
355 2352 441 2394 δῆμος
455 2353 614 2395 κεκίνηται]
631 2353 840 2393 perturbatur,

116 2402 322 2431 commovetur,
336 2397 556 2428 tumultuatur.
601 2398 739 2428 Verbum
755 2397 839 2427 κινεῖ-

118 2439 193 2470 σθαι
205 2439 334 2480 proprie
352 2440 391 2472 de
407 2441 604 2481 corporibus,
614 2442 668 2471 sed
680 2441 718 2475 ad
736 2447 840 2471 motus
875 2441 882 2446 '
908 2440 915 2446 ’

117 2488 149 2514 et
161 2483 311 2514 tumultus
326 2488 390 2513 tum
406 2483 543 2514 internos
554 2485 645 2515 animi
661 2490 723 2515 tum
737 2490 840 2514 exter-

119 2536 176 2557 nos
192 2526 287 2566 Reip.
310 2526 389 2568 [sic]
411 2528 482 2558 Act.
501 2528 568 2558 xxi.
582 2530 636 2558 30.
658 2526 763 2559 ἐκινήθη
779 2533 841 2559 etc.

120 2575 262 2601 commota
275 2575 317 2600 est
329 2576 390 2600 tnta
399 2571 514 2602 civitas.
534 2572 706 2602 Herodian.
717 2572 737 2601 l.
749 2575 778 2602 1.
792 2570 840 2612 [3.

125 2616 175 2645 15.
193 2613 243 2644 ed.
260 2614 351 2655 Irm.]
375 2611 424 2654 ἒρξί
443 2616 497 2656 γὰρ
517 2614 551 2644 τὸ
574 2613 707 2657 βὰρὲαρον
721 2614 769 2644 καὶ
786 2613 841 2645 ἐπὶ

121 2658 192 2691 ταῖς
211 2657 375 2699 τυχούσαις·
395 2658 543 2699 ἀφοςμαῖς
564 2658 660 2700 ῥᾷστα.
685 2657 842 2688 κινεῖσθαι.

123 2701 184 2731 M.
201 2701 293 2731 Polit.
304 2701 418 2741 interp.
430 2703 562 2733 barbaris
572 2712 629 2732 mos
637 2708 675 2732 est
686 2702 845 2743 quamlibet

125 2744 234 2776 levibus
250 2745 348 2774 causis
369 2750 421 2774 aut
438 2747 587 2775 momentis
602 2745 724 2785 impelli.
762 2745 844 2775 Plut.

125 2787 201 2821 Fab.
217 2787 263 2828 [c.
275 2787 324 2829 9.]
342 2787 476 2822 τοιούτοις
491 2787 584 2828 λόγοις
596 2788 745 2823 κινηθέντες
760 2789 782 2819 οἱ
798 2788 845 2818 ἄν

125 2829 239 2871 Θςωποι.
260 2831 430 2871 hujusmodi
452 2832 630 2862 sermonibus
647 2833 779 2863 commoti
796 2832 845 2863 ho-

125 2874 217 2904 mines
227 2878 256 2904 et
268 2875 453 2906 conturbati.
495 2875 548 2906 Sic
563 2877 642 2906 κινεῖν
662 2874 708 2906 τὸν
728 2875 847 2916 κόσμον,

127 2917 260 2952 turbare,
275 2924 402 2954 mutare,
425 2919 557 2950 ordinem
579 2925 605 2949 et
628 2925 740 2950 statum
760 2918 847 2959 Reip.

128 2964 160 2990 et
181 2961 262 2990 κινεῖν
282 2962 348 2996 τοὺς
368 2961 479 2999 νόμους,
499 2963 643 3003 abrogare
660 2962 749 3004 leges,
765 2963 848 3002 apud

129 3004 249 3035 Philus.
264 3003 296 3034 in
313 3005 406 3036 Polit.
419 3017 478 3043 non
495 3007 618 3036 semel.

171 3064 214 3070 ·—
226 3047 303 3079 ibid.
318 3047 445 3090 πόλεμον
459 3047 596 3091 impiam]
613 3049 720 3082 bellum
734 3059 849 3091 gerere,

873 2353 911 2382 ad
934 2363 964 2383 v.
985 2351 1100 2394 efferre.
1124 2354 1206 2392 quod
1227 2354 1296 2384 Lat.
1318 2353 1426 2383 dic-unt
1449 2356 1471 2369 ‘¹

874 2396 1021 2427 inferre.”

1485 2353 1600 2383 bellum

1058 2396 1171 2436 Polyb.
1189 2397 1275 2427 Hist.
1290 2397 1311 2426 l.
1325 2397 1346 2426 i.
1362 2407 1422 2426 uon
1439 2397 1546 2435 procul
1563 2398 1602 2427 ab

874 2445 942 2470 init.
965 2439 1008 2481 [c.
1023 2440 1072 2481 3.]
1090 2439 1218 2480 πόλεμος
1230 2438 1256 2469 ὃν
1270 2442 1378 2481 πρῶτον
1393 2439 1518 2479 ἐξήνεγκε
1532 2439 1603 2480 μετ’

874 2482 1004 2525 Ἀχαιῶν
1013 2484 1080 2524 πςός
1091 2483 1236 2517 Αἰτωλοὺς
1247 2482 1399 2517 Φίλιππος.
1410 2484 1517 2514 bellum
1526 2485 1604 2525 quod

880 2526 1037 2566 Philippus
1053 2528 1192 2558 adversus
1208 2527 1323 2558 AEtolos
1336 2529 1470 2566 suscepit.
1505 2528 1603 2558 lsocr.

877 2571 916 2600 ad
935 2571 1016 2601 Phil.
1033 2570 1075 2611 [ᾗ.
1088 2570 1160 2611 36.]
1178 2571 1221 2601 δεῖ
1235 2570 1281 2601 τὸν
1295 2570 1384 2611 ὀρθῶς
1398 2569 1604 2611 ξουλευόμενον,

876 2615 919 2654 μη
934 2613 1070 2655 ’ωρότεςον
1086 2612 1210 2654 ἑκφεξειν
1224 2614 1271 2645 τὶν
1286 2614 1353 2655 venir
1369 2613 1499 2647 Βασιλέα
1516 2614 1604 2644 πόλε·

876 2669 931 2696 μον
947 2664 1006 2688 etc.
1023 2659 1073 2698 qui
1088 2665 1164 2688 recte
1177 2658 1260 2689 rebus
1272 2658 1439 2688 consultum
1451 2658 1533 2693 velit,
1547 2669 1605 2687 mm

874 2703 962 2739 prius
978 2701 1054 2743 Regi
1065 2701 1171 2731 bellum
1184 2701 1296 2743 inferre
1310 2702 1406 2737 debet,
1419 2712 1506 2741 quam
1519 2701 1604 2732 Grae-

878 2755 924 2774 cos
946 2745 1158 2776 reconciliarit.
1183 2752 1214 2776 et
1233 2746 1343 2776 iterum
1369 2745 1443 2774 ibid.
1471 2743 1512 2784 [ς’.
1534 2744 1605 2785 47.]

881 2787 1061 2828 υωὲδειξε..
1075 2800 1163 2823 ,ταυς
1179 2788 1325 2829 πιλέμους
1340 2787 1469 2827 ἐκφέρειν.
1486 2788 1605 2821 demon·

880 2834 986 2862 stravit
994 2838 1092 2871 poster
1094 2833 1128 2870 is,
1139 2833 1243 2874 quibus
1254 2833 1335 2862 sociis
1347 2831 1489 2862 adhibitis
1500 2836 1527 2861 et
1537 2841 1605 2863 con—

884 2881 932 2906 ιτα
942 2886 1011 2916 qnos
1023 2876 1097 2907 bella
1111 2876 1242 2917 gerenda
1256 2873 1606 2906 essenz.1.ucian.Pro-

882 2919 976 2950 meth.
1007 2919 1142 2962 [§.13.]
1170 2933 1213 2960 μη
1227 2936 1271 2942 —
1285 2918 1419 2958 πόλεμον
1443 2916 1607 2957 ἐξενέγκωσι

883 2962 959 3004 weh:
974 2975 1039 2999 τους
1050 2963 1140 2999 &soum
1154 2964 1188 2992 ὦ
1177 2973 1243 3002 ‚mg
1258 2974 1279 2991 οι
1296 2959 1437 3000 γίγαντες.
1451 2973 1487 2992 nc
1500 2962 1607 2993 bellum

884 3007 940 3038 diis
957 3006 1102 3049 inserant,
1118 3007 1196 3037 sicut
1212 3007 1359 3047 gigantes.
