1997 3323
313 191 364 232 14

303 294 492 328 λανθάνοντας
507 294 630 336 ἰάμβους
644 305 676 325 τε
687 294 735 325 καὶ
746 295 956 348 χωριάμβους’
947 297 1026 326 εστὶν

306 341 385 378 εὑρεῖν
393 339 438 369 δια
445 350 493 369 την
503 337 652 393 ἐναρμόνιον
660 337 790 370 συνθηκην
801 342 856 369 τῶν
869 338 979 379 λέξεων.
990 341 1026 374 ὡς

305 382 381 415 εὐθὺς
397 381 422 412 ἔν
438 382 478 421 τῷ
494 383 596 423 πρώτῳ
612 385 665 411 τῶν
681 381 860 413 &meracam
877 383 955 413 δῆλον
970 383 1024 423 γάρ

305 424 371 454 ἐστι
383 426 443 460 τοῖς
457 416 630 463 όλυνὲἳίοις,’
615 438 658 456 οτι
674 425 737 465 [est
751 436 854 455 merus
870 431 902 455 et
916 426 1026 465 plenus

305 468 461 509 senarius]
477 470 519 499 νῦν
539 469 567 499 οὐ
585 469 645 510 περὶ
663 468 750 508 δόξης,
768 467 822 499 οὐδ’
840 467 908 509 ὑπὲρ
925 468 1027 509 μέρους

306 510 416 550 [habes
426 512 579 542 senarium
588 517 740 551 postremo
747 513 828 551 pede
836 512 1024 554 mutilatum]

303 556 355 589 τῆς
369 556 467 597 χώρας
475 556 675 586 κινδυνεύουσιν.
691 555 746 596 οὐχ
761 556 796 589 ὡς
807 554 922 596 ῥητόρων
936 556 1025 586 κινδυ-

302 599 455 629 νευσάντων
469 600 516 629 καὶ
532 598 671 639 ἔμμετρα
689 597 792 636 λέγειν.
807 598 953 639 ἀλλότριον
971 601 1027 640 γὰρ

304 643 354 671 τοῦ
374 644 522 673 πολιτικοῦ
542 642 624 680 λόγου
646 641 680 671 τὸ
699 643 831 678 τοιοῦτον,
848 641 920 672 ἀλλ’
941 643 1026 673 αὐτο-

303 687 379 724 φυῶς
390 686 428 721 εἰς
442 685 546 725 μέτρον
561 683 770 727 ἀπενεχθείσης
784 687 834 720 τῆς
849 686 988 727 φράσεως.

347 746 388 752 —--
408 731 458 758 17.
481 729 683 770 ἀναστάσεως]
712 728 787 758 citat
808 729 838 759 h.
858 730 880 759 1.
909 730 1025 760 Pollux

304 773 334 802 3.
353 774 405 802 91.
423 772 461 801 ad
479 773 662 808 docendum,
678 772 863 802 vocabulum
879 773 937 803 hoc
956 773 985 803 h.
1002 772 1025 802 1.

304 826 364 845 uon
381 815 624 855 emigrationem,
640 815 692 845 sed
709 815 925 845 abductionem
941 827 958 846 e
970 826 1026 856 pa-

303 859 363 887 trio
378 858 444 888 solo
461 859 491 888 in
508 859 712 899 peregrinum,
727 858 945 894 ἀναστάτωσιν,
961 859 1026 898 sig-

303 902 437 931 nificare.
450 912 556 932 verum
570 903 630 933 hoc
645 902 796 933 vocabulo
812 902 1026 938 ἇναστάτωσιν,

303 946 386 984 quod
399 955 471 975 sane
485 946 523 975 ad
534 956 597 975 rem
612 946 781 976 docendam
794 949 1026 985 peropportune

302 989 514 1028 excogitatum
530 994 589 1025 est,
604 999 693 1019 nemo
711 989 817 1019 utitur.

346 1049 389 1056 —--
404 1035 456 1063 20.
478 1032 616 1072 ἄπιστον]
640 1033 743 1063 locum
761 1032 843 1062 hunc
859 1031 934 1062 citat
954 1032 1026 1062 Sto-

303 1077 388 1105 baeus
400 1076 530 1106 Gesneri
543 1088 573 1116 p.
590 1078 665 1106 344.
682 1078 735 1106 16.

345 1136 388 1141 -
411 1122 464 1150 21.
489 1118 651 1159 πολιτείας]
678 1120 717 1149 ad
745 1118 826 1148 hunc
853 1117 1025 1148 similemve

301 1161 395 1192 alium
412 1162 514 1191 locum
533 1162 676 1202 respexit
696 1161 924 1201 Harpocration
944 1160 975 1190 in
994 1172 1025 1191 v.

301 1203 446 1240 πολιτεία,
458 1205 507 1234 1115
519 1206 640 1235 verbis:
657 1205 799 1236 πολιτεία.
812 1203 885 1239 ἰδίως
897 1203 1025 1234 εἰώθασιν

299 1249 322 1277 οἱ
339 1248 450 1301 ῥητορες,
461 1248 502 1287 τῷ
518 1247 637 1287 ὀνόματι
651 1247 809 1289 χρῆσθαι’
799 1248 855 1278 ew?
870 1259 921 1281 της
937 1248 1025 1287 δημο·

299 1303 384 1332 κρατι
377 1291 430 1326 ἶας,
439 1291 534 1332 ὥσπερ
545 1290 705 1331 Ἰσοκράτης
715 1301 748 1320 τε
761 1291 786 1321 ἐν
794 1292 838 1331 τῷ
850 1290 1026 1333 πανηγυρικῷ

300 1333 351 1364 καῖ
366 1333 547 1374 Δημοσθένης
562 1333 588 1364 ἐν
603 1347 662 1369 τοις
675 1335 878 1374 φιλιωπικοῖς.

346 1395 388 1400 -—
405 1379 460 1408 ult.
485 1377 708 1419 ἐκπολεμῶσαι]
738 1378 814 1407 citat
844 1378 1023 1416 Harpocra-

302 1419 367 1450 tion
387 1421 417 1451 in
434 1422 492 1451 hoc
515 1422 622 1451 eodem
645 1422 806 1457 vocabulo,
823 1426 855 1451 et
870 1421 1024 1450 Minucia—

303 1474 359 1494 nus
383 1475 414 1503 p.
438 1467 511 1495 162.
535 1465 606 1502 fine,
631 1464 684 1495 ubi
708 1475 767 1504 pro
787 1463 950 1504 ἐθρυλλεῖτε
971 1464 1024 1494 dat

301 1505 461 1548 ἔθρύλλουν.

345 1554 398 1581 11.
414 1554 443 1580 1.
462 1549 551 1581 ταῦτ’
565 1550 624 1600 ἂν]
634 1551 737 1581 malim
752 1550 851 1581 ταύτὰ
865 1550 909 1580 ἄν.
945 1550 1025 1579 Sub-

301 1593 373 1624 audi
394 1595 472 1634 ὑμῖν.
492 1594 624 1624 eadem
617 1595 693 1634 ipsis
705 1590 827 1628 fu1sset,
840 1604 907 1633 quae
924 1593 1025 1629 vobis,

301 1638 463 1673 sententia,
480 1638 649 1668 concordes
665 1638 754 1668 vobis
769 1637 943 1676 iisdemque
960 1641 1023 1667 stu·

301 1680 362 1710 diis
378 1681 477 1711 dediti
493 1681 633 1711 fuissent.

345 1742 387 1747 —-
399 1725 429 1755 5.
449 1723 481 1753 ἐι
495 1727 552 1754 τῶν
564 1722 636 1764 ’πρὸς
649 1724 750 1757 αὑτους
764 1722 974 1764 ἐγκλημάτων]
992 1723 1022 1753 id

299 1771 348 1796 est
371 1766 403 1797 ἐκ.
427 1769 483 1797 τῶν
508 1768 757 1808 προσκρουμάτων
781 1765 936 1801 Φιλίππου,
958 1766 1025 1806 πρὸς

300 1809 415 1843 ἑαυτους
429 1809 625 1850 γεγενημένων.
645 1810 735 1840 exosi
756 1814 827 1839 sunt
843 1809 1021 1848 Philippum

300 1858 426 1893 propter
441 1854 637 1889 offensiones,
650 1853 784 1893 quibus·
776 1852 858 1893 ipsi
851 1853 887 1882 ab
901 1863 940 1883 eo
956 1853 1022 1883 laesi

300 1902 382 1926 sunt.
399 1902 461 1933 aut,
478 1907 546 1935 quae
562 1898 599 1926 ab
619 1907 656 1927 eo
674 1897 711 1926 ad
730 1907 762 1926 se
779 1896 925 1935 profeetae
941 1901 1022 1926 suut.

300 1939 437 1980 ἔγκλημα
458 1944 506 1970 est
520 1940 650 1975 facinus,
666 1940 706 1970 de
727 1949 788 1979 quo
806 1939 954 1978 quereris,
972 1944 1023 1970 aut

300 1982 452 2022 querendi
467 1994 591 2014 causam
609 1983 668 2013 tibi
683 1994 753 2013 esse
770 1987 921 2012 autumas.

345 2044 387 2049 -—
404 2029 456 2057 10.
473 2027 495 2057 εἴ
511 2027 580 2069 γὰρ]
606 2026 701 2056 citant
722 2027 802 2056 hunc
818 2026 921 2055 locum
938 2026 1023 2055 Her-

300 2080 461 2109 mogenes,
493 2070 649 2100 Aristides
681 2075 712 2100 et
740 2068 876 2108 Apsines
902 2068 955 2099 ille
981 2069 1022 2099 de

301 2113 408 2143 formis
424 2114 505 2143 libro
530 2117 558 2143 1.
576 2125 605 2153 p.
626 2114 700 2143 287.
717 2111 750 2143 τό
768 2113 849 2142 κατὰ
862 2114 1023 2165 συστροφην

299 2167 410 2197 σχημα
425 2155 534 2196 σφόδρα
549 2154 758 2195 εμπερίβολόν’
749 2167 826 2185 εστι.
849 2152 906 2185 οιον·
918 2155 940 2184 εἳ
955 2158 1022 2195 γὰρ,

298 2198 349 2228 δ’δ’
360 2211 462 2239 ηκομεν
475 2198 818 2229 exeam—Aristides
830 2198 870 2227 de
883 2197 1021 2228 dictione

300 2242 437 2281 simplici
454 2244 554 2273 2.13.
577 2243 606 2272 οὐ
620 2245 677 2282 μὴν
694 2242 752 2271 οὐδὲ
768 2243 867 2271 πολλὰ
883 2242 927 2270 δεῖ
944 2251 1021 2282 περι-

297 2285 457 2325 λαμβάνειν
471 2287 642 2326 πράγμοιτα
655 2285 680 2316 ἐν
694 2296 735 2324 τῳ
747 2285 850 2323 ἀφελεῖ
861 2283 948 2321 λόγῳ,
961 2286 996 2319 ὡς
1008 2286 1020 2315 ὅ

298 2328 488 2369 Δημοσθένης
503 2328 629 2360 ἐποίησεν
645 2328 750 2369 [nimis
773 2328 826 2359 ille
850 2327 943 2357 multa
959 2339 1019 2358 uno

298 2372 482 2410 complexus
502 2372 633 2413 ambitu]
652 2372 674 2402 εἰ
698 2374 763 2412 γὰρ,
786 2369 827 2401 ὅθ’
845 2370 949 2410 ἥκομεν
967 2371 1019 2401 Εὐ-

298 2413 392 2445 ξοεῦσι
403 2414 611 2450 βεβοηθηκότες·
622 2413 692 2445 ἀλλ’
710 2414 735 2444 ἐν
751 2414 863 2453 ὀλίγοις,
880 2415 915 2448 ὡς
927 2413 959 2444 av
976 2415 1019 2444 εὐ-

298 2457 578 2500 παρακολούθητοςῇ
593 2470 636 2489 σοι
654 2459 665 2488 ὁ
680 2458 771 2496 λόγος.
815 2457 952 2498 Apsines
964 2458 1020 2488 de-

298 2501 391 2540 nique
416 2512 447 2540 p.
471 2504 548 2532 707.
574 2506 626 2533 11.
653 2502 770 2532 dictum
798 2501 856 2531 hoc
883 2501 925 2531 ait
951 2511 1019 2532 esse

297 2547 377 2575 κατὰ
390 2547 549 2586 συστροφὴν
562 2546 610 2575 καὶ
626 2544 707 2575 τόνον.
751 2544 943 2585 Theophilus
959 2545 1019 2575 Co—

296 2588 445 2627 rydaleus
474 2588 547 2618 item
576 2589 607 2618 in
635 2587 832 2628 expositione
855 2588 1019 2624 rhetorica,

297 2631 381 2661 edita
397 2641 415 2660 a
434 2631 576 2662 Fabricio
594 2633 633 2662 B.
654 2633 692 2662 G.
707 2632 745 2662 Τ.
769 2631 871 2662 ΧΙΙΙ.
888 2641 919 2670 p.
943 2633 1018 2663 663.

298 2678 351 2706 11.
365 2675 445 2704 hunc
468 2675 570 2705 locum
590 2674 737 2714 proponit
753 2675 783 2704 in
799 2675 1018 2705 documentum

296 2719 570 2757 argumentationis
582 2720 620 2749 ab
635 2719 790 2757 exemplo,
801 2723 833 2748 et
847 2718 879 2747 id
892 2718 1016 2756 quidem

296 2762 464 2791 secundum
484 2762 614 2801 primam
637 2761 784 2800 speeiem,
807 2772 868 2800 qua
891 2761 1017 2791 demon-

297 2809 410 2835 stratur
422 2815 471 2836 res
482 2815 630 2844 praesens,
643 2816 660 2834 a
676 2815 709 2834 re
722 2804 815 2834 simili
831 2804 902 2833 olim
917 2809 1014 2844 gesta.

295 2848 485 2886 Opusculum
511 2849 569 2878 hoc
596 2847 763 2887 Theophili
791 2848 899 2886 paucis
930 2847 1016 2878 annis

295 2895 375 2926 ante,
387 2902 445 2921 uua
459 2902 528 2922 cum
544 2891 627 2931 typis
640 2890 812 2930 epistolicis
827 2895 860 2920 et
875 2891 1013 2929 Aphtho-

295 2933 344 2962 nio
372 2945 513 2965 recusum
541 2935 598 2965 suit
628 2935 718 2966 Haiae.
748 2933 1014 2974 Magdeburgicae,

687 189 720 230 Ι.
753 188 788 232 Ι.
819 189 1044 232 REISKE
1078 189 1406 234 ANNOTATA

1060 296 1170 326 edente
1208 298 1350 329 familiari
1380 297 1533 338 quondam
1564 300 1671 328 nostro
1704 296 1780 327 Am-

1060 339 1164 369 brosio
1180 340 1322 392 Peperis,
1328 342 1576 372 hieromonacho.
1590 341 1620 371 in
1638 341 1780 371 8.1'768.

1106 382 1355 425 11.11.“1έραξ]
1379 385 1494 415 citath.
1508 385 1529 415 l.
1544 384 1734 424 Harpocrat.
1747 393 1778 412 v.

1059 424 1156 466 Ιέραξ.
1188 427 1265 465 Legi
1280 428 1382 457 malim
1400 438 1530 468 παρηο-αν
1547 427 1698 468 [subaudi
1714 425 1782 467 πςός

1060 469 1138 509 ἧμῖις
1152 468 1296 512 ἐνταυθα]
1313 469 1380 512 παρ’
1394 469 1636 511 Ἀμφιπολιτῶν.

1102 530 1145 535 —
1164 516 1213 544 13.
1236 515 1285 544 τὴν
1306 514 1410 555 πόλιν]
1435 513 1564 545 subaudi
1580 514 1683 543 αὐτῶν.
1704 514 1777 543 Am-

1060 555 1203 595 phipolin
1219 560 1305 595 puta.

1103 599 1237 630 ——ibid.
1259 598 1490 642 παρειχόμεθα]
1520 598 1642 629 citath.
1657 598 1680 628 Ι.
1703 598 1779 628 Am-

1060 642 1182 673 monius
1205 643 1244 672 de
1268 644 1452 674 differentiis
1475 653 1564 673 voce.
1579 652 1612 682 p.
1628 644 1704 672 108.
1727 641 1778 672 ed.

1062 686 1171 716 Valck.
1186 697 1216 716 v.
1233 685 1381 739 παρέχειν.

1105 732 1156 760 12.
1173 731 1203 760 3.
1227 728 1261 759 τὸ
1285 731 1341 770 μὲν
1363 729 1435 771 γὰρ]
1459 728 1580 759 citath.
1595 728 1619 759 l.
1642 724 1779 759 Hermo-

1060 782 1133 812 gen.
1156 773 1194 803 tle
1218 772 1297 803 ideis
1319 778 1342 803 t.
1358 776 1388 803 1.
1404 784 1437 813 p.
1454 774 1528 804 293.
1555 769 1704 802 διακόπτει
1725 772 1782 804 τὰς

1059 816 1232 857 παρισώσεις
1258 815 1327 846 κατ’
1350 813 1518 857 ἔπεμζολιὶς
1540 813 1639 849 οὕτως·
1666 812 1700 844 τὸ
1725 813 1782 854 μὲν

1060 862 1116 899 γὰρ
1131 858 1328 889 «πολλοὶ-τὸ
1344 859 1373 890 δὲ
1396 859 1475 900 μητε
1499 858 1595 890 πάλαι
1619 857 1706 888 τοῦτο
1728 867 1781 888 πε-

1060 901 1203 938 πονθέναι,
1218 902 1310 943 (κου’
1301 915 1315 934 η
1331 901 1498 943 ἐπεμβολι)
1510 900 1657 941 πεφηνέναι
1670 899 1704 931 τέ
1717 911 1782 931 τινα

1060 945 1369 985 ὑμῖν-Βουλώμεθα
1386 943 1521 998 xpm-’6³22‘
1537 943 1590 975 ειθ’
1604 942 1692 978 οὕτως
1707 942 1782 974 ἀπέ-

1060 987 1129 1017 δωκε
1143 987 1177 1018 τό
1191 989 1249 1018 ἴσον
1261 991 1347 1018 κῶλον
1359 989 1402 1028 τῷ
1415 987 1474 1028 ἐξ’
1459 989 1551 1040 αρχῆς
1561 989 1613 1021 τῆς
1627 986 1697 1027 παρ’
1710 985 1781 1017 ἐκεί-

1059 1041 1107 1061 νων
1134 1030 1234 1066 εὐνοίας
1261 1030 1428 1072 εὐεργέτημ’
1455 1031 1489 1062 ἂν
1516 1029 1607 1069 ἔγωγε
1633 1028 1714 1061 Θείην.
1741 1030 1782 1060 ad

1059 1084 1148 1112 quem
1165 1076 1275 1105 Herm.
1294 1076 1395 1105 locum
1413 1075 1455 1104 ita
1473 1077 1696 1104 commentatur
1711 1071 1782 1113 ejus

1059 1117 1259 1148 Scholiastes.
1275 1130 1290 1149 η
1305 1116 1362 1158 μὲν
1376 1115 1533 1157 παρίσωσις
1557 1115 1644 1151 οὕτως
1666 1115 1698 1145 ἂν
1720 1114 1783 1154 ἐγέ-

1058 1170 1130 1191 νετο.
1147 1160 1180 1190 τὸ
1194 1160 1251 1201 μὲν
1265 1163 1320 1202 γὰρ
1335 1159 1559 1191 ἀπολωλεκέναι
1573 1162 1654 1190 κατὰ.
1670 1157 1717 1188 τδν
1731 1159 1783 1189 πό-

1058 1208 1158 1244 λεμον,
1174 1216 1226 1238 της
1243 1204 1383 1244 ἡμετέρας
1397 1202 1540 1244 ἀμελείας
1552 1202 1585 1233 ἄν
1600 1215 1646 1237 τις
1659 1201 1733 1233 θείη.
1747 1200 1783 1232 τδ

1059 1245 1087 1276 δὲ
1114 1259 1158 1286 μη
1189 1248 1285 1278 πάλαι
1309 1248 1396 1277 τοῦτο
1422 1245 1606 1282 πεπονθέναι,
1633 1246 1685 1280 τῆς
1712 1243 1781 1285 παρ’

1059 1288 1163 1321 ἐκείνων
1175 1290 1272 1325 εὐνοίας
1289 1288 1456 1332 εὐεργέτημ’
1472 1289 1505 1320 ἃν
1520 1288 1587 1320 Θείη.
1614 1288 1781 1329 [Annotari

1058 1333 1110 1363 hic
1135 1334 1239 1371 velim,
1253 1334 1447 1365 Scholiasten
1470 1333 1503 1363 in
1525 1332 1620 1363 tertia
1645 1341 1782 1372 persona

1058 1374 1113 1407 Θείη
1129 1377 1252 1413 efferre,
1267 1388 1327 1408 non
1341 1377 1373 1407 in
1390 1377 1505 1417 prima,
1519 1379 1553 1406 ut
1568 1375 1640 1406 est
1631 1386 1663 1405 111
1679 1380 1781 1411 texto,

1059 1424 1091 1449 et
1107 1421 1340 1457 Demosthenis,
1356 1424 1388 1451 et
1404 1419 1639 1459 Hermogenis-J
1662 1418 1780 1458 πάρισον

1058 1464 1113 1503 γὰρ
1133 1475 1167 1494 το
1189 1462 1409 1495 ἀπολωλεκέναι
1432 1463 1475 1502 τῷ
1495 1461 1686 1492 πεπονθέναι.
1700 1459 1735 1493 τὸ
1749 1459 1780 1491 δε

1059 1505 1124 1537 θείη
1136 1505 1180 1547 τῷ
1193 1507 1269 1539 θείη.
1286 1521 1301 1539 η
1316 1507 1341 1537 δ’
1355 1505 1508 1547 ἐπεμβολη
1522 1504 1636 1544 διέκοψε
1652 1505 1702 1536 τήν
1719 1514 1779 1535 πα-

1059 1547 1183 1589 ρίσωσιν.

1102 1610 1146 1615 --
1161 1596 1193 1624 8.
1215 1592 1286 1622 ἀλλ’
1299 1592 1449 1633 οἵμαι-]
1484 1593 1616 1630 Sopater
1638 1590 1678 1620 ad
1693 1589 1779 1620 Her-

1060 1645 1182 1673 mogen.
1207 1645 1238 1674 p.
1252 1637 1328 1667 315.
1353 1635 1419 1666 ἐ’στι
1437 1633 1551 1685 κᾴκεινο
1576 1634 1633 1663 τῶν
1657 1634 1778 1663 τελικῶν

1057 1677 1222 1719 κεφαλαίων
1246 1691 1279 1708 το
1305 1677 1378 1709 ποτὲ
1405 1689 1446 1718 με
1448 1688 1460 1708 ν
1484 1676 1656 1710 καθολικοὺς
1680 1676 1779 1728 ἀφορι·

1058 1733 1154 1761 σμους
1168 1721 1321 1763 ’προθέντα
1337 1720 1389 1761 πρὸ
1403 1724 1460 1751 τῶν
1474 1717 1671 1772 προκειμένων,
1690 1716 1778 1753 οὕτως

1058 1762 1173 1803 επείγειν
1188 1777 1242 1799 τας
1262 1767 1342 1795 κατὰ
1357 1763 1440 1805 μέρος
1461 1761 1631 1803 ἀποδείξεις,
1651 1760 1725 1794 ποτὲ
1749 1761 1780 1793 δὲ

1057 1807 1106 1838 επι
1120 1819 1189 1843 ταις
1201 1809 1334 1849 μερικαῖς
1352 1817 1552 1840 κατασκευαις
1574 1804 1691 1844 ἐπάγειν
1711 1805 1779 1839 ’τους

1056 1851 1242 1892 ἄφορισμούς.
1260 1863 1308 1881 και
1323 1852 1421 1881 πολλοὶ
1435 1861 1491 1880 των
1506 1848 1638 1880 τοιούτων
1652 1847 1732 1888 παρα
1743 1858 1777 1879 τε

1056 1894 1100 1933 τῷ
1114 1894 1264 1925 Θουκυδίδη
1279 1906 1328 1924 και
1345 1894 1390 1934 τῷ
1414 1890 1596 1944 Δημοσθένει
1621 1903 1663 1922 τα
1683 1901 1778 1931 παρα-

1057 1936 1217 1976 δείγματα,
1235 1939 1269 1971 ὡς
1285 1937 1312 1968 ἐν
1327 1938 1371 1977 τῷ
1385 1937 1491 1989 πρωτῳ
1503 1945 1558 1965 των
1570 1933 1777 1970 Ὀλυνθιοικῶν,

1056 1980 1204 2020 προτάξας
1227 1980 1275 2010 τὸν
1297 1979 1464 2032 ἀφορισμον,
1480 1978 1583 2016 ἐπάγει
1604 1979 1659 2012 τὰς
1681 1988 1776 2007 κατα-

1055 2024 1170 2058 σκευάς.
1188 2023 1259 2053 ἀλλ’
1278 2030 1362 2064 οἶμαι
1386 2020 1538 2063 παρόμοιόν
1559 2019 1625 2051 ἔστι
1646 2020 1695 2050 και
1713 2019 1777 2061 περι

1055 2078 1106 2101 της
1121 2069 1176 2097 τῶν
1188 2066 1468 2109 χρ.1ιτ.εῐο.υ111
1482 2066 1537 2095 has
1551 2065 1646 2095 ferme
1662 2063 1775 2093 lectio-

1054 2120 1127 2140 num
1136 2110 1381 2150 discrepantias
1373 2108 1557 2148 insigniores
1569 2106 1774 2147 deprehendi.

1056 2162 1147 2183 versu
1165 2156 1216 2184 14.
1232 2151 1346 2194 ὡραίους,
1360 2162 1418 2192 pro
1435 2150 1534 2192 ὀρθῶς.
1545 2152 1598 2180 16.
1614 2149 1674 2179 tna
1685 2149 1773 2179 istaec

1055 2196 1208 2226 voeabula
1230 2197 1267 2230 ὡς
1290 2198 1332 2227 τοὶ
1356 2196 1464 2226 Ιοτολλα
1488 2194 1602 2225 desunt
1626 2193 1772 2231 exemplo

1054 2238 1180 2278 Sopatri
1195 2239 1387 2270 Aldiuo.18.
1402 2237 1537 2278 legitur
1528 2248 1559 2268 111
1572 2235 1705 2268 eodem
1694 2236 1774 2275 υμῖς

1053 2281 1207 2322 ἀνθρώπων
1218 2279 1376 2334 φροντίσαι.

1095 2343 1139 2349 --
1155 2328 1207 2356 10.
1229 2326 1263 2356 ἂν
1280 2324 1337 2366 μὲν
1353 2336 1408 2365 γαρ
1419 2323 1477 2365 -]
1502 2323 1578 2355 citat
1599 2322 1634 2354 h.
1647 2321 1670 2352 l.
1688 2321 1771 2352 Her-

1053 2379 1200 2409 mogenes
1217 2379 1249 2408 p.
1264 2371 1340 2400 296.
1357 2371 1409 2398 10.

1095 2430 1139 2436 -
1154 2415 1206 2445 26.
1229 2423 1263 2442 το
1284 2408 1407 2452 πρωτον]
1431 2410 1507 2441 citat
1532 2409 1608 2440 11.1.
1633 2407 1770 2439 Hermo-

1053 2466 1147 2494 genes
1169 2466 1203 2496 p.
1220 2457 1296 2486 309.
1320 2453 1353 2485 τὸ
1374 2451 1442 2484 κατ’
1464 2451 1552 2492 ὄνομα
1576 2449 1776 2492 κομματικόν,

1052 2496 1110 2529 οιον·
1136 2496 1327 2539 Ἀμφίπολιν,
1350 2497 1467 2533 Πύδναν,
1490 2493 1652 2530 Ποτίδαιαν,
1667 2500 1771 2533 Παγα-

1052 2545 1118 2579 σὰς,
1142 2541 1284 2573 MeSoevnv·
1313 2552 1360 2571 και
1388 2542 1418 2571 αἱ
1442 2538 1554 2570 νοτυιινοιι
1577 2550 1626 2568 και
1650 2535 1685 2567 δι’
1700 2535 1769 2566 ἔλα-

1050 2585 1158 2626 χίστου
1172 2584 1348 2624 ἐξαλλαγαι,
1364 2580 1422 2614 οιον·
1440 2581 1473 2613 τό
1496 2583 1603 2622 πρωτον
1620 2578 1770 2620 ’Ap-<plm-

1052 2634 1095 2659 λιν
1108 2628 1216 2665 λαβὼν,
1231 2633 1292 2658 etc.

1093 2690 1133 2694 —
1151 2672 1208 2703 ult.
1232 2670 1348 2712 τρόπον]
1371 2680 1442 2700 1111111
1458 2668 1554 2698 τόπον.

1096 2718 1148 2746 13.
1163 2719 1196 2747 2.
1217 2716 1306 2745 πάλιν
1325 2712 1442 2755 ῥαΐσας]
1464 2711 1543 2742 citat
1558 2710 1588 2740 h.
1600 2708 1622 2739 l.
1639 2707 1765 2747 Harpo-

1050 2763 1126 2789 crat.
1140 2769 1169 2789 v.
1184 2757 1296 2800 ραΐσας.

1092 2820 1135 2825 ——-
1151 2805 1182 2832 4.
1204 2799 1297 2835 τας-δ’
1311 2797 1367 2829 ἐπ’
1380 2794 1594 2838 ’1λλυριοὺς-]
1609 2794 1684 2824 citat
1699 2794 1729 2824 h.
1745 2794 1766 2824 1.

1048 2845 1230 2875 Aristides'
1222 2855 1252 2874 m
1268 2844 1289 2873 1.
1315 2843 1354 2872 de
1376 2840 1513 2871 dictione
1529 2837 1627 2873 civili.
1643 2847 1675 2877 p.
1687 2838 1762 2867 232.

1047 2901 1077 2917 αι
1092 2888 1148 2927 μὲν
1163 2885 1233 2918 κατ’
1236 2887 1340 2938 ἄρχοις
1354 2883 1471 2924 γίνονται
1487 2878 1686 2933 παραλείψεις,
1702 2876 1761 2911 οιον·

1043 2932 1181 2962 Ὄλυνθον
1203 2928 1259 2969 μὲν
1278 2929 1307 2961 δὴ
1328 2929 1377 2959 καὶ
1400 2924 1599 2958 Ἀπολλωνίαν.
1615 2923 1643 2953 αἱ
1667 2921 1726 2952 δ”
1714 2921 1766 2954 :m
