1931 3323
337 197 424 240 466
454 197 970 242 AMERSFOORDTII
1006 199 1079 242 ET
1112 199 1456 244 SCHAEFERI
1492 201 1753 247 ANNOTT.

341 307 570 339 Demosthenes
598 319 711 349 augere
735 308 859 340 nuvium
883 320 1056 347 numerum,

340 361 417 390 quas
437 351 642 383 Athenienses
657 354 868 392 praebuerunt,
883 354 966 393 quod
986 353 1059 393 quia

340 393 372 424 in
389 395 446 425 hac
462 395 610 427 Oratione
631 407 686 427 suo
706 396 837 427 consilio
857 407 964 436 parum
986 407 1058 427 con-

342 438 450 468 venire
466 438 604 477 videbat,
619 441 656 470 ad
677 441 884 472 centenarium
901 451 1059 471 numerum

342 481 519 512 universam
534 493 639 513 eorum
650 484 778 514 classem
791 484 924 514 reduxit.
950 485 1059 523 Itaque

343 525 510 563 probamus
542 527 665 557 Reiskii
685 528 836 567 judicium
860 527 1061 566 Wesselingii

344 569 551 607 conjecturam
572 571 776 611 repudiantis,
799 582 859 611 qua
882 581 939 610 pro
962 570 1062 601 ἑκατὸν

341 610 464 651 legatur
498 614 650 650 διακοσίας.
710 616 827 644 Praeter
862 614 947 650 illos,
983 625 1060 654 (11105

343 654 591 687 Valckenaerius
617 658 757 688 laudavit
781 659 800 688 1.
826 668 853 687 c.
872 658 912 687 de
935 668 1061 687 numero

342 698 468 729 navium
484 702 659 732 Graecarum
681 702 747 741 egit
761 702 852 731 etiam
868 700 1062 740 Thucydidis

345 741 449 773 schol.
467 744 506 774 ad
527 744 910 780 1..1.'74.--caeterum,
935 743 1009 782 quia
1030 744 1059 773 h.

338 784 365 814 l.
382 795 482 816 sermo
484 777 600 818 incidit
614 789 654 818 de
663 798 763 828 pugna
775 786 951 823 Salaminia,
961 786 1064 817 obiter

342 827 617 861 animadvertimus
634 828 801 871 μνημονικὸν
817 831 986 871 ἁμάςτημα,
999 831 1064 860 De-

342 873 516 904 mosthenis
532 874 582 905 vel
607 876 686 914 ejus,
711 875 763 913 qui
787 875 914 913 scripsit
929 875 1016 904 Orat.
1031 873 1062 903 in

342 915 635 956 Neaeramp.137'7.
651 921 702 949 14.
718 917 771 957 qui
785 917 825 947 de
838 917 1063 947 Plataeensibus

344 958 486 998 loquens,
501 958 609 997 ἐπειδὴ,
624 960 736 1000 inquit,
751 960 850 995 αυτοῖς
863 961 949 991 οἰκεῖα
964 961 1063 1000 σκάφη

345 1000 400 1043 οὔχ
410 1003 550 1054 ὑπῆρχε,
565 1005 799 1046 συνεναυμάχουν
817 1004 886 1044 ὑμῖν
900 1001 949 1034 ἐπ’
964 1002 1063 1043 Ἀρτε-

343 1043 437 1085 μισίῳ
451 1047 500 1076 και
523 1046 549 1076 ἐν
563 1049 721 1087 Σαλαμῖνι.
766 1048 816 1078 De
832 1057 935 1087 pugna
952 1047 990 1076 ad
1006 1049 1063 1077 Ar-

343 1089 501 1119 temisium
517 1090 682 1121 commissa
697 1091 805 1120 eadem
820 1090 948 1120 tradidit
960 1091 1064 1120 Hero-

343 1131 447 1168 dotus,
470 1133 663 1164 Plataeenses
687 1139 790 1163 autem
819 1133 1063 1163 Atheniensibus

344 1174 383 1204 ad
401 1176 556 1206 Salamiua
579 1177 705 1206 affuisse
725 1177 809 1206 idem
834 1175 1002 1206 historicus
1016 1176 1063 1206 di-

346 1223 430 1249 serte
446 1225 539 1259 negat
553 1220 575 1250 1.
588 1221 683 1250 VIII.
703 1222 756 1251 44.
773 1222 1049 1251 AMERsrooanr.

388 1279 433 1285 ·-
446 1262 523 1293 ibid.
556 1262 674 1303 ὲκατδν]
712 1263 893 1293 Assentitur
928 1262 1064 1293 Reiskio

342 1309 459 1344 praeter
487 1305 770 1337 Amersfoordtium
806 1311 870 1337 not.
901 1307 941 1336 ad
972 1316 1003 1336 v.
1034 1307 1065 1335 8.

343 1348 507 1380 Weiskius
536 1350 575 1381 de
605 1350 752 1390 Hyperb.
774 1350 819 1379 11.
843 1361 873 1390 p.
904 1352 956 1379 24.
1003 1349 1065 1380 Sed

343 1392 525 1424 Boeckhius
540 1393 580 1424 de
593 1393 704 1423 OEcon.
718 1393 806 1433 polit.
821 1393 933 1423 Athen.
948 1397 971 1423 t.
988 1393 1015 1423 I.
1032 1403 1065 1432 p.

345 1436 422 1466 276.
450 1437 608 1477 vulgatam
639 1436 825 1477 scripturam
852 1441 915 1466 tam
944 1435 1065 1466 affinem

347 1477 426 1509 dicit
446 1480 613 1520 aenigmati,
636 1484 670 1510 ut
690 1481 790 1510 lector
807 1490 914 1520 parum
930 1483 1066 1510 attentus

346 1522 526 1553 Orationem
549 1525 588 1554 de
608 1523 804 1565 SytnmoriiS‚
824 1533 914 1563 quam
937 1527 984 1552 tot
1006 1523 1067 1553 alia

344 1571 527 1606 argumenta
555 1567 720 1607 genuinam
747 1577 816 1597 esse
852 1568 989 1602 vincant,
1025 1567 1065 1596 ob

343 1609 422 1639 hano
458 1620 549 1641 unam
578 1620 701 1640 causam
731 1621 788 1650 pro
818 1610 924 1650 spuria
953 1610 1066 1640 habere

342 1662 441 1692 posse
462 1654 614 1685 videatur.
662 1654 837 1684 Pervellem
858 1654 906 1684 vir
921 1653 1066 1683 doctissi-

344 1706 414 1726 mus
434 1707 492 1728 nos
515 1697 687 1734 docuisset,
703 1708 759 1727 cur
774 1696 899 1727 Reiskii
917 1697 1066 1727 rationem

346 1749 476 1770 assensu
488 1751 545 1771 suo
560 1742 763 1780 comprobare
779 1739 948 1770 dubitaret.
986 1740 1066 1770 Mihi

345 1783 473 1822 quidem
495 1784 562 1814 haec
591 1785 671 1814 ratio
701 1785 780 1814 adeo
807 1784 922 1823 placet,
953 1788 986 1813 ut
1009 1784 1066 1814 vix

343 1831 452 1865 putem
482 1827 726 1868 probabiliorem
754 1827 928 1866 excogitari
959 1837 1065 1866 posse.

343 1869 392 1899 Ac
407 1870 539 1901 fortasse
549 1871 786 1907 Demosthenes,
797 1880 866 1901 cum
877 1869 977 1901 ἑκατὲν
991 1869 1067 1901 scri-

345 1912 446 1950 beret,
457 1913 519 1944 fide
530 1914 654 1954 dignior
666 1914 726 1944 fuit
736 1924 827 1954 quam
841 1913 904 1954 ipsi
914 1913 1065 1943 historici.

344 1956 520 1988 Audiamus
535 1957 843 1998 Schweigh'auserum
858 1958 897 1987 ad
912 1957 1067 1987 Herodot.

346 2000 443 2030 VIII.
464 2002 519 2032 44.
543 2011 602 2031 non
630 2001 736 2041 inepte
764 2001 811 2031 sic
833 2000 1064 2041 disputantem:

343 2046 366 2061 ‘¹
379 2043 508 2074 Mireris
524 2054 611 2081 vere,
628 2054 689 2084 quo
708 2048 801 2085 pacto
821 2048 868 2074 tot
883 2043 1012 2074 navibus
1027 2044 1066 2075 ad

345 2086 531 2117 Salaminem
554 2098 694 2127 pugnare
724 2087 930 2118 Athenienses
956 2091 1066 2127 potue-

344 2129 418 2166 rint,
435 2131 684 2170 quandoquidem
700 2131 731 2161 iu
753 2141 857 2171 pugna
877 2131 917 2161 ad
931 2131 1067 2161 Artemi-

345 2173 426 2203 sium
442 2173 602 2204 dimidiam
618 2179 739 2213 partem
753 2175 928 2206 Atticarum
942 2174 1067 2205 navium

346 2217 538 2248 vulneratam
568 2227 639 2247 esse
669 2217 712 2248 ait
742 2217 885 2257 Scriptor
913 2227 982 2257 cap.
1013 2220 1066 2249 18.

347 2269 449 2300 neque
464 2260 512 2290 eis
528 2260 702 2291 reficiendis
717 2261 906 2301 suppetiisse
921 2261 1068 2293 videatur

346 2303 503 2344 tempus.'’
522 2304 722 2335 Scrmnrmt.

391 2365 435 2370 --
451 2349 482 2379 9.
500 2346 600 2388 χιλίας
620 2346 826 2382 ἀπολέσαντας
844 2346 924 2388 ναῦς]
960 2347 1068 2378 Mille-

347 2390 465 2421 narium
482 2401 643 2421 numerum
657 2391 739 2421 dixit
754 2391 992 2427 Demosthenes,
1008 2401 1067 2421 non

348 2433 474 2473 quidem
493 2434 738 2471 accuratissime,
765 2436 821 2465 sed
837 2445 876 2465 ex
893 2444 978 2464 more
992 2444 1068 2474 poe-

347 2481 449 2506 tarum
470 2483 503 2507 et
526 2482 692 2508 oratorum.
737 2478 856 2508 Eadem
872 2478 936 2508 illis
959 2482 1007 2507 est
1023 2478 1069 2507 Io-

349 2520 465 2560 quendi
481 2520 570 2556 ratio,
583 2531 675 2560 quum
688 2520 870 2552 Graecorum
886 2521 1018 2551 classem
1029 2522 1066 2551 ad

345 2562 471 2604 Trojam
488 2568 668 2594 memorant.
711 2565 862 2604 Quamvis
872 2564 1068 2604 Thucydidis

351 2605 542 2636 Scholiastes
565 2607 601 2636 ad
630 2607 650 2637 l.
670 2609 697 2638 Ι.
720 2610 771 2638 10.
796 2608 808 2637 ὅ
834 2607 889 2648 μὲν
896 2605 1068 2660 ΝΕὒριπίδης,

350 2649 461 2689 inquit,
486 2649 536 2678 καὶ
560 2649 708 2690 Λυκόφρων
730 2650 833 2692 χιλίας
863 2662 927 2685 vaur,-
950 2650 1067 2689 λέγουσι

349 2692 398 2724 τὸν
411 2691 613 2732 Ἀγαμέμνονα
626 2693 754 2732 ἀγαγεῖν,
767 2694 779 2724 ὃ
791 2693 841 2725 δὲ“’
843 2700 954 2735 Ομπρος
968 2692 1068 2736 χιλίας

349 2735 451 2767 ἑκατὸν
464 2736 599 2777 {innova-a
613 2734 655 2775 ἕξ.
699 2738 924 2777 Thucydides*
915 2748 984 2777 ipse
996 2748 1034 2767 eo
1048 2738 1067 2768 1.

349 2779 480 2810 dederat
494 2778 596 2821 χιλίων
618 2791 667 2809 και
689 2779 843 2811 διακοσίων.
873 2783 922 2811 De
942 2791 1068 2811 numero

351 2823 485 2854 rotundo
509 2823 554 2853 sic
580 2823 695 2862 saepius
716 2824 810 2853 obvio
831 2829 961 2863 egerunt
980 2825 1068 2864 Hey-

350 2866 418 2896 nius
434 2867 472 2896 ad
493 2866 583 2906 Virg.
600 2866 724 2897 AEueid.
742 2867 790 2896 ΙΙ.
812 2869 886 2898 198.
908 2869 951 2898 Is.
971 2868 1067 2897 Grau-

353 2920 454 2950 graeus
471 2909 509 2940 ad
529 2910 673 2941 Juvenal.
691 2911 754 2940 Sat.
772 2910 856 2940 XII.
874 2912 948 2941 122.
966 2916 997 2940 et
1013 2921 1067 2940 au-

350 2958 455 2983 ctores
469 2963 540 2983 mox
558 2953 714 2984 laudandi.
736 2953 828 2983 Hunc
842 2952 934 2983 etiam
951 2963 1066 2984 morem

349 2995 489 3036 sequitur
500 2996 670 3037 AEschylus
683 2997 714 3026 in
723 2995 906 3037 Agamemu.
921 3008 951 3027 v.
963 2998 1016 3027 46.
1027 2998 1066 3027 de

349 3039 469 3070 Atridis
483 3050 594 3072 canens
607 3052 613 3070 ;
627 3040 730 3072 στόλον
740 3038 868 3082 Ἀργείων
883 3040 1066 3082 χιλιοναύταν

1091 308 1173 342 τῆσδ’
1192 308 1258 340 &wi
1279 311 1376 352 χῶςοις
1398 308 1475 353 ᾖξαν.
1490 314 1523 344 et
1542 309 1717 353 saepissime
1731 313 1807 346 Ovi-

1092 354 1182 384 dius:
1205 354 1336 384 Metam.
1357 355 1439 385 XII.
1468 357 1500 386 6.
1531 360 1555 375 “
1569 358 1807 397 Conjurataeque

1091 402 1261 437 sequuntur
1276 397 1368 427 Mille
1384 397 1496 428 rates.''
1510 399 1586 430 ibid.
1600 410 1631 430 v.
1646 401 1700 431 37.
1715 404 1737 418 “
1747 401 1808 431 Ac-

1092 441 1212 480 cipiunt
1245 445 1355 471 ventos
1385 452 1403 471 a
1432 447 1520 481 tergo
1549 443 1635 473 mille
1666 442 1810 474 carinae.''

1093 485 1188 515 Libro
1204 489 1305 514 autem
1325 484 1428 514 XIII.
1448 487 1500 516 92.
1544 487 1624 525 Ajax
1641 486 1810 526 gloriatur:

1093 532 1114 546 “
1126 529 1248 567 Nempe
1272 538 1331 568 ego
1350 528 1436 558 mille
1456 539 1525 559 meo
1545 529 1670 568 protexi
1683 534 1810 570 pectore

1095 571 1250 611 puppes.''
1267 576 1298 602 et
1314 582 1343 602 v.
1360 574 1434 603 182.
1450 571 1581 611 legitur:
1601 576 1623 591 “
1636 573 1810 612 Aulidaque

1094 615 1264 645 Euboicam
1278 616 1470 655 complerunt
1484 615 1569 646 mille
1585 616 1729 646 carinae.''
1762 617 1813 647 Ita

1094 663 1126 688 et
1138 658 1304 688 Laodamia
1311 658 1454 688 maritum
1467 669 1555 689 suum
1568 663 1670 689 monet
1679 660 1812 690 Heroid.

1095 702 1196 731 X111.
1211 704 1264 734 97.
1287 705 1308 720 “
1320 703 1407 732 Inter
1420 702 1506 732 mille
1522 707 1605 733 rates
1622 707 1674 733 tua
1688 702 1729 733 sit
1742 703 1812 733 mil-

1095 744 1202 774 lesima
1230 745 1381 785 puppis-’¹
1436 746 1486 775 De
1519 756 1646 776 numero
1674 746 1812 783 navium,

1095 798 1164 827 quae
1185 788 1328 818 Xerxem
1353 787 1386 818 in
1408 788 1559 819 Graeciam
1588 793 1702 820 secutae
1730 794 1812 825 sunt,

1095 830 1207 861 iterum
1229 831 1270 861 cf.
1289 832 1481 871 Interpretes
1503 832 1540 862 ad
1562 834 1716 872 Nepotem
1728 833 1812 863 The-

1096 874 1179 904 mist.
1201 885 1229 905 o.
1252 877 1284 905 2.
1305 878 1337 904 et
1353 873 1536 905 Brissonius
1555 876 1595 905 de
1611 886 1705 916 regno
1722 877 1811 906 Pers.

1096 917 1202 948 1.ΙΙΙ.
1225 928 1253 948 c.
1275 919 1329 949 73.
1375 918 1477 957 Igitur
1502 917 1642 958 plerique
1669 923 1813 950 auctores

1095 965 1229 997 narrant,
1251 971 1346 991 naves
1366 960 1494 991 circitur
1508 964 1594 992 1200
1614 961 1678 1002 ipsi
1702 973 1812 1003 pugnae

1096 1004 1264 1034 Saliminiae
1280 1014 1321 1033 ex
1336 1004 1455 1043 ingenti
1472 1004 1592 1034 Xerxis
1605 1005 1705 1036 classe
1718 1005 1813 1036 inter-

1095 1047 1208 1077 fuisse:
1234 1053 1325 1086 atque
1351 1047 1582 1078 accuratissime
1598 1049 1663 1078 haec
1678 1049 1815 1080 narravit

1095 1089 1265 1129 AEschylus
1290 1091 1379 1120 Pers.
1400 1101 1430 1120 v.
1446 1093 1521 1122 342.
1543 1092 1630 1131 cujus
1647 1092 1815 1123 auctoritas

1097 1143 1153 1163 cur
1169 1133 1226 1163 hac
1250 1133 1283 1163 in
1305 1143 1339 1163 re
1361 1133 1551 1173 reliquorum
1573 1135 1707 1165 omnium
1727 1135 1816 1166 testi-

1096 1175 1200 1207 monio
1222 1177 1412 1216 praeferenda
1434 1177 1487 1213 sit,
1504 1188 1609 1208 veram
1634 1188 1674 1208 ex
1698 1179 1816 1209 Casan-

1096 1220 1177 1249 bono
1199 1229 1322 1249 causam
1341 1219 1482 1250 reddidit
1506 1221 1545 1251 A.
1564 1221 1754 1252 Staverenus
1775 1223 1814 1253 ad

1100 1263 1271 1303 Nepotisl.
1286 1263 1307 1293 l.
1325 1261 1410 1304 Ξὲςξῃ
1427 1262 1469 1300 δὲ,
1488 1264 1537 1294 καὶ
1557 1266 1649 1305 γᾶςι
1627 1263 1699 1301 οῖδα,
1711 1267 1816 1306 χιλιὰς

1096 1306 1152 1346 μὲν
1166 1305 1195 1337 ἦν
1208 1304 1246 1335 ὢν
1258 1304 1310 1344 ἦγε
1326 1306 1451 1342 πληθος,
1471 1307 1501 1337 αἱ
1520 1306 1545 1337 δ’
1562 1307 1743 1359 ὑπέρκομποι
1758 1309 1814 1339 τά·

1096 1360 1145 1391 χει
1166 1348 1265 1380 ἑκατὸν
1288 1347 1363 1384 δὶς
1348 1353 1420 1380 ἦσαν
1443 1349 1524 1391 ἑπτά
1549 1348 1592 1381 θ’.
1637 1351 1697 1381 Cui
1713 1356 1815 1382 tamen

1098 1392 1263 1423 narrationi
1284 1392 1340 1423 vix
1366 1393 1531 1424 convenire
1562 1393 1687 1424 videtur
1710 1395 1815 1425 Hero-

1098 1437 1203 1472 dotus,
1219 1435 1283 1476 qui,
1298 1437 1381 1476 quod
1394 1435 1518 1476 quidem
1535 1436 1645 1467 mirum
1661 1437 1815 1475 videatur,

1098 1481 1180 1509 hunc
1202 1479 1302 1520 ipsum
1328 1490 1487 1510 nnmerum
1509 1479 1632 1510 navium
1656 1481 1815 1521 longarum

1099 1522 1222 1565 (1207)
1248 1533 1318 1553 cum
1334 1533 1408 1563 rege
1432 1523 1664 1563 expeditionem
1683 1524 1715 1554 in
1731 1525 1816 1556 Grae-

1099 1567 1178 1597 ciam
1194 1566 1367 1606 suscepisse
1384 1567 1505 1604 scribit,
1518 1578 1624 1598 verum
1639 1567 1672 1598 iu
1685 1578 1816 1608 sequen-

1098 1610 1184 1640 tibus
1208 1610 1378 1641 identidem
1401 1614 1448 1640 tot
1470 1621 1565 1641 naves
1587 1612 1654 1650 ejus
1675 1611 1723 1641 vel
1740 1616 1816 1642 tem-

1099 1654 1270 1694 pestatibus
1284 1653 1334 1684 vel
1350 1654 1462 1694 pugnis
1478 1658 1586 1684 contra
1601 1655 1728 1685 Graecos
1746 1665 1817 1686 sus-

1099 1697 1199 1736 ceptis
1215 1696 1329 1737 periise
1341 1701 1454 1734 narrat,
1464 1701 1498 1727 ut
1509 1697 1564 1728 vix
1575 1697 1658 1728 idem
1671 1708 1817 1730 numerus

1100 1741 1139 1770 ad
1165 1739 1352 1771 Salaminem
1375 1746 1553 1781 penetrasse
1568 1741 1721 1771 videatur.
1766 1742 1817 1773 Ne

1099 1789 1201 1814 autem
1226 1783 1409 1814 temeritatis
1437 1794 1599 1824 arguamur
1620 1785 1817 1815 Herodotum

1100 1827 1151 1858 vel
1164 1827 1277 1857 erroris
1288 1827 1338 1858 vel
1353 1827 1548 1867 negligentiae
1560 1827 1747 1864 incusantes,
1763 1839 1817 1859 va-

1099 1870 1146 1900 ria
1161 1871 1229 1910 ejus
1245 1871 1285 1900 de
1298 1870 1357 1900 bac
1376 1881 1409 1900 re
1424 1870 1540 1901 indicia
1553 1870 1586 1900 iu
1609 1881 1701 1901 unum
1716 1873 1819 1902 confe-

1100 1924 1214 1944 ramus.
1257 1915 1374 1954 Longae
1403 1914 1507 1954 itaque
1531 1914 1697 1945 Persarum
1722 1925 1818 1946 naves

1100 1957 1244 1988 Xerxem
1275 1957 1365 1987 initio
1393 1956 1602 1997 expeditionis
1633 1961 1748 1988 secutae
1777 1958 1818 1988 ab

1101 2000 1264 2032 Herodoto
1278 2005 1440 2031 narrantur
1456 2003 1541 2032 1207
1565 2001 1605 2043 (1.
1619 2001 1698 2032 VII.
1714 2002 1766 2033 39.
1784 2006 1817 2032 et

1101 2043 1207 2085 184.),
1244 2054 1320 2083 quas
1368 2044 1577 2074 onerariarum
1609 2045 1819 2084 sequebantur

1101 2090 1188 2119 3000
1204 2087 1294 2128 [ibid.
1311 2098 1339 2118 c.
1355 2087 1438 2128 97.],
1458 2087 1519 2118 etsi
1536 2089 1644 2127 Nepos
1667 2087 1818 2119 Themist.

1101 2142 1129 2162 c.
1145 2133 1176 2162 2.
1197 2131 1303 2161 harum
1319 2133 1405 2162 2000
1421 2136 1538 2161 tantum
1552 2135 1710 2162 memorat.
1754 2131 1819 2162 Sed

1101 2175 1310 2205 onerariarum
1330 2174 1465 2205 infinitus
1480 2184 1626 2204 numerus
1641 2174 1756 2205 fractus
1771 2179 1820 2205 est

1101 2219 1139 2248 ad
1152 2217 1348 2257 Magnesiam
1363 2217 1437 2248 litus
1452 2216 1546 2259 (ibid.
1558 2228 1586 2249 c.
1602 2217 1706 2259 191.).
1731 2217 1820 2248 Clas-

1103 2271 1166 2292 sem
1179 2267 1280 2291 autem
1296 2265 1448 2291 auxerunt
1464 2260 1578 2290 deinde
1592 2271 1686 2291 naves
1702 2263 1766 2292 120
1778 2271 1819 2291 ex

1100 2304 1234 2335 Thracia
1259 2305 1406 2344 profectae
1435 2303 1482 2346 (o.
1508 2303 1622 2345 185.):
1647 2314 1685 2334 ex
1708 2304 1817 2335 eadem

1102 2358 1176 2378 vero
1189 2349 1225 2378 ad
1242 2348 1434 2388 Magnesiam
1449 2350 1634 2387 tempestate
1649 2349 1820 2379 submersae

1103 2396 1175 2421 suut
1201 2393 1268 2422 400
1297 2401 1391 2421 naves
1417 2390 1464 2434 (c.
1489 2390 1595 2432 190.).
1649 2391 1772 2421 Deinde
1801 2401 1820 2421 a

1102 2435 1221 2464 Graecis
1244 2436 1287 2466 15
1314 2438 1415 2474 captae
1439 2438 1510 2464 sunt
1533 2434 1573 2464 ad
1598 2433 1700 2464 sinum
1719 2435 1821 2474 Paga-

1103 2488 1194 2508 saeum
1216 2478 1260 2519 (c.
1277 2477 1368 2519 194.)
1381 2477 1554 2516 iterumque
1569 2480 1612 2509 30
1627 2477 1665 2508 ad
1682 2477 1820 2508 Artemi-

1103 2521 1181 2551 sium
1205 2522 1245 2563 (1.
1261 2520 1356 2551 VIII.
1373 2519 1456 2562 11.).
1494 2521 1596 2560 Atque
1615 2521 1723 2551 eodem
1741 2526 1820 2551 tem-

1102 2575 1177 2604 pore
1193 2565 1231 2595 ad
1251 2565 1379 2595 Graecos
1393 2564 1559 2604 transfugit
1573 2563 1744 2594 Antidorus
1760 2565 1821 2594 Le-

1101 2608 1202 2638 mnius
1213 2618 1280 2637 cum
1295 2618 1350 2638 sua
1362 2607 1433 2637 navi
1443 2607 1535 2638 solus.
1549 2606 1649 2649 (quod
1660 2607 1818 2647 posterius

1102 2655 1190 2691 patet
1205 2662 1243 2681 ex
1258 2652 1366 2682 eodem
1382 2651 1466 2687 loco,
1481 2650 1552 2681 coll.
1568 2661 1597 2681 c.
1612 2650 1684 2692 82.)
1728 2651 1821 2681 Nova

1102 2701 1202 2725 autem
1218 2697 1404 2734 tempestate
1423 2699 1501 2730 orta,
1520 2704 1594 2733 pars
1614 2693 1734 2729 classis,
1750 2703 1820 2733 quae

1102 2738 1251 2769 Euhoeam
1269 2747 1414 2778 superare
1430 2737 1597 2768 conabatur
1612 2738 1675 2767 200
1689 2736 1820 2767 navibus

1102 2781 1284 2821 composita,
1309 2781 1408 2811 omnis
1433 2781 1472 2810 ad
1494 2780 1640 2820 scopulos
1658 2780 1756 2809 fracta
1771 2784 1820 2810 est

1102 2830 1134 2855 et
1163 2824 1308 2855 fluctibus
1339 2825 1499 2854 submersa
1528 2822 1574 2864 (c.
1598 2821 1668 2864 7)
1699 2822 1819 2862 ἀγγελίη

1101 2866 1235 2905 ἐλθοῦσα,
1248 2869 1284 2902 ὡς
1298 2869 1355 2898 τῶν
1367 2865 1510 2908 ζαρβάρων
1523 2866 1547 2896 οῖ
1561 2864 1759 2906 πεςιπλέοντες
1770 2867 1819 2896 τῆν

1102 2910 1214 2942 Εὖέοιαν
1234 2911 1341 2945 πάντες
1358 2909 1453 2941 εἴησαν
1472 2908 1667 2950 διεφθαρμένοι
1688 2908 1750 2940 ὑπὸ
1768 2909 1819 2939 τοῦ

1101 2953 1244 2994 γενομένου
1263 2956 1414 2995 χειμῶνος.
1458 2953 1641 2992 Eodemque
1662 2953 1727 2983 sere
1741 2957 1819 2982 tem-

1101 3008 1176 3037 pore
1192 2998 1311 3028 Ciliciae
1326 3006 1432 3032 name,
1445 3006 1514 3036 quae
1530 3001 1605 3036 quot
1616 2996 1745 3031 fuerint,
1757 3005 1818 3025 non

1101 3042 1263 3078 indicatur,
1289 3051 1306 3071 a
1322 3040 1441 3071 Graecis
1463 3045 1563 3081 captae
1586 3044 1658 3070 sunt
1679 3038 1772 3081 (ibid.
1788 3049 1815 3068 c.
