1931 3322
142 181 228 223 AD
249 181 619 225 ORATIONEM
641 181 704 223 IN
726 181 1002 224 BOEOTUM
1023 183 1106 225 DE
1124 185 1287 228 DOTE
1310 185 1452 228 MAT.
1513 184 1591 227 231

141 292 191 317 tur
213 288 292 318 duos
315 293 410 318 testes
432 288 475 317 ait
494 287 598 327 potius
626 287 851 328 subscriptores

141 331 229 369 quasi
252 341 333 367 esse,
356 333 502 361 adversus
525 331 685 368 Mantiam‚
709 341 799 370 quam
822 331 852 360 ei

141 378 237 403 testes
253 373 398 404 adfuisse.

885 288 1104 360 qni23partibus
1128 290 1360 322 Atheniensium
1378 292 1547 322 studerent.
1563 302 1594 323 v.

886 341 917 361 v.
977 352 986 360 .

928 391 970 397 —-
987 373 1042 402 ult.
1067 373 1151 415 εἶναι]
1178 375 1284 407 Lamb.
1307 377 1424 407 mavult
1449 379 1599 419 περιεῖναι.

187 434 230 439 --
244 419 295 446 11.
317 418 390 447 πολὺ
413 416 483 457 γὰρ]
505 416 606 446 locum
623 416 701 446 hunc
718 426 851 445 commu·
885 416 968 446 nulla
982 426 1084 447 cansa.

144 469 212 489 nem
223 461 288 498 jam
301 469 394 499 supra
407 469 440 498 p.
457 462 551 490 1001.
564 459 728 490 13.verbis
744 459 853 489 iisdem

148 501 299 532 tractavit.

190 562 233 567 —
245 547 296 575 12.
320 541 356 574 οἷν
371 545 404 575 ἂν
416 544 543 586 ἑαυτοῖς]
563 545 634 575 dedi
650 542 687 574 οἷν
707 544 738 574 ἂν
752 543 778 574 ἓν
790 543 856 575 ἔαυ-

930 461 1025 490 1023.
1041 462 1092 491 14.
1116 459 1162 489 οὐκ
1179 460 1245 500 ἴσα]
1274 462 1401 492 subaudi
1416 463 1495 494 ἀλλὰ
1516 466 1598 495 πολὺ

888 501 989 533 πλείω.
1003 512 1062 532 11011
1079 508 1194 533 tantum
1219 505 1399 534 absumebat
1425 506 1536 546 Plango
1557 518 1598 537 ex

888 546 982 586 patris
998 545 1057 575 mei
1073 547 1244 577 substantia
1266 547 1314 587 (id
1339 548 1419 586 quod
1440 548 1527 578 facile
1551 556 1600 580 est

147 587 217 621 τοῖς.
246 588 369 618 tametsi
398 588 494 618 altera
522 598 643 627 quoque
669 588 761 618 lectio
781 588 856 618 ferri
884 588 1052 629 judicatu),
1067 596 1210 628 quantum
1226 600 1283 629 ego
1299 591 1602 627 absumebam,ncne

148 635 253 669 queat,
268 637 300 661 et
314 641 372 670 ap.
384 634 397 661 1
407 634 481 661 001.
498 633 550 661 13.
563 631 768 660 confirmetur.

188 691 230 696 —-
244 673 319 704 ibid.
334 673 557 715 ἄποδιαιτηθεῖς]
573 673 633 704 imo
649 684 722 704 vero
737 673 857 704 καταδι-

146 714 279 751 αιτηθείς.
325 717 500 756 Saepissime
516 715 574 748 ἀπὸ
590 722 621 747 et
632 719 711 748 κατὰ
724 717 754 747 in
769 716 856 747 libris

146 759 263 789 calamo
296 760 431 790 exaratis
467 760 547 790 inter
575 770 609 790 se
638 766 857 800 permutantur,

148 802 232 841 quod
247 812 284 832 eo
298 803 342 840 fit,
360 803 434 842 quia
455 803 501 833 hae
516 803 585 833 duae
601 804 719 834 voculae
735 804 855 834 similli-

147 845 207 875 mis
221 846 412 886 compendiis
430 851 604 877 exarantur.
628 847 687 877 hoc
711 848 776 878 solo
792 848 856 877 dis-

148 888 286 925 crimine,
301 890 384 929 quod
400 889 478 929 sigla
490 891 571 920 κατέι
594 890 751 930 exprimit,
767 891 856 921 initio

145 942 241 961 cornu
250 937 401 963 arrectum
414 933 536 970 habeat,
549 934 635 964 velut
649 935 771 964 malum.

193 977 289 1007 1019.
311 978 361 1006 14.
386 977 443 1005 τῶν
460 975 548 1016 φίλων
564 978 616 1012 τῆς
637 977 759 1019 πόλεως]
776 977 858 1008 desi-

150 1023 222 1058 gnat
236 1023 354 1058 partem
368 1019 452 1050 illam
466 1019 580 1050 civium
593 1020 857 1060 Mitylenensium,

890 632 976 662 bonis
992 633 1101 672 patris,
1117 634 1169 662 sed
1188 643 1227 662 ex
1240 633 1341 664 usuris
1357 633 1439 664 dotis
1449 640 1602 665 maternae.

931 692 973 698 —
994 678 1044 705 17.
1062 675 1115 705 ὑπὸ
1138 675 1245 706 τούτων
1267 676 1335 716 πρὸς
1356 678 1418 710 τοῖς
1438 676 1546 713 ἄλλοις,
1574 677 1602 712 ὃς

888 718 973 748 εἴκοι-ι
982 718 1038 759 μὲν
1048 721 1131 758 μνᾶς.
1147 719 1269 749 videtur
1278 720 1308 749 in
1321 720 1389 750 aliis
1400 720 1488 750 libris
1501 721 1546 750 sic
1557 721 1605 751 fu-

889 761 964 798 isse,
980 767 1014 792 ut
1025 762 1143 792 correxi
1158 774 1167 801 3
1189 763 1219 792 in
1238 763 1306 793 aliis
1323 763 1389 793 sie:
1414 762 1468 793 ὑπὸ
1485 763 1603 800 τούτων,

889 803 916 840 ὃς
927 805 994 845 πρὸς
1007 806 1065 839 τοῖς
1082 806 1180 840 ἄλλοις
1197 805 1282 836 εἴκοσι
1296 824 1349 836 —.

931 866 975 871 ——
989 848 1045 879 ult.
1060 850 1110 879 καὶ
1132 848 1182 880 τὴν
1196 848 1314 890 προῖκα]
1330 850 1471 890 copulam
1485 849 1603 881 addidi.

889 892 977 922 etiam
990 891 1094 923 dotem.

933 938 1029 967 10025.
1044 946 1113 975 pen.
1129 936 1258 977 πολλῶν]
1274 936 1376 966 malim
1387 937 1506 967 abesse.

934 980 1029 1009 1026.
1045 981 1097 1010 24.
1112 978 1154 1009 ὅτι
1169 980 1243 1009 πολὺ
1254 979 1302 1009 καὶ
1316 979 1492 1021 δικαιότερον]
1508 989 1605 1020 copu-

890 1021 950 1052 lam
966 1021 1082 1053 addidi.
1099 1022 1191 1052 multo
1204 1023 1292 1054 etiam
1306 1032 1363 1054 esse
1377 1024 1498 1065 aequius.

318 1158 403 1201 AD
435 1156 804 1201 ORATIONEM
836 1155 1083 1199 CONTRA
1115 1156 1413 1200 SPUDIAM.

194 1275 290 1305 1028.
304 1275 357 1305 12.
370 1273 508 1305 κινδυνεύω
519 1272 589 1316 μὲν]
605 1275 858 1314 codicesquidam

147 1316 222 1347 dant
237 1327 297 1348 11110
312 1318 463 1349 vocabulo
484 1318 677 1357 κινδυνεύομεν.
697 1318 779 1349 haud
801 1318 858 1348 im-

151 1360 362 1399 probabiliter.
406 1362 467 1392 Sed
490 1362 550 1392 hoc
562 1362 706 1398 admisso,
729 1372 859 1392 necesse

151 1408 200 1433 est
211 1402 304 1444 τούτῳ
323 1409 397 1445 post
411 1403 512 1445 ὁμοίως
534 1404 646 1435 omitti.
665 1406 796 1436 videmur
812 1414 861 1435 nos

151 1446 245 1483 ambo,
269 1457 328 1486 ego
351 1451 382 1478 et
397 1447 545 1488 Spudias,
564 1459 624 1479 mm
633 1450 705 1488 pari
718 1449 800 1479 modo
819 1449 861 1479 ad

151 1487 204 1520 hoc
216 1495 362 1521 certamen
375 1499 430 1521 esse
440 1492 610 1531 comparati.

192 1550 237 1556 —
266 1536 319 1565 14.
347 1532 493 1575 ἐνταῦθα]
524 1535 649 1566 videtur
676 1535 862 1572 redundare,

151 1580 206 1606 aut
219 1575 346 1616 ‘naeniam
357 1582 405 1607 est
417 1588 434 1607 e
450 1578 542 1608 codd.
558 1578 805 1608 adsciscendum.

192 1621 288 1650 1029.
305 1621 358 1650 13.
376 1620 585 1661 κομισάμενος]
608 1621 741 1652 notabile
756 1631 862 1651 anaco-

148 1660 280 1692 luthum.
294 1663 429 1693 debebat
444 1664 527 1703 sequi
539 1663 615 1705 εἶχον
623 1663 657 1692 τὸ
671 1662 859 1702 συμβόλαιον.

146 1705 208 1735 Sed
235 1706 374 1746 sequitur
389 1703 420 1736 ’ἦν
431 1717 484 1747 μοι
505 1704 539 1736 ‘rb
557 1705 655 1745 συμβ.
680 1705 767 1744 quasi
779 1715 860 1745 prae-

147 1749 294 1779 cessisset
303 1747 500 1789 κομισαμένῳ,
511 1753 564 1779 aut
572 1747 768 1787 κομισαμένου
777 1746 860 1789 ἐμοῦ.

195 1810 240 1815 -
257 1794 308 1823 17.
324 1791 542 1834 ἐξεκεχωρήκει]
558 1792 626 1822 scil.
643 1791 676 1823 ἐκ
686 1794 738 1826 τῆς
756 1791 862 1828 οὐσίας.

148 1835 335 1867 excessisset
359 1845 376 1865 e
400 1835 570 1866 substantia
590 1835 647 1865 Pol
650 1834 769 1877 yeucti‚
794 1846 861 1876 quae

150 1878 303 1915 Leocrati,
312 1883 348 1909 ut
360 1877 422 1908 filio
432 1879 591 1918 adoptato,
605 1888 623 1908 a
632 1883 730 1918 patre,
740 1879 864 1910 eodem-

152 1933 212 1962 que
227 1931 347 1956 socero‚
357 1922 543 1961 Polyeucto‚
556 1921 658 1952 fuerat
671 1921 805 1953 addicta.

195 1983 240 1989 —
254 1966 307 1995 27.
321 1962 407 2006 ὅρους]
421 1964 495 1995 citat
511 1964 540 1994 11.
554 1963 577 1995 l.
591 1963 863 2006 Harpocr.v.5'go;·.

156 2008 314 2039 Sententia
341 2012 409 2038 est:
446 2007 626 2038 morientem
661 2008 863 2048 Polyeuctum

151 2055 336 2082 testamento
349 2050 484 2086 cavisse,
498 2055 532 2081 ut
541 2050 669 2091 pittacia
678 2051 758 2092 palis
769 2051 864 2082 infixa

153 2095 378 2126 collocarentur
403 2093 442 2124 ad
465 2094 578 2125 ostium
603 2094 725 2132 domus,
749 2095 863 2135 quibus

151 2137 290 2179 pittaciis
310 2141 456 2167 testatum
479 2138 577 2174 fieret,
596 2137 682 2168 mille
702 2138 863 2169 drachmas

151 2192 171 2212 a
185 2192 219 2213 se
233 2180 320 2217 mibi,
335 2180 443 2217 actori,
457 2181 577 2218 deberi,
592 2191 756 2222 earumque
772 2192 865 2213 causa

153 2226 279 2256 domum
294 2233 313 2254 a
325 2233 359 2254 se
374 2223 451 2255 vivo
476 2224 576 2255 adhuc
595 2224 674 2256 mihi
691 2235 761 2256 esse
775 2225 865 2266 oppi-

149 2272 315 2308 gneratam.

195 2313 292 2342 1030.
312 2312 345 2342 4.
368 2310 406 2348 εἷς
423 2309 444 2341 ὅ.
456 2322 502 2346 τις
514 2309 712 2353 ἀπετίμησεν]
736 2312 807 2353 quia
820 2324 867 2347 τις

151 2354 201 2384 est
210 2353 297 2394 quasi
310 2363 421 2384 nomen
427 2354 646 2391 multitudinis,
657 2357 865 2396 complectens

152 2407 258 2428 omnes
273 2407 338 2433 eos,
357 2396 397 2427 ad
412 2407 490 2436 quos
504 2397 705 2438 praedicatum
721 2400 866 2439 pertinet,

149 2439 222 2471 ideo
237 2439 396 2480 subjungit
408 2439 516 2477 αὐτοῖς,
538 2442 669 2472 subaudi
682 2444 742 2477 τοῖς
761 2444 867 2474 ἀποτι-

151 2483 279 2523 μήσασι.
322 2483 481 2514 Sententia
494 2489 560 2514 est:
576 2484 630 2516 lex
644 2485 757 2517 diserte
771 2487 867 2518 edicit

153 2527 219 2557 haec
230 2538 238 2557 :
261 2525 294 2557 Si
306 2525 375 2566 quis
385 2526 474 2558 alteri
485 2527 612 2558 fundum
623 2528 786 2560 domumve
793 2531 866 2569 jure

150 2569 372 2610 hypothecario
388 2570 568 2609 obstringat,
580 2571 624 2601 ita
633 2576 666 2602 111
681 2580 768 2604 curet
779 2573 810 2603 in
822 2579 866 2604 ta-

151 2613 242 2644 bulas
253 2613 394 2654 publicas
409 2613 530 2650 referri,
545 2624 578 2644 se
587 2614 701 2646 debere
712 2615 758 2646 illi
769 2627 864 2656 pecu-

151 2656 246 2693 niam,
264 2661 296 2687 et
317 2666 375 2696 pro
390 2657 554 2687 securitate
567 2657 650 2688 illius
666 2660 805 2698 pecuniae
815 2670 865 2690 re-

153 2699 336 2740 cuperandae
351 2700 476 2730 domum
492 2700 543 2730 vel
558 2701 684 2732 fundum
699 2702 794 2733 istum
811 2713 864 2744 op-

152 2743 347 2783 pignerasse,
363 2747 407 2781 ut,
417 2749 577 2783 antequam
592 2745 780 2776 satisfactum
791 2746 864 2777 huic

153 2785 259 2817 debito
283 2786 335 2822 sit,
358 2787 471 2817 nemini
495 2787 547 2818 alii
567 2798 751 2828 quocunque
774 2789 865 2820 titulo

148 2831 202 2869 jus
215 2829 247 2860 in
254 2828 485 2870 oppigneratam
493 2840 559 2861 rem
569 2841 639 2862 esse
650 2831 744 2862 ullum
755 2833 867 2872 possit3

155 2876 221 2902 tum
234 2882 294 2902 non
311 2872 609 2914 licere,nequeipsis
624 2874 697 2911 illis,
713 2876 766 2916 qui
777 2876 866 2916 palos

153 2914 226 2945 illos
235 2925 304 2945 cum
320 2915 460 2955 pittaciis
474 2917 613 2955 fixerint,
627 2928 726 2958 neque
740 2919 868 2950 haeredi-

153 2959 213 2988 bus
234 2957 355 2988 illorum
378 2959 465 2990 litem
492 2970 587 3000 super
610 2972 643 2994 re
665 2962 868 3004 oppignerata

155 3011 238 3039 esse,
251 3011 350 3041 neque
361 3002 514 3043 iudicium
531 3003 610 3036 dari.

934 1276 1023 1305 —7.
1054 1272 1143 1316 ἕτερον
1163 1272 1202 1316 δ’]
1227 1273 1296 1305 scil.
1319 1273 1399 1305 ἐστὶν
1425 1271 1462 1305 οἷν
1489 1273 1606 1315 ἐγκαλῶ

891 1317 996 1358 τούτῳ.

935 1378 978 1383 -
993 1363 1024 1392 8.
1046 1360 1116 1403 μὲν]
1133 1371 1203 1391 cnm
1214 1361 1273 1391 hoc
1286 1360 1342 1401 μὲν
1356 1361 1500 1399 cohaeret,
1515 1363 1605 1403 eique

893 1405 1062 1444 respondet
1077 1404 1105 1435 δὲ
1122 1415 1153 1436 v.
1170 1407 1222 1436 13.

938 1465 980 1471 —
996 1450 1046 1479 13.
1069 1446 1241 1482 ὀκτακοσίας
1265 1446 1293 1477 δὲ
1316 1447 1365 1478 καὶ
1393 1446 1508 1490 χιλίας]
1540 1449 1609 1481 scil.

893 1489 1084 1532 ἐμαρτύρησεν
1104 1490 1305 1532 Ἀριστογένης
1331 1490 1460 1529 ἐγκαλεῖν
1487 1491 1607 1523 ἀποθνή-

895 1545 1002 1565 σκοντα
1021 1533 1194 1565 Πολύευκτον
1205 1544 1274 1565 cum
1288 1534 1427 1575 reliquis,
1442 1545 1511 1574 quae
1527 1547 1559 1567 v.
1575 1539 1607 1568 9.

895 1577 1052 1617 leguntur.

941 1623 1036 1652 1031.
1053 1623 1105 1652 10.
1137 1622 1235 1652 cru-mizi
1249 1619 1277 1651 δὲ
1286 1620 1315 1651 ἣν
1329 1621 1445 1663 ἔχουσι]
1470 1627 1609 1652 constru-

898 1664 960 1694 ctio
986 1664 1052 1695 haec
1074 1664 1167 1704 paulo
1191 1669 1238 1694 est
1263 1665 1482 1695 conturbatior.
1507 1667 1610 1705 possit

898 1704 1014 1744 ἐγκαλῶ
1039 1717 1056 1737 e
1071 1717 1103 1737 v.
1116 1708 1147 1737 6.
1170 1707 1338 1737 subaudiri.
1354 1718 1535 1747 quamquam
1551 1709 1612 1740 hoo

898 1749 1007 1779 durius
1021 1753 1078 1779 est.
1090 1754 1142 1778 aut
1157 1750 1257 1788 possit
1271 1752 1326 1790 γᾶς
1337 1751 1509 1789 proximum
1521 1753 1612 1784 omit-

896 1791 933 1822 ti.
948 1792 999 1822 vel
1018 1792 1123 1833 potius
1144 1792 1293 1828 dicamus,
1310 1793 1366 1823 hoc
1382 1795 1436 1834 γὲρ
1454 1795 1610 1835 eleganter

898 1835 1081 1866 redundare.
1097 1834 1172 1865 citat
1183 1835 1211 1865 h.
1226 1836 1247 1865 l.
1267 1837 1418 1877 Harpocr.
1433 1848 1461 1867 v.
1478 1839 1573 1870 σκηνή.

940 1896 985 1902 —
999 1881 1053 1910 13.
1074 1877 1221 1918 Νεμέσια]
1236 1879 1304 1918 Ego
1316 1880 1419 1910 nullus
1429 1881 1608 1923 dubitoleg.

899 1932 968 1952 esse
977 1921 1112 1952 Νεκύσια.
1128 1922 1217 1952 Conf.
1226 1923 1332 1952 Lexic.
1346 1924 1474 1955 Rhetor.
1484 1925 1611 1956 citatum

898 1974 916 1994 a
932 1965 1120 1995 Ruhnkenio
1144 1964 1172 1994 in
1192 1966 1327 1996 auctario
1343 1967 1461 1997 emend.
1484 1969 1520 1998 ad
1542 1969 1609 1999 He-

899 2009 983 2047 sycb.
999 2009 1037 2039 ad
1048 2018 1078 2038 V.
1092 2006 1213 2038 Γενέσια.
1225 2008 1368 2039 videntur
1378 2010 1493 2040 inferiae
1502 2011 1613 2050 fuisse,

897 2051 1024 2082 Nemesi
1047 2052 1144 2086 sactae,
1168 2062 1206 2082 ne
1220 2062 1324 2082 manes
1335 2054 1470 2084 defuncti
1486 2065 1614 2086 succen-

899 2100 1001 2125 serent
1016 2095 1246 2134 superstitibus,
1272 2096 1298 2125 si
1321 2096 1400 2128 forte
1420 2108 1476 2137 per
1496 2098 1611 2138 impru-

898 2138 1032 2168 dentiam
1047 2138 1167 2178 aliquid
1179 2140 1332 2177 justorum
1349 2140 1538 2179 omisissent,
1558 2148 1613 2173 aut

898 2192 916 2212 a
934 2182 1111 2212 testamenti
1128 2182 1280 2213 sententia
1292 2184 1475 2214 descissent.
1495 2196 1615 2227 πςοανα-

898 2223 1005 2257 λίσκειν
1024 2231 1071 2256 est
1092 2235 1229 2256 nummos
1244 2236 1301 2265 pro
1317 2227 1376 2257 alio
1398 2238 1535 2268 erogare,
1562 2229 1616 2269 qui

898 2279 979 2300 nnnc
994 2275 1046 2300 aut
1067 2269 1155 2305 nolit,
1169 2274 1220 2299 aut
1234 2280 1294 2299 non
1309 2271 1411 2310 possit
1425 2277 1558 2302 sumtum
1570 2273 1614 2303 fa-

899 2323 981 2348 cere,
998 2323 1075 2352 quos
1090 2322 1228 2343 nummos
1246 2312 1297 2343 hic
1311 2315 1449 2353 eroganti
1466 2326 1522 2345 suo
1537 2320 1618 2346 tem·

899 2367 987 2397 pore,
1002 2367 1071 2387 cum
1090 2356 1284 2386 commodum
1300 2357 1405 2393 fuerit,
1422 2359 1541 2388 reddat.
1557 2369 1614 2390 nos

899 2400 1085 2431 wrschiessen
1099 2399 1300 2439 appellamus,
1316 2401 1506 2431 Gallofranci
1521 2413 1614 2433 avan-

899 2453 956 2474 cer.
969 2443 1116 2474 convenit
1130 2453 1198 2472 cum
1212 2442 1403 2484 «προεισφέρειν
1417 2445 1616 2484 quodammo-

901 2488 954 2523 do,
971 2486 1031 2516 nisi
1047 2486 1127 2526 quod
1144 2487 1201 2516 hoc
1219 2486 1408 2518 solummodo
1433 2489 1472 2518 de
1488 2489 1613 2520 tributis

901 2541 919 2560 a
941 2541 1006 2570 rep.
1030 2529 1188 2569 imperatis
1207 2535 1381 2570 usurpatur.
1404 2536 1542 2563 nostrum
1559 2543 1613 2563 au-

901 2578 963 2604 tem
978 2574 1107 2604 verbum
1123 2573 1162 2602 de
1177 2573 1343 2613 impendiis
1357 2574 1388 2604 in
1405 2585 1438 2605 re
1452 2575 1585 2616 privata.

941 2634 984 2639 —-
1001 2619 1052 2648 15.
1076 2615 1112 2656 ἃ]
1129 2616 1178 2646 hic
1203 2616 1310 2656 accipe
1336 2627 1393 2657 pro
1413 2618 1465 2649 τά.
1487 2623 1519 2649 et
1544 2624 1615 2650 sunt

898 2670 1019 2700 quoque
1031 2659 1168 2696 codices,
1180 2659 1233 2699 qui
1243 2660 1324 2691 ἀλλὰ
1332 2663 1373 2692 τὰ
1383 2660 1438 2701 μὲν
1451 2661 1512 2704 ἔχει
1528 2663 1612 2694 dent.

898 2703 1026 2743 perinde
1039 2708 1096 2734 est.

940 2764 984 2769 —
997 2749 1048 2778 16.
1072 2745 1207 2788 φανερῶς]
1230 2746 1269 2777 ad
1291 2750 1410 2789 φανερῶς
1429 2753 1480 2778 aut
1498 2749 1615 2778 adden-

898 2790 984 2825 dum,
1002 2794 1053 2820 aut
1068 2797 1152 2821 certe
1167 2790 1410 2822 subaudiendum
1425 2798 1473 2822 est
1487 2789 1612 2830 ὀφείλειν.

942 2850 984 2857 -
1001 2835 1053 2865 ι23.
1076 2832 1158 2874 ἔτερα
1172 2833 1285 2874 πολλὰ]
1301 2844 1370 2864 cum
1387 2834 1416 2863 in
1434 2836 1613 2873 Augustam

900 2875 1068 2916 reperirem
1092 2875 1164 2917 ἕτερ’
1181 2877 1262 2906 ἄλλα
1288 2879 1395 2912 πολλὰ,
1423 2877 1524 2912 effeci,
1547 2888 1615 2908 meo

901 2920 1052 2960 periculo,
1081 2918 1154 2961 ἕτερ’
1178 2919 1262 2950 ἄττα
1284 2922 1394 2955 πολλὰ,
1418 2920 1481 2949 alia
1510 2921 1616 2958 multa,

901 2965 994 2994 nescio
1009 2974 1082 3005 quae.

948 3024 990 3031 --
1007 3007 1061 3038 ult.
1076 3008 1194 3048 φανεςῶς
1210 3003 1417 3047 ἐξελέγχηται]
1425 3005 1494 3039 scil.
1504 3005 1616 3038 ἀδικῶν.
