1964 3323
352 195 429 236 138

391 318 434 324 --
449 303 501 333 25.
516 302 630 345 ταῦτα]
648 304 715 335 soil.
730 307 770 336 τὰ
784 304 892 337 Μειδίου
905 305 1016 337 παιδία.

391 361 434 367 -—-
455 345 531 375 ibid.
553 348 593 377 τὰ
620 347 715 388 τοῦδε]
741 349 854 380 liberos
877 356 952 390 puta
974 351 1058 380 stra-

350 387 441 417 tonis.

392 448 436 453 —-·
453 433 504 462 26.
527 430 581 462 {md
594 432 710 474 τούτου]
729 444 746 463 a
759 435 870 465 Midia.

393 490 436 497 -
451 474 526 505 ibid.
543 475 663 517 vua-359]
687 478 845 508 Stratonis.

393 518 467 547 547.
484 521 513 549 2.
530 519 627 548 ταῦτα
644 521 741 562 ποιεῖ]
761 521 791 551 11.
807 532 835 551 e.
851 518 959 562 ὑὲρίζει.

393 577 435 583 ——-
459 563 488 591 9.
517 559 604 600 φέρειν
631 563 736 604 ἀξιοῦν]
777 565 906 594 subaudi
937 565 1060 598 πάντας.

351 601 547 633 Constructio
569 605 632 634 haec
654 611 721 636 est:
747 608 869 647 ἡγοῦμαι
893 606 937 637 δ’τι
959 609 1062 642 πάντες

347 644 485 686 ἄνθρωποι
500 646 619 686 ἀξιοῦσι,
638 651 702 683 τοὺς
721 650 824 683 ἄλλους
844 651 955 684 πάντας
975 650 1061 691 φέρειν

347 687 443 724 αὐτοῖς
458 689 496 723 εἷς
507 690 553 720 τὸν
567 690 623 723 Βίον
636 690 721 732 ἔρανον
733 691 912 732 ποιςάὑτῶν,
927 699 987 724 etc.
1003 696 1061 724 exi-

345 733 430 762 stimo
459 732 585 763 homines
614 746 708 765 omnes
735 737 892 774 postulare,
920 747 973 766 ceu.
999 747 1060 767 rem

346 785 458 815 aequam
477 782 505 806 et
526 777 578 806 sibi
600 778 736 813 debitam,
752 784 786 808 nt
799 779 916 810 collatio
931 781 1061 819 qnaedam

347 819 481 848 advitam
494 830 671 851 communem
680 823 821 862 agendam
830 821 1061 863 sibit-miseratur

347 871 365 889 a
377 862 496 902 reliquis
510 864 639 893 omnihus
655 864 825 894 hominibus.
843 865 890 895 vel
905 869 1007 904 potest
1021 866 1060 896 ad

346 903 438 942 ἀξιοῦν
459 906 617 936 subaudiri
641 905 695 947 ἐμὲ
719 907 766 937 vel
783 906 917 947 ἐμαυτόν.
941 913 974 938 ut
995 909 1060 938 haec

346 947 389 976 sit
409 949 576 978 sententia:
601 950 707 980 videor
727 951 805 980 euim
828 950 901 981 mihi
924 955 1008 980 recte
1030 957 1061 982 et

342 990 412 1028 jure
437 993 545 1021 merito
564 993 728 1030 postulare,
747 998 780 1023 ut
797 1004 901 1024 omnes
922 994 1060 1025 homines

348 1032 472 1063 sibimet
496 1035 556 1073 ipsi
578 1035 617 1066 de
639 1047 695 1066 suo
717 1047 796 1076 penu
812 1037 1004 1067 collationem
1020 1038 1059 1068 ad

349 1075 440 1105 vitam
457 1078 622 1109 conferant.
654 1080 716 1109 Sed
732 1080 841 1110 inclusi
856 1080 948 1119 ἀξιοῦν
961 1082 1060 1117 uncis,

346 1120 487 1157 quoniam
503 1131 532 1159 p.
546 1122 621 1152 574.
638 1125 691 1153 11.
713 1124 811 1160 abest,
833 1124 885 1153 ubi
902 1123 989 1154 locus
1011 1125 1059 1154 bic

347 1161 429 1191 idem
446 1162 554 1193 iisdem
572 1166 673 1195 verbis
688 1167 830 1196 recurrit.

390 1222 431 1228 —
448 1209 498 1237 18.
514 1208 653 1250 τοιούτου]
671 1210 791 1248 qualem
808 1214 881 1249 puta
897 1211 988 1240 modo
1004 1221 1059 1240 ex-

347 1249 446 1286 posui.
483 1250 545 1280 Sed
560 1253 609 1281 τοῧ
626 1253 738 1282 delevi.
764 1253 926 1294 ejusmodi,
940 1253 1058 1292 qualem

347 1301 452 1321 omnes
466 1292 504 1322 (le
520 1299 549 1323 te
565 1300 687 1325 norunt.

389 1352 433 1357 —-
448 1337 500 1366 26.
511 1335 554 1367 δ’τι
567 1337 621 1376 μὲν
632 1338 661 1369 δὴ
677 1338 880 1380 λειποταξίου]
898 1339 981 1369 Citat
994 1339 1024 1369 h.
1038 1339 1058 1369 l.

348 1376 502 1408 Aristides
516 1390 597 1422 τεχν.
616 1392 646 1420 p.
663 1383 736 1412 ‘2:30.

388 1438 432 1443 —-
447 1424 498 1452 27.
516 1423 562 1452 τὸν
582 1425 666 1453 τοῦτο
682 1423 852 1463 ποιήσοντα]
873 1429 978 1463 apertu
993 1425 1072 1464 quig.

345 1462 415 1493 dem
433 1466 591 1501 sententia,
606 1467 713 1496 durius
727 1472 823 1496 tamen
837 1467 963 1497 dictum.
982 1468 1059 1497 illud

342 1505 509 1543 facturum.
537 1509 702 1547 quidnam?
731 1509 800 1539 scil.
826 1509 859 1539 τὸ
883 1508 1062 1550 maixime-&al

343 1547 399 1588 ἐμὲ
415 1550 604 1590 λειποταξίου.

388 1609 431 1615 -·
460 1594 515 1624 ult.
547 1595 594 1625 τὶν
621 1594 762 1636 κονιοςτόν]
796 1595 994 1626 Casaubonus
1019 1597 1058 1627 ad

344 1635 486 1666 Athenaei
502 1648 531 1677 p.
542 1641 615 1669 4⁴21.
633 1639 796 1668 arbitratur
810 1639 892 1669 hunc
908 1639 1059 1670 bominem

345 1678 416 1708 ideo
444 1680 499 1709 boc
530 1682 650 1711 nornine
676 1681 897 1712 contumelioso
924 1688 1058 1713 notatum

347 1731 427 1756 esse,
443 1723 525 1761 quod
541 1730 623 1754 esset
639 1725 780 1754 sordidus
792 1730 823 1755 et
836 1726 1004 1764 squalidus,
1017 1726 1058 1756 ita

347 1765 427 1793 enirn
458 1766 560 1796 dictos
588 1767 660 1797 olim
691 1767 785 1797 fuisse
814 1768 922 1798 illuvie
951 1774 1058 1800 tetros.

346 1807 434 1837 Conf.
451 1819 517 1839 cum
533 1809 580 1839 his
596 1811 682 1849 Tayl.
698 1812 736 1840 ad
752 1811 781 1841 b.
801 1812 820 1841 Ι.

390 1853 463 1882 548.
482 1855 508 1881 1.
525 1853 689 1893 ἆνειιςίνετο]
706 1855 825 1884 subibat
842 1855 890 1886 τὴν
905 1855 1059 1895 ἀνάκρισιν,

346 1895 428 1933 quod
446 1905 574 1926 examen
590 1902 666 1929 erat,
684 1907 743 1936 quo
760 1904 873 1936 praetor
892 1899 942 1936 jus
958 1899 1057 1928 dictu-

347 1947 400 1967 rus
424 1943 633 1969 accusatorem
659 1941 801 1975 seorsim,
825 1947 856 1970 et
876 1944 939 1971 tum
962 1951 1058 1975 reum,

347 1980 502 2018 audiebat,
528 1986 682 2022 totamque
707 1994 827 2013 causam
851 1984 1058 2023 cognoscebat

345 2028 429 2060 ante,
446 2034 533 2063 quam
551 2027 618 2065 ejus
642 2026 671 2056 in
694 2025 791 2056 forum
814 2027 987 2057 deferendae
1006 2037 1057 2056 ve-

346 2066 425 2096 niam
454 2068 562 2106 daretj,
595 2079 655 2108 quo
680 2069 792 2100 certior
820 2070 922 2106 fiebat,
946 2070 1057 2109 quibus

346 2120 476 2148 quaeque
491 2121 560 2150 pars
576 2111 731 2151 praesidiis
748 2122 849 2142 causae
866 2123 929 2143 suae
946 2114 1058 2144 nitere-

347 2157 406 2224 ξιξ.
421 2163 450 2182 v.
462 2163 494 2192 p.
508 2155 581 2184 548.
596 2157 625 2185 9.
641 2159 671 2185 et
686 2155 791 2185 Vales.
804 2156 841 2185 ad
858 2156 1011 2196 Harpocr.
1024 2166 1056 2196 p.

388 2255 432 2261 -——
442 2241 492 2269 10.
505 2238 598 2281 κοινόν]
613 2240 743 2271 subaudi
755 2242 833 2272 κατὰ
847 2241 959 2271 πάντων
969 2241 1058 2281 ὑμῶν.

345 2280 515 2321 Insequens
541 2282 638 2322 ἔμοιγε
663 2284 797 2313 cohaeret
820 2295 889 2314 cum
917 2284 1000 2320 δοκεῖ,
1024 2289 1059 2315 ut

345 2323 437 2364 τούτῳ
452 2325 585 2356 cobaeret
600 2336 667 2356 cum
684 2326 869 2368 πεπρᾶχθαι.

387 2384 431 2390 —
448 2372 497 2397 11.
511 2368 666 2410 οἷο-ἐξημα]
685 2381 712 2399 v.
729 2380 759 2409 p.
776 2372 849 2401 553.
866 2373 918 2402 24.

388 2428 431 2433 --
459 2413 510 2442 12.
537 2412 578 2451 τῷ
604 2415 658 2453 γὰρ
684 2412 777 2452 ἀθλίῳ
792 2413 858 2455 -—]
886 2414 967 2443 citat
991 2414 1020 2444 h.
1035 2413 1058 2444 l.

344 2452 439 2483 Arist.
455 2464 535 2495 τεχν.
551 2466 580 2494 p.
597 2459 669 2486 252.

387 2513 431 2519 -
448 2499 499 2528 18.
515 2496 624 2539 ἐκεῖνον]
642 2499 862 2529 Aristarchum.

386 2555 429 2561 —
445 2542 493 2571 19.
503 2542 556 2570 τοῦ
570 2541 821 2582 τετελευτηκότος]
840 2542 1015 2574 Nicodemi.
1028 2554 1057 2574 v.

344 2591 375 2620 p.
392 2584 466 2613 549.
483 2585 535 2615 23.

386 2643 430 2649 --
445 2627 496 2656 26.
512 2626 547 2660 ὡς
561 2624 626 2663 δέον,
643 2627 668 2657 εἴ
681 2638 725 2661 τις
735 2628 793 2670 ——]
812 2628 894 2658 Citat
909 2629 939 2658 h.
952 2628 972 2657 1.
987 2628 1056 2658 Ari-

344 2667 442 2699 stides
458 2670 494 2699 T.
507 2680 538 2708 p.
555 2672 629 2701 220.

389 2713 463 2743 549.
479 2715 510 2742 8.
525 2713 566 2742 νῦν
587 2712 615 2742 δὲ
637 2712 746 2746 τούτοις
769 2711 807 2748 οἷς
828 2712 926 2754 ἐποίει]
942 2713 1056 2744 vitiosa

344 2754 494 2794 trajectio,
521 2766 576 2796 pro
602 2755 712 2790 τούτοις
735 2755 776 2792 δὲ,
800 2754 838 2790 οἷς
862 2757 925 2797 [vet
954 2756 989 2798 a]
1013 2759 1055 2787 νῦν

343 2795 446 2829 ἐποίει.
461 2798 519 2829 nisi
535 2799 637 2838 potius
649 2799 707 2838 leg.
717 2803 780 2829 est:
799 2801 840 2829 νῦν
850 2799 878 2829 δὲ
889 2799 1008 2835 τούτοις,
1018 2799 1055 2835 οἷς

343 2843 428 2879 μετὰ,
442 2839 633 2873 ‘saviis-oia.
652 2852 682 2871 v.
697 2852 727 2881 p.
742 2845 817 2873 414.

385 2901 429 2907 ·—
442 2887 493 2914 10.
511 2883 643 2926 ἐλπίδας]
665 2890 734 2924 post
748 2883 866 2919 ἐλπίδας
879 2885 991 2915 deesse
1007 2886 1054 2915 vi-

342 2926 432 2956 detur
448 2928 625 2968 ἀφῃρῆσθαι,
641 2927 693 2966 qui
716 2928 885 2958 infinitivus
906 2929 1054 2967 pendebit

342 2979 358 2998 e
374 2969 477 3010 νομίζω
489 2981 520 3001 v.
533 2974 563 3002 5.
581 2976 632 3000 aut
647 2970 861 3008 ἐπιβουλεῦσαι,
877 2981 893 3002 e
909 2972 1051 3012 proximo

339 3011 364 3041 εἴ
379 3015 444 3053 γὰρ,
457 3010 492 3045 οἷν
507 3012 705 3047 ἐπεβούλευον-ε.

731 198 767 240 1.
790 198 824 241 I.
847 199 1070 243 REISKE
1100 200 1432 248 ANNOTATA

1134 324 1179 331 —
1193 310 1246 339 13.
1260 308 1306 338 3ιᾶ
1321 306 1370 347 τί;
1393 307 1415 338 εἳ
1437 307 1509 349 γὰρ]
1527 306 1649 338 videtur
1677 306 1729 339 hio
1749 306 1809 339 all·

1093 349 1166 390 quid
1182 350 1303 380 deesse.
1326 351 1518 381 ratiocinium
1543 350 1622 381 enim
1645 350 1739 387 labat,
1752 360 1806 381 ne-

1094 404 1152 433 que
1183 393 1342 432 superiora
1367 394 1594 433 insequentibus
1623 393 1697 425 satis
1725 394 1804 424 bene

1093 437 1292 476 respondent.
1314 436 1388 475 quid
1402 437 1482 467 enim
1495 436 1553 467 sibi
1566 436 1633 467 vult
1645 437 1697 467 illa
1708 436 1806 466 inter-

1093 479 1212 518 rogatio
1224 479 1269 509 διὰ
1283 477 1331 515 τί;
1347 479 1423 509 cnr?
1435 480 1477 509 nil
1489 479 1659 518 praecessit,
1670 480 1709 510 ad
1721 479 1805 518 quod

1093 521 1171 552 illud
1197 532 1253 552 cur
1280 523 1440 553 referatur.
1471 532 1569 561 neque
1595 522 1691 562 magis
1716 522 1808 552 hahet

1094 567 1159 605 γίις,
1183 576 1243 604 quo
1269 567 1431 595 referatur.
1477 566 1559 595 Num
1587 565 1675 595 deest
1702 565 1748 596 διὰ
1773 563 1804 594 τί

1095 607 1323 647 πολιτευόμεθα,
1339 613 1390 638 aut
1404 606 1525 648 μένομεν
1538 606 1565 638 ἒν
1584 607 1623 649 τῇ
1644 607 1738 638 πόλει.
1759 618 1806 638 ec-

1094 652 1166 692 quid
1179 661 1327 681 manemus
1339 653 1373 682 in
1387 651 1482 681 urbe?

1138 712 1179 717 —
1195 697 1247 725 24.
1263 693 1417 735 ἐπεξῆμεν]
1442 693 1566 724 correxi
1589 690 1754 734 ἒπεξῇειμεν
1767 694 1808 725 de

1095 747 1172 767 meo.
1197 740 1339 768 caeterum
1354 739 1430 768 bene
1447 738 1538 767 habet
1551 735 1597 767 τὸν
1611 735 1808 779 Ἀρίσταξχον.

1094 778 1230 819 ἐπεξιέναι
1245 783 1309 811 τινὰ
1324 781 1450 820 perinde
1462 785 1554 820 atque
1566 779 1619 810 τινὶ
1631 785 1806 820 usurpatur.

1095 824 1181 862 quasi
1197 824 1236 853 sit
1251 822 1350 863 ἐξιέναι
1370 822 1420 855 ἐπί
1430 835 1505 854 τινα.

1137 866 1212 897 550.
1227 869 1279 898 10.
1299 867 1425 908 τούτοις]
1449 866 1550 897 malim
1571 864 1619 896 ἐπὶ
1640 863 1759 900 τούτοις.
1775 876 1805 896 v.

1095 919 1125 938 v.
1141 911 1171 938 8.

1138 969 1180 974 ——-
1198 955 1247 983 12.
1271 952 1286 985 ἢ
1306 952 1355 982 καὶ
1379 951 1454 993 τίνα]
1482 952 1539 981 fuit
1564 951 1637 982 olim
1660 950 1691 981 in
1716 951 1806 982 libris

1095 994 1163 1024 aliis
1179 993 1193 1026 ἦ
1207 993 1280 1032 τίνα,
1296 995 1327 1025 in
1342 995 1410 1025 aliis
1424 994 1473 1024 καὶ
1487 992 1559 1024 τίνα.
1583 995 1678 1024 ambae
1694 994 1807 1025 deinde

1093 1037 1123 1067 in
1148 1048 1236 1068 unam
1254 1039 1409 1079 vulgatam
1424 1037 1578 1068 coaluere.
1622 1036 1685 1067 Sed
1701 1037 1805 1068 delevi

1094 1079 1120 1110 ἥ.
1143 1087 1214 1120 post
1229 1079 1291 1112 τίνα
1306 1080 1548 1112 subaudiendum
1571 1079 1660 1111 ἄλλην
1679 1078 1805 1121 μείζονα.

1093 1134 1182 1162 quem
1198 1124 1291 1155 alium
1306 1126 1451 1164 majorem
1468 1133 1629 1154 excessum
1642 1123 1691 1154 vel
1705 1123 1807 1154 excel-

1094 1166 1231 1197 lentiam.

1136 1227 1180 1232 —-
1197 1213 1246 1242 19.
1262 1209 1347 1245 αὐτὸς
1370 1207 1554 1251 εὔδαιμονείη]
1579 1207 1702 1239 correxi
1722 1207 1805 1240 αὗτᾶν

1093 1251 1271 1292 εὐδαιμονιεῖ,
1284 1264 1302 1284 a
1317 1255 1412 1284 verbo
1431 1251 1620 1294 εὐδαιμονίζω.
1643 1253 1702 1291 ipse
1721 1257 1806 1283 semet

1093 1295 1208 1326 beatum
1242 1297 1393 1336 praedicet,
1423 1296 1491 1335 ipse
1526 1295 1648 1325 sibimet
1683 1295 1805 1334 placeat

1093 1339 1280 1378 plaudatque
1296 1341 1335 1369 de
1352 1340 1415 1369 suis
1430 1339 1561 1369 divitiis.

1137 1383 1211 1412 551.
1223 1385 1253 1412 4.
1266 1383 1413 1423 προσ-ἧκεν]
1426 1383 1548 1422 προσ-ἧκε
1558 1379 1630 1412 δίκην
1642 1380 1695 1411 dat
1702 1380 1806 1411 codex

1094 1425 1162 1453 Par.
1186 1437 1216 1455 οι.
1244 1436 1302 1455 non
1333 1426 1422 1455 male.
1451 1424 1598 1464 quicquid
1628 1427 1686 1459 est,
1713 1424 1806 1455 debet

1094 1466 1178 1504 δίκην,
1196 1467 1223 1497 si
1239 1479 1296 1498 non
1314 1469 1449 1502 additur,
1464 1466 1632 1497 subaudiri.

1137 1528 1181 1534 -—-
1196 1514 1247 1541 11.
1264 1513 1325 1545 τοῖς
1346 1512 1463 1545 πολλοῖς
1485 1509 1577 1551 ἡμῶν]
1592 1509 1639 1540 illi
1653 1509 1734 1548 parti
1749 1519 1806 1549 po-

1093 1553 1158 1593 puli
1175 1555 1281 1591 nostri,
1296 1565 1363 1593 quae
1381 1554 1499 1584 nomine
1515 1555 1570 1583 τῶν
1583 1555 1708 1589 πολλῶν,
1727 1554 1805 1584 mul-

1092 1597 1242 1635 titudinis,
1257 1598 1352 1628 venit.
1364 1607 1395 1628 v.
1408 1608 1439 1637 p.
1454 1599 1528 1629 561.
1544 1601 1574 1626 et
1586 1595 1701 1636 Taylor
1716 1596 1754 1626 ad
1770 1606 1803 1636 p.

1134 1700 1177 1706 —-
1192 1685 1243 1713 20.
1259 1683 1353 1724 ὥσπερ
1364 1682 1504 1724 ἧςξίιμην]
1521 1682 1591 1713 scil.
1606 1679 1688 1712 αὐτὸν
1702 1679 1805 1720 λέγειν.

1133 1743 1177 1749 —-
1193 1729 1245 1757 24.
1261 1726 1321 1768 διὰ]
1339 1727 1461 1756 correxi
1479 1724 1534 1767 ἰδίᾳ
1549 1726 1587 1756 de
1609 1735 1678 1755 mea
1699 1727 1804 1764 conje-

1091 1772 1190 1805 ctura,
1207 1780 1296 1808 quam
1314 1769 1507 1809 postmodum
1523 1769 1659 1799 acodice
1670 1769 1804 1807 quodam

1092 1813 1217 1848 Italico,
1233 1817 1313 1842 teste
1329 1813 1475 1852 'Paylorm
1497 1812 1563 1842 vidi
1588 1811 1805 1842 confirmatam.

1092 1856 1124 1885 ιή
1139 1856 1282 1885 damnum
1300 1856 1404 1895 populi
1419 1855 1558 1890 universi,
1572 1853 1586 1885 ἢ
1602 1853 1650 1883 καὶ
1665 1852 1720 1893 ἶδίςι
1733 1854 1804 1889 τινὸς

1091 1900 1146 1928 τῶν
1161 1901 1296 1935 πολιτῶν,
1310 1903 1366 1928 aut
1390 1900 1477 1929 etiam
1503 1898 1642 1938 privatim
1662 1898 1732 1927 civis
1747 1898 1804 1928 ali-

1091 1941 1187 1980 cujus.

1134 2002 1177 2006 —
1194 1984 1248 2015 ult.
1271 1983 1286 2016 ἢ
1309 1986 1350 2015 τᾶ
1373 1983 1514 2024 τοιαῦτα]
1542 1983 1670 2023 primam
1692 1993 1801 2014 vocem

1092 2028 1215 2058 correxi
1231 2025 1258 2069 ᾖ,
1274 2031 1308 2058 ut
1323 2028 1364 2058 sit
1385 2038 1404 2058 a
1419 2029 1514 2058 verbo
1539 2024 1609 2066 εἰμι’.
1634 2036 1734 2057 verum
1753 2027 1802 2062 sit,

1091 2081 1132 2100 an
1153 2071 1352 2106 mendacium,
1369 2072 1403 2102 in
1425 2071 1566 2106 amicum,
1588 2080 1628 2099 an
1649 2069 1682 2099 in
1703 2070 1803 2100 inimi-

1090 2124 1158 2144 cum
1174 2114 1278 2155 (mitto
1291 2114 1415 2155 reliqua,
1431 2124 1493 2154 quae
1507 2119 1576 2143 sunt
1600 2112 1803 2152 hujusmodi),

1090 2157 1171 2195 pensi
1196 2167 1255 2186 non
1273 2155 1404 2197 faciem.
1447 2159 1516 2188 Jam
1546 2155 1618 2185 alibi
1648 2155 1805 2191 admonui,

1091 2200 1249 2229 formulam
1275 2201 1317 2230 τὰ
1340 2200 1462 2230 τοιαῦτα
1490 2198 1691 2229 Demostheni
1719 2198 1802 2228 idem

1092 2242 1279 2282 significare,
1292 2246 1382 2281 atque
1399 2242 1488 2272 nobis
1503 2248 1531 2272 et
1544 2246 1649 2271 cetera.

1135 2285 1209 2316 552.
1227 2287 1277 2315 14.
1293 2283 1327 2314 δι’
1347 2283 1417 2326 ἐμὲ]
1443 2285 1510 2315 sola
1534 2294 1606 2314 vera
1628 2288 1674 2314 est
1696 2283 1802 2315 lectio.

1089 2334 1208 2367 propter
1222 2338 1276 2359 me.
1299 2329 1370 2367 quia
1385 2327 1457 2358 mihi
1472 2328 1602 2358 infestus
1618 2330 1693 2357 erat.

1137 2388 1178 2393 ·—
1204 2374 1258 2402 20.
1280 2371 1328 2401 οὐκ.
1356 2370 1554 2411 ἀποκτενεῖτε]
1584 2375 1650 2400 erat
1677 2369 1801 2410 quidem

1091 2413 1169 2443 ordo
1186 2414 1344 2451 naturalis,
1361 2423 1394 2444 ut
1408 2414 1473 2444 haeo
1490 2415 1584 2444 verba
1599 2417 1716 2444 starent
1729 2417 1802 2453 post

1091 2456 1293 2495 συλλήψεσθε.
1324 2458 1384 2487 Sed
1401 2458 1471 2496 quis
1486 2457 1515 2488 in
1531 2457 1641 2487 affectu
1658 2456 1803 2496 loquendi

1091 2500 1228 2531 ordinem
1241 2511 1381 2531 severum
1393 2500 1556 2531 observat?
1580 2499 1639 2530 nisi
1652 2499 1803 2529 malumus

1091 2544 1273 2575 ἀποκτενεῖτε
1283 2544 1425 2580 reddere,
1435 2554 1494 2574 non
1507 2552 1564 2573 cur
1575 2552 1632 2573 non
1647 2543 1723 2572 datis
1733 2551 1802 2572 eum

1091 2588 1188 2623 morti,
1205 2587 1274 2624 sed,
1287 2597 1344 2618 cur
1358 2587 1503 2618 dubitatis
1521 2587 1548 2616 ei
1569 2586 1669 2618 mortis
1688 2591 1803 2616 centena

1091 2630 1163 2659 tiam
1178 2630 1283 2660 dicere.

1133 2690 1175 2695 —-
1189 2675 1242 2704 21.
1258 2672 1345 2704 ταῦτ’
1357 2671 1449 2711 ’ἔλεγεν
1471 2673 1486 2704 ἦ
1507 2673 1601 2711 μιαρὲ
1621 2670 1670 2702 καὶ
1692 2671 1803 2706 ἄναιδῆς

1089 2717 1216 2758 κεφαλὴ]
1241 2716 1430 2747 Scholiastes
1451 2713 1668 2754 Aristophanis
1694 2714 1734 2745 ad
1757 2715 1801 2746 A·

1090 2758 1193 2790 cham.
1210 2761 1284 2791 284.
1309 2759 1384 2789 citat
1406 2756 1494 2788 ταῦτ’
1515 2756 1619 2796 ἔλεγες,
1640 2759 1733 2798 μιαρὰ
1755 2767 1802 2788 κε-

1089 2802 1178 2841 φαλῆ.

1131 2863 1175 2868 -
1190 2846 1243 2877 24.
1259 2843 1317 2886 πρὸ
1332 2843 1450 2884 τούτου]
1472 2853 1542 2873 num
1566 2841 1618 2883 ‘⁷133
1641 2843 1701 2873 τοῦ.
1747 2842 1800 2873 Sie

1088 2893 1173 2918 certe
1189 2888 1288 2918 solent
1299 2887 1405 2918 Anici.
1429 2886 1566 2924 antehac,
1577 2892 1704 2925 tempore
1717 2895 1802 2925 supe·

1086 2930 1170 2961 riori.

1128 2991 1171 2996 —
1187 2976 1240 3005 25.
1254 2971 1369 3013 ἐκείνου]
1395 2972 1573 3004 Aristarcho
1595 2976 1680 3012 puta·
1700 2971 1798 3002 τοῦτον

1086 3015 1123 3045 ad
1139 3016 1267 3048 Midiam
1279 3015 1381 3047 redit..
