1931 3323
343 212 427 254 330

381 339 425 344 -—
435 323 464 352 4.
475 320 597 357 ἐναντίας
608 321 686 364 ἔχει]
700 324 727 353 οὐ
739 322 817 362 μόνον
829 324 857 353 οὺ
870 324 971 363 πολλῷ
983 334 1048 363 tngo-

339 363 412 406 ἔχει,
422 366 503 395 ἀλλὰ
516 365 563 394 καὶ
580 364 728 405 ἒμποδων’
719 377 796 397 εστι.
818 368 899 404 Quia
914 367 1049 406 tyrannis

340 417 408 437 cum
428 408 534 438 liberis
553 409 730 440 civitatibus
746 411 797 439 diu
815 411 977 440 convenire
992 421 1048 439 non

339 456 454 489 potest3
467 462 534 481 cum
546 452 592 481 illi
603 453 750 483 dominari
763 453 913 489 omnibus,
932 454 976 483 hae
987 464 1050 483 ser-

340 495 406 523 vire
419 495 530 524 nemini
548 496 650 526 velint.
695 498 729 526 In
743 501 825 526 tanta
839 501 938 526 autem
951 497 1051 526 diver-

338 537 428 566 sitate
452 538 622 568 studiorum
647 544 678 568 et
695 540 893 574 voluntatum,
910 544 1050 569 constans

339 590 408 609 esse
421 581 550 612 societas
567 583 651 612 nulla
664 588 777 622 potest,
793 588 823 612 et
835 583 986 613 simulatio
999 593 1050 623 pa-

337 623 382 653 cis
398 628 488 662 atque
504 625 645 654 amicitiae
658 626 761 655 multis
777 626 873 655 exitio
889 627 957 656 suit.

379 684 423 689 —-
437 667 513 697 ibid.
536 669 614 698 δῆλον
628 669 697 708 γοὶξ]
727 667 863 706 ἐπαγωγὴ
880 671 931 702 τῆς
945 667 1050 702 αἰτίας.

337 708 532 740 Confirmatio
543 711 668 741 alterius
678 712 784 751 partis,
796 711 970 751 Philippum
984 723 1051 742 esse

337 754 528 783 monarcham
558 754 646 784 vobis
675 755 812 794 prodest.
856 754 938 783 Cur?
970 754 1052 790 Quia

337 796 478 834 Olynthii
494 807 561 826 curn
579 807 614 826 eo
632 807 689 826 non
705 798 849 827 redibunt
865 798 894 826 in
912 798 1051 835 gratiam.

334 840 551 877 Quamobremi
564 840 657 876 Quod
668 850 723 869 nec
734 841 996 876 deditionem,nec
1006 852 1052 871 re-

337 882 583 911 conciliationem
600 883 658 912 sibi
676 884 751 913 bene
767 894 922 913 cessuram
937 884 1050 923 praevi·

336 925 538 964 dent,partim
548 926 700 965 exemplis
709 926 940 965 edocti,partim
949 928 1051 957 diver-

335 978 368 997 sa
380 968 500 1006 imperii
512 968 667 1007 popularis
685 974 715 999 et
728 970 813 1008 regni
822 970 937 999 ratione
946 971 1048 1000 admo-

334 1011 401 1040 niti.
416 1012 601 1041 Suntautem
614 1012 722 1042 infirmi
734 1023 788 1051 per
800 1024 842 1048 se,
852 1013 921 1043 etin
933 1024 1049 1043 summo

333 1053 510 1084 discrimine
528 1061 698 1086 versantur.
722 1058 769 1086 Ex
784 1056 829 1085 his
842 1055 1048 1089 concluditur,

331 1096 395 1126 fore
411 1103 444 1126 ut
461 1102 636 1128 constanter
649 1099 825 1129 societatem
839 1100 941 1127 colant
954 1098 1047 1126 Athe-

331 1138 494 1175 niensium,
517 1146 548 1170 et
571 1141 749 1181 Philippum
775 1141 966 1180 prohibeant,
988 1151 1048 1179 qno

332 1184 431 1212 minus
443 1183 567 1213 invadat
576 1184 725 1214 Atticam:
741 1184 771 1214 id
787 1184 867 1223 quod
887 1183 1048 1213 vehemen-

332 1229 379 1255 ter
395 1225 435 1255 sit
450 1227 654 1266 expetendum
673 1226 924 1256 Atheniensibus.

376 1269 505 1299 ——ibid.
523 1268 566 1299 ὅτι
581 1271 623 1300 νῦν
635 1271 678 1311 οὐ]
698 1270 904 1308 Exaggeratio
917 1269 1048 1308 periculi

332 1322 389 1350 per
404 1313 608 1352 negationem,
626 1324 679 1343 seu
696 1313 900 1342 collationem.

375 1367 500 1395 —-pen.
526 1357 726 1397 ἀναστάσεως]
757 1357 840 1386 Alias
861 1357 1048 1392 resurrectio,

330 1399 381 1428 hic
394 1401 555 1429 excidium:
573 1401 650 1429 unde
664 1399 746 1433 πόλις
758 1400 921 1432 ἀνάστατος
933 1398 1048 1439 γενομέ-

329 1452 369 1477 νη,
388 1442 465 1472 urbis
482 1453 587 1479 eversa,
604 1453 618 1472 e
635 1454 692 1482 quat
705 1445 777 1473 cives
793 1443 961 1482 pelluntur.

373 1503 415 1508 -—
445 1486 522 1515 ibid.
553 1486 796 1527 ἀνδραποδισμοῦ]
828 1486 931 1523 Quum
962 1484 1047 1516 cives

331 1529 390 1558 sub
411 1539 524 1559 corona
547 1535 688 1566 veneunt,
709 1535 798 1569 atque
819 1529 848 1558 in
868 1529 1047 1559 servitutem

329 1572 534 1602 abducuntur.
580 1573 616 1602 In
638 1573 775 1602 oratione
790 1572 1047 1603 Chersonesitana

329 1620 493 1655 utrumque
510 1626 569 1646 uno
581 1617 675 1646 verbo
692 1616 925 1671 complectitur-¹:
943 1617 978 1649 ὡς
995 1627 1047 1652 ουν,

328 1657 438 1697 lnquit,
453 1670 522 1700 υπὲρ
545 1662 601 1689 ’Τῶν
623 1658 759 1701 Εσχάτῖιέν
780 1671 854 1693 Οντος
871 1660 919 1689 Τοῦ
935 1660 1048 1698 ἀγῶγθς,

329 1699 402 1730 οὕτω
426 1703 556 1741 προσήκει
580 1714 696 1740 γινωσκε
700 1714 729 1733 ιν.
774 1703 857 1732 Illud
881 1702 972 1732 etiam
996 1703 1046 1732 hic

328 1746 513 1774 monendum
543 1746 706 1781 est,nihi1
737 1745 896 1781 interesse,
925 1744 1046 1775 tamet'si

328 1798 386 1826 pro
403 1788 526 1818 excidio
547 1793 576 1819 et
594 1789 741 1819 servitute
760 1789 889 1819 salute-m
906 1793 937 1817 et
953 1789 1045 1818 liber-

327 1834 420 1860 tatem
436 1832 533 1867 dicas,
551 1831 609 1861 nisi
634 1833 712 1872 quod
731 1832 783 1861 illa
799 1832 948 1862 vocabula
972 1843 1046 1871 quo-

327 1873 489 1905 dammodo
503 1875 539 1904 ad
553 1879 699 1906 terrorem
711 1876 883 1915 augendum
895 1875 1046 1905 atiociora

330 1922 411 1947 sunt.

368 1978 412 1983 —
425 1960 499 1990 ibid.
514 1962 561 1989 και
578 1963 689 2000 ἴσασιν]
706 1962 817 1992 Unde>
841 1964 889 1990 Rs<
906 1962 1047 2000 Philippi

325 2003 428 2038 minis,
443 2007 474 2033 et
494 2004 560 2042 ejus
579 2002 694 2042 ingenii
714 2001 908 2037 crudelitate,
926 2005 957 2031 iu
976 2004 1046 2033 aliis

327 2047 493 2077 declarata.

369 2108 412 2113 —
437 2090 492 2120 ult.
517 2088 739 2130 Ἀμφιπολιτῶν
763 2090 828 2122 τοὺς
852 2087 1044 2130 παςαδόντας]

325 2134 400 2170 Pro,
429 2132 650 2173 Ἀμφιπολιτας
685 2133 750 2166 τοὺς
788 2132 972 2173 παραδόντας.
1012 2138 1046 2163 ut

325 2182 447 2216 postea,
471 2175 607 2206 Πυδναίων
626 2177 691 2210 τοὺς
714 2174 952 2215 ὑποδεξαμένους,
979 2187 1044 2216 pro,

324 2219 488 2253 Πυδναίους;
515 2226 547 2249 ut
565 2220 700 2255 Plinius,
717 2222 738 2235 “
752 2218 859 2257 Nigrae
876 2219 1044 2255 lanarum,’'

323 2267 347 2280 “
358 2273 465 2293 canum
482 2261 687 2301 degenereS‚”
700 2272 768 2301 pr0,
783 2262 877 2301 nigrae
896 2263 982 2297 lanae,
994 2273 1042 2292 ca-

323 2316 378 2336 nes
391 2307 574 2346 degeneres.
605 2307 674 2336 Non
689 2304 768 2334 enim
783 2311 856 2343 puto
871 2311 972 2334 certos
989 2305 1043 2335 ali-

322 2360 401 2388 quos
412 2349 579 2379 deditionis
589 2353 620 2379 et
630 2348 813 2386 receptionis
825 2353 978 2384 auctores,
988 2349 1042 2378 sed

323 2397 419 2422 totam
430 2393 588 2423 civitatem
602 2391 782 2431 significari:
801 2396 833 2420 nt
843 2391 967 2431 partitio
980 2392 1041 2428 fiat,

322 2444 385 2464 non
397 2436 476 2465 inter
494 2436 579 2474 ipsos
593 2435 821 2474 Amphipolitas
840 2436 965 2478 etipsos
979 2435 1041 2473 Py-

324 2479 439 2515 dnaeos,
457 2480 543 2519 quasi
558 2489 613 2519 per
630 2479 810 2508 seditionem
826 2483 877 2507 aut
889 2477 1041 2516 proditio-

321 2531 392 2551 nem
408 2532 457 2551 res
473 2526 550 2552 actae
564 2522 639 2551 sint:
657 2522 711 2551 sed
725 2522 802 2551 inter
813 2521 1040 2560 Amphipolitas

321 2571 353 2594 et
374 2565 540 2603 Pydnoeos,
558 2571 588 2594 et
606 2566 686 2595 inter
702 2563 734 2594 τὲ
757 2564 922 2604 παραδοῦναι
943 2564 991 2593 καὶ
1008 2564 1040 2594 τὸ

321 2606 524 2647 ὑποδέξασθαι.
571 2608 735 2644 Quomodo
759 2608 911 2646 Pydnaeos
931 2613 1041 2637 tracta-

320 2651 373 2686 rit,
389 2661 429 2680 ex
446 2650 572 2680 historia
586 2651 659 2680 mihi
677 2661 733 2680 non
750 2656 888 2680 constat:
914 2651 968 2680 sed
985 2662 1040 2690 op-

317 2695 428 2734 pidum
439 2694 487 2723 vel
501 2693 653 2732 direptum
665 2704 745 2729 esse,
758 2695 805 2723 vel
820 2695 848 2723 in
861 2694 1040 2724 servitutem

320 2737 494 2773 redactum,
511 2736 600 2766 facile
617 2736 686 2766 hinc
702 2736 867 2775 colligitur.
882 2748 883 2751 ¹
913 2737 1039 2777 Amphi-

318 2780 475 2820 politanos
499 2779 665 2809 clementer
691 2790 708 2808 a
732 2779 879 2819 Philippo
904 2780 1039 2817 habitos,

319 2823 429 2863 ejectis
440 2827 539 2853 tamen
554 2823 739 2852 adversariis
751 2823 856 2852 scribit
872 2823 1039 2854 Diodorus.

320 2874 322 2876 “
364 2884 407 2889 —-
421 2866 498 2896 ibid.
521 2866 586 2899 τοὺς
607 2864 798 2906 παραδόντας]
813 2866 976 2904 παραδοῦναι
992 2869 1041 2898 τῆν

321 2908 414 2945 πόλιν,
445 2909 551 2939 dedere
580 2909 693 2944 urbem,
723 2909 895 2938 deditionem
923 2908 1039 2949 facere.

319 2954 399 2983 Nam
422 2951 612 3000 Philippus
605 2963 637 2981 in
654 2951 718 2981 suis
732 2953 769 2981 ad
786 2952 986 2981 Athenienses
1002 2953 1039 2982 li-

317 2995 393 3026 teris
412 2991 532 3031 scribit,
547 2994 766 3036 ἓκπολιοςκησας
778 2992 875 3024 {nacon
887 2993 920 3024 τὸ
933 2993 1040 3036 χωρίον.

316 3039 406 3076 Post,
432 3038 663 3079 Amphipolitas
689 3039 718 3068 in
745 3038 836 3069 fidem
857 3041 888 3068 et
911 3039 1039 3069 cliente-

602 213 656 255 H.
679 213 899 256 WOLFH
933 215 996 257 IN
1030 215 1063 257 Ι.

1098 213 1540 259 OLYNTHIACAM

1083 323 1142 352 lam
1161 322 1392 354 Atheniensium
1404 324 1597 355 committere
1613 334 1647 355 se
1659 324 1799 355 voluisse

1083 366 1177 396 dicit:
1208 367 1364 402 κελεύοντες
1388 369 1466 409 ὑμᾶς
1488 367 1615 404 ἐκπλεῖν,
1635 367 1683 398 καὶ
1706 378 1795 409 παρα-

1084 409 1241 448 λαμβάνειν
1255 421 1304 440 την
1314 409 1403 441 πόλιν.

1127 453 1165 482 Ρ.
1183 455 1234 484 13.
1252 457 1282 483 1.
1298 465 1362 488 τους
1376 452 1620 494 ἑωοδεξαμένους]
1641 454 1702 488 Qui
1717 456 1795 493 oppi-

1084 496 1121 525 (Io
1137 501 1276 536 tunquam
1291 498 1416 527 amicum
1430 502 1611 536 receperunt.
1655 497 1798 527 Historia

1084 539 1123 568 dc
1135 540 1252 578 Pydna,
1263 541 1345 578 quod
1356 551 1413 579 ego
1426 540 1530 576 sciam,
1541 551 1598 570 non
1611 545 1728 570 exstat:
1742 539 1798 569 sed

1086 582 1160 612 satis
1188 590 1326 622 apparet,
1352 583 1534 623 Philippum
1560 583 1711 623 hospitem
1739 592 1795 621 pro

1085 626 1170 655 hoste
1198 637 1230 656 sc
1258 627 1402 665 gessisse.
1431 627 1510 657 sicut
1538 627 1620 666 apud
1647 625 1795 655 Ovidium

1085 668 1282 707 Tarquinius.-
1299 673 1321 687 “
1334 670 1460 709 Hospes
1476 675 1510 701 ut
1523 670 1618 699 bostis
1632 668 1691 699 init
1705 678 1798 708 pene-

1084 711 1171 741 tralia
1201 712 1377 743 Collatini.''
1421 714 1463 743 Et
1499 718 1617 753 patrum
1650 710 1798 741 memoria

1085 764 1212 793 magnus
1225 756 1345 794 quidam
1360 756 1503 795 princeps
1514 756 1602 785 urbis
1621 764 1681 784 non
1694 764 1797 793 parvae

1085 807 1230 836 proceres
1255 800 1382 834 monuit,
1406 809 1443 827 ne
1466 799 1497 828 in
1521 803 1679 837 posterum
1702 806 1798 835 quen-

1085 850 1175 878 quam
1204 851 1273 870 cum
1300 841 1440 871 exercitu
1468 841 1544 880 ipsis
1571 840 1695 870 fortiore
1718 841 1798 869 intra

1086 884 1206 918 moenia,
1221 886 1361 922 quamvis
1374 883 1516 918 amicum,
1526 883 1709 922 reciperent.

1126 926 1252 956 —ibid.
1269 927 1319 957 καὶ
1332 925 1416 966 δ’λως]
1432 926 1568 966 denique,
1589 926 1628 955 ad
1642 935 1795 962 summam,

1083 976 1115 994 ιη
1131 977 1311 998 ἰιηιύεν-ειινιι.

1126 1027 1168 1032 -—-
1183 1009 1260 1040 ibid.
1280 1010 1330 1039 καὶ
1346 1009 1432 1052 δ’λως]
1457 1012 1534 1043 Haec
1558 1011 1709 1041 sententia
1725 1021 1798 1051 pro-

1082 1051 1149 1088 prie
1164 1053 1201 1082 ad
1214 1053 1305 1088 illud,
1318 1053 1383 1092 πρός
1395 1060 1450 1087 τὰς
1463 1057 1659 1093 καταλλαγὰς
1671 1054 1796 1090 ἐναντίως

1082 1094 1154 1135 ἔχει,
1179 1097 1416 1126 confirmandum
1432 1097 1576 1136 pertinet.
1600 1098 1655 1127 sed
1670 1099 1797 1128 interse-

1081 1138 1141 1167 ruit
1152 1139 1283 1178 periculi
1296 1139 1545 1178 magnitudinem,
1555 1151 1680 1180 eamque
1691 1152 1796 1172 exem-

1081 1182 1140 1219 plis
1157 1183 1354 1221 approbavit,
1365 1193 1424 1222 quo
1438 1183 1552 1213 firmior
1563 1189 1646 1214 esset
1659 1183 1713 1214 illa
1723 1195 1796 1224 pro-

1081 1225 1207 1263 positio.

1123 1286 1165 1291 -—
1177 1269 1252 1299 ibid.
1264 1268 1403 1312 ἄπιστον]
1418 1271 1545 1301 Scilicet
1554 1282 1668 1313 χρημα.
1683 1276 1717 1301 ut
1725 1271 1796 1301 Vir-

1081 1311 1194 1367 gitiuss,
1211 1313 1368 1343 “Varium
1383 1319 1414 1344 et
1429 1314 1575 1344 mutabile
1593 1325 1713 1353 semper
1731 1316 1798 1345 Foe-

1082 1355 1183 1384 mina.³
1187 1354 1260 1392 'et,
1284 1358 1419 1387 “Dulce
1442 1358 1517 1387 satis
1541 1358 1657 1388 humor
1660 1357 1677 1371 ''
1702 1359 1795 1394 Item,

1082 1401 1103 1415 “
1112 1398 1218 1429 Priste
1234 1400 1324 1438 lupus
1342 1400 1502 1431 stabulis?

1123 1459 1166 1464 —
1179 1442 1255 1472 ibid.
1271 1442 1410 1484 ἄπιστον]
1428 1445 1467 1473 Id
1483 1450 1542 1480 est,
1558 1444 1580 1473 οἱ
1597 1443 1714 1485 τύραννοι
1727 1443 1797 1474 ἄπι-

1081 1483 1148 1514 στοί
1167 1485 1235 1516 εἰσιν
1256 1487 1323 1521 ταῖς
1344 1485 1511 1523 πολιτείαις,
1538 1487 1568 1517 id
1593 1492 1652 1524 est,
1675 1489 1798 1527 tyranni

1080 1538 1138 1557 non
1152 1535 1221 1560 sunt
1225 1529 1344 1569 fideles,
1359 1541 1417 1561 non
1430 1530 1796 1571 servantfidemrebuspu-

1081 1571 1172 1601 blicis.
1223 1574 1283 1603 Sed
1316 1573 1396 1604 malo
1425 1574 1549 1614 passive
1580 1575 1796 1613 interpretari:

1080 1614 1263 1654 Respublicae
1282 1618 1418 1657 tyrannis
1429 1617 1525 1658 fidem
1548 1616 1651 1647 habere
1672 1627 1730 1647 non
1748 1618 1797 1647 de-

1081 1658 1158 1692 bent,
1177 1669 1236 1688 non
1255 1665 1326 1691 tutoe
1346 1666 1427 1691 sunt.
1471 1661 1551 1690 Haec
1574 1660 1725 1691 sententia
1749 1671 1797 1690 se-

1080 1702 1179 1731 cunda
1191 1702 1364 1742 Philippica
1373 1704 1546 1733 declaratur
1555 1704 1603 1733 his
1616 1704 1734 1733 verbis:
1751 1704 1798 1733 οὐκ

1079 1745 1225 1784 ἀσφαλεῖς
1248 1748 1316 1780 ταῖς
1338 1745 1496 1780 πολιτείαις
1514 1747 1544 1776 αῖ
1565 1746 1639 1786 ’ωςός
1658 1747 1724 1781 τοὺς
1745 1758 1797 1776 τυ-

1080 1799 1183 1827 ςαννους
1198 1787 1286 1819 αὗται
1301 1788 1362 1819 λίαν
1377 1789 1498 1828 ὁμιλίαι.

1122 1834 1212 1862 -a
1235 1844 1287 1862 καν
1302 1850 1344 1856 --
1359 1831 1467 1874 ἔχωσι]
1495 1831 1528 1862 Si
1548 1833 1637 1862 etiam
1659 1832 1797 1870 habeant,

1082 1871 1129 1904 ἐὰν
1144 1873 1234 1915 ἔχωσι
1250 1874 1310 1904 και.

1123 1934 1166 1939 —
1178 1917 1253 1948 ibid.
1269 1916 1378 1959 ὅμορον]
1395 1918 1448 1949 Sic
1465 1919 1647 1949 Plutarchus
1664 1919 1702 1950 de
1717 1920 1796 1950 The-

1080 1959 1166 1990 banis
1187 1965 1218 1990 et
1237 1961 1476 1992 Atheniensibus
1495 1962 1640 2002 loquens:
1662 1963 1712 1993 καὶ
1734 1963 1797 2002 μίι·

1080 2008 1183 2038 λιστα,
1199 2004 1310 2043 inquit,
1323 2006 1391 2040 ταῖς
1401 2006 1445 2035 διὰ
1455 2007 1502 2036 τῆν
1512 2003 1662 2043 γειτνίασιν
1676 2005 1796 2046 ἁψιμα-

1079 2043 1168 2085 χίαις,
1184 2047 1400 2086 ἀναξαινομένων
1424 2048 1565 2078 ἑκάστοτε
1587 2050 1642 2078 τῶν
1663 2055 1795 2089 ’πολεμι-

1079 2091 1131 2117 κῶν
1154 2087 1219 2129 προς
1242 2089 1374 2126 ἀλλήλας
1395 2090 1526 2131 διαφοξῶν
1548 2091 1615 2125 ταῖς
1633 2091 1746 2122 πόλεσι.
1765 2098 1797 2122 et

1079 2131 1251 2170 Ulpianus:
1273 2132 1354 2169 αὐτο,
1374 2133 1484 2172 inquit,
1507 2145 1541 2163 το
1566 2133 1726 2173 πλησιάζον
1742 2138 1794 2165 τοῦ

1078 2173 1177 2210 τόπου,
1199 2175 1293 2215 ὥσπερ
1316 2174 1403 2206 εἴωθεν
1420 2179 1460 2207 τοὶ
1481 2175 1659 2214 ἐγκλήματα
1680 2177 1795 2209 τίκτειν.

1081 2218 1364 2257 interpretationem
1381 2229 1417 2249 eo
1446 2230 1505 2249 non
1531 2219 1686 2255 adscribo,
1710 2222 1794 2260 quod

1078 2265 1238 2300 utrumque
1267 2262 1369 2292 locum
1399 2262 1485 2292 rudis
1516 2263 1631 2292 Lector
1657 2273 1698 2293 ex
1727 2275 1795 2295 mea

1077 2304 1280 2334 conversione
1296 2309 1401 2344 potest
1417 2309 1533 2344 petere.

1118 2364 1159 2370 —-
1172 2350 1204 2378 3.
1219 2346 1340 2389 ἔχωσιν]
1353 2349 1478 2379 Scilicet
1488 2361 1516 2379 αι
1533 2350 1689 2380 πολιτεῖαι.
1713 2351 1793 2382 Nam

1077 2391 1090 2420 ἧ
1106 2402 1226 2439 τυραννις
1243 2392 1407 2431 singularis
1423 2391 1542 2422 numeri
1557 2397 1623 2422 est:
1647 2394 1702 2424 sed
1726 2405 1796 2425 sen-

1076 2434 1172 2463 tentia
1187 2416 1307 2464 eodem„
1312 2435 1434 2465 recidit.
1473 2436 1553 2465 Nam
1566 2435 1594 2465 si
1610 2446 1682 2475 ager
1697 2437 1794 2476 Olyn-

1075 2477 1206 2507 thiorum
1222 2478 1341 2508 vicinus
1353 2484 1399 2509 est
1416 2478 1566 2531 Philippi,
1581 2490 1654 2516 ergo
1668 2485 1699 2510 et
1717 2481 1794 2510 Phi-

1074 2520 1156 2559 lippi
1179 2530 1254 2559 ager
1281 2522 1450 2562 Olynthiis.
1476 2521 1510 2551 τὸ
1538 2523 1593 2561 γὰρ
1617 2521 1713 2562 δ’μοξον
1737 2525 1793 2555 τῶν

1076 2562 1142 2602 πρός
1155 2574 1185 2592 τι
1199 2563 1276 2594 ἐστι’.

1117 2624 1160 2629 —
1170 2610 1200 2637 4.
1213 2606 1300 2637 ταῦτ’
1308 2605 1349 2636 οὖν
1360 2606 1532 2649 ἐγνωκότας]
1544 2608 1708 2638 Conclusio
1720 2619 1794 2648 pro-

1074 2650 1249 2688 positionis,
1286 2652 1422 2689 ipsorum
1453 2652 1626 2681 auditorum
1664 2661 1792 2683 assensu

1074 2694 1202 2728 firmata,
1212 2699 1301 2733 atque
1317 2694 1501 2733 amplificata
1515 2694 1604 2733 copia
1614 2695 1792 2733 verborum,

1074 2741 1106 2766 et
1118 2737 1312 2776 repetitione
1362 2767 1365 2770 Α

1116 2780 1250 2810 ——ibid.
1278 2778 1449 2820 ἐγνωκότας]
1475 2779 1573 2816 Quasi
1596 2757 1697 2810 dicat.
1722 2781 1790 2821 Ipsi

1073 2822 1247 2862 intelligitis
1266 2833 1338 2853 vera
1354 2832 1422 2852 esse
1437 2832 1505 2861 quae
1521 2822 1603 2852 dico.

1116 2884 1159 2889 —-
1175 2867 1250 2896 ibid.
1270 2864 1357 2896 ταῦτ’
1371 2863 1527 2902 ἐγνωκότας
1539 2866 1616 2904 ὑμας
1629 2865 1708 2906 φημι
1722 2866 1790 2908 δεῖν]

1074 2909 1113 2938 Id
1138 2912 1199 2945 est,
1225 2907 1317 2939 ἐπειδὴ
1340 2907 1496 2946 ἐγνώκατε
1507 2909 1618 2945 ταῦτα,
1639 2909 1717 2950 φημι
1739 2909 1793 2940 δειν

1073 2953 1166 2992 ὑμαςε
1189 2952 1221 2982 5ἰ
1236 2951 1346 2982 Latine
1361 2961 1543 2981 conversum
1560 2952 1649 2982 velis.

1114 3012 1158 3018 —
1174 2997 1205 3025 5.
1229 2992 1322 3024 πολλ’
1341 2993 1360 3024 ἃ
1381 2994 1528 3036 προσήκει]
1559 2995 1687 3026 Scilicet
1711 2995 1791 3034 ὑμῖν.

1074 3039 1152 3076 Quae
1163 3048 1232 3070 nam
1247 3037 1302 3070 illa
1310 3038 1399 3069 sunt?
1422 3037 1530 3070 Gloria
1539 3039 1694 3078 majorum,
1705 3038 1794 3068 Grae-
