1931 3322
351 200 435 242 AD
469 195 840 241 ORATIONEM
874 195 938 236 IN
972 195 1414 240 MACARTATUM.

159 309 278 345 17‚·18‚
294 313 325 338 et
340 309 392 338 19.
409 306 440 336 in
458 306 508 336 ed.
524 307 627 336 Lutet.
644 306 734 345 plane
749 315 868 345 expun-

157 352 202 381 xi.
223 361 320 390 neque
335 351 373 380 ab
388 349 459 389 ipso
475 349 682 379 Demosthene
697 349 868 388 profectum

157 399 206 424 est
218 394 278 423 hoc
294 398 420 424 stemma
435 392 678 432 genealogicum,
692 403 789 431 neque
807 392 868 421 sci-

157 437 276 467 tissime
291 440 340 466 est
350 436 534 470 confectum,
547 436 603 465 sed
613 446 719 475 parum
734 435 869 465 illustrat

154 479 373 509 obscuritatem
394 478 451 514 rei,
468 484 499 509 et
514 480 604 509 abest
617 481 655 508 ab
672 478 798 518 optimis
817 488 868 508 co-

156 522 289 557 dicibus,
304 527 336 552 et
350 522 449 552 alieno
464 522 532 553 loco
549 526 596 552 est
611 521 757 561 positum.

200 583 244 588 —
267 567 319 595 17.
344 564 496 606 Σωσιθέου]
523 565 645 595 videtur
670 565 731 604 leg.
755 562 869 594 Σωσίου.

155 607 249 638 Pater
266 608 348 638 enim
368 609 499 640 Sosithei
515 607 622 638 Sosias
645 608 869 647 appellabatur.

156 662 186 680 v.
203 663 233 691 p.
251 653 345 682 1075.
361 663 433 691 pen.
477 653 630 681 Caeterum
645 651 748 687 video,
768 651 869 680 locum

155 694 235 724 hunc
250 695 408 725 adversari
424 694 579 724 stemmati
591 695 732 733 superius
748 704 766 723 a
781 694 870 724 nobis

153 738 332 776 proposito,
348 742 382 768 ut
397 737 555 768 conciliari
569 748 637 768 cum
653 748 690 768 eo
706 741 847 777 nequeat.

200 783 297 812 1064.
316 785 346 811 1.
368 779 598 822 προσκλαίουσα]
624 791 640 810 e
665 780 810 820 vestigiis
833 780 870 810 li-

156 828 288 854 terarum
306 823 434 863 colligas
449 825 510 863 leg.
523 835 592 855 esse
607 823 672 865 πρός
687 823 813 854 Κλέωνα.
830 824 869 853 de

156 876 251 896 causa
266 877 341 897 vero
357 867 414 897 bac
430 867 599 898 Eubulidis
615 869 764 899 adversus
779 867 870 897 Cleo-

157 918 226 940 nem
243 909 318 940 nihil
330 910 403 940 mihi
418 915 548 941 constat.

201 954 295 985 1065.
307 956 338 984 4.
353 953 636 993 ἀμφισβητήσαντος
645 952 674 984 δὲ
687 952 869 995 τοῦἋγνίου]

157 995 317 1026 Sententia
325 996 477 1034 postulat:
490 997 771 1036 ἀμφισβητήσαντος
782 996 809 1027 δὲ
822 997 871 1028 Εὔ-

155 1037 285 1071 Βουλίδου
299 1040 349 1069 τοῦ
363 1039 461 1079 κλήρου
474 1041 524 1070 τοῦ
540 1039 658 1078 Ἃγνίου.

202 1084 299 1113 1066.
321 1092 392 1123 pen.
414 1080 466 1123 οἷς]
491 1083 584 1113 lectio
609 1083 736 1122 vulgata
758 1093 789 1112 v.
813 1083 871 1111 ult.

157 1124 274 1160 τούτους
296 1125 324 1154 si
350 1130 460 1160 manet,
485 1136 612 1156 necesse
636 1130 696 1159 est,
720 1128 755 1153 ut
775 1124 814 1153 ad
835 1122 872 1157 οἷς

157 1167 358 1198 subaudiatur
370 1166 472 1207 νόμοις.
487 1172 521 1198 ut
532 1167 573 1198 sit
586 1165 754 1197 sententia:
769 1166 873 1206 quibus

157 1210 270 1251 legibus
285 1209 493 1250 legislator-jus
502 1215 530 1240 et
542 1219 643 1240 nomen
654 1207 833 1250 ἀγχιστείας
845 1215 872 1240 et

155 1263 224 1283 cum
236 1263 268 1283 eo
283 1253 481 1283 haeredicatem
497 1253 615 1289 tribuit,
630 1252 803 1291 cuicunque
819 1252 873 1282 illa

156 1296 279 1333 tribuit,
294 1306 342 1326 eas
357 1297 432 1337 leges
441 1296 536 1327 scriba
550 1297 626 1327 vobis
638 1295 786 1336 praeleget.
809 1305 872 1326 ma-

156 1338 212 1370 lim
225 1343 327 1370 tamen
341 1340 380 1369 ad
395 1337 433 1374 οἶς
444 1339 603 1370 subaudiri
618 1337 780 1379 ἀνθρώποις,
795 1344 825 1370 et
842 1350 872 1370 v.

157 1382 215 1412 ult.
238 1393 294 1422 pro
318 1382 436 1417 τούτους
458 1382 522 1422 legi
543 1382 606 1424 περὶ
629 1382 746 1413 τούτων.
773 1387 809 1412 ut
833 1382 873 1412 sit

158 1426 329 1456 sententia:
346 1427 450 1466 quibus
465 1425 631 1457 hominibus
645 1426 792 1467 legislator
803 1435 873 1464 pro-

156 1470 267 1499 ximum
280 1470 460 1510 cognationis
474 1469 570 1500 locum
586 1476 615 1500 et
622 1471 678 1509 jus
694 1468 874 1500 haereditatis

157 1512 302 1543 adeundae
324 1512 390 1548 dat,
412 1523 499 1552 super
522 1513 583 1543 illis
604 1515 669 1552 ipsa
693 1512 765 1553 legis
785 1513 874 1543 verba.

156 1555 252 1586 scriba
262 1556 338 1586 vobis
351 1556 498 1586 recitabit.

203 1600 301 1630 1067.
324 1602 356 1630 1.
375 1601 419 1638 μὴ
445 1598 629 1640 διαθέμενος]
662 1599 699 1629 ab
725 1599 874 1635 intestato,

157 1641 212 1681 qui
226 1642 381 1682 potuisset
396 1648 496 1673 tamen
511 1646 727 1673 testamentum
740 1642 873 1672 condere

157 1689 333 1725 propterea,
358 1686 440 1725 quod
466 1685 554 1726 prole
580 1685 717 1716 mascula
744 1690 874 1716 careret.

156 1733 246 1768 pater
266 1728 348 1760 enim
370 1729 483 1765 nullus,
507 1729 558 1759 cui
575 1729 629 1759 filii
644 1733 758 1764 essent,
782 1733 874 1759 testa-

156 1774 293 1802 mentum
308 1772 472 1803 condebat.
487 1772 596 1803 inutile
610 1772 692 1802 enim
708 1772 740 1802 id
750 1772 874 1809 fuisset,

157 1814 231 1844 filiis
248 1816 299 1846 vel
315 1816 381 1848 sine
396 1820 591 1853 testamento,
607 1816 676 1856 ipso
688 1817 759 1855 jure
775 1816 873 1852 civili,

157 1857 189 1888 in
210 1863 367 1897 paternam
390 1859 602 1890 haereditatem
625 1859 874 1890 succedentibus.

157 1900 279 1932 filiabus
299 1907 401 1932 autem
417 1902 501 1932 nulla
515 1907 581 1932 erat
595 1912 669 1942 pars
683 1902 875 1933 haereditatis

158 1948 305 1983 paternae,
322 1945 438 1984 quippe
458 1946 562 1975 dotem
581 1945 702 1985 adeptis
722 1956 779 1985 pro
803 1956 874 1985 por-

159 1986 244 2017 tione
268 1997 335 2023 sua,
359 1989 419 2018 nisi
441 1989 467 2018 si
490 1988 637 2018 fratribus
661 1994 812 2018 carerent.
843 1993 875 2018 et

157 2034 248 2069 pater
268 2035 450 2061 testamento
467 2041 522 2061 sua
541 2032 622 2060 bona
643 2041 704 2061 non
727 2032 876 2061 donasset

156 2073 210 2103 alii
225 2072 370 2112 cuipiam.
391 2083 461 2102 nam
475 2073 509 2103 id
523 2073 639 2103 licebat
653 2073 765 2102 facere.

200 2133 244 2140 —
260 2118 290 2146 2.
311 2116 363 2146 σὺν
383 2115 524 2158 ταυτησὶ]
551 2114 619 2146 scil.
635 2115 678 2145 δεῖ
699 2114 876 2154 κληρονομεῖν

156 2159 222 2193 τοὺς
243 2160 490 2200 κληρονομοῦντας.
512 2169 577 2189 una
599 2167 668 2188 cum
690 2158 750 2188 iltis
774 2157 876 2187 debent

159 2201 283 2233 haeredes
305 2201 505 2233 hereditatem
528 2202 623 2232 adire.
646 2201 678 2231 11.
695 2211 724 2231 e.
744 2200 770 2231 si
786 2210 875 2230 nemo

158 2250 266 2286 potest
294 2245 425 2285 alicujus
449 2245 660 2276 haereditatem
689 2243 785 2280 adire,
809 2243 876 2274 sine

159 2290 250 2328 prole
262 2289 397 2319 mascula
408 2293 440 2319 et
454 2288 520 2319 sine
532 2292 715 2320 testamento
726 2286 876 2323 defuncti,

159 2331 218 2362 nisi
234 2337 288 2362 aut
301 2331 392 2362 filiam
406 2332 524 2371 filiasve
546 2333 613 2371 ejus
631 2331 662 2361 in
679 2330 873 2361 matrimonio

154 2376 219 2414 jam
231 2375 352 2411 habeat,
366 2376 548 2411 habeantve,
560 2379 614 2406 aut
627 2384 693 2405 eam
706 2384 799 2405 easve
809 2384 875 2404 ma-

158 2418 302 2448 trimonio
318 2418 412 2448 ducat
424 2419 588 2449 ducantve.
610 2418 681 2449 filiae
702 2418 783 2448 euim
799 2417 875 2447 solae

159 2471 217 2501 per
241 2472 276 2492 se
295 2461 510 2492 haereditatem
532 2472 632 2500 neque
659 2461 758 2498 adire,
775 2471 875 2500 neque

159 2509 266 2535 tenere
279 2509 431 2544 poterant,
448 2505 504 2535 sed
519 2504 620 2535 mariti
635 2515 739 2535 eornm
752 2504 878 2534 adibant

159 2547 282 2578 nomine
311 2557 444 2578 uxorum
481 2547 697 2587 tenebantque,
733 2552 876 2587 tanquam

160 2600 264 2621 earum
279 2590 374 2631 κύριοι,
389 2593 418 2621 11.
428 2602 456 2622 e.
472 2595 592 2621 tutores
607 2595 639 2621 et
652 2591 812 2631 praesides.

202 2651 246 2657 --
261 2635 294 2665 3.
315 2633 425 2676 τούςδε]
449 2644 528 2674 quos
560 2634 663 2664 statim
684 2634 798 2664 deinde
822 2643 877 2663 no-

158 2677 253 2708 minat
273 2677 338 2708 lex.

200 2737 246 2747 —-
259 2723 291 2752 4.
313 2719 360 2751 ἐὰν
379 2719 404 2751 δ’
424 2718 558 2760 ἀδελφοὶ]
581 2719 685 2750 malim
708 2720 878 2750 adversati-

161 2772 231 2793 vam
245 2764 357 2794 deleri.
400 2764 465 2794 Sed
486 2765 555 2803 ejus
573 2764 642 2794 loco
664 2763 755 2803 posui
769 2763 825 2803 μὲν
839 2764 879 2795 de

162 2816 244 2838 meo.

203 2867 247 2872 —
269 2849 347 2880 ibid.
378 2847 448 2881 οἶσιν
473 2848 666 2892 ὁμοπάτορες]
695 2849 814 2885 nescim
841 2860 878 2880 an

161 2891 244 2922 desit
257 2893 306 2923 καὶ
321 2893 508 2934 ὅμομῆτοςες.
529 2904 638 2924 verum
654 2899 721 2924 esto
737 2894 796 2923 hoc
812 2894 880 2933 qui·

161 2935 246 2971 dem,
258 2939 414 2976 utcunque
426 2937 504 2974 vult,
516 2936 710 2973 subauditur,
723 2937 766 2967 δεῖ
778 2937 881 2972 αὐτοὺς

161 2979 210 3008 τὴν
223 2977 348 3017 ἀδελφοῦ
363 2981 465 3020 μοῖραν
480 2981 647 3021 λαγχάνειν.
684 2981 716 3011 Si
733 2981 880 3010 defuncto

163 3020 228 3052 sine
244 3021 354 3053 liberis
370 3029 400 3054 et
415 3024 454 3053 ab
470 3023 616 3054 intestato
631 3029 699 3055 sunt
711 3025 833 3060 fratres,
849 3024 880 3054 hi

1532 198 1615 240 237

904 309 1033 335 cernunt
1056 310 1176 344 partem
1200 308 1316 338 fratris.
1334 309 1363 339 b.
1380 319 1408 339 e.
1431 309 1457 339 s}
1477 318 1554 339 unus
1570 313 1618 339 est

902 349 1007 383 frater,
1036 348 1062 378 is
1090 349 1155 378 adit
1185 354 1280 380 totam
1306 351 1529 382 haereditatem.
1581 353 1616 383 Si

903 391 1009 431 plures
1025 395 1106 426 sunt,
1122 402 1179 431 pro
1194 397 1261 422 rata
1274 394 1402 433 quisque
1419 405 1535 425 eorum.

946 452 988 457 -—-
1003 435 1035 464 5.
1057 436 1106 465 τὴν
1127 436 1178 464 τοῦ
1202 435 1309 475 ‘tran-35:
1327 439 1425 476 μοῖξαν
1446 438 1618 481 λαγχάνειν]

904 477 1043 507 universi
1057 477 1086 506 111
1103 477 1156 507 filii
1173 479 1253 517 ejus,
1270 479 1322 517 qui
1338 480 1474 510 defuncti
1491 483 1527 510 ab
1540 482 1618 511 inte-

904 525 985 550 stato
1015 525 1141 559 patruus
1171 522 1274 556 fuerit,
1305 522 1462 561 accipiunt
1492 529 1620 561 tantum,

903 568 1048 603 quantum
1071 564 1196 594 tulisset
1217 575 1322 594 eorum
1344 570 1433 604 pater
1453 576 1509 604 pro
1529 574 1617 605 parte

904 617 970 644 sua,
983 607 1009 637 si
1026 612 1087 637 tum
1104 608 1203 637 adhuc
1220 608 1434 646 superfuisset.

946 668 989 673 —
1005 652 1036 680 6.
1059 650 1073 681 ἢ
1090 650 1219 689 ἀδελφῶν
1239 651 1341 684 παῖδες
1360 650 1391 690 ἐξ
1411 651 1514 686 αὐτῶν,
1538 653 1617 681 κατὰ

904 693 1003 723 ταῦτα
1018 694 1188 735 λαγχάνειν]
1206 693 1326 725 correxi
1343 695 1382 723 de
1397 705 1466 724 meo
1483 703 1587 729 sensu,
1602 694 1618 725 ἢ

904 738 1033 776 ἀδελφῶν
1054 738 1167 773 παῖδες,
1192 738 1214 767 οἱ
1241 736 1273 778 ἐξ
1297 737 1390 768 αὐτῶν
1416 738 1495 766 κατὰ.
1520 737 1621 777 ταύτὰ
1654 763 1658 768 ,

905 786 1000 822 λαγχ.
1016 785 1049 810 ut
1065 780 1106 810 sit
1117 782 1183 811 haec
1199 781 1364 811 sententia:
1382 781 1492 810 fratres
1505 780 1532 809 si
1545 780 1621 809 nulli

906 822 1074 863 supersint,
1101 828 1154 854 aut
1174 824 1231 854 filii
1253 825 1391 861 fratrum,
1418 829 1483 854 tum
1506 834 1546 852 ex
1572 823 1620 852 his

903 867 1031 897 fmtrum
1046 867 1117 897 filiis
1139 867 1202 897 nati
1217 867 1284 907 pari
1301 868 1392 897 modo
1408 866 1622 897 haereditatem

904 915 1074 948 cernunto3
1099 915 1133 941 ut
1154 911 1222 942 scil.
1239 921 1344 941 omnes
1367 910 1414 940 illi
1439 909 1543 940 fratris
1567 919 1621 939 ne-

904 958 995 993 potes
1024 959 1120 984 ratam
1152 954 1326 994 portionem
1355 954 1464 989 ferant,
1493 956 1623 987 tantam,

905 1002 1048 1036 quantam
1064 1007 1140 1027 avus
1159 1007 1265 1027 eorum
1281 1000 1367 1027 esset
1381 997 1512 1032 laturus,
1528 995 1554 1024 si
1569 995 1623 1024 ad-

906 1040 966 1069 huc
992 1045 1180 1079 superesset.
1210 1040 1240 1069 in
1262 1040 1416 1080 λαγχάνειν
1439 1038 1622 1068 subauditur

906 1082 1089 1121 πςοοῆκουσι.
1111 1083 1133 1111 οῖ
1149 1081 1181 1121 ἐξ
1192 1083 1284 1112 αὐτῶν
1294 1082 1437 1120 γεγονότες
1451 1081 1622 1122 πςοσῆκουσι

906 1124 1069 1163 λαγχάνειν.
1088 1124 1170 1153 idem
1191 1130 1239 1154 est
1260 1135 1294 1153 ac
1310 1126 1335 1154 si
1357 1125 1510 1154 dixisset:
1535 1134 1624 1164 προσ-

906 1165 963 1195 ἧκει
979 1167 1045 1199 τοὺς
1059 1163 1091 1205 ἐξ
1102 1166 1196 1195 αὐτῶν
1211 1166 1358 1204 γεγονότας
1373 1167 1538 1210 λαγχάνειν.

947 1226 993 1232 -·
1008 1212 1038 1240 8.
1063 1206 1109 1238 ἐὰν
1121 1207 1153 1238 ἐκ.
1167 1211 1222 1239 τῶν
1237 1210 1329 1240 αὐτῶν
1342 1208 1412 1251 οἷσι]
1436 1211 1467 1240 11.
1479 1221 1506 1240 e.
1520 1210 1546 1240 si
1563 1209 1624 1241 sint

907 1261 947 1282 ex
968 1252 1078 1282 eodem
1094 1256 1184 1291 patre
1200 1257 1232 1282 et
1247 1263 1286 1282 ex
1302 1253 1409 1283 eadem
1431 1258 1538 1283 matre.
1563 1263 1625 1293 quo

907 1294 1114 1326 excluduntur
1128 1296 1238 1325 fratres
1255 1306 1272 1326 e
1284 1295 1419 1326 diversis
1434 1297 1595 1326 matribus.

949 1355 993 1362 —-
1007 1346 1038 1376 6.
1061 1337 1132 1377 γένει
1147 1338 1308 1380 ἀπωτέρω]
1331 1339 1468 1378 appellat
1487 1339 1563 1377 γένος
1577 1349 1624 1369 ar-

901 1381 1034 1412 'ticulum
1052 1393 1105 1412 seu
1130 1383 1258 1422 gradum
1282 1382 1404 1422 generis
1424 1382 1455 1412 in
1470 1383 1553 1412 linea
1568 1383 1623 1412 de-

907 1425 1084 1456 scendente.
1106 1430 1154 1462 ut,
1169 1425 1200 1455 in
1217 1436 1311 1456 causa
1325 1426 1381 1456 hac
1396 1430 1501 1456 nostra
1517 1426 1625 1455 Eubu-

905 1468 986 1499 lides
999 1470 1108 1499 tertius
1124 1469 1242 1499 ratione
1260 1468 1362 1507 γένους,
1379 1480 1431 1499 seu
1449 1468 1556 1499 ordine
1574 1479 1626 1498 na·

907 1511 1012 1543 scendi
1034 1513 1157 1543 duobus
1179 1512 1315 1542 distabat
1331 1513 1478 1552 gradibus
1501 1513 1538 1542 ab
1557 1513 1625 1542 Ha-

908 1555 989 1595 gnia,
1000 1556 1189 1586 Macartatus
1199 1560 1301 1586 autem
1313 1566 1375 1585 uno
1385 1560 1501 1586 tantum
1514 1555 1625 1595 gradu.

907 1609 967 1638 quo
984 1599 1086 1635 fiebat,
1104 1605 1137 1629 ut
1153 1599 1344 1630 Macartatus
1356 1598 1425 1637 γένει
1442 1604 1527 1629 esset
1541 1598 1627 1637 ἐγγυ-

907 1641 991 1682 τέρω,
1008 1642 1182 1673 Eubulides
1199 1647 1299 1673 autem
1315 1641 1473 1682 ἀπωτέρω.

950 1703 994 1709 ·—
1011 1688 1062 1722 10,
1086 1685 1206 1727 παίδων]
1230 1685 1319 1716 uncis
1341 1684 1465 1720 inclusi,
1488 1695 1555 1714 meo
1575 1685 1627 1722 ju-

909 1727 1004 1765 dicio,
1027 1730 1110 1768 quod
1136 1729 1259 1759 videtur
1284 1739 1301 1758 e
1319 1728 1406 1758 varia
1427 1728 1558 1758 lectione
1575 1738 1627 1757 na-

908 1776 984 1808 tum,
1001 1773 1072 1802 aliis
1087 1773 1175 1802 libris
1187 1772 1331 1802 dantibus
1343 1771 1451 1813 μέχξις
1461 1770 1628 1808 ἀνεψιάδων,

908 1815 989 1853 aliis,
1006 1817 1088 1856 quod
1105 1816 1187 1846 idem
1200 1820 1259 1852 est,
1272 1815 1379 1857 μέχςις
1394 1813 1511 1852 ἀνεψιῶν
1525 1813 1630 1845 παίδων

907 1858 1078 1900 (quomodo
1096 1860 1189 1890 etiam
1204 1859 1399 1897 wesseling.
1418 1859 1455 1887 ad
1473 1858 1570 1888 Petit.
1588 1859 1627 1887 L.

909 1904 947 1933 L.
964 1903 1058 1933 Attio.
1079 1913 1111 1942 p.
1128 1904 1203 1933 584.
1227 1902 1292 1932 vult
1314 1901 1452 1941 corrigi).
1474 1900 1565 1942 μέχρι
1582 1900 1628 1930 in-

908 1945 1016 1981 cludit,
1031 1957 1089 1976 non
1105 1945 1260 1976 excludit.

951 2006 994 2012 -—
1008 1992 1061 2019 11.
1084 1988 1188 2029 ἀνδρὸς]
1212 1987 1351 2018 defuncti
1374 1990 1460 2026 puta,
1487 1986 1525 2015 ab
1550 1985 1628 2016 inte·

909 2036 1001 2068 stato,
1017 2042 1111 2071 super
1121 2030 1210 2071 cujus
1223 2030 1404 2060 haereditate
1417 2028 1626 2059 contenditur.

951 2091 995 2096 -—-
1011 2077 1062 2106 13.
1086 2076 1129 2113 μὴ
1154 2072 1329 2114 ἀγχιστείαν
1353 2071 1422 2102 εῖναι
1446 2073 1524 2111 μήτε
1546 2072 1630 2113 ἱερῶν,

908 2114 987 2153 μηθ’
1011 2114 1102 2151 ὁσίων,
1128 2115 1182 2145 ἀπ’
1199 2115 1346 2146 Εὐκλείδου
1369 2115 1520 2156 ἄρχοντος]
1545 2120 1630 2145 recto

909 2158 1125 2188 animadvertit
1144 2158 1275 2193 Petitus,
1290 2162 1448 2198 postrema
1466 2158 1562 2188 verba
1577 2156 1631 2186 ἀπ’

909 2199 1057 2232 Εὐκλείδου
1077 2201 1212 2243 ἄρχοντος
1233 2205 1351 2241 partem
1371 2201 1450 2239 legis
1471 2211 1531 2231 non
1547 2211 1630 2238 esse,

911 2244 965 2274 sed
979 2255 997 2275 a
1007 2244 1108 2275 scriba
1121 2250 1191 2283 post
1202 2248 1330 2275 exactos
1342 2243 1468 2283 triginta
1479 2248 1629 2283 tyrannos

910 2287 1014 2318 addita
1023 2299 1105 2324 esse,
1113 2298 1174 2327 quo
1185 2292 1352 2325 constaret,
1364 2298 1406 2318 ex
1418 2297 1478 2326 quo
1488 2291 1629 2326 tempore

909 2330 962 2360 lex
984 2331 1038 2362 illa
1060 2331 1166 2362 valida
1183 2332 1337 2372 inciperet
1361 2340 1441 2361 esse.
1458 2341 1488 2361 v.
1504 2341 1536 2369 p.
1551 2332 1630 2367 713,

911 2375 962 2404 19.
989 2377 1066 2411 742,
1091 2378 1140 2406 11.
1163 2378 1352 2415 quapropter
1376 2374 1452 2404 hanc
1479 2373 1630 2413 temporis

909 2422 1011 2448 notam
1034 2419 1073 2448 ab
1089 2418 1156 2457 ipsa
1170 2419 1240 2458 lege
1256 2417 1418 2456 interjecto
1434 2421 1550 2456 puncto
1566 2417 1629 2446 dis-

910 2462 1007 2491 crevi.
1031 2461 1117 2492 Sitne
1134 2462 1199 2491 liaec
1215 2461 1267 2491 lex
1281 2460 1417 2497 Solonis,
1430 2460 1513 2499 quod
1530 2460 1630 2490 voluit

910 2504 1043 2541 Potitus,
1055 2515 1092 2534 an
1105 2504 1267 2539 recentior,
1279 2504 1381 2544 possit
1392 2514 1431 2533 ex
1446 2504 1502 2533 hac
1511 2513 1631 2543 appen-

910 2547 981 2577 dice
1003 2547 1223 2587 chronologica
1237 2547 1384 2578 dubitari.
1411 2551 1563 2587 praeterea
1580 2557 1632 2576 su-

911 2590 1050 2630 spicatur
1077 2591 1160 2621 idem
1181 2591 1317 2627 Petitus,
1335 2591 1430 2621 verba
1454 2590 1533 2629 μήτε
1556 2590 1631 2630 ἱερῶν

910 2632 988 2673 μηδ’
1002 2633 1081 2664 ὁσίων
1097 2636 1134 2664 ab
1151 2634 1221 2674 ipso
1238 2634 1350 2665 Solone
1367 2644 1427 2664 non
1443 2644 1511 2663 esse
1527 2635 1630 2673 profe-

912 2682 973 2714 cta,
986 2678 1042 2708 sed
1057 2678 1154 2708 serius
1170 2677 1284 2708 addita.
1329 2677 1364 2707 Si
1385 2677 1436 2707 lex
1458 2677 1526 2717 ipsa
1542 2687 1559 2706 a
1574 2677 1631 2705 So-

910 2719 984 2751 lone
1000 2726 1058 2756 est,
1076 2721 1114 2751 de
1130 2732 1190 2761 quo
1208 2731 1266 2751 non
1283 2725 1413 2756 constat,
1428 2720 1469 2750 nil
1487 2719 1630 2759 impedit,

912 2763 1074 2803 quominus
1100 2765 1168 2804 ipse
1191 2764 1286 2795 Solon
1309 2764 1401 2794 etiam
1424 2764 1489 2793 haec
1513 2762 1631 2792 adscri-

911 2807 1020 2846 pserit.
1066 2808 1129 2838 Sed
1145 2809 1202 2838 hoc
1220 2812 1269 2838 est
1281 2807 1427 2847 apertius,
1446 2805 1629 2835 vocabulum

913 2849 1046 2881 κοινωνίαν
1054 2851 1177 2882 deesse.
1191 2861 1282 2892 neque
1291 2852 1402 2891 spurio,
1413 2859 1502 2888 neque
1513 2849 1633 2887 spuriae,

913 2896 1047 2925 convenit
1063 2894 1237 2937 ἀγχιστεία,
1250 2904 1341 2935 neque
1355 2892 1518 2922 communio
1536 2900 1632 2920 sacro-

913 2947 982 2968 rum
996 2938 1305 2977 civiliumvejurium.

957 2999 1000 3005 ·—
1017 2985 1068 3016 U.
1092 2983 1172 3011 ἀλλὰ
1189 2980 1240 3011 τίνι
1256 2979 1303 3010 καὶ
1320 2976 1431 3018 δίδωσι]
1449 2976 1555 3006 addidi
1571 2974 1631 3006 καί.
1675 3009 1678 3013 ,

915 3026 997 3064 quod
1009 3025 1057 3055 hic
1070 3024 1131 3056 luci
1144 3024 1312 3063 respondet
1323 3021 1431 3052 Latino
1442 3021 1571 3056 tandem,
1585 3020 1634 3051 vel
