1931 3322
466 206 531 248 IN
565 203 975 248 PHILIPPICAM
1011 204 1092 246 DE
1127 203 1302 246 PACE.
1539 202 1620 244 367

152 314 234 346 evat.
257 323 426 355 quanquam
443 314 500 343 hoc
514 312 629 352 saepius
644 311 745 343 Latini
763 311 871 341 dicunt

155 359 192 389 de
206 358 341 388 munibus
354 358 498 387 amittere.
528 356 693 386 Terentius
711 354 755 395 [in
772 355 870 385 Phor-

155 401 255 431 mione
270 402 299 430 Ι.
319 403 349 431 2.
373 402 425 431 91.
429 400 491 441 ]‘
497 399 608 429 ‘Nunc
635 398 739 429 amitte
767 408 870 437 quaeso

155 443 256 474 hunc.'
246 442 266 456 ''
311 444 612 477 Donatusz‘·1—100‚
625 443 704 482 quod
723 451 777 470 nos
793 441 871 470 dici-

154 496 223 516 mus
249 486 382 522 dimitte,
407 486 522 525 antiqui
552 486 643 516 etiam
670 485 815 514 dicebant
839 494 870 513 a-

154 528 273 559 mitte.’'
323 530 488 560 Sallustius
506 540 512 558 :
547 534 568 547 ‘¹
584 527 727 568 pactione
757 527 870 556 amisso

153 572 279 610 publico
292 572 426 612 legat0,'’
443 583 499 612 pro
511 572 636 602 dimisso.
659 572 697 600 Β.
716 570 871 608 Hierony-

155 625 224 645 mus
234 616 356 657 [contra
370 615 552 655 Ruffiuum]‚
564 619 586 632 “
598 615 714 644 Melius
725 619 773 643 est
784 613 872 642 amit-

154 663 233 694 tere,
259 660 352 699 quod,
376 660 509 689 velimus
536 658 679 693 nolimus,
709 657 871 696 aliquando

154 702 325 740 periturum
342 707 400 732 est.
446 701 561 732 Melius
576 707 624 731 est
639 706 747 742 sponte
768 699 871 730 dimit-

154 749 234 782 tere,
244 755 334 784 quam
349 745 384 775 id
400 746 552 782 amittere,
567 755 623 784 pro
639 754 699 783 quo
714 744 816 774 omnia
827 744 872 773 di-

154 787 304 818 mittenda
329 788 430 819 sunt.'’
462 789 634 828 Dionysius
660 788 733 817 Hal.
754 787 823 827 [lib.
842 798 871 816 v.

155 841 183 860 e.
199 833 251 861 66.
268 841 299 871 p.
317 835 411 862 1005.
428 832 478 862 ed.
490 831 620 871 Reisk]
637 831 674 864 εἷς
689 831 807 861 ἅπαντα
819 833 873 871 γὰς

153 875 255 904 ταῦτα.
269 876 330 910 τοῖς
345 875 480 915 δεομένοις
499 877 639 916 ἀφοξμῆς,
654 874 745 904 οὐδένα
759 877 816 904 τῶν
830 874 874 904 εὖ·

155 916 250 959 «πόρων
263 920 304 949 τὰ
320 918 421 950 ἑαυτοῦ
435 918 581 960 χρήματα
593 917 778 959 πξοῆςετθοιι.
804 918 873 948 Pol-

154 961 210 991 lux
220 961 301 1001 [111.
316 964 390 992 113.
400 963 615 1003 Onomast.],‹3
631 961 728 1003 ψυχῆν
741 962 774 991 ἂν
788 963 874 1001 &gyu-

155 1003 210 1044 ριόυ
224 1005 381 1045 προέμενος.
405 1005 466 1040 Qui
480 1006 525 1036 vel
539 1007 668 1036 animam
679 1007 806 1043 pecunia
820 1005 873 1034 ad-

157 1047 275 1078 diceret.
290 1049 302 1078 ὃ
317 1048 440 1089 δεόμενος
455 1049 586 1090 ἀφοςμῖς
599 1054 656 1084 est,
670 1049 721 1088 qui
734 1047 811 1078 nihil
821 1047 873 1077 ha-

156 1091 200 1120 bet
215 1103 234 1121 a
246 1097 335 1130 patre
349 1092 498 1128 relictum,
514 1093 594 1122 uude
609 1090 787 1132 remfaciat.
833 1092 875 1121 Et

155 1134 187 1164 hi
211 1140 362 1174 coguntur
384 1135 560 1174 pecuniam,
585 1145 652 1174 quae
677 1139 724 1163 est
747 1135 874 1174 ἀφορμὴ,

154 1178 272 1208 foeuore
286 1178 429 1208 alicunde
449 1178 602 1218 accipere,
622 1187 711 1216 quam
733 1182 874 1217 augeant.

156 1221 229 1250 Hoc
253 1221 350 1261 igitur
371 1221 496 1251 verbum
519 1226 550 1250 et
565 1221 604 1250 de
619 1221 660 1250 iis
681 1220 806 1256 dicitur,
821 1220 874 1260 qui

155 1264 246 1294 facile
261 1264 390 1294 credunt
404 1263 578 1303 pecuniam.
593 1263 720 1293 credere
735 1263 814 1294 euim
827 1267 875 1293 est

156 1307 357 1338 committere.
403 1307 462 1337 Cui
478 1307 664 1337 contrarium
679 1305 876 1348 περιέχεσθαι,

156 1351 304 1390 complexu
319 1355 426 1381 tenere.
445 1351 491 1381 M.
503 1350 626 1380 Tullius
645 1350 716 1390 [pro
731 1352 766 1380 P.
779 1351 876 1385 Sulla,

157 1404 186 1424 ο.
203 1395 273 1436 20]
298 1398 320 1411 “
333 1395 417 1424 Illud
433 1398 499 1425 erat
521 1404 615 1433 genus
633 1393 788 1424 hominum
806 1395 874 1424 hor-

156 1437 250 1468 ribile
263 1442 294 1468 et
308 1437 599 1477 pertimescendum,
611 1437 663 1477 qni
675 1442 758 1467 tanto
773 1448 875 1467 amore

157 1492 230 1511 snas
251 1481 466 1521 possessiones
488 1482 643 1522 complexi
663 1482 818 1517 tenebant,
843 1486 876 1510 ut

157 1526 196 1555 ab
218 1524 268 1555 his
291 1526 426 1556 membra
448 1525 557 1554 divelli
580 1525 671 1555 citius
690 1535 725 1554 ac
746 1524 876 1554 distrahi

157 1578 251 1608 posse
263 1567 416 1599 diceres.”
433 1567 481 1609 [p.
494 1570 546 1598 28.
561 1569 612 1599 ed.
628 1567 686 1608 D.]
704 1568 755 1598 Sic
771 1569 809 1598 ad
820 1571 876 1598 At-

157 1611 252 1642 ticum
266 1611 328 1652 [ΙΙ.
341 1612 387 1653 6.]
404 1617 424 1631 ‘⁸
437 1613 487 1642 Ita
499 1622 565 1642 sum
576 1613 758 1651 complexus
769 1612 876 1648 otium,

156 1660 191 1685 nt
201 1656 240 1685 ab
251 1666 288 1685 eo
297 1655 405 1685 divelli
415 1666 474 1685 non
486 1655 629 1695 queam.’'
651 1656 782 1693 Eupolis
793 1656 876 1694 apud

157 1699 318 1728 Pollucem
343 1698 473 1740 [Ouum.
493 1699 667 1751 III.115.]
693 1698 740 1729 ἤδη
761 1697 877 1751 χορηγρ“ν

156 1742 276 1772 πώποτε
294 1742 481 1784 ῥυπαρώτεςον
500 1740 578 1772 ‘rous’
595 1742 687 1780 εἰδες;
711 1741 856 1773 &ii-‘trev‘
844 1754 876 1771 αν

158 1786 210 1815 τοῦ
223 1784 362 1825 αἵματος,
371 1785 386 1817 ἢ
396 1785 558 1827 χρημάτων
567 1785 703 1826 μεταδῳη
715 1786 778 1816 τινί.
796 1786 876 1817 Scri-

156 1828 207 1858 bit
223 1829 429 1869 Philosophus
448 1830 648 1871 [Ethicorum
660 1830 718 1859 IV.
733 1840 760 1860 ο.
777 1830 823 1870 2.]
838 1831 876 1860 Ιί-

159 1871 295 1901 beralem
315 1871 458 1913 προετικὲν
479 1872 548 1903 εῖναι
567 1874 738 1914 χρημάτων.
759 1873 878 1914 ῥυπαρὸς

160 1919 210 1944 est
223 1915 370 1945 sordidus.
413 1915 476 1945 Pro
497 1926 590 1945 avaro
607 1927 669 1945 non
689 1926 772 1954 saepe
794 1918 876 1955 apud

161 1958 289 1987 Graecos
309 1958 444 1997 positum
468 1959 618 1995 invenies,
642 1962 676 1989 ut
698 1958 759 1989 hic.
781 1960 877 1999 Greg.

160 2001 240 2030 Naz.
263 2000 307 2030 δεῖ
323 2003 366 2041 μή
387 2001 537 2042 προΐεσθαι
555 2002 603 2032 τόν
622 2001 722 2043 καιρὸν,
741 2000 770 2032 οἷν
790 2004 877 2033 πάλιν

158 2045 260 2086 τυχεῖν
274 2045 431 2086 ἀμήχανον.
466 2046 516 2076 Ex
533 2046 591 2075 hoc
607 2051 638 2075 et
653 2045 794 2075 Latinum
809 2058 876 2077 ver-

160 2087 232 2117 bum
245 2090 391 2127 promitto.
427 2089 508 2119 Nam
522 2089 574 2128 qui
590 2090 731 2128 promisit
746 2089 876 2129 aliquid,

159 2140 221 2160 non
240 2135 346 2170 potest
362 2142 509 2163 revocare
525 2133 720 2172 promissum.
767 2134 877 2164 Nescit

160 2184 222 2204 vox
239 2174 333 2204 missa
350 2176 476 2205 reverti.

200 2236 244 2240 —
258 2228 330 2257 pen.
353 2217 402 2248 καὶ
416 2217 504 2258 μηδὲν
518 2217 584 2248 εἰν..ι
599 2220 732 2261 προῦργου
745 2219 839 2293 ωεξῖΝ
825 2221 875 2250 αὖ·

157 2262 214 2290 τῶν
232 2273 261 2292 ευ
277 2261 381 2303 λέγειν]
404 2262 471 2292 Cic.
489 2261 544 2302 [de
560 2263 620 2293 Off.
638 2265 664 2293 Ῐ.
680 2265 732 2294 31.
736 2263 797 2304 ]“

157 2314 218 2344 que
232 2305 312 2334 enim
327 2306 437 2335 attinet
450 2316 623 2346 repugnare
637 2306 784 2336 naturaefl'
805 2265 862 2337 ἔδεέ
864 2318 877 2336 ν

155 2346 222 2377 ἔστι
239 2348 371 2398 προῦργου
383 2348 548 2390 μάχεσθαι
561 2349 601 2392 τῇ
614 2349 710 2391 φύσει.
731 2350 784 2379 Sic
795 2350 875 2380 hunc

155 2391 256 2420 locum
278 2391 470 2430 interpretati
493 2382 609 2422 sumus.
653 2394 743 2422 Dem.
759 2393 789 2422 in
809 2393 874 2432 epi-

157 2434 237 2464 stola
252 2435 382 2474 quadam
399 2435 462 2475 [ΙΙ.
481 2445 512 2475 p.
530 2438 626 2467 1468.
644 2437 681 2465 R.
686 2436 699 2476 ]
714 2436 762 2466 τᾶν
776 2435 876 2475 φθόνον

157 2477 261 2514 δεδιὼς,
283 2489 356 2517 ωςος
375 2490 401 2508 ον
418 2477 522 2508 οὐδέν’
511 2489 578 2509 εστι
601 2479 743 2529 «προῦργου
756 2480 875 2511 τάληθῆ

156 2519 259 2559 λέγειν.
292 2522 365 2551 Hoc
380 2521 575 2552 verissimum
589 2533 668 2558 esse,
683 2523 798 2552 utinam
815 2533 873 2553 non

156 2574 260 2600 nemo,
279 2574 317 2594 ne
333 2565 431 2594 dicam
447 2575 496 2594 me
514 2565 626 2604 ipsum,
641 2575 700 2595 non
721 2570 805 2596 esset
819 2577 874 2596 ex·

156 2612 276 2647 pertus.
300 2612 335 2637 nt
349 2613 434 2638 reete
449 2607 582 2647 φθόνον”
565 2619 685 2649 αμαχον
704 2609 874 2649 Euripides

157 2649 274 2691 [Rhes.
292 2650 386 2690 456]
406 2646 527 2682 dixisse
544 2650 698 2682 videatur.
745 2653 875 2692 Legant,

156 2694 210 2734 qui
225 2694 343 2729 volunt,
358 2694 518 2725 Ciceronis
533 2705 589 2734 pro
604 2695 758 2725 Cluentio.
793 2697 874 2726 Nam

156 2741 189 2768 et
206 2736 383 2771 Cluentium
399 2748 459 2768 non
473 2748 582 2768 verum
603 2737 726 2778 aliquod
747 2739 875 2775 crimen,

158 2780 214 2810 sed
233 2780 402 2812 inveterata
416 2781 534 2811 invidia
553 2786 646 2821 atque
660 2782 784 2812 iufamia
804 2793 873 2822 pre-

158 2823 271 2859 mebat,
283 2834 372 2864 quam
382 2825 493 2855 Cicero
508 2825 554 2855 sic
567 2825 753 2865 deprecatur
770 2824 813 2866 [c.
826 2829 855 2856 2.
858 2826 873 2867 ]

156 2870 179 2884 “
194 2867 314 2897 Etenim
327 2867 410 2898 sicut
424 2868 494 2898 aliis
509 2868 540 2898 iu
555 2868 635 2898 locis
651 2879 757 2908 parum
774 2869 874 2900 firma-

156 2909 266 2946 menti,
276 2914 308 2940 et
321 2920 429 2950 pamm
442 2911 553 2942 virium
571 2912 685 2942 veritas
701 2913 810 2943 habet:
829 2913 874 2943 sic

155 2952 187 2982 in
213 2953 272 2982 hoc
297 2952 366 2984 loco
389 2954 468 2986 falsa
487 2955 607 2985 invidia
628 2955 784 2986 imbecilla
805 2967 874 2987 esse

155 2995 259 3025 debet.
304 2997 509 3028 Dominetur
500 3009 531 3028 iu
548 2999 760 3035 concionibus,
771 3001 874 3038 jaceat

155 3038 187 3068 in
198 3037 337 3078 judiciis.
383 3041 516 3073 Valeat'
507 3052 539 3072 111
555 3042 752 3082 opinionibus
764 3047 795 3074 et
810 3054 874 3074 ser-

906 310 1048 340 monibus
1074 311 1307 350 imperitorum:
1333 312 1370 341 ab
1395 310 1530 350 ingeniis
1557 322 1628 350 pru·

906 354 1042 384 dentium
1059 355 1252 393 repudietur.
1298 355 1500 384 Vehementes
1517 355 1627 383 habeat

905 397 1082 436 repentinos
1098 397 1248 435 impetus:
1269 398 1371 437 spatio
1388 398 1582 437 interposito,
1594 401 1626 427 et

906 451 1001 470 causa
1016 440 1139 479 cognita
1158 446 1367 470 consenescat.
1413 441 1555 480 Denique
1571 441 1626 471 illa

905 483 1043 513 definitio
1061 483 1247 522 judiciorum
1267 494 1432 522 aequorum,
1455 494 1522 523 quae
1537 484 1626 522 nobis

906 537 923 555 a
941 527 1108 566 majoribus
1131 526 1245 556 tradita
1264 532 1322 561 est,
1340 528 1518 562 retineatur,
1538 533 1571 557 ut
1593 527 1626 556 in

903 570 1028 608 judiciis
1044 575 1074 600 et
1091 570 1155 599 sine
1172 569 1291 599 invidia
1311 570 1402 608 culpa
1418 570 1582 608 plectatur,
1597 578 1627 601 et

907 614 972 643 sine
996 614 1087 653 culpa
1113 613 1231 642 invidia
1256 612 1419 652 ponatur.”
1465 614 1555 642 Hanc
1572 615 1627 643 ho-

907 657 1002 687 mines
1014 656 1258 686 innocentissimi
1270 655 1366 685 vitare
1377 666 1435 685 non
1448 662 1625 694 potuerunt.

908 700 954 741 [p.
969 702 1021 731 29.
1035 702 1084 731 ed.
1099 699 1156 741 D.]
1183 701 1262 730 Nam
1275 705 1412 729 nostrum
1428 709 1547 738 quoque
1561 701 1625 729 De-

907 745 1095 774 mosthenem
1109 743 1230 774 invidia
1242 743 1319 772 salsa
1334 742 1413 778 auri,
1429 743 1509 782 quod
1523 743 1627 772 attulit
1667 764 1672 768 »

907 788 1044 817 Athenas
1060 787 1218 826 Harpalus
1234 791 1370 826 quaestor
1384 785 1566 821 Alexandri,
1577 788 1625 825 ju-

907 831 1084 870 diciumque
1105 831 1240 870 iniquum
1254 829 1509 869 Areopagitarum
1523 834 1628 868 pertu-

906 875 954 910 lit,
968 875 998 904 in
1016 875 1198 914 quaestione,
1221 878 1243 891 “
1257 874 1328 910 Quo
1342 873 1419 903 illud
1436 882 1540 902 aurum
1557 883 1627 912 per-

909 917 1066 954 venerat‚’'
1082 924 1115 948 ut
1130 917 1303 948 Cluentium
1318 916 1434 946 invidia
1446 916 1555 955 judicii
1571 916 1627 946 Ju-

908 962 1002 991 niani.
1034 961 1098 991 Hic
1112 966 1213 991 autem
1228 959 1329 1000 φθόνος
1343 965 1434 999 atque
1448 960 1567 989 invidia
1581 965 1627 989 est

907 1004 1038 1044 μέμψις,
1067 1010 1100 1034 ut
1127 1005 1259 1044 quodam
1286 1004 1318 1033 in
1341 1004 1411 1033 loco
1439 1003 1625 1032 Scholiastes

907 1048 1099 1087 Thucydidis
1120 1048 1260 1086 exponit.
1306 1047 1397 1076 Hauc
1417 1047 1572 1076 Homerus
1588 1045 1627 1076 νέ-

907 1102 1005 1131 μεσιν,
1020 1101 1109 1130 quam
1122 1090 1301 1120 Eustathius
1317 1089 1424 1119 δικαίαν
1443 1088 1564 1130 μέμψιν
1583 1090 1627 1119 in-

908 1139 1105 1173 terpretatur.
1146 1164 1150 1166 ,
1167 1132 1340 1173 Sophocles
1368 1133 1566 1174 [Trachiniis‚
1595 1144 1624 1164 v.

910 1180 984 1208 250.
1001 1177 1043 1218 s.]
1068 1178 1118 1206 τοῦ
1133 1176 1216 1215 λόγου
1236 1176 1260 1206 δ’
1286 1177 1314 1206 οὗ
1331 1179 1385 1219 χρὴ
1405 1175 1514 1216 φθόνον,
1537 1177 1627 1214 γύναι,

909 1220 1063 1261 προσεῖναι,
1080 1222 1148 1255 Ζεὺς
1168 1221 1232 1251 ὅτου
1250 1220 1393 1261 «πράκτωρ
1408 1220 1491 1260 φανῇ.
1523 1221 1626 1251 Schol.

907 1263 1038 1304 μέμψιν.
1061 1264 1158 1295 Arist.
1173 1264 1319 1304 [Elench.
1332 1264 1470 1304 Sophist.
1484 1263 1584 1293 Tract.
1598 1265 1628 1295 I.

909 1319 935 1338 c.
953 1311 983 1338 ι2.
999 1307 1025 1347 §.
1042 1309 1089 1349 6.]
1107 1306 1175 1338 {wei
1191 1306 1218 1337 δέ
1235 1306 1301 1336 ἐστί
1316 1319 1377 1337 τισι
1392 1308 1506 1344 μᾶλλον
1521 1307 1569 1347 πρὸ
1585 1306 1628 1348 ἔρ-

908 1362 969 1389 γου,
985 1351 1018 1381 τὸ
1035 1351 1119 1381 δοκεῖν
1134 1350 1201 1381 εἶναι
1216 1352 1327 1390 σοφοῖς,
1343 1350 1357 1382 ἢ
1373 1349 1438 1380 εἶναι
1460 1350 1509 1379 καὶ
1526 1353 1568 1390 μὴ
1585 1351 1629 1380 δο-

908 1396 972 1424 κεῖν.
998 1396 1155 1425 Luoianus
1179 1394 1276 1434 [Gall.
1299 1405 1325 1423 e.
1343 1398 1374 1424 1.
1392 1399 1415 1424 t.
1435 1394 1480 1423 ΙΙ.
1501 1404 1532 1433 p.
1554 1397 1629 1426 704.

910 1438 1027 1479 Reitz]
1056 1439 1166 1478 προσδοῦ
1181 1437 1231 1468 {cn
1243 1439 1329 1467 ’τοῦτο
1344 1437 1382 1472 εἷς
1398 1439 1436 1467 τὰ
1452 1436 1566 1477 ἄλφιτα,
1578 1449 1630 1468 πε-

910 1484 1043 1516 πονηκώς.
1068 1482 1202 1521 ἀλφίτοις
1217 1482 1240 1511 i.
1254 1482 1378 1520 polenta
1392 1480 1493 1510 Graeci
1507 1481 1630 1511 victita-

910 1527 992 1561 bant,
1010 1531 1044 1556 ut
1065 1526 1152 1565 pulte
1173 1525 1310 1555 Romani.
1335 1535 1387 1564 vrgo
1402 1523 1479 1563 ἔργου
1495 1524 1540 1554 sic
1555 1525 1631 1554 dici-

910 1573 972 1603 tur,
990 1574 1022 1598 ut
1037 1581 1096 1609 προ
1113 1569 1181 1599 ὁδοῦ.
1207 1580 1292 1598 τουτε
1285 1566 1360 1597 ’στιν
1382 1567 1451 1608 ὑπὲρ
1473 1566 1561 1607 ἔργου,
1581 1569 1630 1598 καὶ

910 1612 987 1652 ὑπὲξ
1003 1613 1071 1642 ὁδοῦ.
1088 1612 1137 1642 vel
1152 1611 1217 1652 πρᾶς
1231 1611 1312 1651 ἔργον.
1330 1611 1404 1651 quod
1418 1621 1472 1649 pro
1488 1621 1519 1640 re
1535 1612 1581 1641 vel
1598 1614 1630 1642 ιἰι

908 1655 1071 1697 remfacit.
1095 1655 1256 1685 Hesiodus
1273 1655 1372 1695 [Opp.
1390 1659 1421 1683 et
1437 1654 1477 1682 D.
1494 1654 1584 1695 577]
1603 1668 1609 1685 :

953 1741 1023 1778 Ἠὼς
1041 1741 1069 1772 δὲ
1083 1740 1218 1794 ’προφέρει
1233 1740 1289 1782 μὲν
1309 1741 1380 1777 ὁδοῦ,
1396 1739 1522 1782 πςοφέξει
1537 1740 1564 1771 δὲ
1581 1742 1631 1771 καὶ

1082 1796 1168 1825 εργου.

910 1875 1031 1904 Aurora
1046 1871 1162 1915 confert
1176 1874 1215 1904 ad
1231 1875 1300 1910 iter,
1314 1871 1427 1914 confert
1441 1873 1481 1903 ad
1493 1872 1629 1916 opusfa-

910 1918 1065 1947 ciundum.
1077 1918 1157 1947 Nam
1164 1917 1215 1947 hic
1223 1917 1275 1957 πρὸ
1286 1917 1359 1956 poni
1372 1915 1522 1947 videtur’
1507 1928 1570 1946 αντι
1579 1918 1630 1947 τοῦ

910 1959 1180 2002 ὑπὲρ,111πξοέχειν
1189 1961 1272 2000 apud
1282 1962 1429 1990 Oratores
1439 1970 1496 1998 per
1505 1961 1631 1990 metale-

910 2004 979 2043 psin
989 2009 1035 2034 est
1045 2003 1201 2045 ὑπερέχειν,
1214 2002 1283 2044 ὑπὲρ
1291 2004 1369 2034 euim
1379 2007 1442 2032 tam
1453 2002 1504 2042 ore?-
1514 2003 1631 2043 signifi-

911 2052 974 2083 cat,
989 2048 1071 2087 quod
1082 2057 1138 2077 nos
1151 2046 1370 2088 dicimus‚for,
1386 2056 1475 2085 quam
1487 2056 1582 2084 super.
1598 2045 1630 2076 τό

910 2093 965 2131 γὰρ
971 2092 1185 2131 προμοιχεῖνεεῐ
1191 2090 1413 2130 &vegia-axeium
1422 2089 1635 2129 προκινδυνεύειν,

911 2134 1144 2175 ὑπεξκινδυνεύειν.
1181 2135 1224 2164 Α1
1244 2133 1396 2174 ὑπερέχειν
1418 2138 1465 2162 est
1482 2133 1631 2164 excellere.

909 2178 999 2207 Idem
1011 2188 1086 2217 ergo
1098 2178 1131 2207 τὸ
1143 2189 1194 2218 προ
1197 2176 1256 2217 έχε.
1250 2187 1280 2206 ..ν
1297 2177 1377 2211 Haec
1388 2180 1437 2205 est
1447 2176 1631 2216 μετάληψις.

910 2219 1004 2260 Apud
1014 2221 1207 2251 Herodotum
1218 2220 1288 2261 [lib.
1299 2222 1328 2250 9.
1336 2229 1365 2258 p.
1374 2221 1449 2249 704.
1456 2219 1504 2249 ed.
1508 2219 1551 2248 W
1552 2231 1611 2250 ess.
1615 2221 1629 2262 ]

864 2263 1060 2303 -legimus:
1082 2274 1111 2293 ου
1126 2264 1182 2303 γάρ
1196 2274 1226 2292 τι
1240 2263 1366 2315 προῦχει
1373 2260 1493 2292 τουτέων
1514 2276 1555 2302 μ..
1546 2266 1630 2302 ymi-
1662 2288 1667 2293 ,

909 2307 996 2336 σθαι.
1012 2307 1036 2336 i.
1050 2306 1154 2337 horum
1169 2307 1329 2336 meminisse
1342 2317 1389 2335 ουκ
1403 2305 1462 2347 ἔχει
1475 2317 1505 2334 τι
1522 2307 1573 2346 πρὸ
1587 2307 1629 2347 ἔρ-

908 2362 968 2389 γου.
993 2350 1057 2381 Hic
1073 2349 1200 2391 προέχειν
1214 2355 1261 2380 est
1275 2348 1424 2390 προφέρειν.
1454 2349 1532 2379 Nam
1546 2360 1630 2390 saepe

909 2394 992 2433 apud
1015 2394 1146 2424 eundem
1163 2393 1239 2434 ἔχειν
1262 2393 1312 2422 καὶ
1334 2392 1422 2432 φέρειν
1444 2399 1630 2433 usurpantur

909 2448 966 2489 pro
982 2447 1020 2466 eo
1035 2437 1119 2476 quod
1135 2442 1183 2466 est
1198 2436 1301 2475 aliquo
1311 2437 1468 2474 pertinere,
1480 2441 1514 2466 ut
1530 2435 1562 2466 τᾶ
1574 2438 1630 2476 μὲν

907 2479 937 2514 ἐς
951 2481 1016 2515 τοὺς
1031 2478 1168 2520 Ἀργείους
1182 2478 1267 2520 φέρον.
1314 2480 1355 2509 Ε1
1371 2490 1461 2509 mox:
1484 2478 1518 2509 τὸ
1532 2479 1587 2519 μὲν
1603 2481 1631 2515 ἐς

908 2524 973 2558 τοὶς
987 2522 1124 2563 Ἀργείους
1138 2521 1213 2564 ἔχον.
1258 2522 1311 2553 Sic
1326 2532 1453 2553 necesse
1465 2522 1627 2560 habemm,

908 2577 992 2597 more
1008 2567 1158 2597 nutricum
1174 2565 1298 2596 minima
1316 2576 1423 2596 mansa
1444 2566 1474 2596 iu
1494 2577 1528 2596 os
1548 2567 1630 2598 inse-

908 2621 977 2641 rere
991 2610 1140 2650 parvulis,
1157 2609 1203 2650 [p.
1215 2611 1268 2640 30.
1285 2609 1334 2640 ed.
1350 2610 1406 2650 D.]
1425 2614 1458 2640 ut
1477 2610 1544 2640 avis
1560 2611 1628 2640 Ho-

907 2653 1023 2683 merica
1055 2652 1190 2693 [Iliados
1214 2653 1279 2682 IX.
1304 2653 1397 2694 3⁴24]
1422 2655 1517 2688 κακῶς
1542 2653 1570 2683 δέ
1594 2653 1628 2683 τέ

908 2697 930 2727 οἱ
960 2695 1050 2727 σέλει
1080 2696 1167 2726 atavi.
1206 2695 1302 2726 Arist.
1327 2695 1438 2745 [Rhet.
1466 2696 1529 2726 111.
1556 2707 1627 2736 cap.
1635 2734 1639 2738 ἡ

909 2741 949 2770 15
957 2741 980 2781 .]
997 2729 1200 2780 percallidum
1218 2750 1314 2779 genus
1329 2745 1377 2770 est
1393 2739 1626 2773 criminationis,

906 2783 1024 2823 iuquit.
1054 2782 1154 2813 πολλὰ
1182 2783 1200 2812 ἆ
1203 2781 1280 2822 yae&
1312 2794 1349 2823 vrg
1352 2782 1400 2812 οὲέ
1391 2794 1468 2816 σ,ντοι
1496 2794 1508 2810 ο
1533 2782 1571 2816 εἷς
1596 2782 1629 2812 w)

908 2829 1043 2867 ωρᾶγμα
1058 2827 1198 2867 προφέρει,
1211 2824 1236 2856 ἓν
1253 2825 1350 2865 ψέξαι.
1397 2825 1541 2855 Pluribus
1549 2835 1628 2864 pur-

905 2871 1005 2909 positis
1021 2870 1230 2905 laudabilibus,
1245 2880 1340 2899 unum
1355 2870 1534 2907 πωροι-,ατε
1550 2870 1626 2909 quod

905 2915 1003 2953 potius
1023 2919 1076 2948 est,
1100 2919 1152 2945 aut
1171 2913 1247 2954 quod
1268 2912 1339 2950 plus
1359 2921 1401 2941 1ε1
1415 2911 1485 2951 jere
1507 2911 1556 2950 (id
1579 2918 1628 2942 est

909 2957 989 2987 enim
1008 2956 1102 2998 refert
1118 2958 1146 2985 V
1149 2956 1241 2989 errio,
1258 2962 1289 2984 ut
1306 2955 1443 2989 Festus).
1463 2955 1581 2984 τοιοῖτοι
1598 2955 1626 2986 δὲ

908 3001 1118 3042 τεχνικώταται
1136 2999 1183 3028 καὶ
1196 2998 1381 3027 ἀδικώτατοι.
1406 2997 1471 3027 Cic.
1483 2996 1530 3038 [in
1547 3009 1628 3028 som-

910 3043 974 3080 nio,
989 3054 1015 3074 c.
1036 3048 1064 3074 1.
1087 3044 1116 3074 in
1134 3043 1257 3081 Fragm.
1262 3040 1307 3081 J‘
1313 3043 1415 3072 ‘Cum
1439 3040 1468 3070 in
1494 3041 1627 3072 Africam
