1931 3322
449 187 511 228 IN
545 182 955 229 PHILIPPICAM
992 183 1074 225 DE
1108 185 1279 227 PACE.

133 300 244 331 tamur,
255 305 312 326 una
323 294 431 325 vocula
440 294 581 332 trajecta,
591 291 739 322 Varronis
747 291 848 321 locum

133 349 152 370 a
163 334 318 379 scaligero
334 336 574 377 praetermissum
587 335 659 376 [lib.
676 335 734 365 IV.
750 332 849 374 extr]

132 386 157 400 “
173 383 307 412 Lucrum
339 384 387 410 est
416 379 548 420 amplius
580 379 728 414 solutum,
758 388 847 417 quam

132 425 238 464 quanti
253 428 336 455 esset
351 422 508 463 ceptum,’'
527 423 560 452 id
577 427 636 457 est,
657 421 848 452 conductum.

132 468 214 498 Nam
229 472 261 497 et
274 477 411 507 manceps
426 478 444 497 a
459 466 610 506 capiendo
626 465 749 501 dicitnr,
765 464 849 503 quod

133 514 184 540 est
200 508 373 550 ἐργολαβεῖν.
417 510 609 550 Augustinus
632 507 689 548 [de
704 517 848 537 sermone

133 553 263 584 Domini
274 554 305 584 in
316 554 434 595 monte]
461 558 481 572 “
494 554 670 583 Mammona
681 551 765 591 apud
781 550 849 581 He-

132 597 236 627 braeos
251 597 374 627 divitiae
394 596 544 637 appellari
565 596 719 626 dicuntur.
766 595 847 624 Con-

133 640 219 680 gruit
237 645 267 670 et
288 641 439 671 Punicum
460 650 581 670 nomen.
625 639 705 669 Nam
728 638 847 675 lucrum

133 684 252 713 Punice
275 694 424 714 mammon
451 682 577 713 dicitur
579 681 598 694 '’
642 677 734 712 Porri
758 681 849 711 Poeni

134 732 208 756 sunt
223 726 387 757 Phoenices
397 727 436 757 de
451 730 535 757 terra
549 726 683 761 Canaan‚
698 730 730 755 et
741 725 849 764 Augu-

132 769 214 800 stino
238 771 354 800 Punica
380 771 485 810 lingua
511 774 577 801 erat
600 769 775 800 vernacula.
799 768 847 809 [p.

132 813 186 844 59.
202 814 252 843 ed.
268 813 325 854 D.]
363 812 521 844 Lucellum
536 814 715 856 vocabatur,
731 812 764 842 id
787 818 847 848 est,

130 856 316 895 λημμάτιον,
336 858 420 896 quod
443 857 474 887 iu
491 856 651 896 provincia
668 856 782 886 milites
799 866 849 885 ca-

132 899 260 938 piebant
284 900 433 930 beneficio
456 900 614 936 Praetoris,
635 899 769 929 maxime
796 899 847 938 qui

132 946 222 972 erant
234 943 273 972 de
285 944 410 974 cohorte
426 944 587 978 Praetoria,
600 943 680 983 quod
689 943 847 982 Josephus

132 985 274 1026 Scaliger
289 997 328 1016 ex
347 987 498 1017 Cicerone
518 997 574 1016 nos
590 986 707 1017 docuit.
752 985 847 1016 Libe-

132 1029 219 1065 ralis,
245 1030 344 1069 inquit
370 1030 590 1070 Philosophus,
622 1030 743 1071 [Ethic.
769 1030 828 1059 IV.
831 1030 846 1071 ]

131 1076 274 1103 versatur
302 1073 364 1114 περὶ
393 1073 464 1106 δόσιν
491 1074 653 1123 χρημάτων
679 1072 727 1102 καὶ
751 1071 847 1110 ληῲιν·

132 1117 248 1156 μᾶλλον
262 1114 306 1145 δ”
296 1127 322 1146 εν
336 1116 376 1158 τῇ
390 1116 463 1148 δόσει
479 1117 625 1147 cernitur.
663 1117 725 1146 Sed
737 1121 772 1146 ut
786 1116 848 1146 illi-

134 1160 236 1189 berale
251 1165 297 1190 est
312 1160 478 1199 aliquando
496 1170 555 1190 nou
570 1162 662 1191 dare:
686 1160 731 1189 sic
748 1159 848 1190 sordi-

132 1203 205 1232 dum
220 1202 376 1233 interdum
394 1205 546 1243 accipere.
592 1203 703 1234 Eidem
721 1202 847 1233 Aristo-

130 1245 187 1276 teli
201 1245 353 1287 λήμματα
366 1253 446 1283 sunt,
460 1249 558 1287 major
573 1251 605 1278 et
619 1246 720 1277 minor
731 1257 848 1288 propo-

133 1288 263 1323 sitiones
276 1290 460 1330 syllogismi

176 1350 220 1354 —
231 1333 263 1361 6·
277 1342 314 1370 με
317 1336 358 1365 τὰ
366 1347 416 1365 του
428 1333 597 1376 προσ-ὄφλειν
614 1332 768 1375 αἰσχύνην]
780 1343 848 1364 cum

131 1385 164 1405 eo
187 1374 266 1414 quod
290 1375 454 1414 ignominiae
477 1383 547 1408 nota
568 1377 645 1408 vobis
669 1379 771 1408 inusta
795 1383 848 1413 est,

131 1428 222 1457 supra
246 1419 388 1448 damnum
405 1422 483 1462 quod
497 1422 660 1460 accepistis,
674 1427 782 1460 proeter
803 1421 848 1450 Ia-

133 1461 213 1492 bo‘res
227 1467 256 1492 et
270 1460 424 1501 pericula·
444 1465 527 1495 dixit
541 1465 620 1495 enim
637 1464 710 1494 illos
732 1464 847 1494 bellum

133 1504 312 1544 suscepisse
337 1503 431 1543 ἄδοξον
462 1509 507 1539 aa)
533 1507 702 1558 Ram-avnpcfv.
757 1508 848 1538 Ultra

133 1550 275 1587 pecuniae
300 1550 453 1587 jacturam
483 1557 510 1577 Θ*-
535 1552 705 1591 sanguinis,
734 1551 847 1592 ingens

133 1592 227 1622 etiam
249 1593 386 1622 dedecus
407 1596 598 1631 suscep1.tis.
644 1596 736 1625 Deru,
761 1594 847 1635 [magt

131 1637 188 1665 τῶν
203 1634 230 1665 ἔν
243 1634 406 1676 Χεῤῥονῆσω.
423 1645 452 1673 p.
463 1637 515 1666 93-
519 1634 533 1675 ]
548 1634 739 1679 ὑστερίζοντας
751 1638 778 1668 δὲ
793 1642 849 1668 τῶν

132 1677 215 1718 ἔργων
238 1677 374 1720 αἰσχύνην
401 1688 425 1707 π
426 1682 622 1719 ροσοφλισκάιε
626 1694 648 1712 ιν
674 1683 743 1722 ὑμῖν
767 1694 848 1722 συμ-

133 1720 231 1755 βαίνει.
263 1721 434 1761 Dionysius
461 1721 536 1751 Hal.
563 1720 633 1761 [lib.
654 1725 695 1755 V
722 1736 750 1755 0
777 1727 830 1756 64
833 1725 846 1765 ]

133 1765 254 1806 φθάσαι
268 1777 302 1796 τε
311 1765 351 1806 τῇ
362 1762 496 1804 πολιτείᾳ,
503 1764 597 1805 ταύτῃ
608 1764 655 1795 τᾶν
666 1768 750 1804 ὶημον
757 1779 847 1808 προσ·-

133 1819 364 1848 Οικείωΐαμενθυς
402 1807 523 1849 παρῄνει,
557 1819 619 1838 ΟΠΤΕ
652 1812 777 1847 πξώτους
814 1823 848 1840 ’ΥΟ

134 1851 300 1890 πολίτευμα
315 1853 401 1881 τοῦτο
411 1850 658 1890 καθισταμενους,
669 1851 731 1881 οὔτε
741 1853 849 1894 αἶα-χύ-

135 1907 176 1926 νην
196 1894 231 1925 δι
254 1892 324 1924 αυτό
343 1895 474 1933 μεγάλην
497 1894 688 1933 ὀφλήσοντας.
734 1895 851 1925 Auctor

135 1938 196 1968 fuit
219 1938 359 1977 patribus
381 1937 488 1968 consul
511 1937 657 1967 Valerius
683 1937 851 1968 subvenire

136 1982 298 2023 egentibus
315 1981 352 2021 τῇ
365 1983 420 2011 τῶν
439 1982 528 2023 χρεῶν
548 1979 693 2021 ἀποκοπῇ,
709 1982 791 2011 novis
806 1987 852 2011 ta-

138 2023 224 2055 bulis.
249 2034 316 2054 nam
338 2035 437 2064 neque
459 2034 572 2054 novum
595 2024 653 2054 hoc
675 2024 850 2054 institutum

135 2077 218 2104 esse,
231 2078 288 2098 nec
300 2067 378 2106 ipsis
389 2067 536 2098 dedecori
548 2067 623 2097 fore.
642 2067 758 2106 quippe
770 2068 851 2098 idem

134 2111 246 2142 fecisse
256 2111 401 2142 civitates
413 2110 630 2141 nobilissimas.
639 2110 771 2150 ὅφλοντες
781 2116 854 2141 sunt

122 2155 250 2193 judicio
263 2155 408 2185 damnati.
425 2164 548 2194 poenam
563 2154 644 2184 enim
660 2155 774 2184 debent
784 2154 853 2185 sive

134 2198 177 2228 sit
187 2198 310 2238 capitis,
323 2208 378 2228 seu
392 2197 534 2237 pecuniae
550 2197 704 2237 tantisper
712 2198 783 2228 dum
797 2209 852 2228 ex-

132 2241 294 2273 solverint.
317 2240 441 2282 ὅφλημα
463 2242 517 2282 γὰρ
539 2239 588 2270 ἐπὶ
613 2243 670 2270 τῶν
690 2239 853 2273 καταδίκων

132 2283 263 2323 λέγεται,
278 2285 378 2325 inquit
391 2285 497 2316 Julius
514 2285 643 2326 Pollux,
657 2282 800 2324 ὀφείλημα
812 2286 852 2315 de

133 2328 266 2368 pecunia
280 2327 408 2359 credita.
451 2328 633 2368 Quanquam
649 2329 731 2368 apud
747 2329 851 2358 Plato-

133 2382 205 2402 nem
227 2371 261 2402 in
287 2372 435 2412 Legibus,
457 2373 541 2412 μετὰ,
566 2373 616 2403 τὴν
638 2370 768 2411 ’όφλησ-ιν,
790 2379 853 2410 post

132 2415 363 2455 damnationem,
384 2420 433 2445 est
454 2414 617 2446 aestimatio
639 2426 752 2455 poeuae,
786 2415 801 2445 δ’
822 2428 852 2446 τι

133 2459 189 2501 χρῆ
204 2458 311 2489 παθεῖν
326 2457 340 2490 ἢ
356 2458 514 2494 ἀποτῖσαι,
536 2459 593 2489 sed
609 2463 678 2488 ante
694 2459 851 2489 aestimati-

133 2512 224 2532 onem
241 2512 332 2542 poena
348 2502 491 2538 debetur,
509 2501 585 2531 licet
608 2502 738 2532 incerta.
785 2502 852 2534 Cic.

133 2549 154 2562 “
167 2555 236 2586 quae
252 2545 406 2585 estigitur
417 2546 484 2585 ejus
498 2546 609 2582 oratio,
626 2555 687 2585 qua
697 2546 771 2576 facit
782 2556 851 2576 eum

133 2588 226 2621 Plato
243 2584 291 2629 [p.
303 2591 358 2620 60.
372 2588 423 2618 ed.
443 2588 498 2628 D.]
528 2599 616 2618 usum
632 2589 715 2628 apud
726 2589 851 2628 judices

129 2632 193 2671 jam
224 2637 325 2663 morte
350 2631 555 2662 mulctatum?
559 2631 567 2644 '
606 2630 725 2662 Θάνατον
755 2633 851 2672 ὤφλη-

134 2674 217 2706 κότα.
231 2686 290 2706 non
303 2675 384 2706 enim
398 2675 497 2715 poluit
513 2679 612 2705 morte
627 2676 853 2716 affectusloqm

131 2718 304 2758 judicibus.
348 2720 418 2750 Jam
436 2720 462 2749 si
477 2719 546 2748 laus
563 2723 594 2748 et
609 2719 708 2758 gloria
725 2719 853 2750 virtutis

132 2758 338 2805 justissimum
366 2766 415 2792 est
443 2762 618 2801 praemium,
647 2762 796 2793 vitiorum
823 2767 854 2793 et

136 2802 343 2844 peccalorum,
357 2805 528 2846 ignominia
548 2810 580 2835 et
600 2805 738 2836 dedecus
764 2817 854 2845 poena

137 2852 197 2885 est,
213 2853 244 2880 et
258 2849 381 2889 quidem
397 2848 582 2889 gravissima
596 2849 740 2889 ingenuis
756 2850 855 2879 bomi-

137 2891 241 2922 nibus.
258 2888 352 2934 quare
368 2893 446 2923 bene
461 2892 607 2923 dicuutur
622 2892 760 2934 αἰσχύνην
774 2892 854 2933 ὀφλι-

138 2934 259 2970 σκάνειν,
281 2935 423 2974 probrum
449 2936 550 2967 debere
576 2939 630 2966 ant
658 2935 749 2966 luere.
803 2936 855 2967 Sic

137 2977 229 3009 etiam
253 2976 396 3019 ὅφλίσκειν
419 2979 528 3020 μωρίαν
553 2978 568 3010 ἢ
592 2977 738 3030 ἀμαθίαν.
761 2990 856 3019 grave

139 3026 188 3052 est
212 3020 295 3052 enim
321 3022 563 3063 καταγνωσθῆναι
587 3021 709 3063 μωρίας,
723 3023 856 3054 stultitiae

185 3074 260 3095 v.or.
286 3074 318 3094 v.

1514 188 1596 228 377

884 289 1034 319 damnari.
1057 291 1162 322 dicunt
1184 291 1275 322 etiam
1298 294 1527 332 καταγιγνώσκω
1550 305 1602 324 σου

885 334 998 363 πολλὴν
1012 331 1138 363 εὐηθειαν.
1162 337 1406 374 καταγιγνώσκειν
1426 343 1473 367 est
1495 338 1601 368 conde-

883 376 1226 417 πιπαιε.1ῐειῐι’όφλειν
1231 379 1369 417 γέλωτα.
1380 391 1447 410 nam
1465 380 1601 411 derideri

884 419 1098 459 turpissimum
1120 427 1177 450 est.
1223 423 1372 454 Horatius
1398 425 1436 454 de
1454 425 1525 455 navi
1546 435 1600 455 sua

885 461 964 503 [od
984 463 1012 492 Ι.
1040 465 1091 499 14,
1117 463 1185 504 15.]
1203 469 1271 494 “tu
1297 467 1355 496 nisi
1380 467 1482 498 ventis
1503 468 1600 498 debes

883 505 1053 536 ludibrium
1078 516 1166 537 cave.
1170 506 1188 520 '’
1231 509 1440 540 Tertullianus
1464 511 1600 551 [Apolo-

884 549 987 588 getico
1010 560 1038 581 c.
1056 552 1086 580 2.
1102 560 1133 589 p.
1153 552 1183 581 9.
1199 555 1222 581 t.
1243 552 1282 582 V.
1299 554 1348 583 ed.
1364 554 1474 595 Seml.]
1499 558 1519 572 “
1512 555 1601 584 ‘De-

881 592 947 623 bito
966 603 1068 632 poenae
1086 604 1199 624 nocens
1218 597 1444 635 expungendus
1464 602 1523 633 est,
1541 609 1599 628 non

883 636 1098 667 eximendusss'
1126 638 1307 668 translatum
1338 650 1356 669 a
1381 621 1599 678 creditoribus,

883 680 936 719 qui
949 680 1072 710 nomina
1084 686 1264 721 expungunt
1276 683 1315 712 de
1328 682 1455 718 tabulis,
1468 686 1601 722 pecunia

883 724 994 754 soluta.
1019 725 1148 754 Plautus
1162 724 1281 765 [Milite
1294 725 1400 765 Glor.]
1412 730 1435 743 “
1445 731 1476 756 ut
1489 737 1601 757 nornen

882 772 1090 807 expungatur,
1105 769 1220 808 nequid
1241 768 1403 800 debeam.”
1428 769 1478 799 vel
1495 771 1532 799 ab
1550 770 1598 807 iis,

883 812 935 851 qui
951 812 1075 852 capitali
1092 812 1250 852 supplicio
1263 813 1447 849 afficiuntur,
1459 814 1540 843 et'de
1549 813 1600 843 his

882 865 1011 894 magnus
1040 855 1095 885 ille
1121 860 1239 886 auctor.
1267 856 1328 892 vel,
1354 861 1389 887 ut
1417 856 1601 896 quibusdam

881 899 995 937 placet,
1018 909 1036 928 a
1059 899 1221 936 militibus,
1243 900 1296 939 qui
1315 900 1356 929 de
1378 900 1521 939 catalogo
1547 901 1603 930 de-

879 941 994 973 lentur.
1020 942 1160 973 Danielis
1176 942 1224 983 [1.
1245 955 1273 974 v.
1296 942 1366 983 10.]
1380 951 1457 975 *WR'J
1474 950 1604 976 ΒΠΞἫΊ

882 984 963 1023 Ἶὸτὺ
979 986 1241 1024 Theodotion,uoei
1256 987 1478 1018 καταδικάσητε
1493 989 1542 1018 τὴν
1556 998 1603 1017 κε-

883 1029 976 1068 φαλήν
1002 1041 1060 1070 μου
1093 1029 1138 1070 τᾷἷ
1167 1030 1298 1063 Βασιλεῖ.
1325 1031 1407 1070 apud
1444 1031 1603 1061 Rabbinos

881 1079 1015 1105 :mm-m
1034 1071 1178 1113 ὅφλοντες,
1194 1084 1262 1103 nam
1287 1074 1442 1104 Chaldaeis
1457 1081 1516 1107 :nn
1536 1084 1603 1114 pec-

881 1122 991 1146 catum.
1007 1116 1046 1145 ad
1062 1118 1190 1147 verbum
1204 1115 1360 1157 ὀφείλημα,
1374 1118 1517 1154 debitum,
1531 1118 1603 1157 quia

881 1165 1012 1197 peccato
1028 1169 1118 1198 poena
1129 1162 1269 1190 debetur.
1281 1160 1395 1200 ὀφείλω,
1411 1167 1604 1191 contractum

881 1201 973 1242 οφλω,
995 1202 1139 1243 ὄφλίσ-κω,
1164 1203 1339 1243 ὀφλισκάνω.
1364 1204 1533 1245 προσ-ἄφλειν
1557 1205 1603 1235 sic

881 1245 1009 1282 dicitur,
1035 1246 1193 1286 atluth-851⁴
1209 1247 1307 1278 ἐντελῆ
1330 1259 1374 1278 σοι
1399 1248 1527 1289 τελέσω,
1553 1248 1602 1277 καὶ

881 1290 965 1330 χάριν
992 1289 1194 1330 προσείσομαι.
1240 1291 1259 1321 Ι
1277 1292 1339 1321 will
1362 1302 1421 1332 pay
1442 1293 1521 1328 well,
1542 1293 1604 1321 aud

884 1333 976 1363 thank
1002 1344 1062 1374 you
1091 1339 1146 1364 too
1193 1335 1306 1373 Chrys.
1339 1334 1394 1375 [de
1421 1335 1603 1365 sacerdotio

883 1377 940 1407 IV.
967 1389 996 1418 p
1022 1380 1097 1409 212.
1120 1379 1170 1408 ed.
1195 1378 1343 1419 Bmgeh]
1369 1377 1427 1417 ἐξὲν
1447 1390 1501 1419 γαρ
1524 1378 1605 1419 αυτῷ

882 1419 1029 1460 σωζεσθαι
1041 1420 1113 1451 καθ’
1128 1433 1237 1462 εαυτον,
1247 1422 1294 1451 και
1311 1420 1421 1461 ετέρους
1436 1421 1606 1461 προσαπόλ-

882 1469 951 1494 λυσι
965 1463 1035 1504 μεθ’
1057 1464 1171 1502 ἑαυτου,
1196 1466 1221 1495 si
1239 1466 1279 1495 sit
1294 1466 1439 1495 indoctus
1456 1466 1603 1496 sacerdos

884 1508 932 1537 vel
949 1508 1105 1548 indignus.
1130 1510 1222 1539 Dem.
1241 1508 1385 1549 [Olynth.
1401 1510 1466 1539 ΙΙΙ.
1482 1520 1514 1548 p.
1530 1509 1602 1550 37.]

882 1551 931 1580 καὶ
956 1551 989 1581 τὸ
1011 1553 1125 1582 πάντων
1149 1552 1362 1593 ἀνανδρότατον,
1381 1554 1437 1583 τῶν
1460 1551 1607 1593 ὑμετέρων

882 1595 976 1625 αὐτῶν
996 1596 1078 1636 χάριν
1094 1595 1306 1636 προσοφείλετε.
1327 1601 1431 1626 vestra
1448 1596 1605 1635 accipitis,

882 1644 911 1668 et
930 1641 1006 1679 quod
1020 1641 1245 1679 ignavissimum
1265 1644 1317 1676 est,
1333 1639 1380 1680 [p.
1402 1642 1455 1670 61.
1476 1640 1527 1669 ed.
1545 1640 1602 1681 D.]

880 1683 1014 1722 gratiam
1028 1684 1148 1722 insuper
1161 1682 1280 1713 habetis.
1292 1683 1348 1721 ,hic
1368 1682 1434 1723 πρὸς
1450 1688 1497 1713 est
1512 1683 1605 1713 ultro.

883 1724 997 1755 Livius
1022 1726 1091 1766 [lib.
1115 1727 1154 1755 V.
1175 1737 1202 1756 c.
1231 1727 1302 1767 37.]
1327 1727 1491 1756 “Interim
1513 1726 1607 1762 Galli,

884 1772 1047 1808 postquam
1066 1779 1228 1808 accepere,
1245 1770 1327 1799 ultro
1348 1771 1492 1799 honorem
1517 1769 1605 1800 habi-

883 1819 948 1841 tum
974 1812 1181 1842 violatoribus
1202 1813 1283 1852 juris
1307 1813 1468 1844 humani.''
1492 1813 1524 1843 id
1546 1818 1606 1850 est,

884 1859 1087 1893 praeterquam
1111 1857 1325 1895 quodpoenas
1352 1868 1414 1886 non
1442 1857 1607 1892 dederunt,

884 1897 1013 1936 insuper
1032 1898 1178 1927 honorem
1195 1900 1345 1929 habitum.
1392 1900 1452 1930 His
1473 1900 1607 1930 addatur

885 1940 1038 1968 cumulus.
1083 1940 1252 1978 Euripides
1284 1941 1329 1980 [in
1354 1943 1464 1972 Oreste
1491 1943 1605 1983 1245]

886 1981 900 2012 ἢ
916 1981 987 2022 ζην’
978 1982 1091 2012 doras-w
1106 1995 1120 2012 η
1136 1983 1220 2013 θανε
1195 1994 1230 2012 Ειν
1246 1983 1401 2023 ὀφείλεται.
1417 1986 1608 2017 scholiastes

885 2024 1044 2056 ἀπόκειται.
1061 2026 1145 2055 Heb.
1160 2027 1224 2056 IX.
1237 2026 1285 2066 [v.
1299 2030 1337 2058 27
1345 2027 1470 2068 .’']ua&
1461 2041 1522 2061 οσον
1533 2030 1607 2060 από

885 2079 979 2098 κειται
992 2080 1052 2102 τοις
1067 2067 1216 2109 ανθρωποις
1231 2069 1376 2101 amem?
1365 2083 1396 2100 ·.v
1414 2077 1570 2112 sumptum
1589 2083 1606 2103 a

886 2112 1092 2149 debitoribus,
1116 2113 1167 2152 qui
1194 2114 1246 2142 ubi
1274 2124 1381 2144 nomen
1412 2126 1607 2155 expungunt,

885 2156 1058 2195 ἀναιροῦνται
1075 2168 1132 2190 τας
1146 2158 1329 2197 συγγραφας,
1351 2162 1385 2187 ut
1399 2163 1447 2188 est
1463 2159 1494 2189 in
1514 2161 1607 2191 Dem.

889 2197 941 2239 [ad
960 2199 1139 2230 Phormion.
1155 2210 1187 2239 p.
1203 2200 1295 2240 916.]
1314 2200 1444 2240 privatis
1461 2204 1608 2234 orationi-

887 2243 960 2272 bus:
978 2243 1061 2282 quod
1073 2244 1146 2273 dum
1160 2244 1305 2279 debetur,
1318 2245 1493 2285 ἦσυγγραφῆ
1509 2249 1606 2277 κεῖται

889 2285 1068 2326 [Demosth.
1090 2297 1162 2327 pag.
1179 2287 1262 2317 laud.
1265 2287 1278 2328 ]
1296 2291 1377 2328 παρα
1392 2290 1434 2328 τῷ
1449 2289 1562 2331 δανείζω
1562 2302 1607 2321 τι.

887 2329 963 2359 vel'
948 2328 1007 2360 απὸ
1022 2342 1079 2360 των
1091 2329 1226 2371 κειμένων
1237 2331 1338 2372 νόμων,
1351 2337 1384 2361 ut
1398 2343 1414 2360 v
1418 2337 1459 2362 et.
1476 2335 1609 2365 omnibus

885 2379 1032 2404 statutum
1046 2379 1088 2405 est
1103 2376 1188 2410 mmi,
1200 2385 1290 2414 poena
1306 2375 1387 2405 enim
1398 2376 1521 2415 legibus
1535 2389 1605 2408 con-

887 2417 995 2447 stituta
1018 2423 1066 2448 est
1089 2417 1240 2448 sontibus.
1265 2423 1296 2448 et
1319 2428 1394 2448 mors
1416 2418 1552 2460 οφλημα,
1576 2420 1608 2451 ἐκ

886 2461 936 2494 τῆς
967 2462 1096 2495 παλαιᾶς
1132 2461 1307 2497 καταδίκηςε
1340 2468 1430 2492 morte
1463 2464 1608 2495 morieris.

885 2504 975 2534 Idem
992 2505 1195 2540 Scholiastes,
1209 2509 1278 2546 χρὴ,
1292 2505 1458 2542 ἀπόκειται,
1475 2508 1558 2538 unde
1575 2508 1608 2538 τὸ

885 2549 984 2589 χρεὼν,
1000 2557 1086 2578 morS.
1108 2548 1273 2579 AEscbines
1286 2548 1409 2590 [contra
1422 2551 1609 2590 Ctesiphon-

887 2596 962 2627 tem,
993 2602 1024 2630 p.
1056 2591 1149 2632 395]
1175 2593 1283 2627 κλοπῆς
1310 2591 1388 2622 ἕνεκα
1417 2595 1474 2628 τὰς
1499 2594 1609 2629 εὐθύνας

887 2634 1067 2674 ὠφληκότας.
1089 2635 1248 2674 peculatus
1266 2637 1300 2666 in
1320 2637 1472 2668 reddenda
1495 2641 1609 2670 ratione

887 2679 1032 2708 damnati.

934 2724 1013 2752 —8.
1028 2721 1136 2756 πάντες
1151 2722 1235 2761 ὑμεῖς
1249 2722 1367 2764 ἔγνωτε]
1387 2724 1458 2754 Hoc
1469 2723 1544 2752 illud
1561 2729 1609 2753 est

888 2766 1105 2804 pervulgatum
1129 2765 1277 2801 Hesiodi,
1298 2767 1402 2796 παθὼν
1418 2765 1444 2796 δέ
1469 2777 1498 2796 τε
1517 2767 1610 2800 νήπιος

888 2807 969 2846 ἔγνω,
988 2809 1150 2848 praecessit
1171 2809 1251 2839 enim
1270 2812 1354 2848 μετὰ
1371 2810 1421 2839 τοῦ
1441 2810 1610 2849 προσόφλειν

890 2851 938 2880 καὶ
961 2850 1062 2882 παθεῖν
1086 2849 1126 2882 οια
1150 2854 1205 2882 τῶν
1225 2851 1310 2882 ὄντων
1332 2853 1485 2893 ανὲρέπων
1508 2852 1610 2886 οὐδέν-ε,-

890 2894 1066 2926 πεπόνθασι.
1121 2896 1173 2925 Sic
1202 2895 1275 2925 alibi
1307 2895 1484 2935 παραφράζει
1521 2907 1609 2934 πημα

890 2936 975 2972 κακὸς
989 2937 1090 2977 γείτων
1111 2939 1260 2978 ejusdem.
1285 2939 1311 2968 οἱ
1315 2951 1331 2968 κ
1353 2943 1381 2967 ἠν
1397 2939 1460 2977 ἄρα.
1478 2943 1498 2968 ὠ
1517 2939 1611 2979 ἄνδρες

890 2980 1044 3017 Ἀθηναιοι,
1062 2983 1266 3022 χαλεπώτερον
1285 2981 1342 3011 οὐδὲ
1333 2992 1368 3017 ςν,
1385 2995 1399 3011 η
1420 2980 1522 3019 >rei-ror:
1526 2995 1539 3016 ς
1557 2994 1608 3013 πσ-

890 3027 964 3066 νηροῦ
985 3026 1033 3055 καὶ
1058 3024 1226 3055 πλεονέκτου
1246 3036 1358 3066 τυχιιν,
1380 3024 1446 3064 ἕπερ
1470 3024 1534 3064 ἐμοι
1559 3027 1612 3056 νυνὶ

897 3070 917 3096 3
942 3079 958 3097 (1
