1931 3322
443 195 525 238 AD
558 193 737 238 ORAT.
771 194 854 238 DE
885 191 1254 236 SYMMORIIS.

114 303 181 345 πρὸς
203 305 282 342 ἡμᾶς
302 302 417 339 αὖτοὺς,
440 303 481 333 de
499 303 557 333 hoc
581 302 689 333 ordine
706 302 830 333 dicendi

111 349 194 379 inter
207 357 263 378 nos
279 347 526 384 convenit,hunc
541 347 620 376 inter
635 357 692 376 nos
703 345 829 376 dicendi

114 392 253 422 ordinem
279 390 506 421 constituimus.
551 390 602 420 Ita
629 395 661 420 et
689 390 830 420 ἀντιτάτ-

113 444 182 464 τειν.
204 434 344 473 Thucyd.
360 435 428 465 111.
443 436 497 465 83.
516 433 550 463 τὸ
571 432 598 464 δὲ
617 431 830 474 ἀντιτετάχθαι

113 478 250 512 ἀλλήλοις
266 477 306 520 τῇ
318 478 416 529 γνώμη
432 475 585 511 ἀπίστως.
613 477 701 507 Alias
716 477 831 506 formu-

113 521 161 551 las
174 531 243 551 cum
258 522 327 556 hac,
345 520 371 551 ἐν
386 521 480 560 τάξει,
499 525 696 561 permutatas,
711 524 747 549 ut
761 524 832 549 sunt

113 562 141 594 ἐν
155 564 253 605 μοίρᾳ,
273 564 300 595 ἐν
320 564 399 606 αἴσῃ,
420 576 451 594 v.
472 575 498 594 c.
524 563 550 594 ἓν
564 562 648 604 Καρὸς
662 563 744 604 αἴσῃ,
757 563 786 591 h.
803 572 830 591 e.

113 605 141 637 ἐν
165 608 262 639 δούλου
284 608 379 648 τάξει,
399 607 556 638 recensuit
574 605 832 637 Hemsterhusius

114 651 599 692 adAristophan.P1utiArgum.
611 660 642 689 p.
655 651 686 679 7.
712 649 832 679 Eodem

115 693 210 725 etiam
226 705 321 725 sensu
336 698 502 724 occurrunt
517 694 586 723 aliae
601 692 784 744 locutiones,
800 697 833 722 ut

113 736 573 776 1s001.P1ataic.p.323.2r5
597 734 696 766 δίκαιον
719 735 834 776 ἔχοντες

115 780 292 834 σύμμαχον.
316 785 348 811 et
369 781 475 820 paullo
502 785 591 819 post:
615 782 698 820 μετὰ
723 781 773 810 τοῦ
793 779 835 808 δι·

114 823 194 854 nacon
208 823 367 863 ποιούμενος
381 836 445 858 τους
458 822 600 857 κινδύνους.
626 823 789 854 AEschines
806 833 834 853 c.

114 867 270 898 Timarch.
287 878 320 906 p.
340 870 395 899 75.
409 868 480 898 init.
497 866 589 897 οὐκοῦν
603 869 646 906 μὴ
661 868 834 896 καταλιπὼν

114 909 144 941 ην
163 909 240 942 ειλου
255 910 421 951 συμμορίαν
436 910 637 952 αὖτομολησῃς
658 910 697 944 εἷς
709 912 765 944 ’τὰς
778 912 834 940 τῶν

115 951 269 995 ἐλευθέρων
282 954 443 994 διατριβάς.
459 955 737 985 AMERSFOORDT.
778 955 835 984 Er-

115 998 197 1027 ravit
209 998 359 1028 Reiskius
375 1003 406 1028 et
417 997 616 1038 participium
631 995 713 1030 ὅντας
727 997 765 1026 ab
782 1007 831 1026 an-

112 1041 328 1071 tecedentibus
350 1040 600 1080 intel-pungendo
623 1040 763 1071 avulsum
785 1050 834 1069 se-

116 1084 283 1123 quentibus
304 1086 441 1124 jungens
464 1089 496 1114 et
520 1085 560 1113 de
586 1087 692 1114 vetere
715 1083 832 1112 Theba

115 1137 224 1157 norum
246 1128 422 1168 proditione
441 1127 592 1167 cogitans.
614 1127 680 1161 τοὺς
695 1124 834 1166 προδότας

117 1170 332 1211 enimbdieens
359 1172 473 1201 Orator
503 1169 651 1209 intelligit
672 1169 835 1199 Thebanos

116 1223 198 1244 nunc
211 1215 364 1250 viventes,
384 1215 412 1244 si
423 1214 503 1243 sorte
518 1217 623 1252 partes
637 1213 835 1242 barbarorum

118 1262 304 1296 sequantur:
336 1258 420 1297 quod
449 1262 551 1287 tamen
580 1261 673 1295 negat
701 1256 837 1286 futurum

118 1310 199 1331 esse.
237 1301 400 1332 Bekkerus
426 1301 493 1330 haec
511 1299 624 1335 omnia,
651 1299 778 1339 ἡγοῦμαι
793 1317 838 1322 -

117 1343 263 1382 ἅπαντας,
273 1349 359 1376 recte
369 1344 526 1375 continuat
538 1341 697 1376 ἀστίκτως.
706 1343 772 1374 Scn
779 1353 837 1373 AE-

118 1397 198 1419 FER.

161 1449 204 1455 —-
218 1433 272 1462 10.
287 1429 354 1473 πρὸς
367 1428 519 1470 άπαντας]
541 1428 650 1459 Malim
665 1427 731 1469 πρός
743 1427 838 1460 ἅπαν-

118 1485 171 1504 τα.
195 1475 248 1505 Sic
268 1485 302 1514 Ρ.
318 1477 393 1506 960.
411 1478 441 1505 1.
466 1474 516 1504 ed.
535 1472 644 1503 Reisk.
669 1473 721 1502 σοῦ
737 1471 839 1512 πολλῳ

118 1515 241 1551 Βελτίων
255 1518 300 1552 ἄξι’
286 1519 354 1563 ³12²ss
369 1518 481 1558 ἄμεινον
495 1519 594 1557 φρονῶν
617 1526 684 1556 προς
705 1515 839 1552 άπαντα,

119 1563 202 1601 quod
216 1544 301 1591 Reis
304 1568 365 1592 ¹tus
377 1566 462 1591 recte
477 1560 701 1600 interpretatur
715 1558 742 1590 ἐν
757 1559 838 1590 άπα·

118 1616 162 1641 σι,
176 1605 284 1635 rebus
273 1615 307 1634 ἰη
321 1605 465 1636 omnibus.
479 1605 590 1634 IDEM.

162 1666 207 1671 —
223 1651 276 1679 14.
291 1647 403 1689 τέως]ξ
394 1647 445 1682 ε’ως
462 1648 604 1687 praefero.
618 1646 658 1676 V.
674 1650 739 1677 not.
752 1646 789 1676 ad
807 1657 838 1686 p.

119 1693 173 1722 24.
183 1695 214 1722 4.
228 1692 279 1722 ed.
297 1691 408 1722 Reisk.
431 1692 546 1721 Parnm
562 1700 611 1720 me
626 1694 742 1726 movet,
755 1691 837 1729 quod

118 1734 256 1775 legitur
246 1746 279 1765 ιιι
295 1736 414 1766 Anecd.
429 1734 530 1765 Bekk.
543 1744 574 1773 p.
588 1735 663 1765 309.
674 1735 727 1765 ⁶23.
742 1733 837 1767 Τέωςε

121 1775 304 1821 -σημαίνει
319 1790 368 1809 και
384 1776 418 1809 ora
432 1776 494 1812 ἕως.
515 1779 624 1809 IDEM.

165 1839 210 1845 -—
222 1822 301 1853 ibid.
317 1821 390 1856 τέως
402 1820 458 1862 μὲν
471 1820 568 1852 ἐκεῖνον
581 1831 610 1850 κ.
624 1831 656 1850 τ.
671 1825 700 1850 λ.
705 1819 719 1860 ]
755 1819 839 1850 Ηίιιο

122 1865 215 1896 etiam
241 1876 272 1896 v.
297 1868 349 1897 21.
375 1863 480 1906 ἐχθρόν
501 1863 688 1905 συμφέροντα
715 1865 839 1893 Persam

123 1913 231 1939 vocat:
255 1913 348 1949 atque
369 1909 435 1939 haec
451 1907 622 1938 communis
637 1910 686 1937 est
701 1907 840 1936 Oratori-

122 1952 183 1983 bus
198 1953 318 1983 Graecis
343 1951 507 1982 sententia.
549 1952 705 1981 Isocrates
721 1950 840 1988 Paneg.

123 1998 222 2028 c..41
245 1994 290 2030 τίς
305 1995 320 2027 ἢ
334 1997 391 2026 τῶν
410 1994 635 2036 πολεμησάντων
648 1993 745 2028 αὐτοῖς
767 1993 842 2034 [τοῖς

123 2038 284 2093 Πέρσαις]
285 2040 334 2070 οὐκ
355 2039 559 2078 εὐδαιμονήσεις
573 2035 746 2073 απηλθεν,
735 2050 749 2068 η
764 2048 791 2066 κ.
809 2048 841 2068 τ.

121 2087 155 2114 λ.
171 2093 200 2114 c.
213 2087 243 2115 2.
267 2081 325 2113 δ’σοι
339 2081 395 2124 μὲν
416 2081 635 2117 διδάσκω-ιη’
620 2093 657 2115 ως
670 2081 724 2122 χρὴ
740 2079 840 2110 διαλυ-

124 2137 266 2166 σαμενους
282 2128 338 2161 τὰς
360 2124 436 2166 πρὸς
457 2126 535 2166 ἧμῖις
555 2125 656 2157 αὐτους
671 2121 801 2166 ’έχθρας’
791 2123 840 2154 επι

122 2169 172 2200 τὸν
191 2169 331 2211 Βάρβαρον
344 2167 524 2223 τραπέσθαι,
535 2180 583 2199 και
598 2167 804 2221 διεξέρχονται
798 2185 841 2191 —-·

122 2214 180 2248 τὰς
202 2213 338 2254 ὡφελείας
355 2214 412 2246 τὰς
433 2211 465 2242 ἐκ
485 2215 538 2247 τῆς
555 2210 710 2252 στρατείας
728 2212 780 2246 τῆς
794 2209 841 2241 επ’

123 2254 219 2288 ἐκεῖνον
232 2256 382 2297 εσομένας,
396 2254 488 2288 ἀληθῆ
501 2255 556 2296 μὲν
569 2255 710 2294 λέγουσιν,
721 2265 751 2286 κ.
766 2267 798 2286 τ.
809 2260 840 2286 λ.

122 2300 162 2330 In
192 2299 478 2331 eademflratione
503 2299 666 2330 commoda
688 2303 841 2335 recenset,

122 2353 193 2383 quae
219 2355 261 2375 ex
289 2344 372 2375 bello
400 2353 470 2374 cum
500 2343 608 2374 Persis
632 2343 843 2382 exspectanda

124 2387 198 2418 sint.
241 2388 323 2418 Haec
349 2387 441 2418 etiam
461 2397 554 2418 causa
580 2390 658 2423 erat,
680 2396 736 2415 cur
756 2385 841 2416 idem

125 2431 238 2461 Orator
261 2430 458 2470 gloriaretur,
481 2441 515 2461 se
540 2429 638 2460 fuisse
668 2429 841 2470 principem

123 2477 182 2505 τῶν
197 2473 438 2514 παρακαλούντων
452 2474 517 2507 τοὺς
524 2471 667 2507 ’Ἐλληνας
681 2471 730 2503 ἐπὶ
740 2490 782 2496 —-
793 2475 843 2504 τῆν

122 2517 280 2558 στρατείαν
294 2520 344 2549 τὴν
354 2515 402 2547 ἐπὶ
417 2517 482 2552 τοὺς
493 2516 660 2557 βαρβάρους,
670 2516 799 2548 Panath.
810 2527 842 2556 p.

122 2563 199 2592 407.
216 2561 327 2601 quibus
344 2560 449 2592 verbis
464 2560 629 2590 assentitur
645 2559 785 2591 AElianus
803 2559 842 2591 V.

125 2605 170 2636 Η.
183 2605 285 2636 XIII.
301 2607 354 2635 11.
370 2604 647 2635 Amiznsroonnr.

167 2665 212 2672 -
229 2650 281 2680 18.
305 2646 350 2678 ὁ’σ’
363 2647 395 2678 ἃν
411 2646 471 2678 οὐδὲ
489 2647 689 2687 καταρώμενος
702 2656 730 2676 κ.
747 2656 779 2677 τ.
795 2644 842 2686 λ.]

126 2692 208 2723 Haec
232 2692 272 2722 de
299 2691 382 2722 bello
407 2690 676 2731 Peloponnesiaco
700 2689 844 2719 videntur

125 2735 343 2776 intelligenda.
365 2735 489 2766 Wotr.
534 2734 604 2764 Non
627 2733 702 2764 solis
725 2733 844 2762 Graecis

126 2781 211 2809 tanta
232 2779 380 2809 malorum
397 2787 489 2817 seges
506 2777 554 2807 his
570 2775 761 2817 temporibus
778 2780 846 2806 orta

128 2827 188 2859 est,
204 2832 309 2852 verum
324 2822 398 2852 item
414 2819 531 2851 Persis.
553 2819 757 2851 Herodotus
748 2830 779 2849 ιιι
795 2830 845 2849 re·

127 2865 224 2905 liquis
253 2876 322 2896 cnm
353 2864 560 2895 Demosthene
591 2862 786 2894 consentiens
821 2863 845 2893 l.

127 2910 188 2940 VI.
205 2910 257 2940 98.
273 2907 320 2938 ἔπι
337 2907 452 2949 Δαρείου
464 2907 513 2937 καῖ
525 2907 627 2948 Ξέρξου
640 2918 689 2936 και
699 2904 845 2946 Ἀρτοξέρ-

126 2951 192 2992 ξεω,
222 2963 301 2994 τριων
328 2962 450 2982 τουτεων
474 2950 576 2990 ἐπεξης
601 2953 707 2989 γενεῶν,
737 2948 846 2987 ἐγένετο

128 2995 218 3026 πλείω
242 2997 320 3025 nanu.
338 3007 374 3026 τη
396 2994 551 3031 Ελλάδι,
539 3008 554 3026 η
577 2993 633 3024 ἐπὶ
650 2994 735 3023 εἴκοσι
751 2992 846 3027 ἄλλας

128 3041 222 3077 γενεὰς
237 3040 292 3072 τὰς
302 3038 354 3078 προ
371 3036 484 3079 Δαρείου
497 3038 657 3079 γενομένας,
668 3039 707 3068 τὰ
722 3035 777 3075 μὲν
789 3036 847 3066 ἀπό

1497 193 1578 235 471

864 303 922 332 τῶν
935 300 1060 343 Περσέων
1083 301 1158 342 αὐτῇ
1179 300 1323 341 γενόμενα,
1345 301 1387 330 τὰ
1410 298 1440 330 δὲ
1462 300 1516 330 ἀπ’
1530 301 1584 331 αὖ·

865 344 936 375 τέων
949 348 1007 375 τῶν
1020 344 1168 385 κορυφαίων
1184 344 1245 385 περὶ
1261 346 1313 377 τῆς
1327 345 1418 385 ἀρχῆς
1430 343 1585 383 πολεμεόν-

864 400 930 420 των,
966 388 1119 418 Similium
1135 388 1340 418 calamitatum
1355 392 1496 417 auctores
1512 389 1582 418 Iso-

865 438 964 462 crates
979 433 1108 462 Panatb.
1127 442 1157 470 p.
1175 434 1250 462 4⁰21.
1264 431 1389 470 scripsit
1403 430 1498 460 fuisse
1515 431 1584 461 har-

865 480 979 505 mostas
997 475 1310 509 Lacedaemoniorum,
1328 474 1381 513 qui
1398 476 1525 504 Graecos
1548 474 1587 509 εἰς

865 517 1015 553 τοσαύτας
1034 529 1081 547 και
1107 517 1242 550 τοιαύτας
1268 519 1420 557 συμφορας
1443 516 1585 555 ἐνέβαλον,

866 562 936 595 δ’σας
951 561 1034 596 οὐδεὶς
1050 561 1170 591 πώποτε
1185 560 1282 594 αὐτοις
1296 561 1414 598 γενήσει·
1394 560 1470 590 σθαι
1482 572 1586 600 προσε-

866 604 977 635 δόκησε.
1001 604 1087 636 Ibid.
1111 615 1144 644 p.
1170 607 1247 634 471.
1270 604 1310 633 de
1334 604 1450 639 Persis,
1473 605 1525 643 qui
1545 606 1586 635 ad

868 649 1079 678 Marathonem
1108 651 1313 683 certaverant,
1342 647 1438 676 dicit:
1470 646 1585 678 πλείοσι

866 693 964 725 κακοῖς
985 692 1033 721 καὶ
1057 691 1170 732 μείζοσι
1201 690 1365 731 συμφοραῖς
1390 689 1588 730 περιπεσόντες

866 747 903 765 ων
926 734 1054 766 ἤλπισαν
1075 736 1125 765 τὴν
1148 733 1229 764 πόλιν
1251 736 1330 774 ἡμῶν
1349 733 1491 764 «ποιήσειν.
1517 734 1588 764 Iso-

868 782 970 809 crates
986 779 1103 818 Areop.
1120 781 1172 810 20.
1188 779 1269 818 παρα
1283 776 1312 806 δὲ
1324 778 1380 806 τῶν
1394 775 1536 818 [Περσῶν]
1550 775 1588 806 δι’-

868 833 916 853 κην
931 821 1104 853 τηλικαύτην
1119 820 1277 860 εἰληφότες,
1292 820 1325 854 ὥ,
1316 830 1362 850 τε
1377 830 1497 859 αγαπαν
1518 819 1590 850 ἐκεί-

867 877 936 902 νους,
950 865 973 894 εἶ
997 865 1086 904 μηδὲν
1111 864 1154 895 ἔτι
1178 876 1261 895 κακον
1282 864 1434 905 πάσχοιεν.
1447 864 1590 894 ΑΜΕι-ιε-

869 919 1020 940 roonnr.

911 970 955 975 ——-
971 955 1025 983 20.
1050 949 1305 992 φίλον-ἐχθρὸν]
1342 949 1478 980 Ministri
1505 950 1589 981 haud

868 1006 998 1045 prorsus
1009 995 1179 1025 dissimiles
1195 994 1312 1024 domini
1328 993 1376 1023 sui
1394 998 1491 1025 eraut.
1537 994 1588 1025 De

870 1038 1002 1078 satrapis
1019 1039 1173 1068 Isocrates
1188 1039 1306 1076 Paneg.
1322 1047 1350 1067 c.
1366 1039 1419 1067 41.
1446 1047 1513 1077 προς
1533 1037 1589 1076 μὲν

869 1093 936 1116 τους
951 1080 1050 1122 φίλους
1073 1081 1220 1117 απίστως,
1246 1080 1313 1120 πρὸς
1337 1079 1365 1110 δὲ
1388 1091 1454 1115 τους
1475 1078 1591 1122 ἐχθρους

869 1124 1025 1166 ανάνδρως”
1013 1135 1137 1166 εχοντες.
1149 1129 1181 1154 et
1193 1123 1362 1162 deinceps:
1375 1126 1431 1152 τῶν
1441 1123 1496 1163 μὲν
1510 1135 1593 1163 συμ-

868 1168 979 1209 μάχων
994 1169 1245 1208 καταφρονουντες,
1258 1177 1323 1200 τους
1339 1165 1367 1196 δὲ
1384 1166 1538 1207 πολεμίους
1547 1167 1592 1198 θε-

869 1210 1045 1252 ραπεύοντες.
1089 1213 1244 1241 Caeterum
1271 1210 1351 1239 hunc
1375 1210 1476 1239 locum
1501 1211 1532 1240 in
1558 1221 1593 1241 e-

871 1255 1031 1294 xemplum
1054 1254 1224 1293 μεταβολῆς
1239 1255 1294 1283 τῶν
1317 1252 1462 1283 πτώσεων
1482 1254 1592 1284 citavit

871 1298 1088 1337 Hermogenes
1115 1298 1154 1327 de
1181 1297 1306 1326 Invent.
1328 1296 1350 1326 l.
1374 1296 1433 1327 IV.
1462 1307 1496 1336 Ρ.
1516 1299 1601 1329 179.-

873 1340 964 1381 [edit.
981 1342 1079 1381 Gasp.
1097 1339 1257 1370 Laurentii
1272 1350 1305 1379 p.
1323 1339 1415 1380 1952]
1447 1339 1591 1371 laudatus

867 1386 932 1424 jam
948 1395 966 1414 a
983 1383 1111 1415 Reiskio
1127 1384 1167 1414 ad
1184 1395 1215 1414 v.
1228 1386 1282 1414 21.
1298 1384 1407 1414 Imm.

914 1446 957 1450 —
973 1430 1027 1459 2⁶2.
1053 1428 1135 1467 ἡμῶν
1157 1426 1266 1467 αὐτῶν]
1290 1426 1399 1457 Malim
1415 1425 1499 1457 αὖτόν
1514 1428 1595 1468 ἡμῶν

872 1470 965 1501 αὐτῶν
977 1482 1047 1501 cum
1060 1472 1144 1511 Aug.
1156 1471 1268 1511 primo.
1282 1470 1482 1502 SanEFER.

913 1533 958 1538 —
973 1516 1028 1547 25.
1061 1515 1141 1554 ἧμῖις
1156 1532 1200 1538 —
1215 1513 1324 1555 ἔθηκα]
1363 1514 1463 1543 Immo
1491 1524 1593 1544 nos—-

872 1556 1040 1599 offeramus.
1054 1559 1166 1590 IDEM.
1189 1558 1239 1588 Cf.
1257 1557 1381 1587 Reiskii
1397 1562 1511 1588 notam.

913 1620 957 1625 —
972 1602 1051 1633 ibid.
1073 1601 1172 1643 τοῦτ’]
1205 1600 1311 1632 τούτων
1327 1601 1407 1640 Aug.
1425 1601 1594 1633 secundnS.

871 1646 978 1686 Longe
994 1646 1119 1676 diversa
1134 1655 1229 1676 causa
1242 1644 1328 1674 illius
1345 1645 1506 1683 scripturae
1529 1645 1596 1686 (se.

871 1699 909 1719 ac
923 1689 1072 1719 Reiskius
1087 1688 1210 1730 dabat).
1222 1689 1262 1719 V.
1277 1688 1373 1718 Bastii
1389 1689 1594 1719 Commentat.

872 1733 1028 1772 Palaeogr.
1044 1742 1077 1771 p.
1092 1734 1170 1764 ¹778.
1185 1733 1292 1762 IDEM.

915 1793 958 1799 —
971 1780 1074 1815 antep.
1084 1773 1298 1815 φυλάττεσθαί
1310 1782 1388 1814 φημι
1403 1774 1468 1811 δειν,
1483 1786 1526 1815 μη
1513 1774 1594 1816 —]

873 1820 962 1850 Orat.
978 1819 1016 1849 de
1032 1821 1110 1850 Pace
1123 1830 1155 1860 p.
1171 1821 1225 1850 61.
1241 1818 1290 1848 ed
1308 1817 1416 1848 Reisk.
1433 1818 1481 1847 και
1497 1817 1528 1847 τί
1540 1826 1595 1859 φυ-

873 1860 1022 1902 λάξασθαί
1042 1870 1120 1903 φημι
1143 1862 1196 1893 δειν
1220 1862 1315 1902 ημᾶς;
1339 1860 1423 1894 ὅπως
1445 1863 1488 1900 μῆ
1510 1863 1596 1893 κοινῆν

873 1905 1023 1946 ’ω’ρόφασιν
1037 1917 1084 1936 και
1101 1904 1182 1936 κοινόν
1196 1903 1334 1945 εγκλημα
1350 1916 1362 1933 ο
1377 1904 1496 1945 μέλλων
1508 1904 1596 1935 πόλε-

872 1961 928 1989 μος
944 1948 1010 1990 πρὸς
1025 1949 1159 1983 άπαντας
1171 1948 1261 1989 λάβῃ.
1278 1950 1558 1979 AMERsroonnr.

917 1994 956 2024 P.
973 1995 1048 2025 296.
1067 1996 1097 2024 1.
1125 1991 1277 2033 πράττειν]
1313 1992 1430 2021 Verum
1447 1991 1594 2032 πράττων.

874 2036 1074 2068 Semnan.

916 2097 960 2102 —
974 2082 1006 2111 5.
1023 2077 1208 2120 ἐξελέγξητε]
1222 2079 1326 2117 palam
1329 2076 1472 2118 faciatis.
1485 2078 1595 2109 IDEM.

916 2141 960 2146 ——-
976 2127 1029 2154 10.
1043 2123 1133 2164 ὥςπερ
1156 2121 1245 2161 ἐκείνῳ
1261 2120 1361 2163 καλέν]
1386 2122 1469 2152 Phil.
1484 2122 1544 2152 IV.
1560 2133 1595 2161 p.

874 2168 950 2197 144.
965 2177 997 2198 v.
1020 2166 1077 2198 ult.
1102 2167 1153 2197 ed.
1177 2165 1289 2196 Reisk.
1316 2164 1455 2200 Βασιλεὺς
1477 2163 1506 2195 δὲ
1529 2164 1595 2196 καθ’

873 2209 957 2241 αὑτὸν
971 2209 1027 2250 μὲν
1042 2209 1154 2241 ἑίπασιν
1174 2207 1348 2250 [Ἕλλησιν]
1365 2208 1493 2242 ἄπιστος
1507 2206 1549 2239 ἦν.
1564 2212 1597 2238 et

873 2254 968 2293 legati
982 2253 1286 2284 Lacedaemoniorum
1302 2252 1386 2292 apud
1399 2252 1597 2283 Herodotum

874 2297 971 2328 VIII.
998 2300 1074 2329 142.
1102 2296 1271 2337 Βαρβάροισι
1301 2294 1369 2327 ἐστὶ
1398 2295 1461 2326 οὔτε
1493 2293 1598 2326 πιστὸν

874 2341 940 2372 οὔτε
954 2340 1058 2375 ἀληθὲς
1074 2339 1156 2372 οὐδέν.
1173 2341 1453 2371 Amasi—ocum.

917 2402 960 2408 -—
976 2388 1031 2416 11.
1057 2383 1170 2426 ἐκεῖνον]
1218 2383 1305 2414 αὐτὸν
1342 2393 1402 2413 ιιοιι
1432 2382 1597 2423 displicet.

875 2429 1077 2459 SCHAEFER.

919 2489 962 2495 —
981 2474 1032 2502 102.
1057 2469 1177 2512 εὔχεσθε
1194 2468 1222 2500 δὲ
1239 2470 1314 2500 πᾶσι
1330 2469 1391 2504 τοῖς
1405 2467 1498 2510 θεοῖς]
1523 2470 1597 2500 Fre-

875 2519 1004 2555 quentes
1029 2520 1099 2544 sunt
1120 2515 1151 2544 in
1175 2519 1314 2544 veterum
1338 2512 1464 2552 scriptis
1488 2523 1598 2552 preces

876 2563 907 2588 et
918 2558 1140 2588 obtestationes
1153 2568 1209 2597 per
1221 2558 1310 2587 deos.
1334 2558 1384 2587 lta
1395 2557 1513 2586 Graecis
1524 2567 1597 2586 con-

876 2602 960 2632 tinue
977 2602 1007 2631 in
1022 2612 1075 2631 ore
1092 2608 1163 2631 sunt
1180 2600 1332 2635 formulae,
1353 2597 1426 2639 ωρός
1441 2602 1497 2631 τῶν
1511 2599 1595 2636 θεῶν,

877 2645 942 2687 πρὸς
959 2644 1023 2679 Διὸς
1046 2644 1094 2674 καὶ
1119 2647 1175 2675 τῶν
1201 2643 1283 2674 Θεῶνε
1307 2643 1439 2679 Latinis,
1456 2653 1511 2682 per
1535 2643 1599 2673 deos

877 2689 1066 2725 immortales,
1090 2687 1219 2727 aliaeque
1242 2688 1290 2717 his
1315 2687 1442 2717 similes.
1487 2687 1598 2725 Neque

879 2742 953 2762 vero
970 2733 1059 2762 deest
1075 2731 1287 2771 exemplorum
1311 2731 1413 2770 copia,
1439 2729 1470 2758 in
1487 2729 1597 2768 quibus

879 2776 996 2805 diserta
1018 2777 1148 2806 omnium
1175 2775 1301 2805 deorum
1329 2773 1442 2804 mentio
1469 2777 1525 2802 est.
1547 2773 1597 2803 Cf.

879 2821 965 2849 Orat.
988 2820 1105 2859 p.‚Cor.
1125 2818 1196 2849 init.
1219 2820 1327 2858 πρῶτον
1350 2815 1414 2856 μὲν,
1438 2812 1505 2846 οἶά.
1522 2814 1599 2856 ἈΘ.,

879 2863 939 2896 τοῖς
954 2862 1031 2897 θεοῖς
1046 2862 1174 2904 εὔχομαι
1188 2863 1264 2892 πᾶσι
1279 2861 1327 2890 καῖ
1343 2860 1467 2892 πάσαις.
1481 2859 1519 2888 ad
1536 2860 1598 2898 q.l.

879 2906 945 2936 vid.
967 2906 1118 2946 Taylorus
1142 2910 1173 2935 et
1199 2904 1358 2934 Reiskius.
1403 2905 1480 2941 Quae
1506 2904 1600 2932 verba

881 2950 952 2979 item
980 2954 1118 2988 prostant
1145 2948 1245 2987 Epist.
1264 2948 1291 2977 Ι.
1309 2947 1376 2976 init.
1399 2956 1430 2985 p.
1448 2948 1545 2977 1462.
1568 2950 1601 2976 et

881 3003 931 3032 ap.
949 2993 1086 3023 AEscbin.
1099 3003 1128 3021 e.
1143 2991 1302 3021 'ri-naroli.
1319 3000 1350 3029 p.
1366 2991 1420 3020 59.
1435 2989 1457 3019 s.
1489 2991 1524 3019 In
1535 2991 1599 3020 De-

881 3037 1051 3067 mosthenis
1065 3035 1197 3074 Philipp.
1218 3035 1260 3064 ll.
1275 3044 1305 3072 p.
1321 3037 1374 3064 74.
1393 3033 1445 3064 25.
1461 3033 1575 3072 tegitur
1591 3044 1598 3062 :
