1964 3323
360 187 440 229 144

352 304 426 332 pum
449 292 580 330 exisset,
596 294 635 324 ad
659 305 723 332 eos,
745 295 796 335 qui
812 296 850 326 ab
866 295 1065 335 expeditione

352 337 380 365 in
397 337 542 366 Euboeam
558 338 649 368 modo
664 338 828 369 redissent.

394 397 436 402 —
462 382 492 410 6.
522 380 624 421 δήμου]
653 382 850 419 Augustanus
879 387 950 420 post
977 382 1065 420 δήμου

353 427 478 460 puncto,
515 434 572 463 pro
609 434 692 454 more
721 436 788 461 suo,
815 426 872 454 hoc
903 431 950 454 est
981 435 1064 454 com-

351 471 432 496 mate
457 477 510 505 pro
537 477 620 496 more
649 473 753 497 nostro
779 467 950 505 distinguit.
973 468 1073 498 falso.

350 510 401 538 τοῦ
429 509 517 548 δήμου
545 520 603 539 non
634 511 765 540 cohaeret
796 520 863 540 oum
894 509 1063 549 ἐξεληλυθό-

350 563 419 588 τας,
444 553 499 581 sed
523 563 591 582 cum
615 553 806 594 κατηγορήσει.
830 554 915 593 δῆμος
939 558 986 583 est
1010 553 1063 583 illa

350 605 423 634 pars
447 596 566 634 populi,
590 607 658 635 quae
686 598 724 626 ab
748 597 821 626 urbe
837 607 895 626 non
916 596 1063 632 discedit,

351 638 406 668 sed
431 638 462 668 in
487 649 523 668 ea
549 644 660 675 manet,
685 649 750 668 eam
778 640 905 669 obtinet.
931 640 1011 678 quod
1037 641 1062 670 si

348 681 471 720 placeat
492 682 557 716 τοὺς
583 681 786 721 ἐξεληλυθότας
808 693 875 712 cum
902 684 951 712 τοῦ
975 682 1064 722 δήμου

349 725 508 763 copulare,
537 730 600 754 tum
623 735 747 754 necesse
776 725 815 754 sit
833 726 911 765 ὑμῶν
936 725 1060 756 addere.

347 768 426 806 ὑμῶν
442 768 625 808 κατηγοςήσει
639 766 712 808 ωξδς
725 768 788 801 τοὺς
803 766 1004 806 ἐξεληλυθότας
1012 770 1062 799 τοῦ

348 810 448 850 δήμου.
461 820 506 840 vos
518 811 664 841 accusabit
679 812 718 841 ad
736 815 850 849 partem
864 812 978 850 populi,
1001 823 1063 852 quae

347 854 380 882 in
394 858 490 883 castra
505 855 585 884 exiit.
605 855 687 893 quod
708 854 806 883 minus
831 855 937 892 probo,
953 854 1062 884 existi-

347 907 433 927 mans
449 897 603 934 vulgatam
620 898 647 927 h.
665 898 686 927 l.
697 898 771 926 bene
787 898 909 926 habere.

389 957 433 962 —-
449 941 500 970 23.
516 939 559 969 ἐ’τι
576 939 682 980 τούτῳ]
698 940 812 969 delevi.
829 940 981 969 Videntur
996 940 1062 970 haec

348 984 444 1015 verba
471 987 540 1012 nata
565 994 632 1012 esse
664 993 682 1012 a
707 982 792 1013 varia
814 983 948 1012 lectione
968 984 1006 1013 ad
1031 994 1062 1013 v.

349 1028 401 1058 26.
417 1026 591 1062 referenda,
607 1025 659 1055 ubi
681 1026 823 1065 leguntur
839 1026 904 1056 haec
921 1023 969 1055 ἐπ’
984 1026 1064 1066 αὐτῷ

345 1068 448 1108 τούτῳ.
465 1079 591 1107 quorum
607 1069 676 1099 loco
698 1068 730 1098 in
752 1069 820 1099 aliis
842 1069 1001 1099 codicibus
1016 1069 1063 1099 fu-

346 1112 408 1141 isse
424 1112 562 1151 suspicor
586 1110 633 1142 ἐπὶ
656 1111 748 1151 τούτῳ
773 1112 956 1152 simplicius,
979 1113 1062 1151 quod

346 1154 452 1184 nescio
484 1165 521 1184 an
545 1155 605 1184 huc
635 1165 653 1184 e
682 1154 817 1194 margine
843 1166 899 1194 per
928 1166 1061 1186 errorem

348 1198 520 1236 irrepserit.

388 1257 431 1263 --
446 1243 498 1270 24.
520 1239 844 1282 καταχειροτονηθέντος]
866 1241 987 1272 correxi
1010 1252 1063 1270 ua-

346 1282 579 1324 ταχειςοτονηθὲν.
597 1288 644 1313 est
660 1285 709 1313 hio
723 1284 928 1315 nominativus
940 1285 1061 1314 absolu-

347 1332 408 1362 tus,
425 1332 458 1356 ut
472 1326 537 1362 δέον,
553 1325 617 1366 ἐξὸν,
632 1325 727 1366 παρὸν,
738 1332 769 1357 et
779 1328 863 1357 talia.
878 1333 1062 1367 posteaquam

342 1370 467 1409 populus
489 1380 554 1399 eum
579 1370 702 1400 sublatis
717 1372 748 1400 in
770 1372 902 1400 concione
927 1371 1063 1401 manibus

345 1413 540 1448 (intonaverit,
556 1418 582 1442 et
598 1414 713 1453 quidem
732 1414 888 1452 impietatis
902 1423 972 1454 erga
986 1414 1060 1443 deos.

389 1473 431 1478 —-
456 1457 508 1486 25.
532 1455 622 1496 ἐπῆν]
653 1462 724 1494 post
752 1457 809 1486 hoo
833 1457 960 1487 verbum
986 1456 1059 1486 addi

346 1499 416 1528 vult
431 1498 598 1528 Lambinus
614 1499 666 1529 illa
682 1500 743 1530 duo
762 1501 854 1529 verba
877 1499 920 1530 ἔτι
936 1499 1028 1539 τούτῳ
1045 1510 1061 1529 e

347 1552 436 1572 versu
448 1544 499 1573 24.
512 1542 684 1572 exturbata.
701 1553 760 1572 non
777 1544 908 1573 absurde
926 1543 978 1573 ille
995 1542 1062 1582 qui-

346 1585 429 1615 dem.
476 1586 689 1615 Verumtamen
715 1596 774 1616 non
793 1587 880 1616 valde
900 1586 963 1615 illis
983 1596 1062 1625 opus

345 1632 405 1663 est,
420 1633 450 1658 et
473 1639 558 1668 paene
580 1629 712 1658 dixerim
736 1639 963 1667 supervacanea
985 1639 1064 1659 esse.

347 1670 400 1700 alii
416 1671 539 1701 codices
556 1676 627 1710 post
645 1670 719 1702 ἐωῆν
741 1672 932 1702 solummodo
950 1671 993 1702 ἔτι
1010 1672 1062 1701 ad-

346 1714 433 1744 dunt.
449 1716 528 1753 quod
545 1714 704 1744 tolerabile
720 1718 777 1744 est.

390 1775 433 1780 —
448 1768 517 1796 pen.
532 1757 554 1787 εἶ
575 1757 624 1787 καὶ
644 1759 685 1798 μὴ
703 1758 816 1798 πάντα]
834 1757 936 1788 malim
949 1758 1062 1788 articu-

346 1800 409 1831 lum
428 1800 532 1836 inseri,
548 1800 631 1830 εἶκαὶ
646 1802 688 1839 μὴ
700 1800 746 1830 τὸν
762 1802 870 1831 πάντα.

390 1845 464 1874 579.
482 1847 513 1873 1.
542 1842 739 1885 χειςοτονεῖταί
756 1844 816 1885 τις]
846 1844 997 1880 enclitice,
1026 1855 1063 1874 an

348 1886 566 1925 interrogantis
589 1888 679 1916 modo
703 1888 834 1926 legatur,
858 1887 985 1926 perinde
1006 1894 1063 1918 est.

347 1930 379 1961 Si
396 1931 458 1970 quis
472 1930 618 1970 deligitur
631 1929 782 1971 szffragiis
793 1931 895 1970 populi
916 1932 955 1960 ad
976 1931 1063 1961 hono-

346 1984 406 2003 rem
421 1974 547 2014 aliquem
560 1975 732 2013 gerendum.
751 1973 820 2003 sive
836 1974 969 2014 quisnam
990 1974 1062 2004 deli-

344 2016 451 2056 gitur?
496 2018 606 2047 Statim
636 2016 742 2047 audias
780 2015 837 2046 hoc
869 2017 1063 2056 responderi.

347 2059 463 2089 Midias
494 2058 691 2099 πςοζέἔληται.
736 2060 797 2090 Sed
823 2060 895 2099 quid
916 2061 975 2090 hoc
1003 2061 1064 2091 sihi

347 2102 435 2132 vult?
451 2102 565 2141 triplex
582 2103 663 2133 inest
678 2104 774 2133 verbo
789 2103 846 2133 vis.
891 2104 965 2134 Sive
981 2104 1064 2134 enim

348 2145 520 2185 significare
544 2151 657 2184 potest,
680 2146 795 2175 Midias
817 2151 992 2185 cooptatur,
1009 2147 1064 2176 eli-

349 2188 443 2227 gitur,
460 2188 647 2227 designatur.
664 2195 716 2218 aut
732 2199 800 2219 sese
825 2190 966 2228 opponit,
988 2190 1064 2220 alte-

347 2232 412 2261 rius
443 2236 518 2270 puta
545 2233 692 2271 cujusque
720 2232 971 2267 denominationi,
1004 2233 1063 2262 nisi

347 2274 417 2314 ipse
445 2274 666 2305 denominetur.
703 2280 755 2304 aut
784 2275 917 2314 denique
947 2275 1064 2306 Midias

347 2318 429 2349 ultro
444 2329 477 2349 se
494 2318 596 2353 offert,
611 2318 732 2355 ingerit,
748 2318 844 2349 ambit
859 2319 1016 2349 honorem.
1033 2330 1064 2349 v.

347 2371 378 2400 p.
392 2363 467 2392 519.
483 2366 670 2399 postremam
686 2361 833 2391 rationem
850 2362 984 2392 omnium
1003 2372 1065 2391 ma-

347 2404 431 2434 xime
449 2405 586 2442 probem.
631 2405 710 2433 Haec.
732 2404 817 2434 olim.
863 2405 1065 2435 Postmodum

347 2447 464 2486 placuit
479 2447 524 2476 sic
548 2447 746 2486 inter-pungi:
770 2449 978 2487 χειροτονεῖται.
1001 2447 1065 2487 '⁴¹53

347 2490 462 2524 Μειδίας
475 2488 681 2531 Ἀναγυράσιος.
702 2488 903 2531 ωροέὲβλητοιι
920 2492 1066 2530 Πλουτάς-

347 2544 412 2573 χου.
435 2532 567 2573 προξενεῖ.
590 2539 637 2563 est
660 2534 730 2563 ficta
753 2534 929 2564 collocutio.
956 2534 1066 2573 incipit

348 2576 426 2606 alter
448 2586 572 2606 narrare
592 2577 797 2617 ’χειροτονεῖται
822 2594 864 2599 --
891 2578 1066 2616 interpellat

347 2619 425 2648 alter
436 2617 648 2658 interrogando
658 2618 713 2655 τίς,
724 2620 883 2658 quisnam?
899 2621 1066 2660 respondet

346 2661 425 2692 iste:
437 2661 564 2691 Midias,
576 2666 678 2692 tuetur
689 2663 897 2694 Plutarchum.
909 2674 1065 2703 proxenus

349 2709 398 2734 est
412 2704 462 2746 (et
475 2704 565 2734 istius
588 2705 741 2735 Plutarchi
759 2710 789 2735 et
805 2706 933 2737 aliorum
950 2707 1062 2737 multo-

345 2748 441 2788 rum).
486 2748 619 2778 Verbum
643 2747 840 2787 πξοΒέΒληται
863 2751 892 2780 b.
907 2751 928 2780 l.
943 2750 1063 2789 accipio

346 2801 404 2831 pro
419 2789 616 2831 ὑπεξασπίζει.
660 2791 719 2820 Sed
745 2792 870 2830 primam
890 2794 992 2823 harum
1008 2794 1063 2823 tri-

346 2845 397 2864 um
421 2834 572 2864 rationum
600 2834 752 2864 veriorem
774 2846 854 2870 esse,
873 2836 993 2873 judicio
1015 2842 1063 2866 est

346 2877 494 2908 Aristidis
509 2877 602 2907 lectio
627 2888 656 2916 p.
675 2879 746 2908 190.
764 2879 814 2908 15.
832 2879 887 2908 ubi
902 2880 996 2908 verba
1008 2879 1062 2909 illa

345 2921 533 2962 Πλουτάρχου
547 2919 678 2961 Ιιιιτξοξενεῗ
686 2921 798 2950 desunt
814 2922 958 2961 exemplo
976 2923 1061 2953 Aldi.

344 2965 434 3003 cujus
448 2965 554 3003 utique
569 2963 672 3003 potior
685 2974 754 2994 esse
769 2964 861 2994 debet
882 2965 1060 3000 auctoritas,

344 3017 433 3045 quam
463 3007 599 3046 exempli
628 3017 646 3037 a
670 3007 846 3037 Normanno
872 3007 1059 3048 interpolati,

739 187 774 230 Ι.
798 188 832 230 Ι.
855 186 1080 232 REISKE
1112 186 1440 231 ANNOTATA

1099 295 1153 334 qui
1178 307 1218 326 ex
1239 297 1333 327 editis
1348 297 1437 328 libris
1453 297 1511 328 ista
1525 297 1586 327 duo
1603 295 1750 326 vocabula
1763 294 1811 325 in-

1098 339 1260 377 terposuit.
1304 341 1435 371 Veteres
1457 341 1560 379 itaque
1582 339 1642 370 ista
1666 339 1728 369 duo
1743 344 1810 368 Μει-

1098 379 1158 415 δίας
1181 388 1212 412 et
1234 382 1427 423 πξοβὲἔλκται
1449 384 1529 414 inter
1556 394 1588 413 se
1618 382 1811 423 copulabant.

1098 425 1140 454 Et
1155 426 1191 455 ad
1213 425 1298 456 illum
1322 427 1445 457 modum
1474 428 1668 457 Not-mannus
1691 434 1811 464 quoque

1097 472 1192 503 recte,
1224 474 1275 498 aut
1301 469 1401 498 saltim
1432 470 1476 499 sic
1510 471 1584 500 satis
1611 467 1812 499 tolerabiliter

1097 511 1206 541 vertit:
1224 513 1255 542 in
1264 523 1364 551 campo
1372 513 1480 552 petitor
1489 514 1590 544 volitat
1601 512 1724 546 Midias,
1737 510 1813 540 Plu-

1096 553 1191 584 tarchi
1203 561 1376 593 procurator
1389 561 1439 586 est.

1138 614 1182 620 -—
1198 600 1226 627 3.
1245 598 1383 639 προξενεῖ]
1408 599 1490 629 Citat
1510 598 1540 630 h.
1565 598 1588 628 l.
1612 596 1768 628 Aristides
1781 607 1814 626 τ.

1097 650 1130 678 p.
1148 643 1218 672 190.

1139 700 1181 705 —
1197 685 1226 714 6.
1251 683 1310 714 οὐδὲ
1338 684 1461 726 δέδοικα]
1493 684 1617 714 correxi
1643 682 1672 712 οὐ
1695 681 1812 713 δέδοικα.

1098 726 1194 756 verba
1208 732 1278 756 sunt
1293 728 1471 758 assimulata
1488 728 1605 758 Midiae.

1138 786 1181 792 —-
1205 773 1256 800 10.
1279 771 1424 811 προσήκει]
1450 775 1523 811 post
1551 769 1682 811 vrgao-’ines
1707 768 1813 799 addidi

1098 813 1190 842 verba
1205 811 1260 851 ἐγὼ
1275 814 1331 852 μὲν
1351 815 1486 854 ἡγοῦμαι,
1501 813 1719 844 convenienter
1733 811 1812 841 mori

1097 855 1328 893 Demosthenis,
1339 857 1508 896 praemissis
1522 855 1813 894 interrogationibus

1096 897 1273 938 hujusmodi
1289 900 1487 938 pronunciata
1498 899 1732 940 responsionum
1743 898 1812 927 loco

1096 941 1292 979 subjiciendi.

1139 1001 1182 1007 —-
1202 987 1254 1014 11.
1275 984 1479 1026 μεγαλόφρων]
1501 985 1584 1015 citat
1606 983 1758 1014 Aristides
1782 995 1814 1014 τ.

1096 1036 1129 1065 p.
1145 1029 1218 1058 270.

1137 1070 1248 1100 -15.
1264 1071 1309 1101 καὶ
1332 1069 1358 1101 ἐν
1381 1071 1442 1106 τοῖς
1460 1070 1580 1111 καιξοῖς]
1608 1074 1737 1109 apparet
1763 1067 1814 1099 vi·

1097 1112 1183 1149 tium,
1199 1115 1370 1153 praesertim
1390 1124 1458 1144 cum
1474 1115 1506 1144 in
1521 1113 1589 1144 aliis
1610 1113 1697 1143 libris
1710 1112 1750 1142 sit
1763 1111 1813 1142 καὶ

1095 1154 1120 1184 ἐν
1141 1154 1178 1190 οἷς
1202 1157 1315 1197 καιροῖς.
1339 1157 1413 1187 mihi
1434 1157 1556 1187 videtur
1578 1156 1639 1196 leg.
1669 1166 1759 1186 esse:
1787 1153 1815 1185 ἐν

1095 1199 1155 1232 τοῖς
1191 1198 1343 1239 μεγίστοις
1377 1202 1489 1242 καιςοῖς.
1524 1200 1610 1240 idque
1639 1199 1815 1238 temporibus

1093 1243 1272 1282 gravissimis
1299 1250 1388 1283 atque
1414 1243 1613 1278 acerbissimi&
1648 1251 1813 1282 summeque

1097 1287 1284 1315 momentosz's.

1138 1345 1180 1350 -—
1194 1329 1250 1358 ult.
1266 1328 1393 1370 τοιαῦθ’]
1410 1329 1472 1359 alia
1496 1329 1585 1367 hujus
1603 1328 1728 1369 generis,
1750 1337 1814 1368 quee

1096 1371 1205 1406 omitto,
1221 1373 1352 1402 convicia
1365 1382 1514 1412 spargens.
1533 1372 1646 1410 pendet
1658 1368 1771 1410 ὑβρίζων
1783 1374 1814 1401 et

1095 1414 1245 1449 καθιστὰς
1260 1425 1298 1444 ex
1315 1415 1463 1446 ἀνέστηκεν
1476 1420 1507 1444 et
1522 1414 1673 1454 δημηγορεῖ
1687 1424 1715 1444 v.
1732 1416 1784 1443 21.

1139 1459 1213 1488 580.
1226 1460 1256 1488 2.
1272 1460 1351 1487 κατὰ
1362 1461 1416 1488 τῶν
1430 1459 1543 1489 πολλῶν
1553 1457 1644 1498 ὑμῶν]
1662 1457 1742 1486 idem
1767 1461 1815 1486 eet

1096 1504 1199 1539 atque,
1213 1503 1293 1530 κατὰ
1307 1503 1362 1530 τῶν
1378 1504 1491 1532 πολλῶν
1515 1499 1546 1540 ἐξ
1571 1501 1662 1540 ὑμῶν,
1684 1500 1735 1530 vel
1764 1500 1813 1530 τοῦ

1096 1542 1232 1584 ὑμετέξου
1261 1543 1402 1578 πλήθους.
1428 1545 1458 1574 ἰη
1489 1543 1727 1579 multitudinem,
1758 1553 1815 1573 seu

1097 1587 1218 1626 plebem
1250 1593 1395 1622 vestram,
1430 1591 1547 1627 partem
1579 1587 1685 1626 populi
1716 1586 1814 1616 vestri

1097 1630 1325 1660 contemtiorem
1349 1635 1439 1670 atque
1462 1629 1659 1670 egentiorem,
1683 1629 1737 1659 sed
1758 1640 1815 1659 nu·

1097 1683 1180 1702 mero
1196 1679 1400 1712 superantem.
1412 1673 1498 1715 ἔχων,
1513 1683 1530 1703 a
1544 1673 1678 1712 Tayloro
1694 1677 1812 1703 temere

1097 1716 1306 1752 sollicitatum,
1335 1718 1411 1747 bene
1438 1718 1540 1751 habet,
1565 1716 1721 1746 cohaerens
1743 1726 1814 1746 cum

1097 1758 1289 1800 πεςιὲξχεται.
1315 1771 1401 1799 quam
1424 1760 1565 1790 occultam
1581 1759 1613 1788 ‘in
1630 1758 1739 1797 plebem
1765 1769 1815 1789 ve-

1096 1811 1186 1831 stram
1201 1802 1307 1832 habens
1316 1812 1471 1843 gerensque
1483 1803 1621 1833 circumit
1634 1812 1686 1841 per
1700 1802 1814 1838 urbem,

1096 1844 1272 1885 perjurum,
1283 1847 1501 1885 opportunitate
1514 1845 1612 1876 oblata
1622 1843 1771 1886 proferens
1782 1846 1814 1875 in

1097 1889 1238 1918 medium.

1139 1949 1181 1954 —-
1194 1934 1246 1962 11.
1262 1930 1296 1961 σὲ
1318 1931 1346 1962 δὲ
1374 1931 1402 1961 οὗ
1422 1930 1609 1972 παύσεσθαι]
1634 1930 1756 1961 correxi
1777 1931 1814 1960 σὺ

1096 1972 1124 2004 δὲ
1140 1974 1198 2004 οὐδὲ
1213 1972 1285 2004 οὕτω
1300 1973 1489 2005 παύσεσθαι.
1504 1980 1530 2005 te
1543 1979 1639 2004 autem
1649 1975 1734 2004 nesio
1747 1975 1814 2014 qui-

1097 2017 1161 2047 dem
1176 2018 1216 2047 ad
1231 2018 1376 2048 meliorem
1387 2017 1515 2059 frugem
1539 2018 1720 2054 rediturum,
1735 2022 1763 2047 et
1777 2017 1815 2046 ab

1097 2061 1227 2091 audacia
1240 2067 1292 2091 tua
1308 2061 1487 2091 destiturum
1501 2070 1566 2091 esse.

1140 2121 1183 2127 -—-
1195 2104 1273 2134 ibid.
1286 2104 1335 2134 καὶ
1349 2103 1550 2144 &affine-ovem]
1563 2103 1710 2133 transitus
1722 2103 1815 2142 paulo

1097 2146 1253 2187 abruptior
1268 2155 1299 2177 et
1322 2147 1572 2186 intemperantior
1595 2147 1633 2176 ad
1656 2146 1742 2176 illum
1769 2147 1815 2176 lo-

1097 2200 1178 2226 cum,
1193 2201 1252 2229 quo
1270 2191 1333 2229 jam
1348 2195 1419 2228 aget
1434 2200 1502 2219 cum
1519 2188 1677 2220 advocatis
1697 2189 1814 2220 Midiae.

1099 2232 1184 2262 visus
1203 2233 1275 2262 mihi
1293 2234 1350 2262 hoc
1373 2243 1438 2262 sum
1455 2233 1485 2262 in
1502 2233 1620 2263 Graecis
1640 2233 1813 2262 oratoribus

1098 2276 1293 2313 observasse,
1322 2277 1413 2315 paulo
1442 2275 1627 2305 insolentius
1653 2280 1685 2305 et
1711 2276 1812 2306 minus

1099 2319 1270 2358 probabile,
1291 2323 1502 2359 vetustamque
1521 2318 1761 2357 simplicitatem,
1777 2329 1814 2349 an

1099 2363 1281 2392 cruditatem
1297 2363 1444 2398 referens,
1460 2366 1494 2392 ut
1509 2363 1548 2391 ab
1562 2362 1630 2392 aliis
1651 2372 1814 2402 argumen-

1101 2403 1140 2434 tis
1155 2406 1192 2435 ad
1211 2406 1282 2441 alia,
1298 2416 1355 2435 non
1380 2405 1567 2444 pedetentim
1592 2409 1623 2435 et
1643 2406 1815 2442 commode,

1099 2458 1157 2477 non
1176 2447 1236 2484 via,
1253 2449 1308 2478 sed
1325 2449 1417 2484 saltu,
1431 2459 1528 2488 eoque
1546 2458 1630 2488 saepe
1644 2449 1812 2488 praecipiti,

1099 2492 1331 2521 transferantur.

1140 2552 1184 2557 ——-
1202 2537 1250 2565 12.
1265 2535 1285 2564 οἳ
1299 2533 1443 2574 λέγοντες]
1456 2538 1525 2564 sunt
1537 2533 1678 2563 Eubulus
1685 2534 1813 2574 ejusque

1099 2576 1213 2607 similes
1228 2582 1259 2608 et
1274 2577 1409 2613 sodales,
1425 2581 1459 2607 ut
1474 2588 1490 2607 e
1507 2577 1707 2616 sequentibus
1717 2582 1813 2617 patet.

1140 2638 1183 2645 ——
1199 2624 1251 2652 14.
1267 2618 1358 2662 οὗτος]
1381 2621 1433 2650 Est
1447 2621 1527 2650 idem
1548 2620 1697 2650 Eubulus·

1140 2681 1183 2687 —-
1217 2666 1267 2695 15.
1293 2663 1427 2705 βιάζεται
1452 2665 1537 2693 τοῦτο
1562 2662 1610 2692 οὗκ
1637 2661 1731 2703 ὀρθῶς]
1760 2668 1814 2693 aut

1099 2707 1300 2742 omittendum
1317 2712 1363 2737 est
1377 2715 1563 2746 praenomen,
1577 2716 1617 2736 ex
1632 2706 1815 2736 auctoritate

1099 2751 1283 2790 Augustani,
1311 2750 1406 2780 antei
1425 2749 1596 2779 addendum
1623 2753 1670 2778 est
1695 2747 1736 2787 γ’.
1761 2759 1814 2788 per

1097 2795 1156 2823 vim
1172 2794 1299 2823 obtinere
1319 2798 1444 2823 conatum·
1467 2798 1494 2821 et
1521 2792 1680 2827 contendit,
1703 2793 1738 2821 ι’νι
1762 2791 1814 2822 hoc

1097 2837 1211 2876 quidem
1225 2837 1324 2866 minus
1338 2836 1387 2866 ille
1398 2840 1473 2865 recto
1487 2844 1584 2875 agens.

1140 2897 1183 2903 -—-
1200 2881 1250 2909 18.
1266 2877 1407 2912 πεπονθὼς
1418 2878 1526 2920 κακῶς]
1553 2876 1682 2908 subaudi
1697 2876 1746 2909 ὑπ’
1765 2877 1815 2907 αὐ-

1096 2922 1159 2959 τοῦ,
1173 2923 1209 2952 ab
1224 2932 1266 2957 eo,
1282 2922 1401 2952 Eubulo
1418 2926 1503 2960 puta.

1138 2967 1213 2996 581.
1240 2967 1292 2995 11.
1319 2963 1438 3004 ἐκείνως]
1469 2963 1538 2994 soil.
1563 2962 1720 3004 λαμβάνων
1746 2961 1814 3004 παρ’

1095 3006 1165 3046 ἐμοῦ
1180 3006 1252 3038 δίκην
1266 3010 1347 3038 κατὰ
1360 3008 1426 3042 τοὺς
1437 3006 1545 3048 νόμους.
