<?xml version="1.0" encoding="UTF-8"?>
<!DOCTYPE html PUBLIC "-//W3C//DTD XHTML 1.0 Transitional//EN"
    "http://www.w3.org/TR/xhtml1/DTD/xhtml1-transitional.dtd">
<html xmlns="http://www.w3.org/1999/xhtml" xml:lang="en" lang="en">
 <head>
  <title>
</title>
<meta http-equiv="Content-Type" content="text/html;charset=utf-8" />
  <meta name='ocr-system' content='tesseract 3.04.00' />
  <meta name='ocr-capabilities' content='ocr_page ocr_carea ocr_par ocr_line ocrx_word'/>
</head>
<body>
  <div class='ocr_page' id='page_1' title='image "./oratoresatticie09dobs/oratoresatticie09dobs_0471.png"; bbox 0 0 1931 3322; ppageno 0'>
   <div class='ocr_carea' id='block_1_1' title="bbox 430 225 1231 269">
    <p class='ocr_par' dir='ltr' id='par_1_1' title="bbox 430 225 1231 269">
     <span class='ocr_line' id='line_1_1' title="bbox 430 225 1231 269; baseline 0 0"><span class='ocrx_word' id='word_1_1' title='bbox 430 227 512 269; x_wconf 91' lang='lat' dir='ltr'>AD</span> <span class='ocrx_word' id='word_1_2' title='bbox 546 227 719 268; x_wconf 86' lang='lat' dir='ltr'><strong>ORAT.</strong></span> <span class='ocrx_word' id='word_1_3' title='bbox 753 226 836 267; x_wconf 90' lang='lat' dir='ltr'>DE</span> <span class='ocrx_word' id='word_1_4' title='bbox 867 225 1231 269; x_wconf 79' lang='lat' dir='ltr'>SYMMORIIS.</span> 
     </span>
    </p>
   </div>
   <div class='ocr_carea' id='block_1_2' title="bbox 112 333 845 3087">
    <p class='ocr_par' dir='ltr' id='par_1_2' title="bbox 114 333 311 365">
     <span class='ocr_line' id='line_1_2' title="bbox 114 333 311 365; baseline 0.005 -2"><span class='ocrx_word' id='word_1_5' title='bbox 114 333 311 365; x_wconf 62' lang='lat' dir='ltr'>Seruus-en.</span> 
     </span>
    </p>

    <p class='ocr_par' dir='ltr' id='par_1_3' title="bbox 112 376 824 922">
     <span class='ocr_line' id='line_1_3' title="bbox 157 376 822 418; baseline -0.002 -12"><span class='ocrx_word' id='word_1_6' title='bbox 157 377 283 407; x_wconf 90' lang='lat' dir='ltr'>—ibid.</span> <span class='ocrx_word' id='word_1_7' title='bbox 293 376 453 418; x_wconf 74' lang='grc' dir='ltr'>ὀρφανικῶν]</span> <span class='ocrx_word' id='word_1_8' title='bbox 470 377 707 407; x_wconf 84' lang='lat' dir='ltr'>Restituendum</span> <span class='ocrx_word' id='word_1_9' title='bbox 719 376 822 406; x_wconf 90' lang='lat' dir='ltr'>eadem</span> 
     </span>
     <span class='ocr_line' id='line_1_4' title="bbox 116 418 824 459; baseline -0.001 -11"><span class='ocrx_word' id='word_1_10' title='bbox 116 420 154 448; x_wconf 88' lang='lat' dir='ltr'>de</span> <span class='ocrx_word' id='word_1_11' title='bbox 171 430 273 456; x_wconf 87' lang='lat' dir='ltr'>causa,</span> <span class='ocrx_word' id='word_1_12' title='bbox 291 431 378 459; x_wconf 85' lang='lat' dir='ltr'>quam</span> <span class='ocrx_word' id='word_1_13' title='bbox 397 431 488 459; x_wconf 84' lang='lat' dir='ltr'>supra</span> <span class='ocrx_word' id='word_1_14' title='bbox 510 421 657 456; x_wconf 82' lang='lat' dir='ltr'>diximus,</span> <span class='ocrx_word' id='word_1_15' title='bbox 680 426 767 449; x_wconf 85' lang='lat' dir='ltr'>vetus</span> <span class='ocrx_word' id='word_1_16' title='bbox 785 418 824 458; x_wconf 68' lang='grc' dir='ltr'>ὅξ-</span> 
     </span>
     <span class='ocr_line' id='line_1_5' title="bbox 114 462 822 503; baseline -0.003 -11"><span class='ocrx_word' id='word_1_17' title='bbox 114 465 214 501; x_wconf 53' lang='lat' dir='ltr'>eamr.</span> <span class='ocrx_word' id='word_1_18' title='bbox 259 463 336 492; x_wconf 90' lang='lat' dir='ltr'>Sunt</span> <span class='ocrx_word' id='word_1_19' title='bbox 361 464 449 492; x_wconf 83' lang='lat' dir='ltr'>liberi</span> <span class='ocrx_word' id='word_1_20' title='bbox 469 464 647 503; x_wconf 86' lang='lat' dir='ltr'>parentibus</span> <span class='ocrx_word' id='word_1_21' title='bbox 669 462 746 497; x_wconf 87' lang='lat' dir='ltr'>orbi,</span> <span class='ocrx_word' id='word_1_22' title='bbox 770 462 822 500; x_wconf 88' lang='lat' dir='ltr'>qui</span> 
     </span>
     <span class='ocr_line' id='line_1_6' title="bbox 114 505 822 544; baseline 0 -10"><span class='ocrx_word' id='word_1_23' title='bbox 114 505 153 534; x_wconf 69' lang='lat' dir='ltr'>nd</span> <span class='ocrx_word' id='word_1_24' title='bbox 169 506 357 544; x_wconf 74' lang='lat' dir='ltr'><strong>pubertatem</strong></span> <span class='ocrx_word' id='word_1_25' title='bbox 374 507 504 536; x_wconf 87' lang='lat' dir='ltr'>nondum</span> <span class='ocrx_word' id='word_1_26' title='bbox 518 510 721 535; x_wconf 82' lang='lat' dir='ltr'>accesserunt.</span> <span class='ocrx_word' id='word_1_27' title='bbox 755 506 822 534; x_wconf 90' lang='lat' dir='ltr'>Nec</span> 
     </span>
     <span class='ocr_line' id='line_1_7' title="bbox 113 547 821 587; baseline -0.001 -11"><span class='ocrx_word' id='word_1_28' title='bbox 113 547 225 578; x_wconf 86' lang='lat' dir='ltr'>mirum</span> <span class='ocrx_word' id='word_1_29' title='bbox 248 556 307 585; x_wconf 84' lang='lat' dir='ltr'>est,</span> <span class='ocrx_word' id='word_1_30' title='bbox 329 551 384 578; x_wconf 85' lang='lat' dir='ltr'>hos</span> <span class='ocrx_word' id='word_1_31' title='bbox 407 561 424 579; x_wconf 91' lang='lat' dir='ltr'>e</span> <span class='ocrx_word' id='word_1_32' title='bbox 440 560 564 578; x_wconf 87' lang='lat' dir='ltr'>numero</span> <span class='ocrx_word' id='word_1_33' title='bbox 580 547 821 587; x_wconf 77' lang='lat' dir='ltr'>symmoriiarum</span> 
     </span>
     <span class='ocr_line' id='line_1_8' title="bbox 113 590 820 631; baseline -0.001 -12"><span class='ocrx_word' id='word_1_34' title='bbox 113 596 263 630; x_wconf 83' lang='lat' dir='ltr'>exceptos</span> <span class='ocrx_word' id='word_1_35' title='bbox 272 603 341 622; x_wconf 87' lang='lat' dir='ltr'>esse</span> <span class='ocrx_word' id='word_1_36' title='bbox 352 593 421 631; x_wconf 88' lang='lat' dir='ltr'>lege</span> <span class='ocrx_word' id='word_1_37' title='bbox 434 592 663 626; x_wconf 81' lang='lat' dir='ltr'>Demosthenis,</span> <span class='ocrx_word' id='word_1_38' title='bbox 673 591 721 619; x_wconf 84' lang='lat' dir='ltr'>cui</span> <span class='ocrx_word' id='word_1_39' title='bbox 731 590 820 618; x_wconf 82' lang='lat' dir='ltr'>etiam</span> 
     </span>
     <span class='ocr_line' id='line_1_9' title="bbox 112 635 819 665; baseline -0.001 -3"><span class='ocrx_word' id='word_1_40' title='bbox 112 639 183 664; x_wconf 83' lang='lat' dir='ltr'>ante</span> <span class='ocrx_word' id='word_1_41' title='bbox 201 635 308 664; x_wconf 84' lang='lat' dir='ltr'>oculos</span> <span class='ocrx_word' id='word_1_42' title='bbox 327 635 524 665; x_wconf 73' lang='lat' dir='ltr'>versabantur</span> <span class='ocrx_word' id='word_1_43' title='bbox 544 644 664 663; x_wconf 86' lang='lat' dir='ltr'>suorum</span> <span class='ocrx_word' id='word_1_44' title='bbox 687 637 819 662; x_wconf 84' lang='lat' dir='ltr'>tutorum</span> 
     </span>
     <span class='ocr_line' id='line_1_10' title="bbox 113 675 820 715; baseline -0.001 -10"><span class='ocrx_word' id='word_1_45' title='bbox 113 675 247 715; x_wconf 84' lang='lat' dir='ltr'>injuriae.</span> <span class='ocrx_word' id='word_1_46' title='bbox 292 678 405 707; x_wconf 89' lang='lat' dir='ltr'>Verum</span> <span class='ocrx_word' id='word_1_47' title='bbox 432 679 470 707; x_wconf 89' lang='lat' dir='ltr'>de</span> <span class='ocrx_word' id='word_1_48' title='bbox 495 677 552 712; x_wconf 84' lang='lat' dir='ltr'>his,</span> <span class='ocrx_word' id='word_1_49' title='bbox 579 677 624 705; x_wconf 86' lang='lat' dir='ltr'>uti</span> <span class='ocrx_word' id='word_1_50' title='bbox 646 681 676 706; x_wconf 86' lang='lat' dir='ltr'>et</span> <span class='ocrx_word' id='word_1_51' title='bbox 696 675 820 704; x_wconf 89' lang='lat' dir='ltr'>aliarum</span> 
     </span>
     <span class='ocr_line' id='line_1_11' title="bbox 114 719 821 760; baseline 0 -12"><span class='ocrx_word' id='word_1_52' title='bbox 114 719 204 760; x_wconf 84' lang='lat' dir='ltr'>hujus</span> <span class='ocrx_word' id='word_1_53' title='bbox 220 720 297 760; x_wconf 88' lang='lat' dir='ltr'>legis</span> <span class='ocrx_word' id='word_1_54' title='bbox 313 720 443 759; x_wconf 86' lang='lat' dir='ltr'>partium</span> <span class='ocrx_word' id='word_1_55' title='bbox 460 730 550 750; x_wconf 84' lang='lat' dir='ltr'>causa</span> <span class='ocrx_word' id='word_1_56' title='bbox 565 725 597 748; x_wconf 88' lang='lat' dir='ltr'>et</span> <span class='ocrx_word' id='word_1_57' title='bbox 611 720 737 753; x_wconf 87' lang='lat' dir='ltr'>ratione,</span> <span class='ocrx_word' id='word_1_58' title='bbox 748 719 821 748; x_wconf 90' lang='lat' dir='ltr'>ube-</span> 
     </span>
     <span class='ocr_line' id='line_1_12' title="bbox 112 761 820 803; baseline -0.001 -12"><span class='ocrx_word' id='word_1_59' title='bbox 112 761 177 792; x_wconf 84' lang='lat' dir='ltr'>rius</span> <span class='ocrx_word' id='word_1_60' title='bbox 191 773 316 801; x_wconf 84' lang='lat' dir='ltr'>agemus</span> <span class='ocrx_word' id='word_1_61' title='bbox 329 763 360 793; x_wconf 89' lang='lat' dir='ltr'>in</span> <span class='ocrx_word' id='word_1_62' title='bbox 376 763 524 803; x_wconf 80' lang='lat' dir='ltr'>peculiari</span> <span class='ocrx_word' id='word_1_63' title='bbox 542 762 766 792; x_wconf 82' lang='lat' dir='ltr'>Dissertatione</span> <span class='ocrx_word' id='word_1_64' title='bbox 782 762 820 791; x_wconf 82' lang='lat' dir='ltr'>de</span> 
     </span>
     <span class='ocr_line' id='line_1_13' title="bbox 115 805 820 845; baseline -0.001 -11"><span class='ocrx_word' id='word_1_65' title='bbox 115 805 261 835; x_wconf 87' lang='lat' dir='ltr'>universo</span> <span class='ocrx_word' id='word_1_66' title='bbox 278 806 335 836; x_wconf 88' lang='lat' dir='ltr'>boc</span> <span class='ocrx_word' id='word_1_67' title='bbox 351 806 580 845; x_wconf 81' lang='lat' dir='ltr'>symmoriarum</span> <span class='ocrx_word' id='word_1_68' title='bbox 597 807 677 844; x_wconf 91' lang='lat' dir='ltr'>apud</span> <span class='ocrx_word' id='word_1_69' title='bbox 694 805 820 835; x_wconf 85' lang='lat' dir='ltr'>Atheni-</span> 
     </span>
     <span class='ocr_line' id='line_1_14' title="bbox 114 849 822 879; baseline 0.001 -2"><span class='ocrx_word' id='word_1_70' title='bbox 114 858 204 878; x_wconf 82' lang='lat' dir='ltr'><strong>enses</strong></span> <span class='ocrx_word' id='word_1_71' title='bbox 234 849 373 879; x_wconf 80' lang='lat' dir='ltr'>instituto</span> <span class='ocrx_word' id='word_1_72' title='bbox 410 860 483 879; x_wconf 82' lang='lat' dir='ltr'>mox</span> <span class='ocrx_word' id='word_1_73' title='bbox 518 849 644 879; x_wconf 86' lang='lat' dir='ltr'>edenda.</span> <span class='ocrx_word' id='word_1_74' title='bbox 685 852 822 878; x_wconf 65' lang='lat' dir='ltr'>Amans·</span> 
     </span>
     <span class='ocr_line' id='line_1_15' title="bbox 116 901 265 922; baseline 0.007 -1"><span class='ocrx_word' id='word_1_75' title='bbox 116 901 265 922; x_wconf 76' lang='lat' dir='ltr'>roonnr.</span> 
     </span>
    </p>

    <p class='ocr_par' dir='ltr' id='par_1_4' title="bbox 113 934 824 1008">
     <span class='ocr_line' id='line_1_16' title="bbox 156 934 824 976; baseline 0 -12"><span class='ocrx_word' id='word_1_76' title='bbox 156 935 283 964; x_wconf 84' lang='lat' dir='ltr'>—ibid.</span> <span class='ocrx_word' id='word_1_77' title='bbox 297 934 499 976; x_wconf 66' lang='grc' dir='ltr'>κληξουχικῶν]</span> <span class='ocrx_word' id='word_1_78' title='bbox 517 936 554 965; x_wconf 88' lang='lat' dir='ltr'>V.</span> <span class='ocrx_word' id='word_1_79' title='bbox 567 935 692 965; x_wconf 89' lang='lat' dir='ltr'>Photius</span> <span class='ocrx_word' id='word_1_80' title='bbox 705 945 732 964; x_wconf 89' lang='lat' dir='ltr'>c.</span> <span class='ocrx_word' id='word_1_81' title='bbox 751 935 824 965; x_wconf 75' lang='lat'>125.</span> 
     </span>
     <span class='ocr_line' id='line_1_17' title="bbox 113 978 312 1008; baseline 0.005 -1"><span class='ocrx_word' id='word_1_82' title='bbox 113 978 312 1008; x_wconf 76' lang='lat' dir='ltr'>SCHAEFER·</span> 
     </span>
    </p>

    <p class='ocr_par' dir='ltr' id='par_1_5' title="bbox 113 1021 828 2131">
     <span class='ocr_line' id='line_1_18' title="bbox 155 1021 824 1062; baseline -0.003 -11"><span class='ocrx_word' id='word_1_83' title='bbox 155 1039 199 1044; x_wconf 98' lang='lat'>—</span> <span class='ocrx_word' id='word_1_84' title='bbox 223 1023 274 1051; x_wconf 85' lang='lat'>10.</span> <span class='ocrx_word' id='word_1_85' title='bbox 299 1022 465 1062; x_wconf 72' lang='grc' dir='ltr'>κοινωνικῶν]</span> <span class='ocrx_word' id='word_1_86' title='bbox 494 1022 556 1052; x_wconf 90' lang='lat' dir='ltr'>Cur</span> <span class='ocrx_word' id='word_1_87' title='bbox 584 1022 615 1051; x_wconf 89' lang='lat' dir='ltr'>hi</span> <span class='ocrx_word' id='word_1_88' title='bbox 638 1021 824 1060; x_wconf 87' lang='lat' dir='ltr'>symmoritis</span> 
     </span>
     <span class='ocr_line' id='line_1_19' title="bbox 115 1064 824 1100; baseline -0.001 -7"><span class='ocrx_word' id='word_1_89' title='bbox 115 1065 228 1093; x_wconf 83' lang='lat' dir='ltr'>exemti</span> <span class='ocrx_word' id='word_1_90' title='bbox 240 1064 364 1100; x_wconf 86' lang='lat' dir='ltr'>fuerint,</span> <span class='ocrx_word' id='word_1_91' title='bbox 373 1065 486 1094; x_wconf 87' lang='lat' dir='ltr'>docent</span> <span class='ocrx_word' id='word_1_92' title='bbox 498 1064 695 1094; x_wconf 84' lang='lat' dir='ltr'>Grammatici</span> <span class='ocrx_word' id='word_1_93' title='bbox 709 1074 726 1092; x_wconf 94' lang='lat' dir='ltr'>a</span> <span class='ocrx_word' id='word_1_94' title='bbox 736 1064 824 1093; x_wconf 92' lang='lat' dir='ltr'>Wol-</span> 
     </span>
     <span class='ocr_line' id='line_1_20' title="bbox 113 1106 824 1146; baseline 0 -10"><span class='ocrx_word' id='word_1_95' title='bbox 113 1106 153 1136; x_wconf 83' lang='lat' dir='ltr'>fio</span> <span class='ocrx_word' id='word_1_96' title='bbox 167 1107 360 1146; x_wconf 83' lang='lat' dir='ltr'>Reiskioque</span> <span class='ocrx_word' id='word_1_97' title='bbox 376 1108 415 1137; x_wconf 90' lang='lat' dir='ltr'>ad</span> <span class='ocrx_word' id='word_1_98' title='bbox 430 1108 461 1138; x_wconf 86' lang='lat' dir='ltr'>h.</span> <span class='ocrx_word' id='word_1_99' title='bbox 475 1108 496 1137; x_wconf 96' lang='lat' dir='ltr'>l.</span> <span class='ocrx_word' id='word_1_100' title='bbox 507 1107 632 1137; x_wconf 88' lang='lat' dir='ltr'>laudati.</span> <span class='ocrx_word' id='word_1_101' title='bbox 679 1106 824 1136; x_wconf 82' lang='lat' dir='ltr'>Reiskius</span> 
     </span>
     <span class='ocr_line' id='line_1_21' title="bbox 113 1149 823 1190; baseline 0 -11"><span class='ocrx_word' id='word_1_102' title='bbox 113 1150 229 1190; x_wconf 86' lang='lat' dir='ltr'>accipit</span> <span class='ocrx_word' id='word_1_103' title='bbox 251 1150 289 1180; x_wconf 87' lang='lat' dir='ltr'>de</span> <span class='ocrx_word' id='word_1_104' title='bbox 313 1151 469 1190; x_wconf 84' lang='lat' dir='ltr'>fratribus,</span> <span class='ocrx_word' id='word_1_105' title='bbox 485 1151 539 1190; x_wconf 89' lang='lat' dir='ltr'>qui</span> <span class='ocrx_word' id='word_1_106' title='bbox 560 1149 741 1189; x_wconf 86' lang='lat' dir='ltr'>patrimonio</span> <span class='ocrx_word' id='word_1_107' title='bbox 756 1160 823 1186; x_wconf 37' lang='lat' dir='ltr'>:non</span> 
     </span>
     <span class='ocr_line' id='line_1_22' title="bbox 113 1193 822 1232; baseline -0.001 -10"><span class='ocrx_word' id='word_1_108' title='bbox 113 1193 215 1223; x_wconf 82' lang='lat' dir='ltr'>diviso</span> <span class='ocrx_word' id='word_1_109' title='bbox 228 1196 362 1223; x_wconf 90' lang='lat' dir='ltr'>utuntur.</span> <span class='ocrx_word' id='word_1_110' title='bbox 407 1193 516 1232; x_wconf 83' lang='lat' dir='ltr'>Neque</span> <span class='ocrx_word' id='word_1_111' title='bbox 531 1193 659 1222; x_wconf 87' lang='lat' dir='ltr'>multum</span> <span class='ocrx_word' id='word_1_112' title='bbox 675 1202 822 1231; x_wconf 87' lang='lat' dir='ltr'>repugno.</span> 
     </span>
     <span class='ocr_line' id='line_1_23' title="bbox 115 1236 823 1276; baseline 0 -11"><span class='ocrx_word' id='word_1_113' title='bbox 115 1237 192 1274; x_wconf 87' lang='lat' dir='ltr'>Quae</span> <span class='ocrx_word' id='word_1_114' title='bbox 213 1236 361 1275; x_wconf 83' lang='lat' dir='ltr'>deinceps</span> <span class='ocrx_word' id='word_1_115' title='bbox 376 1236 452 1266; x_wconf 90' lang='lat' dir='ltr'>ibid.</span> <span class='ocrx_word' id='word_1_116' title='bbox 469 1236 607 1276; x_wconf 87' lang='lat' dir='ltr'>disputat</span> <span class='ocrx_word' id='word_1_117' title='bbox 622 1236 660 1265; x_wconf 87' lang='lat' dir='ltr'>de</span> <span class='ocrx_word' id='word_1_118' title='bbox 676 1236 823 1265; x_wconf 82' lang='lat' dir='ltr'>sortiendi</span> 
     </span>
     <span class='ocr_line' id='line_1_24' title="bbox 113 1279 823 1320; baseline 0 -11"><span class='ocrx_word' id='word_1_119' title='bbox 113 1279 286 1318; x_wconf 78' lang='lat' dir='ltr'>iniquitate,</span> <span class='ocrx_word' id='word_1_120' title='bbox 295 1289 353 1319; x_wconf 91' lang='lat' dir='ltr'>quo</span> <span class='ocrx_word' id='word_1_121' title='bbox 367 1290 408 1309; x_wconf 87' lang='lat' dir='ltr'>ex</span> <span class='ocrx_word' id='word_1_122' title='bbox 419 1279 622 1320; x_wconf 90' lang='lat' dir='ltr'>complurium</span> <span class='ocrx_word' id='word_1_123' title='bbox 635 1279 759 1309; x_wconf 81' lang='lat' dir='ltr'>fratrum</span> <span class='ocrx_word' id='word_1_124' title='bbox 770 1289 823 1309; x_wconf 92' lang='lat' dir='ltr'>nu-</span> 
     </span>
     <span class='ocr_line' id='line_1_25' title="bbox 113 1321 826 1363; baseline -0.001 -11"><span class='ocrx_word' id='word_1_125' title='bbox 113 1332 199 1352; x_wconf 89' lang='lat' dir='ltr'>mero</span> <span class='ocrx_word' id='word_1_126' title='bbox 223 1333 299 1352; x_wconf 88' lang='lat' dir='ltr'>unus</span> <span class='ocrx_word' id='word_1_127' title='bbox 323 1322 484 1359; x_wconf 76' lang='lat' dir='ltr'>eximatur,</span> <span class='ocrx_word' id='word_1_128' title='bbox 503 1322 555 1361; x_wconf 87' lang='lat' dir='ltr'>qui</span> <span class='ocrx_word' id='word_1_129' title='bbox 576 1323 627 1356; x_wconf 72' lang='grc' dir='ltr'>τῆς</span> <span class='ocrx_word' id='word_1_130' title='bbox 647 1321 826 1363; x_wconf 59' lang='grc' dir='ltr'>τριηραρχίας</span> 
     </span>
     <span class='ocr_line' id='line_1_26' title="bbox 113 1365 825 1401; baseline 0.001 -6"><span class='ocrx_word' id='word_1_131' title='bbox 113 1376 224 1395; x_wconf 88' lang='lat' dir='ltr'>munus</span> <span class='ocrx_word' id='word_1_132' title='bbox 241 1367 342 1401; x_wconf 90' lang='lat' dir='ltr'>obeat,</span> <span class='ocrx_word' id='word_1_133' title='bbox 360 1366 457 1396; x_wconf 83' lang='lat' dir='ltr'>nostri</span> <span class='ocrx_word' id='word_1_134' title='bbox 477 1367 536 1396; x_wconf 83' lang='lat' dir='ltr'>aevi</span> <span class='ocrx_word' id='word_1_135' title='bbox 552 1365 688 1396; x_wconf 89' lang='lat' dir='ltr'>moribus</span> <span class='ocrx_word' id='word_1_136' title='bbox 704 1366 825 1396; x_wconf 90' lang='lat' dir='ltr'>omnino</span> 
     </span>
     <span class='ocr_line' id='line_1_27' title="bbox 114 1408 827 1448; baseline 0.001 -10"><span class='ocrx_word' id='word_1_137' title='bbox 114 1409 310 1444; x_wconf 86' lang='lat' dir='ltr'>conveniunt,</span> <span class='ocrx_word' id='word_1_138' title='bbox 329 1419 389 1448; x_wconf 90' lang='lat' dir='ltr'>quo</span> <span class='ocrx_word' id='word_1_139' title='bbox 405 1408 577 1448; x_wconf 79' lang='lat' dir='ltr'>hujusmodi</span> <span class='ocrx_word' id='word_1_140' title='bbox 600 1414 717 1438; x_wconf 86' lang='lat' dir='ltr'>sumtus</span> <span class='ocrx_word' id='word_1_141' title='bbox 735 1419 791 1438; x_wconf 87' lang='lat' dir='ltr'>non</span> <span class='ocrx_word' id='word_1_142' title='bbox 810 1420 827 1439; x_wconf 88' lang='lat' dir='ltr'>a</span> 
     </span>
     <span class='ocr_line' id='line_1_28' title="bbox 114 1452 825 1491; baseline 0.001 -10"><span class='ocrx_word' id='word_1_143' title='bbox 114 1453 224 1491; x_wconf 84' lang='lat' dir='ltr'>paucis</span> <span class='ocrx_word' id='word_1_144' title='bbox 239 1452 414 1489; x_wconf 87' lang='lat' dir='ltr'>ditioribus,</span> <span class='ocrx_word' id='word_1_145' title='bbox 436 1462 556 1487; x_wconf 87' lang='lat' dir='ltr'>verum,</span> <span class='ocrx_word' id='word_1_146' title='bbox 573 1452 617 1481; x_wconf 79' lang='lat' dir='ltr'>uti</span> <span class='ocrx_word' id='word_1_147' title='bbox 639 1462 693 1491; x_wconf 80' lang='lat' dir='ltr'>par</span> <span class='ocrx_word' id='word_1_148' title='bbox 714 1457 772 1486; x_wconf 88' lang='lat' dir='ltr'>est,</span> <span class='ocrx_word' id='word_1_149' title='bbox 787 1453 825 1482; x_wconf 79' lang='lat' dir='ltr'>ab</span> 
     </span>
     <span class='ocr_line' id='line_1_29' title="bbox 114 1495 825 1535; baseline 0 -10"><span class='ocrx_word' id='word_1_150' title='bbox 114 1495 259 1525; x_wconf 80' lang='lat' dir='ltr'>universa</span> <span class='ocrx_word' id='word_1_151' title='bbox 279 1495 400 1535; x_wconf 87' lang='lat' dir='ltr'>republ.</span> <span class='ocrx_word' id='word_1_152' title='bbox 418 1496 564 1525; x_wconf 82' lang='lat' dir='ltr'>feruntur.</span> <span class='ocrx_word' id='word_1_153' title='bbox 608 1495 728 1533; x_wconf 84' lang='lat' dir='ltr'>Quodsi</span> <span class='ocrx_word' id='word_1_154' title='bbox 751 1506 825 1525; x_wconf 91' lang='lat' dir='ltr'>vero</span> 
     </span>
     <span class='ocr_line' id='line_1_30' title="bbox 114 1537 826 1580; baseline 0 -12"><span class='ocrx_word' id='word_1_155' title='bbox 114 1549 173 1577; x_wconf 89' lang='lat' dir='ltr'>pro</span> <span class='ocrx_word' id='word_1_156' title='bbox 192 1538 355 1580; x_wconf 71' lang='grc' dir='ltr'>τριηςοιςχίᾳ</span> <span class='ocrx_word' id='word_1_157' title='bbox 379 1539 426 1569; x_wconf 84' lang='lat' dir='ltr'>vel</span> <span class='ocrx_word' id='word_1_158' title='bbox 450 1537 607 1578; x_wconf 56' lang='grc' dir='ltr'>λειτουργίᾳ</span> <span class='ocrx_word' id='word_1_159' title='bbox 630 1539 826 1577; x_wconf 82' lang='lat' dir='ltr'>rescripseris</span> 
     </span>
     <span class='ocr_line' id='line_1_31' title="bbox 114 1581 825 1621; baseline -0.001 -10"><span class='ocrx_word' id='word_1_160' title='bbox 114 1581 252 1612; x_wconf 80' lang='lat' dir='ltr'>militiam</span> <span class='ocrx_word' id='word_1_161' title='bbox 276 1587 450 1617; x_wconf 80' lang='lat' dir='ltr'>terrestrem,</span> <span class='ocrx_word' id='word_1_162' title='bbox 474 1586 508 1611; x_wconf 82' lang='lat' dir='ltr'>ut</span> <span class='ocrx_word' id='word_1_163' title='bbox 529 1581 559 1611; x_wconf 90' lang='lat' dir='ltr'>in</span> <span class='ocrx_word' id='word_1_164' title='bbox 583 1581 629 1610; x_wconf 87' lang='lat' dir='ltr'>his</span> <span class='ocrx_word' id='word_1_165' title='bbox 652 1581 733 1611; x_wconf 91' lang='lat' dir='ltr'>notis</span> <span class='ocrx_word' id='word_1_166' title='bbox 756 1593 825 1621; x_wconf 85' lang='lat' dir='ltr'>per-</span> 
     </span>
     <span class='ocr_line' id='line_1_32' title="bbox 114 1624 824 1664; baseline 0 -10"><span class='ocrx_word' id='word_1_167' title='bbox 114 1629 209 1664; x_wconf 86' lang='lat' dir='ltr'>petuo</span> <span class='ocrx_word' id='word_1_168' title='bbox 221 1635 324 1655; x_wconf 88' lang='lat' dir='ltr'>errore</span> <span class='ocrx_word' id='word_1_169' title='bbox 336 1625 410 1655; x_wconf 79' lang='lat' dir='ltr'>fecit</span> <span class='ocrx_word' id='word_1_170' title='bbox 424 1624 584 1660; x_wconf 83' lang='lat' dir='ltr'>Reiskius,</span> <span class='ocrx_word' id='word_1_171' title='bbox 596 1625 733 1664; x_wconf 89' lang='lat' dir='ltr'>ejusdem</span> <span class='ocrx_word' id='word_1_172' title='bbox 748 1625 824 1655; x_wconf 86' lang='lat' dir='ltr'>ratio</span> 
     </span>
     <span class='ocr_line' id='line_1_33' title="bbox 117 1667 824 1707; baseline -0.001 -9"><span class='ocrx_word' id='word_1_173' title='bbox 117 1667 260 1707; x_wconf 82' lang='lat' dir='ltr'>exiguam</span> <span class='ocrx_word' id='word_1_174' title='bbox 287 1668 380 1698; x_wconf 90' lang='lat' dir='ltr'>habet</span> <span class='ocrx_word' id='word_1_175' title='bbox 404 1673 504 1698; x_wconf 86' lang='lat' dir='ltr'>nostro</span> <span class='ocrx_word' id='word_1_176' title='bbox 527 1674 663 1706; x_wconf 86' lang='lat' dir='ltr'>tempore</span> <span class='ocrx_word' id='word_1_177' title='bbox 693 1669 824 1697; x_wconf 81' lang='lat' dir='ltr'>auctori·</span> 
     </span>
     <span class='ocr_line' id='line_1_34' title="bbox 115 1711 826 1751; baseline 0 -11"><span class='ocrx_word' id='word_1_178' title='bbox 115 1715 219 1741; x_wconf 89' lang='lat' dir='ltr'>tatem.</span> <span class='ocrx_word' id='word_1_179' title='bbox 265 1711 325 1740; x_wconf 89' lang='lat' dir='ltr'>Sed</span> <span class='ocrx_word' id='word_1_180' title='bbox 348 1711 520 1751; x_wconf 84' lang='lat' dir='ltr'>hujusmodi</span> <span class='ocrx_word' id='word_1_181' title='bbox 542 1711 738 1750; x_wconf 77' lang='lat' dir='ltr'>disceptatio,</span> <span class='ocrx_word' id='word_1_182' title='bbox 755 1712 826 1750; x_wconf 92' lang='lat' dir='ltr'>quia</span> 
     </span>
     <span class='ocr_line' id='line_1_35' title="bbox 116 1754 827 1793; baseline 0 -9"><span class='ocrx_word' id='word_1_183' title='bbox 116 1754 191 1784; x_wconf 89' lang='lat' dir='ltr'>nihil</span> <span class='ocrx_word' id='word_1_184' title='bbox 209 1754 247 1784; x_wconf 87' lang='lat' dir='ltr'>ad</span> <span class='ocrx_word' id='word_1_185' title='bbox 271 1755 507 1784; x_wconf 81' lang='lat' dir='ltr'>Demosthenem</span> <span class='ocrx_word' id='word_1_186' title='bbox 533 1754 678 1793; x_wconf 81' lang='lat' dir='ltr'>pertinet,</span> <span class='ocrx_word' id='word_1_187' title='bbox 701 1765 718 1783; x_wconf 87' lang='lat' dir='ltr'>a</span> <span class='ocrx_word' id='word_1_188' title='bbox 739 1755 827 1784; x_wconf 88' lang='lat' dir='ltr'>nobis</span> 
     </span>
     <span class='ocr_line' id='line_1_36' title="bbox 115 1797 827 1834; baseline 0 -7"><span class='ocrx_word' id='word_1_189' title='bbox 115 1808 174 1827; x_wconf 87' lang='lat' dir='ltr'>non</span> <span class='ocrx_word' id='word_1_190' title='bbox 194 1797 382 1827; x_wconf 87' lang='lat' dir='ltr'>instituetur.</span> <span class='ocrx_word' id='word_1_191' title='bbox 428 1797 508 1827; x_wconf 85' lang='lat' dir='ltr'>Haec</span> <span class='ocrx_word' id='word_1_192' title='bbox 524 1801 637 1827; x_wconf 84' lang='lat' dir='ltr'>tantum</span> <span class='ocrx_word' id='word_1_193' title='bbox 659 1808 827 1834; x_wconf 79' lang='lat' dir='ltr'>monemuS,</span> 
     </span>
     <span class='ocr_line' id='line_1_37' title="bbox 116 1839 827 1871; baseline 0 -1"><span class='ocrx_word' id='word_1_194' title='bbox 116 1841 218 1870; x_wconf 89' lang='lat' dir='ltr'>visum</span> <span class='ocrx_word' id='word_1_195' title='bbox 241 1851 309 1870; x_wconf 83' lang='lat' dir='ltr'>esse</span> <span class='ocrx_word' id='word_1_196' title='bbox 333 1839 532 1870; x_wconf 83' lang='lat' dir='ltr'>Demostheni</span> <span class='ocrx_word' id='word_1_197' title='bbox 552 1849 634 1870; x_wconf 85' lang='lat' dir='ltr'>recte</span> <span class='ocrx_word' id='word_1_198' title='bbox 659 1851 693 1870; x_wconf 91' lang='lat' dir='ltr'>se</span> <span class='ocrx_word' id='word_1_199' title='bbox 716 1841 827 1871; x_wconf 85' lang='lat' dir='ltr'>habere</span> 
     </span>
     <span class='ocr_line' id='line_1_38' title="bbox 115 1882 828 1922; baseline 0.001 -9"><span class='ocrx_word' id='word_1_200' title='bbox 115 1884 191 1913; x_wconf 88' lang='lat' dir='ltr'>illud</span> <span class='ocrx_word' id='word_1_201' title='bbox 215 1889 438 1922; x_wconf 79' lang='lat' dir='ltr'>argumentum,</span> <span class='ocrx_word' id='word_1_202' title='bbox 453 1884 535 1922; x_wconf 86' lang='lat' dir='ltr'>quod</span> <span class='ocrx_word' id='word_1_203' title='bbox 558 1894 615 1912; x_wconf 89' lang='lat' dir='ltr'>suo</span> <span class='ocrx_word' id='word_1_204' title='bbox 639 1882 757 1913; x_wconf 84' lang='lat' dir='ltr'>Lexico</span> <span class='ocrx_word' id='word_1_205' title='bbox 775 1885 828 1914; x_wconf 86' lang='lat' dir='ltr'>ad-</span> 
     </span>
     <span class='ocr_line' id='line_1_39' title="bbox 117 1926 828 1966; baseline -0.001 -10"><span class='ocrx_word' id='word_1_206' title='bbox 117 1926 242 1966; x_wconf 84' lang='lat' dir='ltr'>scripsit</span> <span class='ocrx_word' id='word_1_207' title='bbox 257 1927 480 1966; x_wconf 86' lang='lat' dir='ltr'>Harpocration</span> <span class='ocrx_word' id='word_1_208' title='bbox 495 1936 603 1956; x_wconf 85' lang='lat' dir='ltr'>causas</span> <span class='ocrx_word' id='word_1_209' title='bbox 619 1926 759 1961; x_wconf 78' lang='lat' dir='ltr'>afferens,</span> <span class='ocrx_word' id='word_1_210' title='bbox 775 1938 828 1956; x_wconf 81' lang='lat' dir='ltr'>cnr</span> 
     </span>
     <span class='ocr_line' id='line_1_40' title="bbox 118 1969 827 2009; baseline -0.001 -9"><span class='ocrx_word' id='word_1_211' title='bbox 118 1969 166 2000; x_wconf 88' lang='lat' dir='ltr'>illi</span> <span class='ocrx_word' id='word_1_212' title='bbox 182 1970 232 1999; x_wconf 88' lang='lat' dir='ltr'>vel</span> <span class='ocrx_word' id='word_1_213' title='bbox 248 1970 358 1999; x_wconf 85' lang='lat' dir='ltr'>fratres</span> <span class='ocrx_word' id='word_1_214' title='bbox 374 1970 424 1999; x_wconf 88' lang='lat' dir='ltr'>vel</span> <span class='ocrx_word' id='word_1_215' title='bbox 441 1969 492 1999; x_wconf 88' lang='lat' dir='ltr'>alii</span> <span class='ocrx_word' id='word_1_216' title='bbox 510 1969 608 2005; x_wconf 80' lang='lat' dir='ltr'>cives,</span> <span class='ocrx_word' id='word_1_217' title='bbox 623 1970 674 2009; x_wconf 91' lang='lat' dir='ltr'>qui</span> <span class='ocrx_word' id='word_1_218' title='bbox 691 1980 722 1999; x_wconf 91' lang='lat' dir='ltr'>re</span> <span class='ocrx_word' id='word_1_219' title='bbox 740 1970 827 2000; x_wconf 87' lang='lat' dir='ltr'>fami-</span> 
     </span>
     <span class='ocr_line' id='line_1_41' title="bbox 115 2012 827 2048; baseline 0 -5"><span class='ocrx_word' id='word_1_220' title='bbox 115 2013 185 2043; x_wconf 87' lang='lat' dir='ltr'>liari</span> <span class='ocrx_word' id='word_1_221' title='bbox 208 2013 370 2043; x_wconf 90' lang='lat' dir='ltr'>utebantur</span> <span class='ocrx_word' id='word_1_222' title='bbox 390 2012 421 2042; x_wconf 92' lang='lat' dir='ltr'>in</span> <span class='ocrx_word' id='word_1_223' title='bbox 444 2023 534 2042; x_wconf 86' lang='lat' dir='ltr'>unum</span> <span class='ocrx_word' id='word_1_224' title='bbox 558 2013 679 2048; x_wconf 85' lang='lat' dir='ltr'>collata,</span> <span class='ocrx_word' id='word_1_225' title='bbox 704 2013 827 2043; x_wconf 86' lang='lat' dir='ltr'>trierar-</span> 
     </span>
     <span class='ocr_line' id='line_1_42' title="bbox 119 2055 826 2087; baseline 0.003 -2"><span class='ocrx_word' id='word_1_226' title='bbox 119 2057 227 2086; x_wconf 88' lang='lat' dir='ltr'>chatus</span> <span class='ocrx_word' id='word_1_227' title='bbox 239 2057 389 2086; x_wconf 83' lang='lat' dir='ltr'>immunes</span> <span class='ocrx_word' id='word_1_228' title='bbox 405 2055 526 2085; x_wconf 83' lang='lat' dir='ltr'>fuerint.</span> <span class='ocrx_word' id='word_1_229' title='bbox 557 2058 826 2087; x_wconf 69' lang='lat' dir='ltr'>Ammsrooanr.</span> 
     </span>
     <span class='ocr_line' id='line_1_43' title="bbox 119 2099 667 2131; baseline -0.002 -2"><span class='ocrx_word' id='word_1_230' title='bbox 119 2101 160 2129; x_wconf 91' lang='lat' dir='ltr'>V.</span> <span class='ocrx_word' id='word_1_231' title='bbox 173 2099 314 2130; x_wconf 89' lang='lat' dir='ltr'>Photius.</span> <span class='ocrx_word' id='word_1_232' title='bbox 330 2110 357 2130; x_wconf 91' lang='lat' dir='ltr'>c.</span> <span class='ocrx_word' id='word_1_233' title='bbox 376 2101 449 2131; x_wconf 72' lang='lat'><strong>129.</strong></span> <span class='ocrx_word' id='word_1_234' title='bbox 471 2099 667 2130; x_wconf 64' lang='lat' dir='ltr'>Semnum.</span> 
     </span>
    </p>

    <p class='ocr_par' dir='ltr' id='par_1_6' title="bbox 119 2141 830 2346">
     <span class='ocr_line' id='line_1_44' title="bbox 161 2141 828 2183; baseline 0.001 -11"><span class='ocrx_word' id='word_1_235' title='bbox 161 2160 206 2165; x_wconf 95' lang='lat'>—-</span> <span class='ocrx_word' id='word_1_236' title='bbox 225 2143 302 2172; x_wconf 87' lang='lat' dir='ltr'>ibid.</span> <span class='ocrx_word' id='word_1_237' title='bbox 325 2142 350 2172; x_wconf 79' lang='grc' dir='ltr'>εἶ’</span> <span class='ocrx_word' id='word_1_238' title='bbox 370 2153 415 2176; x_wconf 87' lang='grc' dir='ltr'>τις</span> <span class='ocrx_word' id='word_1_239' title='bbox 440 2141 588 2183; x_wconf 73' lang='grc' dir='ltr'>ἀδύνατος]</span> <span class='ocrx_word' id='word_1_240' title='bbox 615 2144 712 2172; x_wconf 79' lang='lat' dir='ltr'>Recte</span> <span class='ocrx_word' id='word_1_241' title='bbox 734 2143 828 2173; x_wconf 88' lang='lat' dir='ltr'>inter-</span> 
     </span>
     <span class='ocr_line' id='line_1_45' title="bbox 119 2186 829 2226; baseline 0 -11"><span class='ocrx_word' id='word_1_242' title='bbox 119 2190 257 2226; x_wconf 86' lang='lat' dir='ltr'>pretatur</span> <span class='ocrx_word' id='word_1_243' title='bbox 265 2186 409 2220; x_wconf 87' lang='lat' dir='ltr'>Wolfius,</span> <span class='ocrx_word' id='word_1_244' title='bbox 419 2196 475 2214; x_wconf 85' lang='lat' dir='ltr'>nec</span> <span class='ocrx_word' id='word_1_245' title='bbox 486 2196 554 2215; x_wconf 90' lang='lat' dir='ltr'>cum</span> <span class='ocrx_word' id='word_1_246' title='bbox 571 2186 700 2215; x_wconf 82' lang='lat' dir='ltr'>Reiskio</span> <span class='ocrx_word' id='word_1_247' title='bbox 716 2186 744 2214; x_wconf 91' lang='lat' dir='ltr'>in</span> <span class='ocrx_word' id='word_1_248' title='bbox 758 2192 829 2216; x_wconf 88' lang='lat' dir='ltr'>nota</span> 
     </span>
     <span class='ocr_line' id='line_1_46' title="bbox 120 2228 830 2268; baseline 0 -9"><span class='ocrx_word' id='word_1_249' title='bbox 120 2230 159 2260; x_wconf 84' lang='lat' dir='ltr'>ad</span> <span class='ocrx_word' id='word_1_250' title='bbox 176 2240 207 2259; x_wconf 75' lang='lat' dir='ltr'>v,</span> <span class='ocrx_word' id='word_1_251' title='bbox 230 2230 260 2259; x_wconf 89' lang='lat'>6.</span> <span class='ocrx_word' id='word_1_252' title='bbox 275 2229 315 2259; x_wconf 86' lang='lat' dir='ltr'>de</span> <span class='ocrx_word' id='word_1_253' title='bbox 333 2228 471 2268; x_wconf 89' lang='lat' dir='ltr'>corporis</span> <span class='ocrx_word' id='word_1_254' title='bbox 485 2228 696 2258; x_wconf 87' lang='lat' dir='ltr'>imbecillitate</span> <span class='ocrx_word' id='word_1_255' title='bbox 711 2235 762 2258; x_wconf 86' lang='lat' dir='ltr'>aut</span> <span class='ocrx_word' id='word_1_256' title='bbox 777 2230 830 2259; x_wconf 88' lang='lat' dir='ltr'>de-</span> 
     </span>
     <span class='ocr_line' id='line_1_47' title="bbox 119 2271 828 2311; baseline 0 -9"><span class='ocrx_word' id='word_1_257' title='bbox 119 2272 241 2303; x_wconf 88' lang='lat' dir='ltr'>bilitate</span> <span class='ocrx_word' id='word_1_258' title='bbox 264 2272 505 2311; x_wconf 83' lang='lat' dir='ltr'>intelligendum.</span> <span class='ocrx_word' id='word_1_259' title='bbox 529 2272 569 2301; x_wconf 92' lang='lat' dir='ltr'>V.</span> <span class='ocrx_word' id='word_1_260' title='bbox 597 2271 737 2302; x_wconf 84' lang='lat' dir='ltr'>Boeckh.</span> <span class='ocrx_word' id='word_1_261' title='bbox 756 2273 776 2302; x_wconf 88' lang='lat' dir='ltr'>l.</span> <span class='ocrx_word' id='word_1_262' title='bbox 801 2283 828 2302; x_wconf 89' lang='lat' dir='ltr'>c.</span> 
     </span>
     <span class='ocr_line' id='line_1_48' title="bbox 121 2317 229 2346; baseline -0.009 0"><span class='ocrx_word' id='word_1_263' title='bbox 121 2317 229 2346; x_wconf 63' lang='lat' dir='ltr'>IDEM.</span> 
     </span>
    </p>

    <p class='ocr_par' dir='ltr' id='par_1_7' title="bbox 122 2356 832 2484">
     <span class='ocr_line' id='line_1_49' title="bbox 164 2356 831 2399; baseline 0.001 -12"><span class='ocrx_word' id='word_1_264' title='bbox 164 2376 209 2382; x_wconf 89' lang='lat'>—</span> <span class='ocrx_word' id='word_1_265' title='bbox 223 2361 276 2388; x_wconf 91' lang='lat'>11.</span> <span class='ocrx_word' id='word_1_266' title='bbox 296 2358 328 2389; x_wconf 76' lang='grc' dir='ltr'>ἐκ</span> <span class='ocrx_word' id='word_1_267' title='bbox 341 2357 425 2389; x_wconf 79' lang='grc' dir='ltr'><strong><em>τοίνυν</em></strong></span> <span class='ocrx_word' id='word_1_268' title='bbox 443 2357 549 2388; x_wconf 83' lang='grc' dir='ltr'>τούτων</span> <span class='ocrx_word' id='word_1_269' title='bbox 563 2376 606 2380; x_wconf 91' lang='grc'><strong>-</strong></span> <span class='ocrx_word' id='word_1_270' title='bbox 625 2356 746 2399; x_wconf 78' lang='grc' dir='ltr'>ἔχουσαν</span> <span class='ocrx_word' id='word_1_271' title='bbox 766 2357 831 2388; x_wconf 80' lang='grc' dir='ltr'><strong>ἑκά.-</strong></span> 
     </span>
     <span class='ocr_line' id='line_1_50' title="bbox 122 2400 832 2443; baseline -0.003 -10"><span class='ocrx_word' id='word_1_272' title='bbox 122 2402 208 2443; x_wconf 77' lang='grc' dir='ltr'>στην]</span> <span class='ocrx_word' id='word_1_273' title='bbox 232 2400 316 2431; x_wconf 86' lang='lat' dir='ltr'>Citat</span> <span class='ocrx_word' id='word_1_274' title='bbox 326 2402 455 2432; x_wconf 90' lang='lat' dir='ltr'>Photius</span> <span class='ocrx_word' id='word_1_275' title='bbox 468 2413 495 2432; x_wconf 89' lang='lat' dir='ltr'>c.</span> <span class='ocrx_word' id='word_1_276' title='bbox 511 2402 586 2437; x_wconf 86' lang='lat'>405,</span> <span class='ocrx_word' id='word_1_277' title='bbox 600 2403 750 2440; x_wconf 87' lang='lat' dir='ltr'>scriptura</span> <span class='ocrx_word' id='word_1_278' title='bbox 764 2412 832 2441; x_wconf 88' lang='lat' dir='ltr'>par-</span> 
     </span>
     <span class='ocr_line' id='line_1_51' title="bbox 123 2444 742 2484; baseline -0.002 -8"><span class='ocrx_word' id='word_1_279' title='bbox 123 2446 178 2476; x_wconf 90' lang='lat' dir='ltr'>tim</span> <span class='ocrx_word' id='word_1_280' title='bbox 193 2444 319 2475; x_wconf 86' lang='lat' dir='ltr'>diversa</span> <span class='ocrx_word' id='word_1_281' title='bbox 330 2445 440 2484; x_wconf 89' lang='lat' dir='ltr'>partim</span> <span class='ocrx_word' id='word_1_282' title='bbox 458 2450 612 2483; x_wconf 88' lang='lat' dir='ltr'>corrupta.</span> <span class='ocrx_word' id='word_1_283' title='bbox 635 2446 742 2476; x_wconf 75' lang='lat' dir='ltr'>IDEM.</span> 
     </span>
    </p>

    <p class='ocr_par' dir='ltr' id='par_1_8' title="bbox 123 2486 835 2614">
     <span class='ocr_line' id='line_1_52' title="bbox 167 2486 834 2529; baseline 0 -11"><span class='ocrx_word' id='word_1_284' title='bbox 167 2506 210 2511; x_wconf 90' lang='lat'><strong>—</strong></span> <span class='ocrx_word' id='word_1_285' title='bbox 221 2490 274 2519; x_wconf 76' lang='lat'>12.</span> <span class='ocrx_word' id='word_1_286' title='bbox 290 2486 471 2529; x_wconf 58' lang='grc' dir='ltr'>συμμορίας]</span> <span class='ocrx_word' id='word_1_287' title='bbox 488 2488 527 2517; x_wconf 87' lang='lat' dir='ltr'>V.</span> <span class='ocrx_word' id='word_1_288' title='bbox 544 2487 706 2518; x_wconf 86' lang='lat' dir='ltr'>Philemon</span> <span class='ocrx_word' id='word_1_289' title='bbox 719 2500 746 2528; x_wconf 82' lang='lat' dir='ltr'>p.</span> <span class='ocrx_word' id='word_1_290' title='bbox 760 2490 834 2518; x_wconf 86' lang='lat'><strong>141.</strong></span> 
     </span>
     <span class='ocr_line' id='line_1_53' title="bbox 125 2531 835 2570; baseline -0.003 -8"><span class='ocrx_word' id='word_1_291' title='bbox 125 2543 149 2562; x_wconf 84' lang='lat' dir='ltr'>s.</span> <span class='ocrx_word' id='word_1_292' title='bbox 165 2533 276 2561; x_wconf 90' lang='lat' dir='ltr'>Osann.</span> <span class='ocrx_word' id='word_1_293' title='bbox 293 2535 324 2560; x_wconf 90' lang='lat' dir='ltr'>et</span> <span class='ocrx_word' id='word_1_294' title='bbox 345 2531 479 2560; x_wconf 83' lang='lat' dir='ltr'>Zonaras</span> <span class='ocrx_word' id='word_1_295' title='bbox 501 2542 528 2560; x_wconf 93' lang='lat' dir='ltr'>c.</span> <span class='ocrx_word' id='word_1_296' title='bbox 546 2532 641 2561; x_wconf 83' lang='grc'><strong>1685.</strong></span> <span class='ocrx_word' id='word_1_297' title='bbox 664 2531 736 2561; x_wconf 92' lang='lat' dir='ltr'>coll.</span> <span class='ocrx_word' id='word_1_298' title='bbox 758 2533 835 2570; x_wconf 83' lang='lat' dir='ltr'>Ety-</span> 
     </span>
     <span class='ocr_line' id='line_1_54' title="bbox 123 2574 628 2614; baseline -0.004 -9"><span class='ocrx_word' id='word_1_299' title='bbox 123 2575 238 2614; x_wconf 84' lang='lat' dir='ltr'>molog.</span> <span class='ocrx_word' id='word_1_300' title='bbox 255 2575 300 2604; x_wconf 91' lang='lat' dir='ltr'>M.</span> <span class='ocrx_word' id='word_1_301' title='bbox 315 2584 342 2603; x_wconf 87' lang='lat' dir='ltr'>c.</span> <span class='ocrx_word' id='word_1_302' title='bbox 357 2576 433 2605; x_wconf 83' lang='lat'><strong>734.</strong></span> <span class='ocrx_word' id='word_1_303' title='bbox 448 2574 628 2604; x_wconf 77' lang='lat' dir='ltr'>35.1m-:m.</span> 
     </span>
    </p>

    <p class='ocr_par' dir='ltr' id='par_1_9' title="bbox 126 2616 840 2993">
     <span class='ocr_line' id='line_1_55' title="bbox 168 2616 834 2658; baseline -0.002 -11"><span class='ocrx_word' id='word_1_304' title='bbox 168 2636 211 2641; x_wconf 93' lang='lat'>——-</span> <span class='ocrx_word' id='word_1_305' title='bbox 225 2628 296 2657; x_wconf 86' lang='lat' dir='ltr'>pen.</span> <span class='ocrx_word' id='word_1_306' title='bbox 307 2617 404 2646; x_wconf 78' lang='grc' dir='ltr'>διελεῖν</span> <span class='ocrx_word' id='word_1_307' title='bbox 417 2616 520 2646; x_wconf 83' lang='grc' dir='ltr'>κελεύω</span> <span class='ocrx_word' id='word_1_308' title='bbox 535 2616 619 2646; x_wconf 83' lang='grc' dir='ltr'>πέντε</span> <span class='ocrx_word' id='word_1_309' title='bbox 633 2616 720 2658; x_wconf 59' lang='grc' dir='ltr'>μέρη]</span> <span class='ocrx_word' id='word_1_310' title='bbox 745 2617 834 2647; x_wconf 90' lang='lat' dir='ltr'>Wol-</span> 
     </span>
     <span class='ocr_line' id='line_1_56' title="bbox 126 2658 835 2700; baseline -0.001 -9"><span class='ocrx_word' id='word_1_311' title='bbox 126 2661 158 2691; x_wconf 84' lang='lat' dir='ltr'>fii</span> <span class='ocrx_word' id='word_1_312' title='bbox 169 2662 345 2699; x_wconf 87' lang='lat' dir='ltr'>conjectura</span> <span class='ocrx_word' id='word_1_313' title='bbox 353 2660 482 2700; x_wconf 86' lang='lat' dir='ltr'>legentis</span> <span class='ocrx_word' id='word_1_314' title='bbox 494 2659 532 2694; x_wconf 83' lang='grc' dir='ltr'>εἷς</span> <span class='ocrx_word' id='word_1_315' title='bbox 544 2658 630 2690; x_wconf 86' lang='grc' dir='ltr'>πέντε</span> <span class='ocrx_word' id='word_1_316' title='bbox 645 2660 716 2700; x_wconf 69' lang='grc' dir='ltr'>μέξη</span> <span class='ocrx_word' id='word_1_317' title='bbox 731 2671 835 2690; x_wconf 89' lang='lat' dir='ltr'>exem—</span> 
     </span>
     <span class='ocr_line' id='line_1_57' title="bbox 127 2702 835 2744; baseline -0.003 -10"><span class='ocrx_word' id='word_1_318' title='bbox 127 2704 189 2744; x_wconf 92' lang='lat' dir='ltr'>plis</span> <span class='ocrx_word' id='word_1_319' title='bbox 203 2705 241 2734; x_wconf 89' lang='lat' dir='ltr'>ab</span> <span class='ocrx_word' id='word_1_320' title='bbox 257 2704 324 2743; x_wconf 84' lang='lat' dir='ltr'>ipso</span> <span class='ocrx_word' id='word_1_321' title='bbox 345 2702 444 2734; x_wconf 86' lang='lat' dir='ltr'>allatis</span> <span class='ocrx_word' id='word_1_322' title='bbox 467 2703 540 2733; x_wconf 85' lang='lat' dir='ltr'>satis</span> <span class='ocrx_word' id='word_1_323' title='bbox 555 2703 684 2733; x_wconf 75' lang='lat' dir='ltr'>refutata</span> <span class='ocrx_word' id='word_1_324' title='bbox 703 2703 835 2734; x_wconf 85' lang='lat' dir='ltr'>videtur.</span> 
     </span>
     <span class='ocr_line' id='line_1_58' title="bbox 127 2747 836 2786; baseline -0.003 -8"><span class='ocrx_word' id='word_1_325' title='bbox 127 2749 404 2778; x_wconf 69' lang='lat' dir='ltr'>Amznsroonn‘r.</span> <span class='ocrx_word' id='word_1_326' title='bbox 427 2747 465 2776; x_wconf 90' lang='lat' dir='ltr'>V.</span> <span class='ocrx_word' id='word_1_327' title='bbox 490 2747 562 2776; x_wconf 83' lang='lat' dir='ltr'>Bos.</span> <span class='ocrx_word' id='word_1_328' title='bbox 587 2747 698 2785; x_wconf 75' lang='lat' dir='ltr'>ElliPS.</span> <span class='ocrx_word' id='word_1_329' title='bbox 716 2758 747 2786; x_wconf 87' lang='lat' dir='ltr'>p.</span> <span class='ocrx_word' id='word_1_330' title='bbox 763 2749 836 2778; x_wconf 89' lang='grc'><strong>683.</strong></span> 
     </span>
     <span class='ocr_line' id='line_1_59' title="bbox 129 2789 836 2830; baseline -0.001 -9"><span class='ocrx_word' id='word_1_331' title='bbox 129 2792 197 2822; x_wconf 89' lang='lat' dir='ltr'>Nec</span> <span class='ocrx_word' id='word_1_332' title='bbox 210 2795 309 2820; x_wconf 89' lang='lat' dir='ltr'>tamen</span> <span class='ocrx_word' id='word_1_333' title='bbox 323 2790 354 2820; x_wconf 90' lang='lat' dir='ltr'>in</span> <span class='ocrx_word' id='word_1_334' title='bbox 369 2789 482 2819; x_wconf 86' lang='lat' dir='ltr'>talibus</span> <span class='ocrx_word' id='word_1_335' title='bbox 496 2789 574 2819; x_wconf 87' lang='lat' dir='ltr'>locis</span> <span class='ocrx_word' id='word_1_336' title='bbox 588 2789 625 2819; x_wconf 90' lang='lat' dir='ltr'>de</span> <span class='ocrx_word' id='word_1_337' title='bbox 641 2790 744 2830; x_wconf 87' lang='lat' dir='ltr'>ellipsi</span> <span class='ocrx_word' id='word_1_338' title='bbox 759 2800 836 2828; x_wconf 84' lang='lat' dir='ltr'>prae-</span> 
     </span>
     <span class='ocr_line' id='line_1_60' title="bbox 129 2831 838 2874; baseline 0 -11"><span class='ocrx_word' id='word_1_339' title='bbox 129 2833 292 2874; x_wconf 85' lang='lat' dir='ltr'>positionis</span> <span class='ocrx_word' id='word_1_340' title='bbox 307 2832 346 2865; x_wconf 73' lang='grc' dir='ltr'>εἶε</span> <span class='ocrx_word' id='word_1_341' title='bbox 365 2832 572 2871; x_wconf 84' lang='lat' dir='ltr'>cogitandum.</span> <span class='ocrx_word' id='word_1_342' title='bbox 587 2831 682 2861; x_wconf 75' lang='grc' dir='ltr'>διελεῖν</span> <span class='ocrx_word' id='word_1_343' title='bbox 697 2833 779 2862; x_wconf 83' lang='lat' dir='ltr'>valet</span> <span class='ocrx_word' id='word_1_344' title='bbox 793 2834 838 2863; x_wconf 76' lang='lat' dir='ltr'>di-</span> 
     </span>
     <span class='ocr_line' id='line_1_61' title="bbox 130 2874 839 2916; baseline -0.001 -9"><span class='ocrx_word' id='word_1_345' title='bbox 130 2876 253 2907; x_wconf 78' lang='lat' dir='ltr'>videndo</span> <span class='ocrx_word' id='word_1_346' title='bbox 256 2874 373 2916; x_wconf 83' lang='lat' dir='ltr'>facere,</span> <span class='ocrx_word' id='word_1_347' title='bbox 389 2874 513 2905; x_wconf 70' lang='grc' dir='ltr'>διελόντα</span> <span class='ocrx_word' id='word_1_348' title='bbox 526 2875 651 2906; x_wconf 75' lang='grc' dir='ltr'>ποιῆσαι.</span> <span class='ocrx_word' id='word_1_349' title='bbox 665 2874 748 2905; x_wconf 79' lang='grc' dir='ltr'>εἴκοσι</span> <span class='ocrx_word' id='word_1_350' title='bbox 763 2878 839 2907; x_wconf 76' lang='grc' dir='ltr'>ποιῆ-</span> 
     </span>
     <span class='ocr_line' id='line_1_62' title="bbox 131 2917 840 2958; baseline 0.001 -10"><span class='ocrx_word' id='word_1_351' title='bbox 131 2930 183 2949; x_wconf 76' lang='grc' dir='ltr'>σαι</span> <span class='ocrx_word' id='word_1_352' title='bbox 205 2917 276 2958; x_wconf 75' lang='grc' dir='ltr'>μέςη</span> <span class='ocrx_word' id='word_1_353' title='bbox 304 2929 335 2958; x_wconf 83' lang='lat' dir='ltr'>p.</span> <span class='ocrx_word' id='word_1_354' title='bbox 358 2920 433 2950; x_wconf 70' lang='lat'><strong>288.</strong></span> <span class='ocrx_word' id='word_1_355' title='bbox 459 2919 491 2949; x_wconf 94' lang='grc'>5.</span> <span class='ocrx_word' id='word_1_356' title='bbox 521 2918 610 2949; x_wconf 84' lang='lat' dir='ltr'>Couf.</span> <span class='ocrx_word' id='word_1_357' title='bbox 631 2917 709 2949; x_wconf 89' lang='lat' dir='ltr'>ibid.</span> <span class='ocrx_word' id='word_1_358' title='bbox 737 2929 766 2949; x_wconf 89' lang='lat' dir='ltr'>v.</span> <span class='ocrx_word' id='word_1_359' title='bbox 786 2919 840 2950; x_wconf 86' lang='lat' dir='ltr'>ult.</span> 
     </span>
     <span class='ocr_line' id='line_1_63' title="bbox 131 2963 238 2993; baseline -0.009 -1"><span class='ocrx_word' id='word_1_360' title='bbox 131 2963 238 2993; x_wconf 70' lang='lat' dir='ltr'>lom.</span> 
     </span>
    </p>

    <p class='ocr_par' dir='ltr' id='par_1_10' title="bbox 135 3003 845 3087">
     <span class='ocr_line' id='line_1_64' title="bbox 176 3003 844 3046; baseline 0 -12"><span class='ocrx_word' id='word_1_361' title='bbox 176 3022 218 3028; x_wconf 89' lang='lat'><em>-</em></span> <span class='ocrx_word' id='word_1_362' title='bbox 227 3003 281 3034; x_wconf 88' lang='lat' dir='ltr'>ult.</span> <span class='ocrx_word' id='word_1_363' title='bbox 297 3005 575 3046; x_wconf 70' lang='grc' dir='ltr'>ἀνταναπλροῧντοις]</span> <span class='ocrx_word' id='word_1_364' title='bbox 593 3005 694 3035; x_wconf 81' lang='lat' dir='ltr'>Recte</span> <span class='ocrx_word' id='word_1_365' title='bbox 703 3003 844 3034; x_wconf 76' lang='lat' dir='ltr'>wolfius.</span> 
     </span>
     <span class='ocr_line' id='line_1_65' title="bbox 135 3047 845 3087; baseline 0 -10"><span class='ocrx_word' id='word_1_366' title='bbox 135 3047 239 3078; x_wconf 78' lang='lat' dir='ltr'>Verba</span> <span class='ocrx_word' id='word_1_367' title='bbox 255 3048 471 3078; x_wconf 78' lang='lat' dir='ltr'>Demosthenis</span> <span class='ocrx_word' id='word_1_368' title='bbox 487 3047 531 3078; x_wconf 77' lang='lat' dir='ltr'>sic</span> <span class='ocrx_word' id='word_1_369' title='bbox 551 3052 620 3078; x_wconf 81' lang='lat' dir='ltr'>sunt</span> <span class='ocrx_word' id='word_1_370' title='bbox 635 3047 845 3087; x_wconf 85' lang='lat' dir='ltr'>intelligenda,</span> 
     </span>
    </p>
   </div>
   <div class='ocr_carea' id='block_1_3' title="bbox 1482 225 1564 267">
    <p class='ocr_par' dir='ltr' id='par_1_11' title="bbox 1482 225 1564 267">
     <span class='ocr_line' id='line_1_66' title="bbox 1482 225 1564 267; baseline 0.024 -2"><span class='ocrx_word' id='word_1_371' title='bbox 1482 225 1564 267; x_wconf 81' lang='lat'>459</span> 
     </span>
    </p>
   </div>
   <div class='ocr_carea' id='block_1_4' title="bbox 855 331 1588 3088">
    <p class='ocr_par' dir='ltr' id='par_1_12' title="bbox 855 331 1566 798">
     <span class='ocr_line' id='line_1_67' title="bbox 859 331 1565 373; baseline -0.003 -11"><span class='ocrx_word' id='word_1_372' title='bbox 859 337 900 368; x_wconf 83' lang='lat' dir='ltr'>ut,</span> <span class='ocrx_word' id='word_1_373' title='bbox 921 333 947 362; x_wconf 86' lang='lat' dir='ltr'>si</span> <span class='ocrx_word' id='word_1_374' title='bbox 973 333 1100 362; x_wconf 89' lang='lat' dir='ltr'>ditiores</span> <span class='ocrx_word' id='word_1_375' title='bbox 1128 345 1183 364; x_wconf 85' lang='lat' dir='ltr'>sex</span> <span class='ocrx_word' id='word_1_376' title='bbox 1214 333 1339 373; x_wconf 87' lang='lat' dir='ltr'>senique</span> <span class='ocrx_word' id='word_1_377' title='bbox 1366 331 1565 372; x_wconf 83' lang='lat' dir='ltr'>pauperiores</span> 
     </span>
     <span class='ocr_line' id='line_1_68' title="bbox 857 374 1565 415; baseline -0.001 -11"><span class='ocrx_word' id='word_1_378' title='bbox 857 376 917 405; x_wconf 90' lang='lat' dir='ltr'>sint</span> <span class='ocrx_word' id='word_1_379' title='bbox 933 376 962 404; x_wconf 89' lang='lat' dir='ltr'>in</span> <span class='ocrx_word' id='word_1_380' title='bbox 979 377 1206 415; x_wconf 84' lang='lat' dir='ltr'>symmoriarum</span> <span class='ocrx_word' id='word_1_381' title='bbox 1224 376 1421 410; x_wconf 84' lang='lat' dir='ltr'>sectionibus,</span> <span class='ocrx_word' id='word_1_382' title='bbox 1436 374 1565 404; x_wconf 84' lang='lat' dir='ltr'>ditiores</span> 
     </span>
     <span class='ocr_line' id='line_1_69' title="bbox 857 419 1564 457; baseline -0.001 -10"><span class='ocrx_word' id='word_1_383' title='bbox 857 420 1001 457; x_wconf 85' lang='lat' dir='ltr'>majorem</span> <span class='ocrx_word' id='word_1_384' title='bbox 1024 423 1139 456; x_wconf 73' lang='lat' dir='ltr'>partem</span> <span class='ocrx_word' id='word_1_385' title='bbox 1167 430 1292 449; x_wconf 88' lang='lat' dir='ltr'>summae</span> <span class='ocrx_word' id='word_1_386' title='bbox 1315 420 1409 448; x_wconf 87' lang='lat' dir='ltr'>totius</span> <span class='ocrx_word' id='word_1_387' title='bbox 1431 419 1564 452; x_wconf 88' lang='lat' dir='ltr'>solvant,</span> 
     </span>
     <span class='ocr_line' id='line_1_70' title="bbox 857 461 1564 501; baseline -0.003 -10"><span class='ocrx_word' id='word_1_388' title='bbox 857 472 922 501; x_wconf 84' lang='lat' dir='ltr'>quae</span> <span class='ocrx_word' id='word_1_389' title='bbox 941 462 1111 490; x_wconf 82' lang='lat' dir='ltr'>necessaria</span> <span class='ocrx_word' id='word_1_390' title='bbox 1126 467 1173 491; x_wconf 82' lang='lat' dir='ltr'>est</span> <span class='ocrx_word' id='word_1_391' title='bbox 1189 463 1225 491; x_wconf 88' lang='lat' dir='ltr'>ad</span> <span class='ocrx_word' id='word_1_392' title='bbox 1244 463 1365 492; x_wconf 81' lang='lat' dir='ltr'>navium</span> <span class='ocrx_word' id='word_1_393' title='bbox 1387 461 1564 491; x_wconf 82' lang='lat' dir='ltr'>aedificatio-</span> 
     </span>
     <span class='ocr_line' id='line_1_71' title="bbox 856 504 1566 543; baseline -0.001 -10"><span class='ocrx_word' id='word_1_394' title='bbox 856 504 1142 543; x_wconf 86' lang='lat' dir='ltr'>nem,pauperiores</span> <span class='ocrx_word' id='word_1_395' title='bbox 1151 515 1223 534; x_wconf 82' lang='lat' dir='ltr'>vero</span> <span class='ocrx_word' id='word_1_396' title='bbox 1235 506 1442 540; x_wconf 90' lang='lat' dir='ltr'>minorem,ita</span> <span class='ocrx_word' id='word_1_397' title='bbox 1452 510 1566 538; x_wconf 85' lang='lat' dir='ltr'>tamen,</span> 
     </span>
     <span class='ocr_line' id='line_1_72' title="bbox 857 547 1565 586; baseline -0.001 -10"><span class='ocrx_word' id='word_1_398' title='bbox 857 552 890 576; x_wconf 88' lang='lat' dir='ltr'>ut</span> <span class='ocrx_word' id='word_1_399' title='bbox 916 547 977 576; x_wconf 80' lang='lat' dir='ltr'>illis</span> <span class='ocrx_word' id='word_1_400' title='bbox 998 547 1136 586; x_wconf 81' lang='lat' dir='ltr'>partibus</span> <span class='ocrx_word' id='word_1_401' title='bbox 1165 548 1283 576; x_wconf 87' lang='lat' dir='ltr'>collatis</span> <span class='ocrx_word' id='word_1_402' title='bbox 1310 548 1406 577; x_wconf 85' lang='lat' dir='ltr'>omnis</span> <span class='ocrx_word' id='word_1_403' title='bbox 1434 547 1565 586; x_wconf 83' lang='lat' dir='ltr'>pecunia</span> 
     </span>
     <span class='ocr_line' id='line_1_73' title="bbox 856 589 1563 628; baseline -0.001 -9"><span class='ocrx_word' id='word_1_404' title='bbox 856 589 1041 619; x_wconf 81' lang='lat' dir='ltr'>conficiatur.</span> <span class='ocrx_word' id='word_1_405' title='bbox 1087 590 1149 624; x_wconf 90' lang='lat' dir='ltr'>Sic,</span> <span class='ocrx_word' id='word_1_406' title='bbox 1176 589 1202 618; x_wconf 85' lang='lat' dir='ltr'>si</span> <span class='ocrx_word' id='word_1_407' title='bbox 1231 591 1364 620; x_wconf 79' lang='lat' dir='ltr'>numeris</span> <span class='ocrx_word' id='word_1_408' title='bbox 1390 590 1563 628; x_wconf 76' lang='lat' dir='ltr'>expositum</span> 
     </span>
     <span class='ocr_line' id='line_1_74' title="bbox 855 632 1564 672; baseline -0.001 -10"><span class='ocrx_word' id='word_1_409' title='bbox 855 633 1025 672; x_wconf 83' lang='lat' dir='ltr'>exemplum</span> <span class='ocrx_word' id='word_1_410' title='bbox 1049 632 1146 672; x_wconf 84' lang='lat' dir='ltr'>magis</span> <span class='ocrx_word' id='word_1_411' title='bbox 1171 633 1211 662; x_wconf 87' lang='lat' dir='ltr'>sit</span> <span class='ocrx_word' id='word_1_412' title='bbox 1233 634 1438 672; x_wconf 82' lang='lat' dir='ltr'>perspicuum,</span> <span class='ocrx_word' id='word_1_413' title='bbox 1457 634 1495 662; x_wconf 83' lang='lat' dir='ltr'>ad</span> <span class='ocrx_word' id='word_1_414' title='bbox 1518 643 1564 661; x_wconf 79' lang='lat' dir='ltr'>as-</span> 
     </span>
     <span class='ocr_line' id='line_1_75' title="bbox 856 676 1566 705; baseline -0.001 0"><span class='ocrx_word' id='word_1_415' title='bbox 856 686 918 705; x_wconf 87' lang='lat' dir='ltr'>sem</span> <span class='ocrx_word' id='word_1_416' title='bbox 930 676 1107 705; x_wconf 87' lang='lat' dir='ltr'>solvendum</span> <span class='ocrx_word' id='word_1_417' title='bbox 1121 676 1249 705; x_wconf 83' lang='lat' dir='ltr'>ditiores</span> <span class='ocrx_word' id='word_1_418' title='bbox 1265 676 1419 705; x_wconf 86' lang='lat' dir='ltr'>conferant</span> <span class='ocrx_word' id='word_1_419' title='bbox 1434 676 1566 704; x_wconf 89' lang='lat' dir='ltr'>dodran-</span> 
     </span>
     <span class='ocr_line' id='line_1_76' title="bbox 855 717 1564 758; baseline -0.003 -10"><span class='ocrx_word' id='word_1_420' title='bbox 855 724 928 755; x_wconf 89' lang='lat' dir='ltr'>tem,</span> <span class='ocrx_word' id='word_1_421' title='bbox 945 720 1142 758; x_wconf 88' lang='lat' dir='ltr'>pauperiores</span> <span class='ocrx_word' id='word_1_422' title='bbox 1153 719 1360 758; x_wconf 85' lang='lat' dir='ltr'>quadrantem,</span> <span class='ocrx_word' id='word_1_423' title='bbox 1373 719 1423 747; x_wconf 79' lang='lat' dir='ltr'>vel</span> <span class='ocrx_word' id='word_1_424' title='bbox 1441 717 1485 746; x_wconf 90' lang='lat' dir='ltr'>illi</span> <span class='ocrx_word' id='word_1_425' title='bbox 1497 719 1564 747; x_wconf 83' lang='lat' dir='ltr'>bes-</span> 
     </span>
     <span class='ocr_line' id='line_1_77' title="bbox 856 762 1532 798; baseline -0.004 -6"><span class='ocrx_word' id='word_1_426' title='bbox 856 773 932 798; x_wconf 87' lang='lat' dir='ltr'>sem,</span> <span class='ocrx_word' id='word_1_427' title='bbox 949 763 978 792; x_wconf 94' lang='lat' dir='ltr'>hi</span> <span class='ocrx_word' id='word_1_428' title='bbox 991 772 1064 792; x_wconf 89' lang='lat' dir='ltr'>vero</span> <span class='ocrx_word' id='word_1_429' title='bbox 1080 763 1230 792; x_wconf 81' lang='lat' dir='ltr'>trientem.</span> <span class='ocrx_word' id='word_1_430' title='bbox 1252 762 1532 792; x_wconf 75' lang='lat' dir='ltr'>AMERSFOORDT.</span> 
     </span>
    </p>

    <p class='ocr_par' dir='ltr' id='par_1_13' title="bbox 855 804 1568 1145">
     <span class='ocr_line' id='line_1_78' title="bbox 900 804 1563 845; baseline -0.006 -9"><span class='ocrx_word' id='word_1_431' title='bbox 900 806 936 836; x_wconf 88' lang='lat' dir='ltr'>P.</span> <span class='ocrx_word' id='word_1_432' title='bbox 953 808 1029 836; x_wconf 71' lang='lat'><strong>288.</strong></span> <span class='ocrx_word' id='word_1_433' title='bbox 1043 809 1073 836; x_wconf 85' lang='lat'>4.</span> <span class='ocrx_word' id='word_1_434' title='bbox 1089 805 1152 845; x_wconf 71' lang='grc' dir='ltr'>τὴν]</span> <span class='ocrx_word' id='word_1_435' title='bbox 1178 806 1277 835; x_wconf 81' lang='lat' dir='ltr'>Recte</span> <span class='ocrx_word' id='word_1_436' title='bbox 1294 804 1410 834; x_wconf 89' lang='lat' dir='ltr'>delevit</span> <span class='ocrx_word' id='word_1_437' title='bbox 1426 804 1563 833; x_wconf 80' lang='lat' dir='ltr'>Bekker.</span> 
     </span>
     <span class='ocr_line' id='line_1_79' title="bbox 856 846 1566 888; baseline -0.004 -11"><span class='ocrx_word' id='word_1_438' title='bbox 856 847 908 877; x_wconf 88' lang='lat' dir='ltr'>Sic</span> <span class='ocrx_word' id='word_1_439' title='bbox 934 848 999 878; x_wconf 85' lang='lat' dir='ltr'>sine</span> <span class='ocrx_word' id='word_1_440' title='bbox 1026 849 1165 885; x_wconf 84' lang='lat' dir='ltr'>articulo,</span> <span class='ocrx_word' id='word_1_441' title='bbox 1190 854 1224 878; x_wconf 86' lang='lat' dir='ltr'>ut</span> <span class='ocrx_word' id='word_1_442' title='bbox 1252 852 1373 888; x_wconf 84' lang='lat' dir='ltr'>oportet</span> <span class='ocrx_word' id='word_1_443' title='bbox 1396 847 1424 876; x_wconf 87' lang='lat' dir='ltr'>in</span> <span class='ocrx_word' id='word_1_444' title='bbox 1453 846 1566 876; x_wconf 80' lang='lat' dir='ltr'>talibus</span> 
     </span>
     <span class='ocr_line' id='line_1_80' title="bbox 855 888 1564 931; baseline -0.006 -11"><span class='ocrx_word' id='word_1_445' title='bbox 855 891 1005 928; x_wconf 84' lang='lat' dir='ltr'>formulis,</span> <span class='ocrx_word' id='word_1_446' title='bbox 1021 902 1051 930; x_wconf 88' lang='lat' dir='ltr'>p.</span> <span class='ocrx_word' id='word_1_447' title='bbox 1068 894 1142 922; x_wconf 67' lang='lat'><strong>987.</strong></span> <span class='ocrx_word' id='word_1_448' title='bbox 1158 902 1228 931; x_wconf 88' lang='lat' dir='ltr'>pen.</span> <span class='ocrx_word' id='word_1_449' title='bbox 1242 893 1321 921; x_wconf 71' lang='grc' dir='ltr'>κατὰ</span> <span class='ocrx_word' id='word_1_450' title='bbox 1337 891 1440 920; x_wconf 57' lang='lat' dir='ltr'>samm</span> <span class='ocrx_word' id='word_1_451' title='bbox 1456 888 1564 928; x_wconf 58' lang='grc' dir='ltr'>ἄνδρας,</span> 
     </span>
     <span class='ocr_line' id='line_1_81' title="bbox 856 931 1566 973; baseline -0.006 -9"><span class='ocrx_word' id='word_1_452' title='bbox 856 945 913 973; x_wconf 88' lang='lat' dir='ltr'>pro</span> <span class='ocrx_word' id='word_1_453' title='bbox 930 945 990 973; x_wconf 92' lang='lat' dir='ltr'>quo</span> <span class='ocrx_word' id='word_1_454' title='bbox 1007 935 1101 964; x_wconf 89' lang='lat' dir='ltr'>scribi</span> <span class='ocrx_word' id='word_1_455' title='bbox 1116 939 1257 973; x_wconf 81' lang='lat' dir='ltr'>potuerat</span> <span class='ocrx_word' id='word_1_456' title='bbox 1271 936 1350 964; x_wconf 71' lang='grc' dir='ltr'>κατὰ</span> <span class='ocrx_word' id='word_1_457' title='bbox 1365 931 1566 971; x_wconf 64' lang='grc' dir='ltr'>δωδεκανδξίαν,</span> 
     </span>
     <span class='ocr_line' id='line_1_82' title="bbox 857 977 1567 1016; baseline -0.004 -10"><span class='ocrx_word' id='word_1_458' title='bbox 857 978 883 1006; x_wconf 90' lang='lat' dir='ltr'>si</span> <span class='ocrx_word' id='word_1_459' title='bbox 899 988 973 1007; x_wconf 88' lang='lat' dir='ltr'>usus</span> <span class='ocrx_word' id='word_1_460' title='bbox 990 979 1046 1007; x_wconf 89' lang='lat' dir='ltr'>hoc</span> <span class='ocrx_word' id='word_1_461' title='bbox 1063 977 1267 1016; x_wconf 84' lang='lat' dir='ltr'>compositum</span> <span class='ocrx_word' id='word_1_462' title='bbox 1283 977 1418 1006; x_wconf 85' lang='lat' dir='ltr'>tulisset.</span> <span class='ocrx_word' id='word_1_463' title='bbox 1445 977 1518 1005; x_wconf 85' lang='lat' dir='ltr'>Mox</span> <span class='ocrx_word' id='word_1_464' title='bbox 1534 985 1567 1013; x_wconf 91' lang='lat' dir='ltr'>p.</span> 
     </span>
     <span class='ocr_line' id='line_1_83' title="bbox 858 1016 1568 1060; baseline -0.007 -9"><span class='ocrx_word' id='word_1_465' title='bbox 858 1022 931 1051; x_wconf 75' lang='lat'><strong>289.</strong></span> <span class='ocrx_word' id='word_1_466' title='bbox 954 1024 983 1050; x_wconf 83' lang='lat'>1.</span> <span class='ocrx_word' id='word_1_467' title='bbox 998 1019 1069 1049; x_wconf 61' lang='grc' dir='ltr'>καθ’</span> <span class='ocrx_word' id='word_1_468' title='bbox 1092 1020 1226 1060; x_wconf 72' lang='grc' dir='ltr'>ἑξήκοντα</span> <span class='ocrx_word' id='word_1_469' title='bbox 1244 1020 1389 1055; x_wconf 72' lang='grc' dir='ltr'>τάλαντα,</span> <span class='ocrx_word' id='word_1_470' title='bbox 1411 1020 1431 1048; x_wconf 89' lang='lat' dir='ltr'>i.</span> <span class='ocrx_word' id='word_1_471' title='bbox 1455 1030 1485 1057; x_wconf 94' lang='lat' dir='ltr'>q.</span> <span class='ocrx_word' id='word_1_472' title='bbox 1500 1016 1568 1046; x_wconf 66' lang='grc' dir='ltr'>καθ’</span> 
     </span>
     <span class='ocr_line' id='line_1_84' title="bbox 858 1062 1568 1102; baseline -0.003 -10"><span class='ocrx_word' id='word_1_473' title='bbox 858 1063 1156 1102; x_wconf 71' lang='grc' dir='ltr'>ἑξηκονταταλαντίαν,</span> <span class='ocrx_word' id='word_1_474' title='bbox 1171 1063 1253 1102; x_wconf 81' lang='lat' dir='ltr'>quod</span> <span class='ocrx_word' id='word_1_475' title='bbox 1275 1073 1382 1092; x_wconf 90' lang='lat' dir='ltr'>nomen</span> <span class='ocrx_word' id='word_1_476' title='bbox 1400 1062 1503 1091; x_wconf 79' lang='lat' dir='ltr'>statim</span> <span class='ocrx_word' id='word_1_477' title='bbox 1520 1071 1568 1090; x_wconf 86' lang='lat' dir='ltr'>se-</span> 
     </span>
     <span class='ocr_line' id='line_1_85' title="bbox 858 1107 1190 1145; baseline 0.003 -10"><span class='ocrx_word' id='word_1_478' title='bbox 858 1107 970 1145; x_wconf 87' lang='lat' dir='ltr'>quitur.</span> <span class='ocrx_word' id='word_1_479' title='bbox 993 1108 1190 1136; x_wconf 69' lang='lat' dir='ltr'>SCHAEFER.</span> 
     </span>
    </p>

    <p class='ocr_par' dir='ltr' id='par_1_14' title="bbox 858 1146 1569 1276">
     <span class='ocr_line' id='line_1_86' title="bbox 900 1146 1568 1189; baseline -0.006 -10"><span class='ocrx_word' id='word_1_480' title='bbox 900 1148 1323 1189; x_wconf 59' lang='lat' dir='ltr'>-ibidmev-remsssmmtav]</span> <span class='ocrx_word' id='word_1_481' title='bbox 1339 1147 1454 1177; x_wconf 83' lang='lat' dir='ltr'>Anecd.</span> <span class='ocrx_word' id='word_1_482' title='bbox 1469 1146 1568 1176; x_wconf 83' lang='lat' dir='ltr'>Bekk.</span> 
     </span>
     <span class='ocr_line' id='line_1_87' title="bbox 858 1188 1569 1232; baseline -0.008 -8"><span class='ocrx_word' id='word_1_483' title='bbox 858 1203 892 1232; x_wconf 81' lang='lat' dir='ltr'>p,</span> <span class='ocrx_word' id='word_1_484' title='bbox 913 1194 987 1223; x_wconf 76' lang='lat'>295.</span> <span class='ocrx_word' id='word_1_485' title='bbox 1007 1195 1060 1223; x_wconf 83' lang='lat'>30.</span> <span class='ocrx_word' id='word_1_486' title='bbox 1082 1191 1365 1222; x_wconf 72' lang='grc' dir='ltr'>Πεντεκαιδεκοιναίαε</span> <span class='ocrx_word' id='word_1_487' title='bbox 1388 1190 1416 1219; x_wconf 79' lang='grc' dir='ltr'>αἱ</span> <span class='ocrx_word' id='word_1_488' title='bbox 1436 1188 1569 1219; x_wconf 76' lang='grc' dir='ltr'>δεκαπέν-</span> 
     </span>
     <span class='ocr_line' id='line_1_88' title="bbox 859 1237 1156 1276; baseline 0.007 -11"><span class='ocrx_word' id='word_1_489' title='bbox 859 1246 891 1265; x_wconf 89' lang='grc' dir='ltr'>τε</span> <span class='ocrx_word' id='word_1_490' title='bbox 907 1237 1029 1276; x_wconf 69' lang='grc' dir='ltr'>τςιῆρεις.</span> <span class='ocrx_word' id='word_1_491' title='bbox 1051 1237 1156 1267; x_wconf 74' lang='lat' dir='ltr'>IDEM-</span> 
     </span>
    </p>

    <p class='ocr_par' dir='ltr' id='par_1_15' title="bbox 857 1273 1584 3046">
     <span class='ocr_line' id='line_1_89' title="bbox 901 1273 1567 1319; baseline -0.012 -8"><span class='ocrx_word' id='word_1_492' title='bbox 901 1297 945 1301; x_wconf 89' lang='lat'><em>-</em></span> <span class='ocrx_word' id='word_1_493' title='bbox 959 1283 990 1310; x_wconf 88' lang='grc'>5.</span> <span class='ocrx_word' id='word_1_494' title='bbox 1012 1282 1068 1309; x_wconf 76' lang='grc' dir='ltr'>τῶν</span> <span class='ocrx_word' id='word_1_495' title='bbox 1083 1279 1200 1319; x_wconf 60' lang='grc' dir='ltr'>πρώτων</span> <span class='ocrx_word' id='word_1_496' title='bbox 1216 1277 1316 1308; x_wconf 70' lang='grc' dir='ltr'>ἑκατὸν</span> <span class='ocrx_word' id='word_1_497' title='bbox 1331 1275 1415 1307; x_wconf 85' lang='grc' dir='ltr'>πέντε</span> <span class='ocrx_word' id='word_1_498' title='bbox 1430 1288 1458 1305; x_wconf 87' lang='grc' dir='ltr'>κ.</span> <span class='ocrx_word' id='word_1_499' title='bbox 1475 1287 1505 1305; x_wconf 91' lang='grc' dir='ltr'><strong>τ.</strong></span> <span class='ocrx_word' id='word_1_500' title='bbox 1521 1273 1567 1314; x_wconf 88' lang='grc' dir='ltr'>λ.]</span> 
     </span>
     <span class='ocr_line' id='line_1_90' title="bbox 861 1319 1570 1356; baseline -0.007 -5"><span class='ocrx_word' id='word_1_501' title='bbox 861 1323 1028 1352; x_wconf 89' lang='lat' dir='ltr'>Palmerius</span> <span class='ocrx_word' id='word_1_502' title='bbox 1050 1322 1082 1352; x_wconf 87' lang='lat' dir='ltr'>in</span> <span class='ocrx_word' id='word_1_503' title='bbox 1107 1321 1261 1352; x_wconf 83' lang='lat' dir='ltr'>Exercitt.</span> <span class='ocrx_word' id='word_1_504' title='bbox 1285 1322 1322 1351; x_wconf 90' lang='lat' dir='ltr'>ad</span> <span class='ocrx_word' id='word_1_505' title='bbox 1345 1321 1435 1350; x_wconf 82' lang='lat' dir='ltr'>Auct.</span> <span class='ocrx_word' id='word_1_506' title='bbox 1462 1319 1515 1348; x_wconf 91' lang='lat' dir='ltr'>Gr.</span> <span class='ocrx_word' id='word_1_507' title='bbox 1537 1328 1570 1356; x_wconf 91' lang='lat' dir='ltr'>p.</span> 
     </span>
     <span class='ocr_line' id='line_1_91' title="bbox 861 1362 1568 1396; baseline -0.008 -1"><span class='ocrx_word' id='word_1_508' title='bbox 861 1367 933 1395; x_wconf 70' lang='lat'>624.</span> <span class='ocrx_word' id='word_1_509' title='bbox 949 1366 1012 1395; x_wconf 68' lang='lat' dir='ltr'>brec</span> <span class='ocrx_word' id='word_1_510' title='bbox 1028 1367 1136 1396; x_wconf 86' lang='lat' dir='ltr'>habet:</span> <span class='ocrx_word' id='word_1_511' title='bbox 1162 1366 1183 1383; x_wconf 90' lang='lat'><strong>“</strong></span> <span class='ocrx_word' id='word_1_512' title='bbox 1198 1365 1332 1395; x_wconf 85' lang='lat' dir='ltr'>Laborat</span> <span class='ocrx_word' id='word_1_513' title='bbox 1348 1374 1365 1393; x_wconf 91' lang='lat' dir='ltr'>a</span> <span class='ocrx_word' id='word_1_514' title='bbox 1382 1362 1460 1393; x_wconf 80' lang='lat' dir='ltr'>maia</span> <span class='ocrx_word' id='word_1_515' title='bbox 1475 1362 1568 1391; x_wconf 85' lang='lat' dir='ltr'>iuter-</span> 
     </span>
     <span class='ocr_line' id='line_1_92' title="bbox 859 1405 1570 1447; baseline -0.006 -10"><span class='ocrx_word' id='word_1_516' title='bbox 859 1409 1029 1447; x_wconf 84' lang='lat' dir='ltr'>pretatione</span> <span class='ocrx_word' id='word_1_517' title='bbox 1042 1409 1092 1438; x_wconf 90' lang='lat' dir='ltr'>hic</span> <span class='ocrx_word' id='word_1_518' title='bbox 1107 1409 1206 1439; x_wconf 90' lang='lat' dir='ltr'>locus.</span> <span class='ocrx_word' id='word_1_519' title='bbox 1230 1408 1282 1437; x_wconf 91' lang='lat' dir='ltr'>Sic</span> <span class='ocrx_word' id='word_1_520' title='bbox 1295 1408 1496 1445; x_wconf 84' lang='lat' dir='ltr'>interpunge:</span> <span class='ocrx_word' id='word_1_521' title='bbox 1515 1405 1570 1433; x_wconf 74' lang='grc' dir='ltr'>τῶν</span> 
     </span>
     <span class='ocr_line' id='line_1_93' title="bbox 860 1447 1570 1491; baseline -0.006 -11"><span class='ocrx_word' id='word_1_522' title='bbox 860 1453 975 1491; x_wconf 59' lang='grc' dir='ltr'>πρῶτων</span> <span class='ocrx_word' id='word_1_523' title='bbox 991 1451 1100 1486; x_wconf 69' lang='grc' dir='ltr'>ἑκατὸν,</span> <span class='ocrx_word' id='word_1_524' title='bbox 1117 1452 1211 1482; x_wconf 83' lang='grc' dir='ltr'>πέντε·</span> <span class='ocrx_word' id='word_1_525' title='bbox 1227 1452 1274 1481; x_wconf 79' lang='grc' dir='ltr'>καὶ</span> <span class='ocrx_word' id='word_1_526' title='bbox 1289 1453 1345 1480; x_wconf 72' lang='grc' dir='ltr'>τῶν</span> <span class='ocrx_word' id='word_1_527' title='bbox 1359 1447 1488 1488; x_wconf 57' lang='grc' dir='ltr'>δευτέρων</span> <span class='ocrx_word' id='word_1_528' title='bbox 1503 1447 1570 1478; x_wconf 69' lang='lat' dir='ltr'>{ua-</span> 
     </span>
     <span class='ocr_line' id='line_1_94' title="bbox 861 1490 1570 1534; baseline -0.006 -11"><span class='ocrx_word' id='word_1_529' title='bbox 861 1494 916 1530; x_wconf 79' lang='grc' dir='ltr'>τὸν,</span> <span class='ocrx_word' id='word_1_530' title='bbox 933 1494 1027 1525; x_wconf 83' lang='grc' dir='ltr'>πέντε·</span> <span class='ocrx_word' id='word_1_531' title='bbox 1048 1495 1095 1525; x_wconf 72' lang='grc' dir='ltr'>καὶ</span> <span class='ocrx_word' id='word_1_532' title='bbox 1110 1498 1164 1524; x_wconf 71' lang='grc' dir='ltr'>τῶν</span> <span class='ocrx_word' id='word_1_533' title='bbox 1183 1493 1284 1534; x_wconf 73' lang='grc' dir='ltr'>τξίτων</span> <span class='ocrx_word' id='word_1_534' title='bbox 1301 1494 1410 1528; x_wconf 71' lang='grc' dir='ltr'>ἑκατὸν,</span> <span class='ocrx_word' id='word_1_535' title='bbox 1426 1491 1511 1522; x_wconf 78' lang='grc' dir='ltr'>πέντε</span> <span class='ocrx_word' id='word_1_536' title='bbox 1528 1490 1570 1520; x_wconf 79' lang='grc' dir='ltr'>ἐκ.</span> 
     </span>
     <span class='ocr_line' id='line_1_95' title="bbox 857 1534 1571 1577; baseline -0.011 -7"><span class='ocrx_word' id='word_1_537' title='bbox 857 1550 896 1577; x_wconf 82' lang='grc' dir='ltr'>μ.</span> <span class='ocrx_word' id='word_1_538' title='bbox 913 1538 958 1568; x_wconf 75' lang='grc' dir='ltr'>δ.”</span> <span class='ocrx_word' id='word_1_539' title='bbox 1003 1539 1074 1569; x_wconf 88' lang='lat' dir='ltr'>Hoc</span> <span class='ocrx_word' id='word_1_540' title='bbox 1090 1545 1185 1568; x_wconf 85' lang='lat' dir='ltr'>recte.</span> <span class='ocrx_word' id='word_1_541' title='bbox 1231 1539 1371 1576; x_wconf 89' lang='lat' dir='ltr'>Namque</span> <span class='ocrx_word' id='word_1_542' title='bbox 1394 1540 1483 1565; x_wconf 89' lang='lat' dir='ltr'>antea</span> <span class='ocrx_word' id='word_1_543' title='bbox 1505 1534 1571 1563; x_wconf 88' lang='lat' dir='ltr'>sine</span> 
     </span>
     <span class='ocr_line' id='line_1_96' title="bbox 860 1576 1572 1612; baseline -0.007 -2"><span class='ocrx_word' id='word_1_544' title='bbox 860 1582 1053 1612; x_wconf 81' lang='lat' dir='ltr'>distinctione</span> <span class='ocrx_word' id='word_1_545' title='bbox 1076 1582 1186 1612; x_wconf 87' lang='lat' dir='ltr'>lectum</span> <span class='ocrx_word' id='word_1_546' title='bbox 1212 1581 1307 1610; x_wconf 82' lang='lat' dir='ltr'>fuisse</span> <span class='ocrx_word' id='word_1_547' title='bbox 1327 1580 1449 1610; x_wconf 75' lang='lat' dir='ltr'>videtur</span> <span class='ocrx_word' id='word_1_548' title='bbox 1473 1576 1572 1607; x_wconf 68' lang='grc' dir='ltr'>ἑκατόν</span> 
     </span>
     <span class='ocr_line' id='line_1_97' title="bbox 861 1621 1573 1659; baseline -0.006 -6"><span class='ocrx_word' id='word_1_549' title='bbox 861 1623 955 1659; x_wconf 80' lang='grc' dir='ltr'>πέντε,</span> <span class='ocrx_word' id='word_1_550' title='bbox 973 1626 1051 1655; x_wconf 82' lang='lat' dir='ltr'>unde</span> <span class='ocrx_word' id='word_1_551' title='bbox 1064 1626 1168 1655; x_wconf 88' lang='lat' dir='ltr'>Wolfii</span> <span class='ocrx_word' id='word_1_552' title='bbox 1180 1634 1266 1654; x_wconf 89' lang='lat' dir='ltr'>error</span> <span class='ocrx_word' id='word_1_553' title='bbox 1277 1628 1362 1653; x_wconf 88' lang='lat' dir='ltr'>ortus</span> <span class='ocrx_word' id='word_1_554' title='bbox 1372 1622 1507 1655; x_wconf 87' lang='lat' dir='ltr'>videtur,</span> <span class='ocrx_word' id='word_1_555' title='bbox 1521 1621 1573 1659; x_wconf 88' lang='lat' dir='ltr'>qui</span> 
     </span>
     <span class='ocr_line' id='line_1_98' title="bbox 860 1663 1573 1707; baseline -0.008 -10"><span class='ocrx_word' id='word_1_556' title='bbox 860 1668 898 1697; x_wconf 92' lang='lat' dir='ltr'>de</span> <span class='ocrx_word' id='word_1_557' title='bbox 911 1668 1041 1698; x_wconf 86' lang='lat' dir='ltr'>navibus</span> <span class='ocrx_word' id='word_1_558' title='bbox 1056 1668 1312 1707; x_wconf 83' lang='lat' dir='ltr'>interpretabatur</span> <span class='ocrx_word' id='word_1_559' title='bbox 1325 1668 1400 1698; x_wconf 83' lang='lat'><strong>315.</strong></span> <span class='ocrx_word' id='word_1_560' title='bbox 1427 1663 1573 1694; x_wconf 88' lang='lat' dir='ltr'>Palmerii</span> 
     </span>
     <span class='ocr_line' id='line_1_99' title="bbox 860 1707 1571 1750; baseline -0.008 -10"><span class='ocrx_word' id='word_1_561' title='bbox 860 1711 1131 1750; x_wconf 79' lang='lat' dir='ltr'>interpunctionem</span> <span class='ocrx_word' id='word_1_562' title='bbox 1149 1712 1276 1740; x_wconf 82' lang='lat' dir='ltr'>babebat</span> <span class='ocrx_word' id='word_1_563' title='bbox 1293 1711 1382 1739; x_wconf 86' lang='lat' dir='ltr'>etiam</span> <span class='ocrx_word' id='word_1_564' title='bbox 1398 1707 1494 1738; x_wconf 91' lang='lat' dir='ltr'>editio</span> <span class='ocrx_word' id='word_1_565' title='bbox 1512 1707 1571 1735; x_wconf 86' lang='lat' dir='ltr'>Be-</span> 
     </span>
     <span class='ocr_line' id='line_1_100' title="bbox 861 1750 1572 1793; baseline -0.007 -10"><span class='ocrx_word' id='word_1_566' title='bbox 861 1754 974 1783; x_wconf 87' lang='lat' dir='ltr'>nenati.</span> <span class='ocrx_word' id='word_1_567' title='bbox 998 1755 1089 1791; x_wconf 87' lang='lat' dir='ltr'>Quod</span> <span class='ocrx_word' id='word_1_568' title='bbox 1107 1765 1178 1784; x_wconf 89' lang='lat' dir='ltr'>vero</span> <span class='ocrx_word' id='word_1_569' title='bbox 1191 1755 1335 1793; x_wconf 86' lang='lat' dir='ltr'>deinceps</span> <span class='ocrx_word' id='word_1_570' title='bbox 1351 1752 1435 1782; x_wconf 88' lang='lat' dir='ltr'>addit</span> <span class='ocrx_word' id='word_1_571' title='bbox 1450 1750 1572 1781; x_wconf 85' lang='lat' dir='ltr'>Palme-</span> 
     </span>
     <span class='ocr_line' id='line_1_101' title="bbox 860 1795 1573 1836; baseline -0.008 -9"><span class='ocrx_word' id='word_1_572' title='bbox 860 1798 936 1831; x_wconf 79' lang='lat' dir='ltr'>rius,</span> <span class='ocrx_word' id='word_1_573' title='bbox 953 1797 998 1827; x_wconf 90' lang='lat' dir='ltr'>sic</span> <span class='ocrx_word' id='word_1_574' title='bbox 1013 1797 1243 1836; x_wconf 89' lang='lat' dir='ltr'>intelligendum</span> <span class='ocrx_word' id='word_1_575' title='bbox 1268 1807 1337 1826; x_wconf 84' lang='lat' dir='ltr'>esse</span> <span class='ocrx_word' id='word_1_576' title='bbox 1356 1796 1437 1825; x_wconf 86' lang='lat' dir='ltr'>hunc</span> <span class='ocrx_word' id='word_1_577' title='bbox 1458 1795 1573 1827; x_wconf 87' lang='lat' dir='ltr'>locum,</span> 
     </span>
     <span class='ocr_line' id='line_1_102' title="bbox 862 1838 1574 1871; baseline -0.008 -1"><span class='ocrx_word' id='word_1_578' title='bbox 862 1846 894 1870; x_wconf 85' lang='lat' dir='ltr'>ut</span> <span class='ocrx_word' id='word_1_579' title='bbox 910 1842 974 1870; x_wconf 83' lang='lat'>300</span> <span class='ocrx_word' id='word_1_580' title='bbox 994 1841 1132 1871; x_wconf 87' lang='lat' dir='ltr'>triremes</span> <span class='ocrx_word' id='word_1_581' title='bbox 1150 1841 1328 1871; x_wconf 86' lang='lat' dir='ltr'>dividantur</span> <span class='ocrx_word' id='word_1_582' title='bbox 1343 1840 1372 1868; x_wconf 91' lang='lat' dir='ltr'>in</span> <span class='ocrx_word' id='word_1_583' title='bbox 1390 1840 1430 1869; x_wconf 87' lang='lat'>15</span> <span class='ocrx_word' id='word_1_584' title='bbox 1446 1838 1574 1871; x_wconf 86' lang='lat' dir='ltr'>classes,</span> 
     </span>
     <span class='ocr_line' id='line_1_103' title="bbox 861 1881 1573 1923; baseline -0.008 -10"><span class='ocrx_word' id='word_1_585' title='bbox 861 1894 985 1923; x_wconf 85' lang='lat' dir='ltr'>quarum</span> <span class='ocrx_word' id='word_1_586' title='bbox 1013 1894 1200 1922; x_wconf 87' lang='lat' dir='ltr'>unaquaeque</span> <span class='ocrx_word' id='word_1_587' title='bbox 1224 1884 1336 1912; x_wconf 85' lang='lat' dir='ltr'>habeat</span> <span class='ocrx_word' id='word_1_588' title='bbox 1358 1885 1399 1912; x_wconf 68' lang='lat'>⁶20</span> <span class='ocrx_word' id='word_1_589' title='bbox 1422 1881 1573 1913; x_wconf 80' lang='lat' dir='ltr'>triremes,</span> 
     </span>
     <span class='ocr_line' id='line_1_104' title="bbox 862 1922 1573 1966; baseline -0.007 -10"><span class='ocrx_word' id='word_1_590' title='bbox 862 1937 958 1965; x_wconf 89' lang='lat' dir='ltr'>eaque</span> <span class='ocrx_word' id='word_1_591' title='bbox 981 1927 1099 1956; x_wconf 84' lang='lat' dir='ltr'>ratione</span> <span class='ocrx_word' id='word_1_592' title='bbox 1119 1927 1224 1966; x_wconf 85' lang='lat' dir='ltr'>primae</span> <span class='ocrx_word' id='word_1_593' title='bbox 1242 1929 1304 1955; x_wconf 92' lang='lat'>100</span> <span class='ocrx_word' id='word_1_594' title='bbox 1321 1926 1460 1955; x_wconf 87' lang='lat' dir='ltr'>triremes</span> <span class='ocrx_word' id='word_1_595' title='bbox 1478 1922 1573 1952; x_wconf 87' lang='lat' dir='ltr'>confi-</span> 
     </span>
     <span class='ocr_line' id='line_1_105' title="bbox 861 1964 1573 2010; baseline -0.007 -11"><span class='ocrx_word' id='word_1_596' title='bbox 861 1970 942 1999; x_wconf 86' lang='lat' dir='ltr'>ciant</span> <span class='ocrx_word' id='word_1_597' title='bbox 958 1972 977 2000; x_wconf 88' lang='grc'><strong>5</strong></span> <span class='ocrx_word' id='word_1_598' title='bbox 994 1970 1106 2000; x_wconf 88' lang='lat' dir='ltr'>classes</span> <span class='ocrx_word' id='word_1_599' title='bbox 1129 1981 1154 1999; x_wconf 90' lang='lat' dir='ltr'>s.</span> <span class='ocrx_word' id='word_1_600' title='bbox 1178 1973 1276 2010; x_wconf 81' lang='lat' dir='ltr'>partes</span> <span class='ocrx_word' id='word_1_601' title='bbox 1299 1969 1449 1998; x_wconf 86' lang='lat' dir='ltr'>universae</span> <span class='ocrx_word' id='word_1_602' title='bbox 1464 1964 1573 1995; x_wconf 89' lang='lat' dir='ltr'>classis</span> 
     </span>
     <span class='ocr_line' id='line_1_106' title="bbox 861 2008 1574 2051; baseline -0.007 -9"><span class='ocrx_word' id='word_1_603' title='bbox 861 2013 1102 2049; x_wconf 84' lang='lat' dir='ltr'>Atheniensium,</span> <span class='ocrx_word' id='word_1_604' title='bbox 1124 2013 1288 2051; x_wconf 85' lang='lat' dir='ltr'>alteraeque</span> <span class='ocrx_word' id='word_1_605' title='bbox 1310 2017 1341 2041; x_wconf 85' lang='lat' dir='ltr'>et</span> <span class='ocrx_word' id='word_1_606' title='bbox 1361 2011 1459 2041; x_wconf 88' lang='lat' dir='ltr'>tertiae</span> <span class='ocrx_word' id='word_1_607' title='bbox 1480 2020 1503 2038; x_wconf 90' lang='lat' dir='ltr'>s.</span> <span class='ocrx_word' id='word_1_608' title='bbox 1528 2008 1574 2037; x_wconf 87' lang='lat' dir='ltr'>ul-</span> 
     </span>
     <span class='ocr_line' id='line_1_107' title="bbox 861 2055 1572 2086; baseline -0.008 0"><span class='ocrx_word' id='word_1_609' title='bbox 861 2056 943 2086; x_wconf 85' lang='lat' dir='ltr'>timae</span> <span class='ocrx_word' id='word_1_610' title='bbox 967 2059 1030 2086; x_wconf 91' lang='lat'>100</span> <span class='ocrx_word' id='word_1_611' title='bbox 1053 2056 1190 2086; x_wconf 83' lang='lat' dir='ltr'>triremes</span> <span class='ocrx_word' id='word_1_612' title='bbox 1213 2056 1287 2085; x_wconf 87' lang='lat' dir='ltr'>item</span> <span class='ocrx_word' id='word_1_613' title='bbox 1313 2056 1332 2085; x_wconf 89' lang='lat'><em>5</em></span> <span class='ocrx_word' id='word_1_614' title='bbox 1359 2055 1474 2084; x_wconf 84' lang='lat' dir='ltr'>classes</span> <span class='ocrx_word' id='word_1_615' title='bbox 1501 2061 1572 2081; x_wconf 90' lang='lat' dir='ltr'>con-</span> 
     </span>
     <span class='ocr_line' id='line_1_108' title="bbox 862 2098 1572 2139; baseline -0.008 -10"><span class='ocrx_word' id='word_1_616' title='bbox 862 2100 1000 2134; x_wconf 87' lang='lat' dir='ltr'>stituant,</span> <span class='ocrx_word' id='word_1_617' title='bbox 1031 2099 1136 2139; x_wconf 77' lang='lat' dir='ltr'>sicque</span> <span class='ocrx_word' id='word_1_618' title='bbox 1163 2100 1240 2128; x_wconf 86' lang='lat' dir='ltr'>adeo</span> <span class='ocrx_word' id='word_1_619' title='bbox 1267 2099 1318 2127; x_wconf 86' lang='lat' dir='ltr'>fiat</span> <span class='ocrx_word' id='word_1_620' title='bbox 1342 2098 1396 2127; x_wconf 91' lang='lat' dir='ltr'>illa</span> <span class='ocrx_word' id='word_1_621' title='bbox 1423 2106 1572 2126; x_wconf 74' lang='grc' dir='ltr'>πεντεκαι-</span> 
     </span>
     <span class='ocr_line' id='line_1_109' title="bbox 862 2140 1571 2180; baseline -0.007 -8"><span class='ocrx_word' id='word_1_622' title='bbox 862 2142 1001 2179; x_wconf 68' lang='grc' dir='ltr'>δεκαναία,</span> <span class='ocrx_word' id='word_1_623' title='bbox 1019 2153 1138 2178; x_wconf 87' lang='lat' dir='ltr'>vereor,</span> <span class='ocrx_word' id='word_1_624' title='bbox 1159 2153 1196 2171; x_wconf 90' lang='lat' dir='ltr'>ne</span> <span class='ocrx_word' id='word_1_625' title='bbox 1212 2142 1265 2171; x_wconf 90' lang='lat' dir='ltr'>illa</span> <span class='ocrx_word' id='word_1_626' title='bbox 1279 2140 1447 2180; x_wconf 84' lang='lat' dir='ltr'>explicatio</span> <span class='ocrx_word' id='word_1_627' title='bbox 1465 2148 1571 2178; x_wconf 88' lang='lat' dir='ltr'>parum</span> 
     </span>
     <span class='ocr_line' id='line_1_110' title="bbox 863 2181 1572 2224; baseline -0.007 -9"><span class='ocrx_word' id='word_1_628' title='bbox 863 2187 903 2216; x_wconf 91' lang='lat' dir='ltr'>sit</span> <span class='ocrx_word' id='word_1_629' title='bbox 919 2187 1085 2224; x_wconf 86' lang='lat' dir='ltr'>probanda.</span> <span class='ocrx_word' id='word_1_630' title='bbox 1108 2187 1206 2215; x_wconf 85' lang='lat' dir='ltr'>lmmo</span> <span class='ocrx_word' id='word_1_631' title='bbox 1223 2195 1297 2214; x_wconf 90' lang='lat' dir='ltr'>vero</span> <span class='ocrx_word' id='word_1_632' title='bbox 1314 2184 1430 2224; x_wconf 82' lang='lat' dir='ltr'>duplex</span> <span class='ocrx_word' id='word_1_633' title='bbox 1447 2187 1511 2212; x_wconf 89' lang='lat' dir='ltr'>erat</span> <span class='ocrx_word' id='word_1_634' title='bbox 1526 2181 1572 2210; x_wconf 92' lang='lat' dir='ltr'>di-</span> 
     </span>
     <span class='ocr_line' id='line_1_111' title="bbox 864 2228 1574 2263; baseline -0.008 -4"><span class='ocrx_word' id='word_1_635' title='bbox 864 2229 1005 2259; x_wconf 84' lang='lat' dir='ltr'>stributio</span> <span class='ocrx_word' id='word_1_636' title='bbox 1026 2228 1134 2259; x_wconf 81' lang='lat' dir='ltr'>classis</span> <span class='ocrx_word' id='word_1_637' title='bbox 1157 2228 1401 2263; x_wconf 85' lang='lat' dir='ltr'>Atheniensium,</span> <span class='ocrx_word' id='word_1_638' title='bbox 1426 2230 1458 2256; x_wconf 88' lang='lat' dir='ltr'>ut</span> <span class='ocrx_word' id='word_1_639' title='bbox 1482 2234 1574 2263; x_wconf 88' lang='lat' dir='ltr'>supra</span> 
     </span>
     <span class='ocr_line' id='line_1_112' title="bbox 867 2269 1573 2312; baseline -0.007 -10"><span class='ocrx_word' id='word_1_640' title='bbox 867 2272 921 2312; x_wconf 85' lang='lat' dir='ltr'>[ad</span> <span class='ocrx_word' id='word_1_641' title='bbox 933 2274 1006 2303; x_wconf 70' lang='lat'>287.</span> <span class='ocrx_word' id='word_1_642' title='bbox 1017 2274 1047 2302; x_wconf 89' lang='grc'>6.</span> <span class='ocrx_word' id='word_1_643' title='bbox 1065 2273 1129 2305; x_wconf 68' lang='grc' dir='ltr'>τοὺς</span> <span class='ocrx_word' id='word_1_644' title='bbox 1143 2269 1295 2305; x_wconf 76' lang='grc' dir='ltr'>διακοσίους</span> <span class='ocrx_word' id='word_1_645' title='bbox 1309 2270 1358 2299; x_wconf 79' lang='grc' dir='ltr'>καὶ</span> <span class='ocrx_word' id='word_1_646' title='bbox 1373 2269 1497 2311; x_wconf 77' lang='grc' dir='ltr'>χιλίους]</span> <span class='ocrx_word' id='word_1_647' title='bbox 1510 2278 1573 2297; x_wconf 89' lang='lat' dir='ltr'>mo-</span> 
     </span>
     <span class='ocr_line' id='line_1_113' title="bbox 866 2312 1576 2355; baseline -0.008 -10"><span class='ocrx_word' id='word_1_648' title='bbox 866 2316 997 2351; x_wconf 86' lang='lat' dir='ltr'>nuimus,</span> <span class='ocrx_word' id='word_1_649' title='bbox 1010 2325 1135 2355; x_wconf 91' lang='lat' dir='ltr'>quarum</span> <span class='ocrx_word' id='word_1_650' title='bbox 1152 2316 1249 2344; x_wconf 81' lang='lat' dir='ltr'>altera</span> <span class='ocrx_word' id='word_1_651' title='bbox 1262 2315 1370 2352; x_wconf 84' lang='lat' dir='ltr'>major,</span> <span class='ocrx_word' id='word_1_652' title='bbox 1387 2318 1420 2343; x_wconf 92' lang='lat' dir='ltr'>ut</span> <span class='ocrx_word' id='word_1_653' title='bbox 1436 2316 1541 2342; x_wconf 90' lang='lat' dir='ltr'>essent</span> <span class='ocrx_word' id='word_1_654' title='bbox 1556 2312 1576 2340; x_wconf 84' lang='lat'><strong>3</strong></span> 
     </span>
     <span class='ocr_line' id='line_1_114' title="bbox 867 2357 1576 2397; baseline -0.007 -9"><span class='ocrx_word' id='word_1_655' title='bbox 867 2359 1020 2389; x_wconf 79' lang='lat' dir='ltr'>universae</span> <span class='ocrx_word' id='word_1_656' title='bbox 1044 2358 1153 2388; x_wconf 82' lang='lat' dir='ltr'>classis</span> <span class='ocrx_word' id='word_1_657' title='bbox 1173 2363 1286 2397; x_wconf 81' lang='lat' dir='ltr'>partes,</span> <span class='ocrx_word' id='word_1_658' title='bbox 1308 2358 1436 2395; x_wconf 83' lang='lat' dir='ltr'>singulae</span> <span class='ocrx_word' id='word_1_659' title='bbox 1456 2365 1496 2384; x_wconf 89' lang='lat' dir='ltr'>ex</span> <span class='ocrx_word' id='word_1_660' title='bbox 1513 2357 1576 2384; x_wconf 86' lang='lat'>100</span> 
     </span>
     <span class='ocr_line' id='line_1_115' title="bbox 868 2397 1575 2440; baseline -0.008 -8"><span class='ocrx_word' id='word_1_661' title='bbox 868 2403 999 2432; x_wconf 87' lang='lat' dir='ltr'>navibus</span> <span class='ocrx_word' id='word_1_662' title='bbox 1015 2403 1204 2440; x_wconf 86' lang='lat' dir='ltr'>compositae,</span> <span class='ocrx_word' id='word_1_663' title='bbox 1217 2401 1265 2430; x_wconf 79' lang='lat' dir='ltr'>vel</span> <span class='ocrx_word' id='word_1_664' title='bbox 1281 2400 1452 2439; x_wconf 83' lang='lat' dir='ltr'>singulatim</span> <span class='ocrx_word' id='word_1_665' title='bbox 1470 2398 1515 2427; x_wconf 86' lang='lat' dir='ltr'>vel</span> <span class='ocrx_word' id='word_1_666' title='bbox 1534 2397 1575 2427; x_wconf 93' lang='lat' dir='ltr'>si-</span> 
     </span>
     <span class='ocr_line' id='line_1_116' title="bbox 868 2443 1577 2484; baseline -0.006 -10"><span class='ocrx_word' id='word_1_667' title='bbox 868 2445 929 2474; x_wconf 89' lang='lat' dir='ltr'>mul</span> <span class='ocrx_word' id='word_1_668' title='bbox 952 2455 1007 2484; x_wconf 85' lang='lat' dir='ltr'>pro</span> <span class='ocrx_word' id='word_1_669' title='bbox 1030 2445 1113 2474; x_wconf 85' lang='lat' dir='ltr'>varia</span> <span class='ocrx_word' id='word_1_670' title='bbox 1136 2444 1267 2484; x_wconf 91' lang='lat' dir='ltr'>reipubl.</span> <span class='ocrx_word' id='word_1_671' title='bbox 1293 2443 1476 2473; x_wconf 74' lang='lat' dir='ltr'>necessitate</span> <span class='ocrx_word' id='word_1_672' title='bbox 1498 2451 1577 2480; x_wconf 89' lang='lat' dir='ltr'>prae-</span> 
     </span>
     <span class='ocr_line' id='line_1_117' title="bbox 869 2485 1579 2526; baseline -0.007 -8"><span class='ocrx_word' id='word_1_673' title='bbox 869 2488 990 2523; x_wconf 90' lang='lat' dir='ltr'>bendae,</span> <span class='ocrx_word' id='word_1_674' title='bbox 1001 2488 1095 2517; x_wconf 88' lang='lat' dir='ltr'>altera</span> <span class='ocrx_word' id='word_1_675' title='bbox 1110 2488 1218 2524; x_wconf 87' lang='lat' dir='ltr'>minor,</span> <span class='ocrx_word' id='word_1_676' title='bbox 1230 2497 1297 2526; x_wconf 77' lang='lat' dir='ltr'>quce</span> <span class='ocrx_word' id='word_1_677' title='bbox 1314 2486 1484 2516; x_wconf 84' lang='lat' dir='ltr'>universam</span> <span class='ocrx_word' id='word_1_678' title='bbox 1502 2485 1579 2514; x_wconf 91' lang='lat' dir='ltr'>clas-</span> 
     </span>
     <span class='ocr_line' id='line_1_118' title="bbox 869 2528 1580 2570; baseline -0.006 -9"><span class='ocrx_word' id='word_1_679' title='bbox 869 2542 933 2561; x_wconf 89' lang='lat' dir='ltr'>sem</span> <span class='ocrx_word' id='word_1_680' title='bbox 949 2533 1012 2561; x_wconf 83' lang='lat'>300</span> <span class='ocrx_word' id='word_1_681' title='bbox 1029 2531 1149 2561; x_wconf 89' lang='lat' dir='ltr'>navium</span> <span class='ocrx_word' id='word_1_682' title='bbox 1163 2533 1204 2561; x_wconf 70' lang='grc'>20</span> <span class='ocrx_word' id='word_1_683' title='bbox 1214 2529 1404 2570; x_wconf 82' lang='lat' dir='ltr'>portionibus</span> <span class='ocrx_word' id='word_1_684' title='bbox 1418 2528 1580 2558; x_wconf 84' lang='lat' dir='ltr'>dividebat</span> 
     </span>
     <span class='ocr_line' id='line_1_119' title="bbox 870 2570 1580 2614; baseline -0.006 -10"><span class='ocrx_word' id='word_1_685' title='bbox 870 2585 926 2614; x_wconf 89' lang='lat' dir='ltr'>pro</span> <span class='ocrx_word' id='word_1_686' title='bbox 952 2584 1078 2604; x_wconf 91' lang='lat' dir='ltr'>numero</span> <span class='ocrx_word' id='word_1_687' title='bbox 1102 2574 1345 2613; x_wconf 86' lang='lat' dir='ltr'>symmoriarum.</span> <span class='ocrx_word' id='word_1_688' title='bbox 1393 2570 1580 2611; x_wconf 85' lang='lat' dir='ltr'>Hujusmodi</span> 
     </span>
     <span class='ocr_line' id='line_1_120' title="bbox 870 2614 1580 2657; baseline -0.006 -10"><span class='ocrx_word' id='word_1_689' title='bbox 870 2623 969 2648; x_wconf 91' lang='lat' dir='ltr'>autem</span> <span class='ocrx_word' id='word_1_690' title='bbox 982 2617 1093 2657; x_wconf 62' lang='lat' dir='ltr'>purtim</span> <span class='ocrx_word' id='word_1_691' title='bbox 1105 2616 1379 2652; x_wconf 71' lang='grc' dir='ltr'>πεντεκαιδεκαναΐα,</span> <span class='ocrx_word' id='word_1_692' title='bbox 1398 2618 1432 2646; x_wconf 90' lang='lat'><em>15</em></span> <span class='ocrx_word' id='word_1_693' title='bbox 1448 2614 1580 2645; x_wconf 92' lang='lat' dir='ltr'>triremi-</span> 
     </span>
     <span class='ocr_line' id='line_1_121' title="bbox 872 2659 1580 2699; baseline -0.004 -9"><span class='ocrx_word' id='word_1_694' title='bbox 872 2663 928 2691; x_wconf 88' lang='lat' dir='ltr'>bus</span> <span class='ocrx_word' id='word_1_695' title='bbox 942 2666 1094 2695; x_wconf 78' lang='lat' dir='ltr'>constans,</span> <span class='ocrx_word' id='word_1_696' title='bbox 1109 2671 1165 2690; x_wconf 91' lang='lat' dir='ltr'>non</span> <span class='ocrx_word' id='word_1_697' title='bbox 1183 2670 1302 2699; x_wconf 85' lang='lat' dir='ltr'>semper</span> <span class='ocrx_word' id='word_1_698' title='bbox 1318 2665 1429 2699; x_wconf 79' lang='lat' dir='ltr'>praesto</span> <span class='ocrx_word' id='word_1_699' title='bbox 1443 2670 1510 2689; x_wconf 89' lang='lat' dir='ltr'>esse</span> <span class='ocrx_word' id='word_1_700' title='bbox 1527 2659 1580 2687; x_wconf 88' lang='lat' dir='ltr'>de—</span> 
     </span>
     <span class='ocr_line' id='line_1_122' title="bbox 871 2702 1581 2742; baseline -0.006 -8"><span class='ocrx_word' id='word_1_701' title='bbox 871 2705 974 2738; x_wconf 86' lang='lat' dir='ltr'>bebat,</span> <span class='ocrx_word' id='word_1_702' title='bbox 991 2705 1044 2734; x_wconf 89' lang='lat' dir='ltr'>sed</span> <span class='ocrx_word' id='word_1_703' title='bbox 1059 2704 1224 2734; x_wconf 88' lang='lat' dir='ltr'>secundum</span> <span class='ocrx_word' id='word_1_704' title='bbox 1243 2705 1355 2733; x_wconf 80' lang='lat' dir='ltr'>variam</span> <span class='ocrx_word' id='word_1_705' title='bbox 1372 2703 1502 2742; x_wconf 87' lang='lat' dir='ltr'>reipubl.</span> <span class='ocrx_word' id='word_1_706' title='bbox 1520 2702 1581 2730; x_wconf 80' lang='lat' dir='ltr'>for-</span> 
     </span>
     <span class='ocr_line' id='line_1_123' title="bbox 873 2746 1581 2784; baseline -0.006 -7"><span class='ocrx_word' id='word_1_707' title='bbox 873 2753 974 2777; x_wconf 86' lang='lat' dir='ltr'>tunam</span> <span class='ocrx_word' id='word_1_708' title='bbox 987 2752 1016 2776; x_wconf 88' lang='lat' dir='ltr'>et</span> <span class='ocrx_word' id='word_1_709' title='bbox 1029 2747 1233 2777; x_wconf 86' lang='lat' dir='ltr'>conditionem</span> <span class='ocrx_word' id='word_1_710' title='bbox 1248 2747 1295 2776; x_wconf 90' lang='lat' dir='ltr'>vel</span> <span class='ocrx_word' id='word_1_711' title='bbox 1309 2746 1399 2776; x_wconf 82' lang='lat' dir='ltr'>tertia</span> <span class='ocrx_word' id='word_1_712' title='bbox 1416 2746 1482 2782; x_wconf 83' lang='lat' dir='ltr'>ejus</span> <span class='ocrx_word' id='word_1_713' title='bbox 1499 2755 1581 2784; x_wconf 85' lang='lat' dir='ltr'>pars,</span> 
     </span>
     <span class='ocr_line' id='line_1_124' title="bbox 874 2789 1581 2826; baseline -0.006 -6"><span class='ocrx_word' id='word_1_714' title='bbox 874 2791 922 2821; x_wconf 86' lang='lat' dir='ltr'>vel</span> <span class='ocrx_word' id='word_1_715' title='bbox 952 2790 1089 2826; x_wconf 80' lang='lat' dir='ltr'>dimidia,</span> <span class='ocrx_word' id='word_1_716' title='bbox 1120 2791 1167 2820; x_wconf 85' lang='lat' dir='ltr'>vel</span> <span class='ocrx_word' id='word_1_717' title='bbox 1199 2795 1230 2820; x_wconf 91' lang='lat' dir='ltr'>et</span> <span class='ocrx_word' id='word_1_718' title='bbox 1261 2794 1334 2819; x_wconf 80' lang='lat' dir='ltr'>tota.</span> <span class='ocrx_word' id='word_1_719' title='bbox 1387 2790 1486 2826; x_wconf 81' lang='lat' dir='ltr'>Atque</span> <span class='ocrx_word' id='word_1_720' title='bbox 1518 2789 1581 2817; x_wconf 79' lang='lat' dir='ltr'>haec</span> 
     </span>
     <span class='ocr_line' id='line_1_125' title="bbox 875 2830 1581 2874; baseline -0.006 -12"><span class='ocrx_word' id='word_1_721' title='bbox 875 2840 946 2863; x_wconf 86' lang='lat' dir='ltr'>sunt</span> <span class='ocrx_word' id='word_1_722' title='bbox 969 2833 1041 2863; x_wconf 88' lang='lat' dir='ltr'>illa:</span> <span class='ocrx_word' id='word_1_723' title='bbox 1064 2836 1119 2863; x_wconf 74' lang='grc' dir='ltr'>τῶν</span> <span class='ocrx_word' id='word_1_724' title='bbox 1140 2835 1264 2874; x_wconf 54' lang='lat' dir='ltr'>wgo-§ram</span> <span class='ocrx_word' id='word_1_725' title='bbox 1287 2830 1581 2864; x_wconf 69' lang='grc' dir='ltr'>έκιιτόν-διδόντας,</span> 
     </span>
     <span class='ocr_line' id='line_1_126' title="bbox 875 2874 1582 2908; baseline -0.007 0"><span class='ocrx_word' id='word_1_726' title='bbox 875 2877 1150 2908; x_wconf 74' lang='lat' dir='ltr'>AMERSFOORDT.</span> <span class='ocrx_word' id='word_1_727' title='bbox 1182 2875 1291 2906; x_wconf 77' lang='lat' dir='ltr'>Wolfii</span> <span class='ocrx_word' id='word_1_728' title='bbox 1308 2885 1441 2904; x_wconf 82' lang='lat' dir='ltr'>errorem</span> <span class='ocrx_word' id='word_1_729' title='bbox 1459 2874 1582 2903; x_wconf 80' lang='lat' dir='ltr'>Reiski-</span> 
     </span>
     <span class='ocr_line' id='line_1_127' title="bbox 877 2917 1583 2960; baseline -0.007 -10"><span class='ocrx_word' id='word_1_730' title='bbox 877 2929 912 2949; x_wconf 85' lang='lat' dir='ltr'>us</span> <span class='ocrx_word' id='word_1_731' title='bbox 924 2919 1202 2960; x_wconf 88' lang='lat' dir='ltr'>probeperspexit:</span> <span class='ocrx_word' id='word_1_732' title='bbox 1221 2919 1275 2948; x_wconf 84' lang='lat' dir='ltr'>sed</span> <span class='ocrx_word' id='word_1_733' title='bbox 1289 2917 1423 2947; x_wconf 86' lang='lat' dir='ltr'>vicissim</span> <span class='ocrx_word' id='word_1_734' title='bbox 1438 2917 1506 2954; x_wconf 84' lang='lat' dir='ltr'>ipse</span> <span class='ocrx_word' id='word_1_735' title='bbox 1517 2927 1583 2957; x_wconf 82' lang='lat' dir='ltr'>gra-</span> 
     </span>
     <span class='ocr_line' id='line_1_128' title="bbox 879 2959 1584 2999; baseline -0.001 -8"><span class='ocrx_word' id='word_1_736' title='bbox 879 2963 958 2993; x_wconf 81' lang='lat' dir='ltr'>viter</span> <span class='ocrx_word' id='word_1_737' title='bbox 973 2963 1097 2999; x_wconf 89' lang='lat' dir='ltr'>erravit,</span> <span class='ocrx_word' id='word_1_738' title='bbox 1114 2972 1182 2992; x_wconf 89' lang='lat' dir='ltr'>cum</span> <span class='ocrx_word' id='word_1_739' title='bbox 1199 2961 1344 2991; x_wconf 87' lang='lat' dir='ltr'>rationem</span> <span class='ocrx_word' id='word_1_740' title='bbox 1361 2962 1415 2989; x_wconf 73' lang='grc' dir='ltr'>τῶν</span> <span class='ocrx_word' id='word_1_741' title='bbox 1429 2959 1513 2989; x_wconf 76' lang='grc' dir='ltr'>εἴκοσι</span> <span class='ocrx_word' id='word_1_742' title='bbox 1529 2971 1584 2998; x_wconf 84' lang='grc' dir='ltr'>με·</span> 
     </span>
     <span class='ocr_line' id='line_1_129' title="bbox 878 3003 1564 3046; baseline -0.007 -10"><span class='ocrx_word' id='word_1_743' title='bbox 878 3008 926 3046; x_wconf 57' lang='lat' dir='ltr'>gam</span> <span class='ocrx_word' id='word_1_744' title='bbox 942 3006 1051 3036; x_wconf 88' lang='lat' dir='ltr'>classis</span> <span class='ocrx_word' id='word_1_745' title='bbox 1065 3005 1221 3044; x_wconf 82' lang='lat' dir='ltr'>explicare</span> <span class='ocrx_word' id='word_1_746' title='bbox 1238 3003 1340 3033; x_wconf 82' lang='lat' dir='ltr'>vellet.</span> <span class='ocrx_word' id='word_1_747' title='bbox 1368 3004 1564 3033; x_wconf 70' lang='lat' dir='ltr'>Sannrnn.</span> 
     </span>
    </p>

    <p class='ocr_par' dir='ltr' id='par_1_16' title="bbox 923 3045 1588 3088">
     <span class='ocr_line' id='line_1_130' title="bbox 923 3045 1588 3088; baseline -0.006 -8"><span class='ocrx_word' id='word_1_748' title='bbox 923 3067 964 3072; x_wconf 93' lang='lat'>—</span> <span class='ocrx_word' id='word_1_749' title='bbox 978 3051 1008 3080; x_wconf 84' lang='lat'>9.</span> <span class='ocrx_word' id='word_1_750' title='bbox 1024 3051 1102 3088; x_wconf 68' lang='grc' dir='ltr'>σφῶν</span> <span class='ocrx_word' id='word_1_751' title='bbox 1116 3047 1222 3088; x_wconf 61' lang='lat' dir='ltr'>ata-zv]</span> <span class='ocrx_word' id='word_1_752' title='bbox 1240 3047 1414 3086; x_wconf 80' lang='lat' dir='ltr'>Exspectes</span> <span class='ocrx_word' id='word_1_753' title='bbox 1430 3045 1542 3080; x_wconf 69' lang='grc' dir='ltr'>ἑαυτῗς,</span> <span class='ocrx_word' id='word_1_754' title='bbox 1556 3052 1588 3076; x_wconf 93' lang='lat' dir='ltr'>ut</span> 
     </span>
    </p>
   </div>
  </div>
 </body>
</html>
