1931 3322
464 202 524 243 IN
561 202 734 244 ORAT.
769 201 850 242 DE
883 202 1252 245 SYMMORHS.

114 317 231 340 mecum
254 313 366 340 utatur.
409 310 477 340 Jam
504 320 576 340 vero
593 320 651 338 non
667 308 830 339 dissimulo

116 352 174 383 Gr.
203 354 313 383 vocab.
343 352 436 392 ὄρφνην
462 353 560 383 videri
585 353 658 382 mibi
681 363 740 382 non
760 362 830 382 esse

113 394 286 437 αὐτόχθονα,
307 397 361 427 sed
382 396 548 426 deductum
567 397 606 426 ab
626 395 755 430 oriente,
774 396 831 425 viz.

113 438 153 468 ab
169 438 253 469 Heb.
490 440 571 469 unde
593 444 625 469 et
652 440 705 469 Gr.
729 438 831 479 ἕςεΒος,

115 481 165 511 vel
183 492 201 512 a
602 482 706 523 (densa
721 482 833 522 caligo)

114 534 170 563 per
183 535 272 564 apoc.
290 531 450 566 postremae
464 525 618 556 radicalis.

158 584 200 590 —
215 568 291 598 ibid.
311 569 514 610 κληξουχικεῖν]
536 569 694 608 Κληξοῦχος
708 567 745 596 ad
763 577 830 596 ver-

114 610 188 640 bum
211 617 258 641 est
282 619 384 642 sortem
415 612 530 647 habens,
562 611 612 641 vel
639 610 830 640 hereditatem

109 654 266 692 possidens,
279 655 329 685 vel
345 657 394 695 qai
409 657 509 684 sortito
524 653 638 694 aliquid
653 654 781 683 obtinuit
804 658 832 682 et

111 698 235 736 accepit.
279 698 342 728 Sed
357 709 396 728 ex
414 708 469 727 usu
485 698 538 727 Gr.
558 697 700 733 obtinuit,
725 701 759 727 ut
779 707 832 736 pe·

112 739 223 770 culiari
250 751 342 771 sensu
367 741 516 782 κληξοῐὶχοι
547 740 688 770 dicantur
718 739 830 775 coloni,

114 783 202 822 quasi
211 783 313 823 aliqua
324 790 406 814 sorte
421 783 589 813 habitatum
604 783 703 820 missi,
715 783 765 813 vel
779 783 832 822 qui

111 824 143 854 iu
158 831 264 856 extero
280 827 348 856 solo
363 827 474 857 fundos
497 835 529 856 et
551 837 641 866 agros
665 827 725 856 sibi
749 831 830 856 sorte

112 867 231 899 divisos
246 869 367 901 habent.
401 869 766 912 Plut.Periel.[c.11.]
783 881 832 910 χι·

112 911 187 948 λίους
198 911 326 944 ἔστειλεν
341 913 379 948 εἷς
393 913 551 954 Χεῤῥόννσον
560 913 735 954 κληρούχους.
752 913 833 942 mille

112 955 225 986 colonos
252 958 332 988 misit
354 957 388 987 in
413 956 659 993 Cherronnesum,
680 957 765 987 illius
788 957 832 986 lo·

114 998 145 1029 ci
166 1009 258 1038 agros
282 1000 344 1031 sibi
365 999 531 1031 divisuros.
584 1000 737 1030 Herodot.
755 1002 832 1030 Ter-

114 1040 213 1081 psich.
242 1043 287 1085 [c.
309 1043 381 1097 77.]
407 1044 570 1079 νικήσαντες
591 1043 619 1074 δὲ
646 1043 695 1073 καὶ
716 1043 833 1077 τούτους

113 1085 363 1136 τετςακισχιλίους
382 1087 553 1140 κληςούχους
568 1085 617 1117 ἐπὶ
636 1089 692 1116 τῶν
709 1086 833 1119 ἱπποβο-

113 1127 185 1159 τέων
205 1130 244 1172 τῇ
260 1131 337 1172 χώρη
355 1129 504 1160 mimam.
518 1132 606 1160 4000
619 1131 810 1160 colonorum
800 1140 834 1160 ιη

111 1162 232 1211 prediis
253 1172 334 1213 hipp.
356 1174 540 1214 relinquunt.
583 1173 723 1212 Thucyd.
743 1173 763 1204 Ι.
788 1173 832 1202 iii.

115 1215 161 1256 [c.
172 1216 226 1246 50.
229 1214 271 1257 ]'
261 1217 308 1246 επὶ
324 1215 353 1246 δὲ
366 1218 431 1250 τοὺς
443 1215 548 1251 ἄλλους
560 1219 641 1255 σφῶν
655 1217 749 1246 ava-071⁹
762 1222 833 1246 κλη-

112 1257 228 1299 ρούχους
248 1260 314 1294 τοὺς
334 1259 483 1300 λαχόντας
503 1258 693 1300 ἐτι-ἔπεμψαν
707 1277 748 1282 —-
764 1260 833 1290 κλή-

113 1312 173 1341 ξους
196 1301 224 1332 δὲ
245 1302 414 1337 ποιήσαντες
436 1305 488 1336 τῆς
511 1305 571 1340 γῆς.
592 1303 704 1333 colonos
722 1303 757 1332 ale
774 1303 834 1333 sais

105 1344 201 1386 jacta
229 1347 379 1376 sortitione
404 1347 547 1376 miserunt
564 1352 647 1376 -et
674 1346 834 1386 imicuiqne

110 1389 286 1428 portionem,
304 1400 367 1429 quae
386 1390 442 1429 ipsi
458 1396 533 1419 sorte
558 1390 674 1430 obtigit,
698 1390 833 1431 assigna-

113 1438 198 1462 rant.
241 1432 325 1462 Hine
335 1431 503 1474 κληξουχία,
515 1433 631 1463 divisio
643 1443 711 1472 quae
727 1433 761 1463 fit
777 1443 831 1473 per

114 1480 241 1511 sortem,
267 1476 446 1506 distributio
468 1487 610 1515 agrorum
638 1486 706 1516 qua:
731 1476 763 1506 fit
784 1477 830 1506 in-

114 1521 162 1548 ter
177 1519 302 1549 colonos
317 1519 369 1558 qui
388 1520 490 1559 aliquo
508 1520 545 1549 ad
562 1520 758 1550 habitandum
775 1519 831 1549 mi-

114 1567 248 1601 grarunt.
268 1567 299 1592 et
317 1565 493 1605 κληξουχεῖν,
513 1568 587 1593 sorte
605 1563 747 1599 dividere,
770 1568 831 1594 tam

113 1605 213 1635 active
230 1616 319 1645 quam
336 1606 470 1645 passive.
495 1608 658 1648 κληξουχεῖν
677 1607 757 1636 enim
774 1606 831 1638 Gr.

113 1647 239 1686 dicitur,
263 1654 322 1678 tam
347 1649 374 1679 is
398 1650 449 1689 qui
472 1657 556 1680 sorte
578 1650 704 1686 dividit,
727 1655 786 1680 tam
808 1650 830 1680 ii

112 1691 228 1731 quibus
256 1693 288 1722 fit
311 1693 509 1729 distributio,
531 1699 592 1723 tam
618 1694 756 1733 prael'ecti
779 1705 831 1724 eo-

113 1734 276 1771 loniarum,
303 1746 392 1774 quam
420 1736 521 1766 coloni
548 1737 621 1776 ipsi.
653 1738 742 1767 Max.
756 1737 831 1776 Tyr.

115 1779 255 1817 Metaph.
279 1779 404 1809 dissert.
429 1783 458 1810 2.
499 1777 574 1821 “Oga
590 1779 630 1816 δὴ,
645 1779 687 1819 μή
704 1792 748 1809 σοι
763 1778 832 1817 Θεὸς,

114 1821 137 1850 εἲ
160 1823 201 1852 τὲ
223 1823 345 1852 τοιαῦτα
363 1822 477 1852 δύναται
491 1825 655 1864 κλπξουχεῗν
668 1825 714 1853 καὶ
730 1822 833 1862 νέμειν,

113 1865 188 1894 πολὺ
202 1865 310 1895 τούτων
323 1865 450 1906 orffa-2507
463 1865 562 1905 α’ξετῆν
574 1867 664 1905 νέμειν
679 1867 727 1896 καῖ
741 1867 832 1896 δύναι-

113 1919 148 1937 το
161 1908 211 1938 καὶ
223 1907 322 1938 ἐθέλοι.
349 1909 400 1938 ubi
415 1910 578 1951 κληξουχεῖν
594 1915 640 1939 est
651 1910 833 1950 simpliciter

115 1951 302 1987 distribuere,
326 1951 408 1981 idem
432 1954 513 1992 quod
529 1951 629 1992 νέμειν.
654 1953 748 1983 Diod.
769 1954 832 1985 Sic.

111 1995 134 2024 Ι.
152 1995 174 2024 i.
198 1995 250 2025 ubi
264 1996 304 2025 de
320 1996 417 2035 Legg.
430 1996 713 2036 etJustii.AEgypt.
725 1997 832 2027 Tertia

112 2037 248 2079 (inquit)
271 2039 405 2076 regionis
421 2050 491 2078 pars
507 2039 658 2070 militibus
673 2041 776 2070 cedit:
798 2039 832 2070 ἵν’

112 2082 137 2111 oi
153 2081 359 2118 κινδυνεύοντες,
375 2082 429 2111 eim
431 2082 552 2112 {vcra-roi
569 2095 604 2113 τη
621 2083 692 2124 χῶξ
669 2096 702 2112 α
717 2084 763 2114 διὰ
786 2085 835 2115 τὴν

114 2124 283 2166 κληρουχίαν
304 2124 378 2155 ὅντε
367 2148 389 2160 ,,
412 2125 562 2166 πςοθύμως
585 2126 776 2168 ἐπιδέχωνται
793 2129 833 2157 τςὶ

115 2167 313 2208 συμβαίνοντα
335 2180 414 2199 κατα
439 2181 504 2203 τους
528 2169 641 2211 πολὲμο
644 2182 672 2204 υς
694 2170 775 2200 δεινά.
800 2177 834 2201 ut

113 2213 166 2252 qui
179 2213 318 2250 periculis
333 2223 386 2252 pro
399 2215 498 2252 patria
515 2223 542 2242 se
556 2219 714 2252 aporiant,
729 2224 782 2254 per
799 2215 832 2244 ti-

114 2254 240 2286 beralem
255 2255 331 2286 hanc
345 2266 486 2295 agrorum
503 2257 738 2287 distributionem
755 2268 832 2288 sum-

114 2309 163 2329 ma
175 2299 284 2338 patriae
300 2299 497 2330 benevolentia
521 2301 661 2337 devincti,
679 2303 834 2340 promptis-

113 2342 182 2372 sime
198 2341 338 2372 bellorum
350 2343 521 2373 discrimina
530 2343 661 2374 subeant.
706 2347 748 2374 At
763 2352 832 2375 κλη-

111 2386 221 2427 ςουχεῒν
235 2385 326 2416 etiam
343 2386 485 2416 dicuntur
500 2387 635 2426 passive,
651 2389 702 2426 qui
719 2393 831 2418 sortem

115 2429 265 2464 obtinent,
279 2429 381 2459 coloni
397 2429 509 2469 quibus
519 2441 657 2470 agrorum
671 2431 832 2470 portiones

113 2471 224 2502 sortito
239 2471 351 2502 divisae
364 2477 395 2502 et
406 2473 577 2503 distributae
592 2479 673 2504 sunt.
696 2475 830 2514 Appian.

113 2514 135 2545 Ι.
144 2526 174 2545 v.
183 2515 253 2545 civ.
264 2516 302 2545 Β.
315 2514 357 2555 [e.
365 2517 418 2546 ¹74.
421 2516 436 2558 ]
448 2516 524 2555 μόνοι
537 2516 565 2546 δὲ
577 2516 647 2558 ἦχθ’
649 2529 706 2552 ντο,
717 2517 773 2547 ἴσοι
791 2521 831 2549 τὰ

114 2561 170 2588 τῶν
180 2556 368 2598 ἐλευσομένων
377 2571 426 2590 συν
433 2559 576 2599 Πομπηιω
585 2560 676 2601 χωξία
685 2567 832 2601 κεκληξου-

112 2602 250 2651 χῆκεσαν.
265 2603 287 2632 ii
301 2602 355 2632 soli
370 2613 448 2643 aegre
461 2604 728 2644 tulei·11.nt,quibus
746 2605 831 2635 Pom-

107 2645 287 2683 peianarum
304 2646 383 2685 agri,
401 2652 450 2676 aut
468 2648 659 2685 possessiones,
675 2654 752 2678 sorte
756 2648 832 2689 fue-

114 2694 185 2719 rant
200 2688 299 2718 divisae
313 2695 341 2719 et
355 2689 530 2720 distributae.
551 2690 678 2721 Aristot.
699 2691 769 2721 Eth.
787 2691 831 2722 iii.

116 2733 148 2761 6.
170 2731 237 2772 πςός
252 2732 414 2773 χςημάτων
433 2733 582 2766 ἀποβολὴν
596 2731 760 2774 ευθαρσῶς“
748 2747 830 2776 εχου·

115 2786 170 2804 σιν.
191 2777 226 2805 in
248 2775 410 2806 amittenda
427 2777 680 2817 pecaniafidenti
701 2788 735 2808 ac
756 2788 831 2817 prae-

114 2818 298 2848 semianima
312 2825 394 2855 sunt,
406 2819 434 2849 h.
445 2830 473 2849 e.
491 2830 550 2849 non
566 2821 695 2850 multum
709 2831 833 2851 moven-

110 2866 166 2890 -tur
181 2861 303 2900 jactura
317 2863 476 2892 bonorum.
523 2862 572 2893 Id.
589 2864 610 2893 Ι.
627 2863 659 2893 ii.
677 2864 770 2894 Rhet.
787 2865 830 2905 [c.

118 2905 170 2933 17.
172 2902 187 2944 ]
206 2903 328 2944 φιλόθεοί
346 2905 412 2942 εἶσι,
433 2906 482 2936 και
502 2905 602 2947 ἔχουσι
629 2905 695 2946 πξᾶς
716 2919 749 2936 το
767 2905 834 2938 Θεῖόν

116 2957 188 2981 πως.
204 2947 255 2977 ubi
274 2952 394 2979 notetur
416 2949 470 2980 illa
486 2949 606 2989 phrasis
624 2950 834 2987 Aristotelica,

111 2995 148 3020 et
158 2990 326 3030 peculiaris
337 2993 475 3032 quaedam
487 2993 652 3032 elegantia,
666 2994 773 3033 quales
787 2995 833 3025 in·

112 3042 249 3079 numera·
262 3034 327 3064 fere
343 3041 415 3066 sunt
431 3036 461 3066 in
479 3036 532 3066 illo
549 3037 661 3076 philos.
680 3037 833 3078 principe.

1498 204 1581 246 487

864 309 914 348 qui
931 309 961 338 ἱιι
976 319 1110 348 prospera
1117 311 1250 351 jor-tana
1265 314 1430 345 versantur,
1442 308 1497 340 Dei
1512 316 1582 340 sunt

862 358 1005 387 arnantes,
1021 358 1047 382 et
1066 364 1136 394 erga
1155 355 1291 384 divinum
1312 363 1421 382 numen
1442 354 1582 393 quodam·

864 394 946 424 modo
961 395 1058 436 affecti
1073 403 1152 426 sunt
1170 395 1270 439 ’ἔχουσί
1292 407 1353 431 πως
1358 419 1365 431 ,
1386 396 1513 430 ευλαΒῶς
1533 396 1581 426 vel

863 437 996 472 εὐσεβῶς.
1025 448 1097 480 erga
1122 450 1231 470 numen
1256 441 1464 480 quodammodo
1489 440 1585 480 magia

863 491 950 520 qnam
965 482 1022 511 a¹ii
1036 487 1105 511 sunt
1120 480 1221 523 affecti
1234 483 1321 523 idque
1335 484 1429 522 magis
1442 492 1584 513 veneran-

864 528 927 552 tur.
938 529 971 553 ut
985 525 1114 554 doctiss.
1126 526 1278 564 interpres
1291 536 1359 555 eum
1373 526 1472 556 locum
1489 536 1546 566 παξ
1548 537 1582 554 α-

864 565 975 606 φραζει.
1019 568 1174 597 Praeclare
1198 569 1279 597 Plut.
1298 570 1317 598 Ι.
1334 569 1372 598 de
1389 570 1471 598 laud.
1489 570 1581 607 suiip.

866 609 993 650 [c.18.]
1018 609 1146 650 καθάπερ
1169 611 1191 640 οἱ
1213 613 1368 648 πεινῶντες,
1390 611 1487 652 {rig-vv
1506 610 1584 641 ἐσθι-

865 652 970 682 όντων’
961 664 986 683 εν
1000 652 1076 691 ὄψει,
1091 657 1208 694 μᾶλλον
1229 652 1398 694 ἐξεθίζονται
1422 656 1469 684 καὶ
1495 659 1583 694 παρο-

865 695 988 734 ξύνονται
1003 709 1051 727 την
1066 696 1159 737 οξεξιν·
1177 695 1263 729 οὕτως
1277 696 1289 725 ὁ
1305 709 1354 726 του
1370 698 1489 727 πλησίον
1501 698 1585 727 ἔπαι-

865 750 904 772 νος
934 738 1037 769 ἐκκαίει
1063 742 1102 782 τῇ
1134 739 1292 782 ζηλοτυπίᾳ
1315 752 1380 774 τους
1409 751 1482 779 wgo:
1507 740 1533 769 δι
1524 740 1586 780 ξαν

863 781 995 822 dugaw-ila:
1010 783 1139 826 ἔχοντας.
1164 787 1241 813 sicut
1259 784 1451 813 esurientium
1471 786 1584 822 appeti-

865 830 925 862 tus,
941 827 1008 857 aliis
1022 837 1118 857 coram
1137 827 1299 865 edentibus,
1310 828 1404 867 magis
1417 827 1541 856 acuitur
1555 833 1585 856 et

864 869 1027 899 irritatur:
1049 872 1093 900 ita
1109 870 1174 900 laus
1189 872 1219 899 in.
1235 870 1328 899 ulium
1339 870 1447 900 collata
1459 868 1586 900 homines

865 913 1094 952 intemperanter
1115 924 1186 954 erga
1207 913 1335 954 gloriam
1357 912 1485 954 affectem,
1509 913 1539 943 h.
1556 923 1584 943 e.

865 955 1045 986 ambitiosos
1063 957 1229 997 gloriaeque
1244 956 1364 993 avidos,
1380 957 1437 986 zelo
1460 956 1586 996 quodam

866 1004 895 1029 et
910 1000 1097 1030 aemulatioue
1111 1001 1253 1030 accendit.
1299 1000 1483 1049 Κληςουχικοῖ
1502 999 1584 1029 idem

866 1043 949 1081 quod
962 1045 1110 1085 κληρουχοι
1121 1053 1258 1083 possess
1273 1053 1330 1081 pro
1345 1044 1435 1095 prim.
1453 1042 1586 1072 arn-rma„

864 1084 929 1115 α’ντι
941 1087 1150 1125 πςωτοτύωου,
1167 1087 1274 1116 Eusth.
1291 1091 1324 1115 ut
1342 1086 1478 1126 ὄξφανικοῒ
1501 1086 1583 1116 idem

867 1129 949 1168 quod
966 1129 1084 1169 ὀξφανοῖ,
1097 1128 1266 1170 wapeevmaa
1283 1129 1364 1159 idem
1382 1130 1464 1168 quod
1481 1128 1587 1169 maei-

866 1183 914 1208 νοι,
940 1174 1080 1203 κοινωνικοὶ
1103 1173 1185 1203 idem
1209 1173 1290 1212 quod
1315 1172 1440 1208 κοινωνοῖ,
1464 1173 1502 1202 de
1525 1183 1586 1212 qua

866 1216 1079 1247 terminatione
1102 1221 1243 1246 notentur
1265 1217 1312 1246 hae
1336 1217 1404 1246 duae
1427 1227 1493 1255 reg.
1516 1216 1584 1256 (1.)

868 1259 987 1288 Neutra
1004 1260 1173 1299 singularia
1189 1259 1221 1289 in
1239 1270 1294 1288 ικον
1312 1260 1496 1298 paragogice
1512 1261 1585 1290 fiunt

867 1303 904 1331 ab
922 1303 991 1332 aliis
1013 1304 1187 1333 nominibus
1206 1303 1365 1332 additione
1384 1303 1475 1332 unius
1493 1304 1584 1342 sylla-

867 1346 913 1374 bae
916 1347 1162 1387 ,etaequipollent
1171 1346 1341 1387 pluralibus
1351 1346 1440 1385 prim.
1432 1347 1585 1384 .aquibus

867 1389 1065 1420 derivzautur
1106 1390 1150 1420 sic
1174 1402 1207 1419 το
1237 1388 1444 1429 στρατιωτικὸν
1467 1396 1539 1419 sunt
1563 1401 1583 1418 οι

866 1435 1059 1473 στρ-Ξτίῑταί,
1072 1435 1105 1465 ΤΟ
1123 1434 1249 1469 ίππίκῡν,
1264 1434 1286 1463 Οἱ
1303 1433 1414 1468 ἶππέῑς,
1424 1444 1457 1462 Το
1469 1439 1586 1474 ληΐτρ·

866 1475 920 1511 κον,
933 1476 955 1505 οἶ
975 1478 1096 1518 λῃσταὶ,
1112 1477 1146 1507 τὸ
1160 1474 1380 1512 Ἐλληνικκον,οἳ“’
1384 1481 1512 1515 Ελληνες,
1526 1483 1585 1506 etc.

868 1518 1151 1560 (2.)Masculinain
1163 1531 1219 1554 ικος
1231 1520 1394 1559 aliquando
1404 1520 1484 1549 idem
1497 1520 1586 1559 plane

867 1568 973 1592 sonant
982 1568 1012 1593 et
1027 1564 1198 1603 significant
1213 1564 1294 1603 quod
1307 1562 1465 1603 primitiva
1475 1563 1506 1592 in
1516 1576 1553 1599 ος,
1569 1574 1586 1593 a

867 1605 977 1645 quibus
994 1608 1186 1644 derivantur,
1200 1617 1299 1646 neque
1311 1606 1491 1646 possessiva
1503 1613 1585 1643 sunt,

867 1649 939 1679 licet
954 1650 1085 1681 habeant
1100 1652 1225 1681 formam
1250 1650 1514 1690 possessivorum:
1541 1651 1585 1680 sic

868 1692 1033 1732 παξθενικὲς
1052 1694 1100 1724 vel
1120 1694 1224 1733 potius
1239 1694 1406 1733 παξθενικῆ,
1423 1692 1505 1723 idem
1523 1704 1588 1724 om-

868 1736 938 1765 nino
962 1738 1042 1776 quod
1066 1736 1215 1778 παρθένος,
1237 1738 1277 1766 de
1299 1747 1359 1776 qua
1375 1747 1452 1766 voce
1477 1737 1588 1767 Eusth.

867 1779 1020 1819 παρθενικὴ
1036 1781 1049 1810 ἦ
1066 1779 1209 1821 παρθένος,
1223 1782 1302 1810 aar&
1317 1779 1417 1815 τύπον,
1434 1781 1469 1814 ὡς
1484 1791 1588 1810 κτητι-

867 1821 921 1857 κὲν,
931 1823 959 1853 οὐ
967 1824 1206 1865 μῆναῦτὸχξημα
1217 1823 1362 1854 κτητικὸν.
1384 1824 1436 1853 Sic
1449 1823 1587 1863 ὅξψανικοῖ

867 1866 947 1895 idern
965 1868 1046 1906 quod
1059 1867 1178 1907 ὀρφανοὶ,
1188 1867 1361 1906 praesertim
1374 1868 1455 1906 apud
1468 1873 1586 1906 poetas.

868 1909 927 1938 Sed
954 1915 985 1939 et
1009 1911 1051 1939 ita
1074 1911 1132 1940 hoe
1156 1910 1185 1939 in
1209 1910 1278 1940 loco
1305 1911 1484 1952 κληρουχικοῖ
1516 1916 1587 1940 sunt

867 1954 1026 1995 κληξοῧχοι,
1055 1959 1086 1983 et
1108 1953 1248 1983 κοινωνικοὶ
1270 1953 1395 1990 κοινωνοὶ,
1420 1954 1480 1983 nisi
1507 1954 1586 1984 sorte

868 1997 936 2035 quis
950 1997 1064 2026 dixerit
1079 1997 1227 2026 vocabula
1238 1997 1304 2026 haec
1316 2008 1386 2026 esse
1402 1996 1586 2037 aptitudina-

868 2039 921 2076 lia,
934 2040 1002 2070 h.e.
1016 2051 1073 2070 non
1090 2048 1189 2070 actum
1206 2041 1260 2070 sed
1276 2040 1443 2079 potentiam
1461 2045 1493 2070 et
1508 2041 1588 2080 apti-

867 2083 1004 2113 tudinem
1020 2084 1207 2120 denotantia,
1225 2088 1258 2113 ut
1273 2084 1420 2126 κληροῦχοι
1444 2094 1503 2113 non
1526 2084 1589 2114 sint

867 2126 983 2163 coloni,
1014 2128 1064 2167 qui
1091 2129 1155 2167 jam
1186 2132 1256 2156 actu
1279 2127 1432 2163 abierunt,
1455 2128 1511 2157 sed
1535 2128 1587 2167 qui

868 2169 979 2200 abituri
999 2177 1068 2201 sunt
1091 2172 1121 2200 in
1140 2170 1288 2207 colonias,
1307 2175 1338 2200 et
1360 2171 1502 2200 κοινωνικοὶ
1527 2182 1585 2201 non

868 2213 930 2253 ipsi
943 2214 1053 2244 κοινωνοὶ
1070 2214 1121 2254 qui
1146 2218 1214 2245 actu
1240 2214 1419 2244 societatem
1442 2214 1587 2251 inierunt,

869 2257 922 2286 sed
942 2258 992 2296 qui
1009 2258 1039 2287 in
1057 2258 1219 2288 societates
1235 2258 1443 2295 designantur.
1488 2263 1585 2288 Κοινω-

867 2299 936 2335 νικός
959 2302 1083 2340 quidem
1106 2302 1307 2331 communiter
1325 2306 1371 2331 est
1388 2303 1586 2331 communica·

868 2346 944 2374 tinus
975 2344 1041 2374 sive
1067 2345 1105 2374 ad
1125 2346 1350 2375 communionem
1372 2351 1400 2373 et
1424 2346 1585 2375 societatem

866 2393 964 2426 aptus,
977 2388 1025 2417 vel
1039 2389 1205 2427 pertinens.-
1229 2394 1259 2418 ut
1273 2399 1340 2417 cum
1357 2387 1540 2418 Aristoteles
1556 2389 1586 2418 in

867 2431 962 2460 Polit.
987 2431 1157 2462 δικαιοσύνην
1169 2432 1302 2470 appellat
1319 2433 1465 2462 κοινωνικὴν
1479 2429 1588 2471 denna,

866 2475 1002 2504 virtutem
1018 2475 1057 2504 αι]
1073 2476 1279 2505 continendam
1296 2474 1443 2504 hominum
1459 2485 1588 2505 commu-

866 2519 979 2547 nionem
995 2522 1023 2548 et
1037 2519 1197 2548 societatem
1210 2519 1405 2557 aptissimam;
1423 2523 1453 2547 et
1467 2518 1497 2548 in
1513 2519 1587 2549 Eub.

867 2561 980 2590 civium
998 2567 1029 2591 et
1049 2562 1267 2591 contribulium
1288 2568 1318 2591 et
1342 2561 1585 2601 connavigalium

867 2604 1028 2640 amicitias,
1042 2603 1310 2645 κοιιωνικὰςφιλίας,
1322 2605 1468 2634 amicitias
1478 2616 1541 2645 quae
1556 2607 1586 2635 in

865 2649 1074 2678 communitate
1083 2649 1209 2688 quadum
1222 2655 1390 2684 versantur3
1411 2653 1441 2677 et
1452 2649 1481 2677 in
1492 2649 1585 2678 Rhet.

869 2691 920 2731 [ii.
930 2691 998 2732 24]
1009 2692 1156 2722 κοινωνικὸν
1164 2690 1321 2731 τὲνἛρμῆ·
1331 2690 1412 2731 μόνος
1423 2693 1477 2731 γὰρ
1486 2692 1585 2720 καλεῖ·-

865 2746 916 2764 ται
928 2734 1010 2768 κοινές
1021 2734 1132 2775 Ἐςμὶς.
1147 2736 1228 2775 quod
1240 2735 1359 2765 Philus.
1371 2744 1425 2773 pro
1439 2734 1585 2773 exemplo

867 2778 955 2808 affert
974 2778 1042 2808 salsi
1062 2779 1209 2819 Enthym.
1227 2784 1259 2808 ut
1283 2778 1310 2808 si
1334 2778 1417 2806 dicas
1434 2777 1585 2807 Mercuri-

868 2832 915 2851 um
946 2822 1079 2852 omnium
1112 2823 1249 2852 Deorum
1273 2821 1403 2851 maxime
1434 2829 1489 2849 sua
1515 2831 1584 2851 cum

867 2864 936 2894 aliis
968 2866 1191 2895 omnniunicnre
1223 2870 1312 2904 atque
1334 2863 1583 2894 liberalissimum

867 2917 953 2937 esse:
979 2909 1064 2939 solus
1079 2909 1160 2938 enim
1177 2913 1306 2937 vocatur
1320 2908 1480 2936 communis
1501 2908 1584 2936 Mer-

867 2951 982 2982 curius.
1030 2952 1114 2988 Quid
1139 2952 1217 2981 enim
1243 2951 1292 2980 hic
1313 2949 1463 2988 intelligat
1494 2952 1584 2981 Dem.

867 3005 924 3034 per
933 2996 1108 3030 κοινωνικῶς,
1118 2995 1166 3024 vel
1176 3004 1235 3024 non
1245 2993 1367 3024 omnino
1378 2993 1425 3023 vel
1439 3003 1497 3023 non
1511 2995 1586 3024 satis

867 3039 948 3068 clare.
971 3045 1000 3068 et
1025 3038 1189 3078 perspicue
1219 3048 1274 3067 nos
1305 3037 1398 3067 docet
1427 3037 1585 3077 interpres
