1964 3323
348 209 428 250 162

340 314 582 345 restrictiorem.
606 314 659 345 illo
681 325 775 355 nuper
795 320 872 351 acta,
895 316 951 346 hoo
965 315 1061 345 novis-

351 359 429 393 sime,
447 359 494 387 vel
512 359 688 397 nuperrime,
703 364 842 398 utroque,
855 369 901 395 ea,
917 369 984 398 quae
999 360 1061 388 De-

352 401 521 430 mosthenis
537 407 625 431 :etate
645 402 829 437 evenissent,
847 406 877 431 et
897 402 926 431 in
943 401 1062 432 recenti

345 444 453 474 ,adhuc
465 445 602 482 judicum
619 445 763 474 memoria
779 449 891 474 essent.

396 497 523 526 —perh
545 499 619 529 τξεις
635 487 729 537 &wi-af]
754 487 880 517 dubium
907 491 965 523 est,
991 497 1060 517 num

352 528 578 561 Ariobarzanes
594 531 648 561 illo
666 531 756 560 trium
781 541 906 560 numero
931 531 972 560 sit
991 542 1062 560 con-

352 573 468 610 clusus,
489 585 524 604 an
546 574 791 611 exclusus31100
811 579 858 603 est
881 574 971 603 liberi
994 575 1061 612 ejus

351 617 423 652 duo,
443 627 478 647 an
502 622 565 648 tres
588 617 711 647 suerint.
734 621 894 657 utrumque
917 617 976 646 fert
999 617 1061 646 loci

351 659 439 690 ratio.

394 705 467 733 688.
483 705 514 732 ὃ.
531 701 597 741 πξδς
612 700 660 742 τὸ]
685 702 808 732 correxi
824 701 897 744 πρὸς
910 702 962 742 τῷ.
982 713 1061 742 prae-

351 751 482 785 terquam
495 747 571 785 quad
581 764 634 774 —.

393 807 435 811 —
451 789 527 818 ibid.
547 787 630 817 πάνθ’
644 787 663 816 ἃ
678 786 812 826 μέγιστοι
826 786 870 828 ἦν]
887 788 925 817 ad
940 788 971 818 h.
983 788 1004 818 l.
1015 799 1062 818 re-

349 832 505 861 ferendum
530 835 578 861 est
601 831 762 866 scholium,
788 831 843 860 sed
861 830 949 860 futile
972 831 1062 866 illud,

351 874 539 914 imperitiam
571 874 706 903 auctoris
742 884 884 912 arguens,
918 875 999 912 quod
1029 874 1062 903 in

350 917 504 948 VVeimar.
523 917 654 956 legitur:
675 915 787 953 εἰκόνας,
803 916 969 956 στεφάνους,
983 923 1062 947 πολι-

349 959 436 990 σείειν.
451 960 634 990 Timotheus
645 960 724 990 enim
734 971 793 990 non
803 964 925 1000 poterat
934 960 1062 990 civitate

349 1003 468 1040 donari,
484 1004 535 1043 qui
549 1002 627 1033 civis
637 1007 727 1033 natus
741 1011 799 1034 est.

392 1064 434 1069 -—
450 1048 480 1076 8.
504 1047 567 1087 areg}
581 1046 702 1086 τούτων]
718 1048 796 1077 circa
814 1047 883 1083 haec,
898 1057 965 1086 quae
982 1047 1062 1077 Ker-

349 1089 482 1128 soblepti
508 1094 613 1120 essent
640 1089 871 1120 contribuenda.
904 1101 973 1120 num
1001 1090 1062 1130 πεςῖ

349 1132 466 1163 τοῦτον.)
490 1133 720 1173 Kersoblepten
732 1138 816 1172 puta.
833 1133 919 1163 etsie
929 1133 1061 1169 correxi,

349 1180 381 1205 et
398 1176 441 1205 sie
461 1177 584 1215 reperio
607 1187 728 1216 quoque
749 1187 830 1206 nunc
848 1177 1014 1216 Taylorum
1031 1177 1062 1207 in

348 1220 439 1248 codd.
457 1229 579 1249 suorum
596 1220 750 1249 nonnullis
766 1219 932 1257 reperisse.

390 1279 434 1284 —-
450 1265 501 1293 20.
517 1263 617 1303 τοῦτο]
643 1263 711 1293 scil.
727 1262 761 1293 τὸ
777 1261 879 1293 ἐθέλειν
893 1262 965 1294 δίκην
979 1268 1061 1304 λαμ-

347 1304 448 1338 Beiram.

391 1366 435 1371 -—
455 1351 506 1380 22.
529 1347 660 1389 ἑαυτοὺς]
689 1353 800 1389 praeter
822 1359 885 1379 rem
915 1348 1063 1379 sollicitat

349 1391 511 1431 Taylorus.

391 1452 429 1457 —
451 1437 502 1465 26.
527 1433 572 1474 ἐφ’
586 1434 704 1475 ἑαυτοῦ]
728 1434 811 1465 idem
833 1439 882 1465 est
901 1439 992 1474 atque
1006 1434 1060 1475 ἀφ’

349 1477 463 1513 ἑαυτοῦ,
478 1488 532 1508 sua
548 1484 659 1517 sponte,
672 1484 769 1517 suopte
784 1478 943 1508 arbitratu.

392 1523 465 1552 689.
483 1522 534 1552 25.
559 1520 629 1550 ἀλλ’
642 1520 723 1562 ἔχετ’
738 1521 840 1562 εἰπεῖν]
864 1526 925 1551 tam
941 1522 1060 1561 planam

348 1568 380 1593 et
394 1568 529 1603 apertam
554 1565 733 1594 sententiam
755 1569 847 1602 negat
865 1568 965 1594 tamen
981 1566 1061 1604 Tay-

348 1607 433 1636 lorus
456 1617 473 1636 a
490 1618 522 1637 se
543 1607 685 1646 intelligi.
729 1608 857 1638 Jurinus
875 1608 1000 1646 praefert
1015 1609 1061 1638 le-

348 1650 481 1680 ctionem
498 1650 652 1690 marginis.
677 1661 735 1689 ego
751 1661 825 1679 vero
842 1651 997 1689 vulgatam
1013 1655 1061 1680 te-

347 1703 417 1728 neo,
435 1694 522 1732 cujus
536 1694 602 1723 baec
618 1698 667 1723 est
679 1693 848 1730 seutentia;
869 1694 967 1723 oratio
980 1693 1060 1723 enim

348 1741 396 1765 est
412 1737 623 1766 cavillatoria:
647 1736 706 1766 Sed
723 1736 860 1766 fortassis
877 1737 995 1766 habetis
1013 1737 1060 1766 di-

348 1789 431 1813 cere,
456 1779 482 1809 si
501 1780 547 1809 his
567 1780 659 1809 rebus
676 1780 789 1809 vestris
805 1780 982 1809 concedatis
998 1790 1060 1809 ma-

342 1822 474 1861 joribus,
492 1833 548 1852 vos
571 1827 672 1852 tamen
696 1833 754 1852 non
779 1823 890 1858 minus,
908 1827 999 1862 atque
1014 1823 1061 1853 illi

347 1866 497 1901 fecerunt,
522 1866 641 1906 imperii
665 1865 758 1895 Attici
782 1865 931 1905 pomoeria
954 1871 1061 1905 protu-

346 1908 432 1944 lisse,
448 1909 725 1948 patrimoniumque
741 1914 894 1939 vetustum
908 1909 997 1938 novis
1011 1920 1060 1939 ac-

347 1952 540 1982 cessionibus
563 1952 770 1991 locupletasse
795 1957 826 1982 et
850 1952 1063 1989 amplificasse.

346 1995 491 2025 fortassis
506 1995 577 2025 licet
596 1995 686 2025 vobis
703 1996 768 2024 haeo
788 1996 827 2025 de
844 1996 931 2025 vobis
948 1996 1062 2035 praedi·

348 2048 431 2074 care,
447 2049 503 2068 vos
519 2039 653 2077 posteris
671 2038 783 2068 vesu-is
805 2039 915 2068 multas
935 2039 1063 2077 provin-

348 2081 412 2111 cias
434 2081 606 2120 relinquere
630 2082 741 2111 vestris
767 2082 859 2112 armis
885 2086 971 2121 parta
993 2093 1060 2112 cum

347 2134 458 2161 magna
485 2125 582 2163 gloria
608 2135 709 2154 rerum
738 2135 756 2154 a
779 2125 867 2155 vobis
895 2131 1062 2164 gestarum.

348 2166 560 2206 Debebatjam
572 2168 716 2197 refutatio
729 2168 817 2206 liujus
833 2168 1062 2207 praedicationis

348 2209 481 2249 insequi.
534 2211 660 2246 Verum,
690 2211 770 2249 quod
802 2221 838 2240 ea
869 2221 927 2240 non
955 2216 1063 2250 posset

346 2252 517 2292 ignominia
532 2253 646 2283 civium
667 2264 782 2288 carere,
800 2253 871 2283 ideo
888 2264 953 2283 eam
970 2254 1063 2283 silen-

348 2296 393 2325 tio
407 2295 593 2332 transmittit,
610 2296 722 2326 civium
737 2307 853 2335 suoque
867 2296 977 2335 pudori
993 2307 1062 2336 par-

349 2349 432 2370 cens.
478 2340 559 2369 Satis
577 2344 677 2368 tamen
693 2349 733 2369 ex
750 2340 805 2369 illo
819 2339 940 2370 silentio
954 2340 1001 2369 vis
1015 2340 1062 2370 in-

346 2382 505 2412 fitiationis
518 2382 677 2412 elucescit.

392 2443 434 2448 ——-
450 2427 505 2455 ult.
522 2425 649 2467 εἰκότως]
666 2425 775 2455 merito
792 2435 846 2455 suo
860 2426 992 2464 majores
1010 2437 1063 2456 ve-

351 2468 407 2498 stri
425 2472 468 2498 tot
485 2469 690 2508 amplissimas
706 2468 881 2507 provincias
894 2468 985 2498 armis
999 2470 1062 2500 suis

349 2516 453 2551 partas
467 2517 497 2541 et
512 2517 623 2541 tantam
641 2522 742 2541 rerum
762 2517 918 2552 gestarum
934 2512 1062 2551 gloriam

347 2554 550 2592 reliquerunt,
563 2565 631 2584 cum
647 2560 728 2585 artes
740 2561 921 2585 exercerent
936 2560 997 2586 tam
1010 2557 1063 2586 ho·

348 2601 465 2632 nestas,
483 2602 573 2636 atque
587 2598 694 2628 videre
711 2602 755 2628 est
771 2599 800 2628 in
817 2599 967 2628 Aristide.

393 2642 468 2670 690.
484 2644 515 2670 4.
539 2639 640 2670 ὁπόσου
642 2640 762 2690 χρόνου]
787 2642 868 2671 refer
883 2641 943 2671 huc
959 2653 976 2671 e
991 2652 1063 2682 pro-

346 2683 486 2719 xim0,in
499 2684 690 2714 communiet
703 2685 805 2714 medio
821 2685 967 2724 positum,
984 2685 1062 2727 ἔχον-

347 2737 397 2761 τες
410 2725 530 2773 μισθόν.
553 2728 658 2765 quanti
680 2729 814 2765 temporis
836 2728 993 2759 mercedem
1008 2729 1062 2759 ha.-

346 2770 443 2800 bentes
459 2771 493 2799 in
514 2775 612 2799 castra
632 2771 710 2800 exire
731 2771 844 2800 decreto
859 2772 1060 2810 imperassetiS‚

347 2813 428 2842 tanti
452 2813 587 2852 temporis
609 2813 766 2844 mercedem
789 2813 924 2844 habentes
949 2826 1062 2856 quoque

348 2865 446 2894 reapse
457 2857 583 2886 exiretis.

391 2917 435 2923 —-
454 2901 484 2929 6.
507 2898 591 2939 εἶα-ἲν]
615 2897 703 2929 uncis
728 2899 851 2930 inclusi.
874 2910 943 2931 nam
969 2901 1061 2931 alter-

350 2946 418 2971 utro
441 2942 511 2972 loco
536 2943 696 2979 redundat,
719 2947 772 2973 aut
796 2943 854 2973 hoc
880 2954 984 2980 versu,
1008 2949 1061 2974 aut

348 2984 493 3022 proximo
507 2984 661 3017 inferiore.
685 2986 748 3017 Sed
762 2985 817 3017 illo
829 2987 955 3018 codices
968 2987 1059 3018 omit-

345 3031 424 3059 lunt.

733 208 766 249 I.
790 208 825 249 Ι.
848 207 1072 250 REISKE
1104 206 1429 250 ANNOTATA

1137 331 1180 336 —
1200 316 1231 344 8.
1254 313 1399 354 οὐδεμιᾶς]
1423 315 1455 345 in
1483 314 1545 345 duo
1573 315 1720 347 vocabula
1745 315 1806 348 οὐδὲ

1095 357 1168 396 μιᾶς
1184 356 1352 395 dispescui.
1374 368 1410 388 ne
1423 360 1514 389 ‘tinius
1528 359 1642 398 quidem
1657 360 1725 390 diei.

1138 417 1182 422 —
1198 402 1248 429 10.
1267 398 1368 441 ἔχετε]
1386 407 1456 439 post
1471 401 1557 443 ἔχετε
1573 402 1599 431 si
1616 413 1674 433 11011
1689 403 1805 433 adden-

1095 442 1179 477 dum,
1195 442 1294 471 saltim
1311 444 1553 474 subaudiendum
1566 449 1613 475 est
1627 444 1748 480 εἰκότως.

1138 503 1182 508 -
1194 488 1243 516 13.
1253 484 1424 540 ἀνθρώπους]
1436 492 1506 526 post
1516 488 1677 527 ἀνθρώπους
1686 489 1808 519 videtur

1095 539 1224 578 μιαςουςῖ
1238 529 1288 559 vel
1309 529 1455 578 ‘ziffxtwvc’
1471 530 1522 560 vel
1538 531 1598 560 tale
1617 531 1699 571 quod
1716 541 1809 561 voca-

1096 572 1224 601 bulum'
1216 572 1451 611 ignominiosum
1467 574 1587 604 deesse.

1138 632 1181 637 —-
1198 617 1248 644 16.
1273 617 1328 645 τῶν
1349 615 1447 655 ἑτέρων
1468 615 1602 657 ἀγαθῶν]
1623 616 1656 646 id
1676 621 1737 653 est,
1751 627 1810 646 των

1096 656 1195 698 ἑτέροις
1209 657 1290 687 ὅντων
1303 658 1433 696 ἀγαθῶν.

1138 718 1182 723 -—
1197 703 1249 731 23.
1266 701 1336 731 ἀλλ’
1351 703 1379 732 οὐ
1395 701 1476 732 τοῦτ’
1489 701 1554 732 ἔστι
1569 713 1602 732 ‘ro
1617 701 1707 744 θεινόν]
1723 702 1809 732 Ciiat

1096 744 1126 774 h.
1138 744 1159 773 l.
1175 744 1330 774 Aristides
1343 746 1379 775 T.
1395 756 1426 784 p.
1442 748 1516 776 202.

1138 804 1182 810 -—
1208 789 1260 819 25.
1286 788 1355 818 ἀλλ’
1380 788 1439 829 ὅτι]
1464 793 1640 828 suspectum
1665 787 1709 818 δ’τι
1736 793 1809 827 post

1096 830 1288 868 praemissum
1311 831 1345 862 εἶ.
1369 833 1470 862 malim
1493 832 1596 871 itaque
1618 832 1687 861 ἀλλ’
1711 832 1734 861 εἶ
1760 831 1810 860 καὶ

1097 884 1228 903 Παντωῐύ

1140 918 1293 946 691.1⁶2.
1324 917 1478 967 οἰκούντων]
1507 917 1629 947 correxi
1658 917 1809 952 οἴκοῧντας.

1097 960 1160 997 apti
1178 965 1248 989 sunt
1264 960 1293 989 hi
1306 961 1486 997 accusativi,
1501 959 1632 1000 Ωξείτας
1646 958 1809 995 ἐκείνους-

1096 1002 1236 1036 οἰκοῦντας
1259 1014 1299 1033 ex
1322 1003 1377 1032 illo
1402 1002 1518 1044 αἲσχςον
1542 1013 1572 1043 p.
1593 1005 1666 1033 690.
1683 1005 1735 1033 26.
1757 1004 1810 1043 qui

1096 1051 1183 1084 turpe
1205 1056 1264 1075 non
1289 1046 1436 1077 sit—hos
1459 1047 1570 1081 Oritas,
1593 1045 1809 1076 habitantes—-

1093 1090 1157 1128 jam
1178 1088 1264 1128 sequi
1280 1090 1414 1120 debebat
1430 1088 1583 1129 ἦξιωκὲναι,
1599 1089 1810 1119 Charidemum

1095 1133 1232 1172 dignatos
1248 1143 1306 1162 mm
1327 1143 1433 1163 0350-
1445 1144 1550 1163 νο111111
1570 1133 1609 1162 de
1630 1133 1688 1162 hoc
1705 1133 1809 1163 statim

1096 1176 1135 1205 ad
1153 1185 1274 1205 versum
1289 1178 1341 1206 17.
1363 1176 1451 1216 plura
1466 1176 1614 1206 dicemus-

1137 1236 1180 1241 —-
1198 1220 1248 1249 15.
1265 1218 1298 1249 ’τὸ
1319 1219 1411 1259 ἥμισυ
1431 1221 1480 1249 τοῦ
1504 1218 1595 1257 γένους
1617 1223 1648 1248 et
1670 1219 1720 1248 τοῦ
1740 1216 1810 1257 διμί-

1095 1262 1181 1302 σεως]
1206 1262 1289 1292 idem
1310 1268 1359 1292 est
1381 1273 1416 1292 ac
1437 1262 1463 1293 si
1487 1262 1639 1292 dixisset:
1663 1261 1697 1292 τὸ
1719 1260 1809 1303 ἕτερον

1095 1316 1186 1345 nmo-u
1201 1309 1233 1335 et
1245 1317 1294 1335 του
1310 1304 1403 1347 ἑτέρου
1413 1304 1548 1347 ἡμίσεως.

1137 1365 1180 1371 --
1197 1351 1248 1380 16.
1268 1349 1349 1388 αὑτῷ
1366 1346 1626 1389 συμβαλλομένου]
1648 1347 1719 1377 ferri
1743 1348 1808 1377 haec

1094 1396 1259 1430 nequeunt.
1281 1393 1380 1422 oratio
1397 1393 1455 1422 sibi
1471 1391 1552 1422 haud
1568 1395 1700 1421 constat.
1728 1391 1809 1421 Con-

1094 1434 1224 1464 structio
1241 1436 1376 1473 postulat
1397 1434 1481 1466 αὐτον
1496 1433 1748 1474 συμβαλλόμενον,
1765 1435 1813 1474 ip-

1093 1487 1156 1507 sum
1179 1477 1382 1518 conferentem.
1403 1479 1434 1510 h.
1450 1489 1478 1509 e.
1493 1477 1616 1508 tametsi
1641 1478 1710 1517 ipse
1734 1488 1808 1507 con-

1093 1520 1189 1550 ferret
1202 1521 1360 1551 dimidiam
1378 1521 1501 1561 generis
1517 1526 1646 1560 partem,
1661 1525 1749 1560 parte
1763 1527 1809 1550 ta-

1093 1573 1162 1593 men
1174 1564 1270 1594 altera
1286 1565 1485 1594 condonanda
1496 1565 1637 1603 dignatos
1651 1574 1711 1593 nou
1727 1574 1806 1594 esse.

1093 1606 1167 1636 dedi
1192 1608 1231 1637 de
1261 1617 1329 1637 meo
1351 1606 1576 1648 συμςαλόμενοι.
1599 1607 1722 1637 tametsi
1746 1606 1810 1647 ipsi

1093 1650 1250 1680 conferant
1276 1650 1434 1681 dimidiam
1459 1656 1579 1691 partem
1606 1650 1738 1690 generis.
1760 1650 1810 1693 (in

1093 1692 1212 1722 aoristo
1229 1693 1389 1733 secundo).

1136 1753 1179 1758 —-
1206 1738 1254 1766 17.
1287 1737 1335 1766 οὐκ
1361 1736 1530 1777 ἢξιώκασιν]
1563 1735 1627 1766 imo
1656 1746 1732 1767 vero
1759 1736 1809 1767 οὐκ

1093 1777 1246 1816 figmata..
1267 1786 1301 1808 ut
1314 1780 1515 1809 Marklandus
1530 1779 1675 1818 conjecit.
1699 1779 1807 1818 vulga-

1094 1827 1157 1851 tum
1182 1821 1332 1861 ἦξιώκασιν
1355 1823 1381 1852 si
1404 1822 1483 1852 tueri
1506 1822 1660 1859 volumus,
1681 1832 1810 1853 necesse

1094 1870 1152 1901 est,
1164 1870 1195 1894 ut
1207 1876 1237 1894 v.
1250 1868 1299 1895 11.
1315 1871 1384 1904 post
1393 1864 1526 1905 'nestra-c
1539 1863 1650 1899 ἐκείνους
1663 1866 1810 1906 supplea-

1095 1913 1144 1938 tur
1162 1908 1253 1948 ὅρᾶτε,
1269 1909 1316 1939 vel
1329 1908 1498 1946 θεάσασθε,
1511 1908 1562 1938 vel
1573 1909 1634 1938 tale
1647 1909 1730 1948 quid.
1747 1909 1808 1939 nisi

1094 1951 1237 1981 volumus
1262 1953 1477 1982 anacoluthum
1500 1952 1559 1982 hoc
1581 1962 1664 1988 esse,
1688 1956 1810 1982 oratore

1094 2004 1151 2033 per
1177 1999 1224 2025 tot
1253 1996 1397 2036 ambages
1427 1995 1656 2034 circumvagam
1683 2006 1701 2026 a
1724 1999 1810 2026 recta

1096 2037 1244 2068 orationis
1268 2039 1377 2069 semita
1399 2039 1571 2069 aberrante.
1595 2048 1684 2077 quam
1707 2038 1811 2078 suspi-

1096 2080 1216 2111 cionem
1233 2082 1324 2112 etiam
1342 2082 1507 2121 insequens
1521 2080 1582 2111 ἐκεῖ
1591 2082 1726 2112 συντελεῖ
1737 2092 1812 2112 0011-

1095 2123 1204 2155 firmat.
1222 2135 1289 2154 nam
1300 2125 1386 2160 alias,
1399 2125 1425 2154 si
1441 2135 1570 2164 pergere
1581 2129 1685 2155 orator
1697 2125 1728 2154 in
1742 2135 1811 2155 sus-

1096 2171 1187 2206 cepta
1225 2168 1455 2198 constructione
1487 2167 1644 2203 voluisset,
1678 2167 1812 2199 decebat

1096 2220 1164 2238 eum
1181 2210 1226 2240 sic
1239 2210 1344 2241 dicere
1356 2221 1364 2239 :
1380 2209 1498 2245 ἀλλἐἶς
1509 2212 1574 2244 τοὺς
1584 2209 1678 2244 νόθους
1688 2209 1735 2241 ἐοῖν
1745 2222 1810 2242 συν-

1094 2253 1198 2283 τελεῖν.
1223 2258 1275 2283 aut
1290 2255 1420 2284 debebat
1436 2253 1604 2284 orationem
1625 2254 1673 2284 sic
1688 2242 1809 2284 consor-

1095 2306 1197 2325 mare:
1213 2296 1261 2325 καὶ
1271 2295 1502 2336 Ὠςεῖταιέκεῖνοι
1512 2295 1596 2336 μέρος
1608 2296 1746 2337 τὲτοιρτον
1757 2298 1811 2328 Εὖ-

1095 2336 1173 2372 Βοίας
1185 2339 1318 2374 οἰκοῦντες
1327 2357 1370 2363 —-
1380 2340 1427 2370 οὐκ
1438 2339 1598 2379 ἠξιώκασιν,
1608 2339 1678 2369 ἀλλ’
1691 2340 1730 2374 εἷς
1743 2352 1809 2376 τους

1094 2380 1220 2416 νόθους’
1210 2383 1270 2412 εκεῖ
1289 2383 1429 2414 συντελεῖ.
1452 2383 1513 2412 mei
1533 2383 1656 2422 quidem
1677 2383 1757 2422 juris
1782 2384 1810 2414 si

1096 2431 1188 2461 esset,
1203 2426 1370 2456 orationem
1387 2427 1424 2456 ad
1440 2426 1521 2456 hunc
1540 2427 1663 2456 modum
1679 2427 1810 2466 refinge-

1095 2478 1170 2498 rem.
1216 2469 1277 2499 Sed
1293 2470 1461 2509 parendum
1476 2476 1522 2499 est
1539 2469 1713 2499 codicibus.

1138 2529 1182 2534 -—
1198 2515 1250 2543 18.
1273 2511 1459 2552 Κυνόσαργες]
1484 2512 1569 2543 Citat
1590 2512 1621 2543 h.
1641 2512 1664 2542 1.
1685 2513 1810 2554 Harpo-

1096 2558 1171 2584 crat.
1188 2565 1216 2585 v.
1234 2554 1405 2596 Κυνόσαργες
1417 2561 1448 2586 et
1463 2566 1494 2586 v.
1508 2555 1593 2586 νόθοι.

1137 2615 1182 2621 -
1196 2601 1248 2629 21.
1272 2597 1316 2629 δ’τι
1331 2599 1377 2640 τί]
1401 2599 1466 2629 ideo
1477 2599 1551 2638 quod
1567 2598 1715 2638 qaid—,2
1737 2599 1810 2629 sub-

1096 2641 1167 2671 audi
1202 2641 1327 2678 ἐποίησε,
1356 2643 1406 2672 vel
1440 2641 1615 2682 εἶργίιι-οιτος
1639 2659 1683 2664 —-
1702 2640 1810 2683 fecit?

1095 2695 1254 2723 quamnam
1274 2687 1312 2716 ob
1335 2695 1398 2715 rem
1422 2685 1600 2724 praeolaram
1619 2685 1658 2714 ab
1679 2694 1718 2714 eo
1738 2695 1810 2724 per-

1095 2728 1217 2758 actam?
1245 2729 1326 2767 quod
1349 2733 1398 2758 est
1422 2737 1564 2767 magnum
1590 2727 1656 2765 ejus
1682 2728 1811 2764 faciam,

1097 2772 1184 2809 cujus
1207 2781 1301 2801 causa
1319 2776 1419 2801 tantos
1441 2770 1471 2800 ei
1494 2771 1625 2800 honores
1647 2770 1810 2802 habeatis?

1096 2818 1148 2843 aut
1170 2815 1211 2844 ob
1232 2811 1313 2852 quo'd
1337 2814 1534 2844 metuendum
1554 2813 1584 2844 ei
1600 2813 1650 2850 sit,
1666 2823 1705 2843 110
1720 2824 1739 2844 a
1754 2825 1809 2845 ve-

1095 2856 1169 2886 stris
1184 2857 1324 2887 hostibus
1339 2856 1542 2886 interimatur.

1137 2918 1181 2922 —
1195 2900 1248 2931 25.
1270 2898 1348 2934 τίνας
1373 2898 1496 2942 ἒχὲςους
1519 2910 1584 2932 τους
1608 2910 1713 2934 αυτ-ους
1738 2899 1808 2940 ὑμῖν

1094 2939 1210 2984 ῃρητοιι]
1234 2942 1355 2982 quinam
1379 2947 1451 2973 sunt
1460 2942 1589 2980 hostes,
1608 2952 1687 2982 quos
1703 2941 1808 2973 vobis-

1093 2995 1164 3015 cum
1180 2987 1304 3016 eosdem
1317 2985 1479 3016 habuerit.
1472 2985 1483 3007 Ρ
1505 2985 1685 3025 suscepitne
1701 2985 1807 3015 simul-

1092 3031 1174 3063 tates
1195 3039 1266 3060 011111
1289 3039 1455 3070 quoquam,
1475 3028 1530 3069 qui
1551 3027 1643 3061 vobis
1665 3027 1808 3060 inimicus
