1964 3323
362 193 443 236 166

358 297 623 340 interpretatione,
637 302 710 340 post
725 300 811 330 λάθοι
827 300 926 331 deerit
940 298 1075 341 κυξωθείς.

358 342 440 380 quod
467 342 557 373 facile
585 347 752 383 agnoscent
784 344 891 374 Graece
918 344 1074 373 callentes.

359 385 474 415 Verum
496 385 540 415 sic
563 386 663 416 deerit
686 386 756 416 huic
776 386 939 424 objectioni
963 396 1075 415 conve-

358 427 445 458 niens
461 429 611 468 depulsio.
649 429 802 469 Quicquid
817 434 876 464 est,
889 439 1009 468 quoquo
1025 439 1074 458 me

360 476 458 507 verto,
475 473 591 503 exitum
607 473 722 502 nullum
736 473 867 512 reperio.
914 473 1015 501 Penes
1026 482 1074 501 me

358 517 458 545 tamen
474 522 589 546 certum
612 521 671 551 est,
690 520 840 545 oratorem
858 515 904 544 sic
920 515 1013 544 ferme
1027 526 1074 544 re-

358 557 503 597 liquisse:
525 560 590 593 τοὺς
610 559 666 598 μὲν
684 557 866 592 ἀντειπόντας
883 558 926 593 ἂν,
942 558 964 587 εἷ
978 557 1074 599 προαί-

358 599 476 637 σθοιντο,
492 601 692 641 εἷο-φερόμενος,
708 602 730 630 εἶ
745 603 787 640 μὴ
803 600 1004 641 προαίσθοιντο,
1020 602 1073 631 λά-

357 642 410 675 θοι·
432 645 455 674 οἱ
471 643 495 674 δ’
511 645 582 675 οὐδὲν
596 645 794 686 πςοσέχοντες,
810 644 863 674 οὐδ’
879 646 1016 683 ἀναγνοῖεν
1031 645 1072 676 ἄν.

359 688 432 726 quia
446 688 536 718 facile
551 689 613 723 fiat,
629 689 655 717 si
670 689 793 717 fortuna
814 689 943 718 adversa
960 689 1004 718 sic
1019 698 1073 718 ve-

357 730 406 766 lit,
421 735 454 760 ut
470 731 522 768 iis,
533 731 596 771 qui,
610 732 636 761 si
650 731 859 771 proescissent,
871 731 1003 762 fuissent
1018 733 1073 761 ob-

356 774 501 810 locuturi,
524 774 636 804 nesciis
663 779 693 803 et
718 784 777 803 non
801 775 1000 805 sentientibus
1020 774 1072 804 lex

357 816 450 847 noxia
463 818 644 856 perferatur.
659 827 725 846 nam
739 817 791 856 qui
804 817 878 846 talia
888 828 944 847 non
953 823 1071 853 curant,

356 871 395 891 ne
411 861 515 899 legant
531 860 653 899 quidem
670 860 820 899 ejusmodi
842 860 937 899 leges,
951 861 1074 890 tametsi

356 904 482 943 publico
498 903 527 933 in
543 904 612 932 loco
627 903 800 943 propositas
816 903 855 932 ad
871 903 1045 941 legendum.

399 949 506 977 -24,
528 945 687 986 κᾴνταῦθ’]
719 950 792 985 post
813 945 946 986 κᾴνταῧθ’
968 946 1073 976 addidi

356 988 400 1025 ἂν,
415 990 496 1029 quod
512 989 725 1028 accipiendum
749 994 796 1018 est
816 999 872 1028 pro
891 987 947 1025 ἐὰν,
970 991 1004 1019 si.
1027 990 1074 1019 siu

357 1032 469 1068 minus,
484 1032 514 1061 h.
530 1043 557 1061 e.
571 1033 598 1062 si
620 1031 652 1061 ἂν
671 1032 762 1061 solito
782 1033 874 1061 modo
894 1043 950 1072 pro
968 1038 1073 1072 poten-

356 1076 423 1105 tiali
445 1074 609 1114 accipitur,
629 1075 792 1114 legendum
817 1075 874 1105 erit
897 1086 990 1105 mox:
1014 1077 1028 1106 ἦ
1045 1075 1072 1106 δὲ

356 1118 439 1152 πόλις
460 1117 615 1158 παρακέκρ.
662 1120 729 1158 Ego
753 1118 825 1148 dedi
853 1118 897 1148 sic
921 1120 960 1149 de
985 1130 1070 1149 meo:

355 1163 438 1192 ἄλλα
466 1160 622 1201 κᾴνταῦθα,
646 1162 678 1191 ἂν
698 1161 873 1200 ἀπαλλάξαι
896 1180 938 1186 -—
961 1168 1074 1193 caetera

356 1205 436 1235 bene
452 1205 575 1235 liabent.
612 1206 807 1235 Constructio
823 1206 888 1235 haec
903 1211 970 1235 est:
994 1205 1074 1236 ἀλλὰ

355 1246 507 1288 κᾷνταῦθοι
521 1246 772 1288 παξακὲκξουσται
785 1251 799 1279 ἦ
812 1248 906 1284 πόλις,
920 1248 966 1279 εὰν
974 1250 1073 1279 ἀπαλ-

357 1291 431 1333 λάξῃ
446 1302 491 1325 τις
504 1289 550 1321 τόν
564 1291 728 1322 ἐπιστάντα
750 1292 797 1331 [id
814 1297 872 1328 est,
886 1291 932 1323 τὸν
947 1291 1073 1322 ἐπιστά-

357 1345 420 1365 την.
436 1335 557 1364 tametsi
572 1336 687 1370 nescio,
704 1346 739 1364 an
752 1335 827 1364 illud
845 1346 897 1376 pio
912 1336 968 1365 hoc
980 1337 1074 1366 usita-

357 1383 422 1408 tum
438 1378 556 1418 fueiit].
585 1389 682 1408 verum
703 1384 731 1408 et
747 1378 793 1408 hic
810 1389 921 1419 quoque
942 1380 1073 1409 circum-

356 1422 476 1451 venitur
484 1431 568 1460 resp„
581 1422 604 1451 si
618 1423 680 1462 quis
695 1421 859 1460 Epistatam
874 1433 893 1451 a
908 1433 984 1453 cura
997 1424 1071 1462 reip.

357 1465 391 1494 in
405 1463 457 1494 hoc
473 1465 586 1505 negotio
592 1464 712 1505 fraude
726 1465 877 1495 averterit.

400 1525 445 1530 -—
460 1510 512 1539 25.
535 1509 549 1539 ἡ
572 1508 668 1549 πόλις]
694 1508 846 1538 sententia
863 1509 1000 1548 postulat
1014 1509 1027 1538 ἦ
1043 1507 1073 1539 δὲ

357 1549 451 1585 πόλις.
485 1551 564 1581 Ante
578 1549 631 1591 κᾷν
645 1552 673 1581 si
687 1562 745 1581 non
762 1552 850 1591 plane
866 1552 1073 1582 necessarium

358 1599 407 1624 est
421 1595 502 1624 ἀλλὰ
514 1594 664 1632 praeponi,
681 1595 739 1624 erit
754 1600 853 1625 tamen
871 1595 979 1625 satius.
993 1596 1074 1625 ἀλλὰ

356 1636 408 1677 κᾷν
417 1636 556 1668 ἐνταῦθα.
579 1637 656 1667 illud
667 1638 759 1674 ἀλλὰ,
773 1643 807 1668 ut
819 1638 1017 1677 objectiones,
1031 1638 1075 1668 ita

357 1681 557 1710 refutationes
577 1680 695 1710 illarum
716 1681 922 1720 objectionum
945 1680 1074 1709 orditur.

359 1721 407 1753 τὸν
419 1722 560 1753 ἐνστάντα
571 1724 706 1762 appellat
722 1723 880 1753 inimicum
890 1727 922 1752 et
936 1722 1074 1762 exagita-

359 1771 456 1797 torem
472 1777 560 1796 novae
575 1766 666 1805 legis,
680 1766 733 1805 qui
755 1766 823 1807 ejus
843 1766 979 1804 rogatori
996 1766 1074 1795 acri-

357 1812 405 1839 ter
426 1809 556 1845 insistat,
583 1819 653 1839 eum
680 1809 815 1849 graviter
842 1813 961 1848 premat
982 1813 1074 1848 atque

358 1857 477 1892 urgeat,
491 1863 590 1892 neque
606 1852 686 1881 sinat
702 1852 872 1891 quiescere.

409 1898 484 1926 712.
516 1899 546 1925 1.
577 1894 758 1937 διαφθείρας]
789 1895 922 1925 subaudi
954 1895 1075 1930 «πάντας

355 1938 445 1980 ὑμᾶς.

400 1999 444 2006 -—-
460 1984 490 2013 6.
513 1981 655 2022 ἦφίινισεν,
680 1980 836 2022 ἐξήλειψεν,
860 1980 920 2012 δ’σον
934 1982 994 2023 ——-]
1020 1982 1074 2011 dat

358 2026 429 2056 Ald.
445 2025 612 2065 eleganter,
628 2026 658 2055 ni
670 2026 772 2062 fallor,
787 2026 926 2065 copiose,
941 2025 1073 2062 fortiter,

357 2074 392 2099 ut
405 2074 556 2099 oratorem
568 2069 711 2099 decebat.
722 2074 753 2099 et
767 2068 902 2099 restitui.

401 2130 444 2136 —
459 2114 490 2142 8.
516 2111 640 2151 ἅπασιν]
669 2112 738 2142 loco
762 2113 852 2152 hujus
876 2122 946 2142 voc.
969 2115 1018 2141 est
1041 2111 1073 2141 in

357 2155 441 2194 Aug.
452 2155 593 2185 ἀπαίσιον.
605 2159 784 2194 portentosa
799 2155 904 2190 lectio,
913 2165 1002 2194 quam
1017 2165 1072 2184 ex-

359 2199 496 2238 cogitare
511 2199 601 2228 facile
621 2209 679 2228 non
701 2199 752 2234 sit,
769 2198 922 2237 quomodo
938 2199 997 2228 huc
1018 2208 1072 2237 pe·

358 2242 430 2272 dem
454 2242 603 2272 intulerit.
630 2242 799 2281 elegantem
827 2242 965 2271 dicerem
993 2245 1025 2271 et
1055 2251 1072 2270 a

358 2289 452 2324 captu
475 2284 560 2324 vulgi
586 2284 782 2315 librariorum
809 2284 1019 2319 remotiorem,
1045 2284 1070 2313 si

357 2328 550 2368 insequentia
575 2328 677 2357 locum
703 2328 732 2358 ei
758 2328 877 2358 darent.
922 2327 984 2356 Sed
1009 2327 1071 2356 loci

357 2372 455 2402 series
471 2371 609 2410 ratioque
625 2371 815 2401 demonstrat
830 2371 982 2409 vulgatam
999 2380 1072 2409 pro-

357 2415 427 2444 bam
444 2419 474 2444 et
489 2415 650 2444 tenendam
672 2425 751 2444 esse.
768 2418 821 2444 aut
841 2419 999 2453 utramque
1019 2424 1070 2443 co-

356 2457 521 2496 pulandam
539 2458 596 2487 hoc
610 2458 702 2487 modo
715 2457 859 2493 ἀπαίσιον,
873 2457 984 2488 ἅπασιν
999 2455 1071 2487 ἐναν-

356 2499 424 2530 τίον.
437 2502 591 2540 quomodo
603 2501 677 2531 feci.

400 2561 443 2566 —
461 2545 490 2574 9.
504 2544 674 2584 παραγνοὺς]
690 2542 812 2573 correxi
827 2541 1025 2584 παραναγνούς.
1041 2555 1070 2573 v.

357 2586 442 2617 dicta
455 2587 493 2615 ad
511 2587 676 2625 Polybium
688 2597 718 2624 p.
737 2589 813 2618 258.

400 2646 443 2652 —-
457 2631 509 2659 17.
524 2627 572 2659 ἐπὶ
587 2631 638 2663 τῆς
653 2628 883 2670 Πανδιονίδος-]
902 2640 931 2660 v.
946 2640 978 2669 p.
994 2632 1069 2660 723.

358 2676 389 2705 9.
406 2673 458 2702 ubi
474 2672 602 2701 formula
623 2673 688 2702 haec
704 2673 842 2708 iteratur,
857 2674 910 2702 sed
927 2673 1070 2712 exemplo

355 2715 495 2747 nonnihil
511 2716 549 2744 ab
565 2715 622 2744 hoc
638 2716 842 2754 discrepante.

399 2776 444 2782 —-—
458 2761 512 2789 26.
534 2757 576 2796 τῷ
595 2757 623 2788 δὲ
648 2759 888 2799 καταστήσαντι]
918 2757 970 2788 alii
997 2758 1071 2788 dant

356 2800 403 2834 τόν
415 2801 444 2832 δὲ
455 2801 697 2832 καταστήσαντα.
709 2801 752 2831 nil
763 2801 913 2831 interesse
926 2801 1069 2837 arbitror,

356 2850 456 2876 utram
470 2844 631 2875 lectionem
648 2848 746 2882 optes.
762 2844 792 2874 in
813 2849 940 2883 utraque
957 2845 1069 2874 subau-

357 2889 441 2919 ditur
460 2887 550 2923 ἔστω,
572 2887 624 2917 vel
645 2885 766 2926 ἐξέστω,
790 2886 840 2925 vel
861 2888 950 2916 etiam
969 2886 1035 2916 εῖναι
1052 2899 1069 2917 e

357 2943 388 2961 v.
406 2933 459 2962 22.
475 2935 508 2961 ut
519 2930 560 2961 sit
574 2930 641 2960 haec
657 2929 861 2960 constructio:
884 2930 1068 2968 Τιμοκράτης

356 2975 445 3009 εἶπεν,
456 2973 524 3004 εῖναι
540 2973 582 3013 τῷ
593 2973 816 3004 καταστήσαντι
829 2990 873 2995 —-
884 2971 917 3002 τό
931 2972 1067 3011 ἀφεῖσθαι

356 3018 473 3059 δεσμοῦ.
486 3017 562 3048 satis
577 3017 699 3056 quidem
715 3017 806 3056 plana
821 3016 917 3056 igitur
932 3021 980 3046 est
996 3026 1064 3046 ora—

738 193 774 236 1.
798 193 833 237 Ι.
858 193 1083 237 REISKE
1115 193 1450 238 ANNOTATA

1109 299 1167 336 tio,
1189 300 1244 329 sed
1268 301 1429 331 stultitiam
1453 302 1526 341 ejus·
1540 299 1740 332 satismirari
1760 309 1823 332 nor!

1108 353 1246 382 possum.
1256 348 1343 382 patet
1355 344 1435 374 enim
1450 354 1506 383 per
1519 354 1564 381 se,
1575 349 1606 375 et
1619 345 1699 375 ultro
1711 344 1825 374 intelli-

1109 386 1204 424 gitur,
1220 387 1371 422 aerarium,
1387 388 1557 427 praesertim
1574 387 1627 427 qui
1644 397 1743 417 nexus
1762 396 1821 417 non

1109 429 1230 465 fuisset,
1247 430 1384 469 depenso
1400 440 1460 459 aere
1476 431 1580 460 debito
1596 441 1613 460 e
1628 430 1768 460 custodia
1785 430 1823 460 ti-

1109 473 1215 502 berum
1232 483 1312 502 esse.
1358 473 1482 503 Planius
1499 478 1530 504 et
1544 473 1720 504 concinnius
1737 472 1763 502 si
1777 473 1823 502 lo·

1108 515 1158 554 qui
1177 516 1300 551 scisset,
1317 515 1362 545 sic
1379 523 1443 546 erat
1459 517 1611 553 dicturus,
1627 525 1657 547 et
1673 526 1769 555 usque
1784 516 1824 545 ad

1108 569 1216 588 nonam
1231 559 1399 598 prytaniam
1413 564 1556 590 manento
1572 564 1603 590 et
1621 559 1690 599 ipse
1702 559 1824 588 debitor

1109 607 1139 631 et
1156 604 1224 641 ejus
1247 603 1354 638 vades,
1370 613 1386 632 a
1403 603 1534 633 vinculis
1558 603 1718 633 immunes.
1741 601 1824 641 qnod

1108 645 1134 675 si
1148 650 1246 675 autem
1261 652 1334 676 tunc
1349 646 1498 685 temporis
1512 656 1619 676 nomen
1634 649 1824 685 expunctum

1107 699 1164 718 non
1178 689 1281 726 fuerit,
1292 695 1354 720 tum
1368 689 1490 719 debitor
1498 689 1529 719 in
1539 699 1692 720 carcerem
1702 689 1827 728 migret,

1107 732 1218 762 vadum
1235 733 1313 762 bona
1328 733 1541 763 confiscantur.

1149 777 1258 806 -27,
1280 774 1327 815 ἐφ’
1348 773 1400 817 οἷς]
1423 776 1547 806 correxi
1565 773 1612 815 ἐφ’
1631 787 1666 816 ω,
1686 774 1754 805 scil.
1769 774 1820 813 οἷς·

1106 816 1198 857 γυξίῳ.

1149 860 1520 903 ”13.ι1.ἐξεγγυηθέντα]
1545 861 1629 892 Citat
1650 860 1682 891 h.
1697 860 1720 890 l.
1741 861 1824 889 Hat-

1107 913 1195 942 pocr.
1212 914 1241 933 v.
1264 902 1438 942 ἐξεγγύησις,
1454 906 1507 935 sed
1525 905 1577 934 ille
1593 914 1647 944 per
1666 901 1822 933 memoriae

1109 957 1243 976 errorem
1258 947 1500 977 Aristocrateam
1516 947 1654 983 laudans,
1669 955 1760 985 quem
1776 955 1824 974 er·

1108 1000 1209 1020 rorem
1221 990 1364 1020 Valesius
1378 991 1508 1021 notavit.

1152 1051 1195 1056 —
1217 1036 1247 1064 4.
1272 1033 1482 1075 μισθώματα]
1507 1033 1673 1063 obsecutus
1699 1030 1824 1071 quidem

1107 1076 1241 1116 Tayloro
1258 1087 1338 1114 sum,
1351 1076 1538 1107 existimanti
1553 1075 1732 1116 μισθώσιμα
1744 1085 1824 1114 prae-

1109 1124 1203 1149 stare.
1225 1126 1433 1150 verumtamen
1456 1121 1499 1150 nil
1525 1121 1662 1159 pejorem
1692 1118 1823 1148 arbitror

1108 1163 1275 1202 vulgatam,
1291 1164 1329 1193 ab
1342 1164 1588 1204 Harpocratione
1601 1173 1632 1193 v.
1641 1159 1699 1193 ἀπὸ
1711 1160 1825 1202 μισθω-

1107 1206 1212 1245 μέιτων
1227 1207 1444 1237 confirmatam.

1152 1266 1194 1272 —
1219 1253 1250 1280 7.
1278 1249 1324 1280 ἐὰν
1353 1249 1397 1290 δὲ]
1428 1254 1523 1280 totam
1553 1250 1632 1280 hanc
1654 1247 1824 1278 clausulam

1106 1292 1222 1332 Taylor
1234 1297 1320 1333 putat
1331 1293 1543 1323 inducendam.
1555 1292 1634 1322 scire
1646 1291 1752 1328 velim,
1765 1300 1826 1329 qua

1107 1336 1148 1365 de
1170 1345 1274 1366 causa.
1295 1337 1369 1376 quid
1389 1337 1518 1376 aequiuS,
1540 1345 1642 1375 quam,
1666 1335 1718 1374 qui
1744 1343 1823 1363 anno

1108 1384 1243 1409 exeunte
1256 1380 1353 1410 aerarii
1370 1380 1442 1409 facti
1455 1385 1570 1415 essent,
1587 1388 1642 1409 seu
1654 1376 1825 1417 coepissent

1107 1421 1186 1461 reip.
1208 1423 1333 1460 debere,
1356 1433 1416 1463 quo
1437 1427 1576 1462 tempore
1602 1421 1708 1451 debita
1727 1419 1824 1459 exigi,

1107 1470 1139 1495 et
1159 1465 1305 1505 dependi,
1323 1471 1355 1496 et
1373 1466 1508 1496 rationes
1527 1465 1648 1501 confici,
1664 1468 1757 1503 atque
1776 1473 1826 1492 re-

1107 1508 1317 1547 cognitoribus
1332 1509 1372 1539 ad
1387 1509 1619 1539 examinandum
1635 1511 1668 1537 et
1690 1507 1822 1547 proban-

1108 1551 1179 1581 dum
1196 1552 1337 1582 exhiberi
1353 1553 1504 1588 solebant,
1518 1555 1551 1582 ut
1564 1551 1605 1582 iis
1617 1549 1756 1591 pecuniae
1771 1559 1823 1579 co-

1109 1594 1216 1633 gendae
1227 1595 1320 1625 otium
1331 1606 1464 1625 annuum
1474 1595 1705 1625 concederetur.
1729 1592 1824 1630 Quod

1109 1636 1231 1666 Petitus
1245 1637 1321 1666 hauc
1336 1638 1505 1668 clausulam
1521 1637 1683 1677 praeteriit,
1699 1636 1773 1676 quid
1788 1635 1823 1665 id

1108 1679 1146 1708 ad
1159 1679 1235 1708 nos?
1259 1680 1332 1718 quid
1350 1681 1388 1709 ad
1404 1691 1467 1710 rem
1478 1679 1683 1720 praesentem?
1707 1689 1775 1718 quae
1791 1677 1822 1708 in

1108 1731 1145 1751 eo
1167 1723 1351 1753 auctoritas?
1377 1733 1413 1752 an
1434 1723 1572 1753 clausula
1591 1722 1690 1752 minus
1710 1722 1743 1752 in
1768 1732 1822 1751 usu

1106 1765 1177 1800 fuit,
1193 1776 1281 1804 quam
1299 1770 1364 1795 tota
1378 1766 1443 1802 lex,
1457 1776 1526 1806 quae
1537 1775 1691 1805 nunquam
1708 1763 1823 1795 valuit?

1150 1826 1194 1831 —
1209 1811 1261 1839 14.
1273 1807 1360 1850 δ’λοος]
1377 1809 1498 1839 correxi
1514 1807 1587 1843 δ’λος.
1604 1813 1665 1839 tota
1677 1807 1731 1838 lex.

1152 1869 1196 1874 —
1213 1854 1264 1882 16.
1277 1854 1375 1882 ταῦτα
1389 1851 1536 1890 γνώσεσθε
1549 1850 1706 1891 ἀκούοντες]
1719 1850 1823 1881 malim

1106 1895 1217 1926 ταῦτα.
1235 1900 1296 1925 tota
1314 1896 1430 1936 quidem
1453 1896 1496 1925 lea·
1518 1896 1695 1925 adversatur
1717 1893 1828 1934 legibus

1108 1938 1250 1974 omnibus,
1263 1938 1310 1968 sed
1326 1940 1467 1978 imprimis
1482 1938 1552 1976 haec,
1568 1948 1637 1977 quae
1651 1937 1743 1967 modo
1756 1936 1825 1967 dixi

1107 1986 1193 2020 puta.
1211 1981 1358 2012 Γνώσεσὲε
1371 1980 1554 2017 δ’ἇιιούοντες.
1578 1980 1756 2021 Intelligetis
1769 1990 1826 2009 au-

1109 2030 1177 2060 tem,
1191 2035 1258 2055 cum
1276 2025 1403 2056 audietis
1420 2026 1493 2066 leges
1506 2027 1592 2064 ipsas.
1608 2024 1761 2063 significat
1778 2023 1823 2052 le-

1107 2078 1176 2106 geS,
1199 2079 1256 2098 non
1275 2074 1412 2105 cunctas,
1428 2069 1482 2098 sed
1504 2073 1622 2098 tantum
1645 2068 1683 2097 de
1706 2066 1822 2096 aerariis

1109 2116 1140 2141 et
1154 2112 1193 2141 de
1207 2111 1380 2142 debitorum
1396 2111 1558 2142 exactione
1573 2110 1716 2150 scriptas.
1730 2114 1761 2139 et
1776 2110 1821 2139 sic

1107 2155 1229 2184 correxi
1239 2165 1278 2184 ex
1290 2155 1471 2185 auctoritate
1484 2157 1564 2194 Aug.
1579 2164 1628 2193 pr.
1639 2163 1736 2183 meam
1747 2162 1823 2182 con-

1102 2198 1254 2236 jecturam
1270 2198 1487 2228 confirmantis.

1149 2258 1194 2263 -—
1207 2243 1258 2272 25,
1273 2239 1313 2282 ἓν]
1330 2241 1360 2270 id
1379 2247 1437 2277 est,
1452 2239 1524 2271 καθ’
1542 2239 1578 2270 δ’ν.
1601 2249 1634 2270 v.
1647 2250 1680 2279 p·
1693 2241 1769 2270 ⁵714.
1786 2239 1820 2269 4.

1107 2282 1158 2312 alii
1178 2284 1251 2314 dant
1270 2283 1323 2323 ἀφ’
1344 2281 1383 2313 οὗ.
1408 2283 1538 2324 perinde
1562 2288 1621 2313 est.
1640 2283 1735 2324 ἄρχειν
1754 2282 1821 2312 sine

1106 2326 1201 2356 dubio
1226 2327 1275 2357 hic
1299 2327 1451 2364 significat
1471 2327 1612 2366 incipere,
1630 2324 1737 2362 ordiri,
1760 2325 1821 2355 ini-

1105 2369 1181 2399 tium
1192 2369 1384 2400 auctoritatis
1396 2381 1449 2400 seu
1463 2370 1634 2400 validitatis
1648 2379 1822 2408 capessere.

1148 2430 1191 2436 ·-—
1207 2414 1284 2443 ibid.
1301 2412 1478 2455 ἐπιγςίιψαι]
1502 2413 1573 2443 scil.
1590 2423 1643 2442 eas
1658 2413 1722 2451 jam
1738 2416 1821 2442 ratas

1105 2459 1136 2486 et
1148 2467 1206 2486 usu
1221 2461 1362 2495 receptas
1376 2468 1455 2487 esse.
1494 2456 1659 2486 'Sententia
1673 2455 1821 2485 clausulae

1104 2498 1196 2540 hujus
1209 2505 1258 2530 est
1271 2511 1279 2529 ε
1304 2505 1447 2539 oportere
1459 2500 1602 2535 scribam,
1617 2499 1697 2528 intra
1707 2499 1788 2528 diem
1802 2508 1820 2528 a

1104 2542 1167 2572 lata
1182 2543 1238 2572 hac
1261 2543 1383 2573 Dioclis
1397 2543 1467 2583 lege
1483 2542 1685 2582 trigesimum,
1703 2541 1821 2570 adscri-

1104 2585 1178 2616 bere
1196 2585 1259 2625 legi
1280 2587 1391 2626 cuique
1406 2587 1469 2625 jam
1491 2585 1613 2620 validae,
1632 2594 1698 2614 eam
1719 2584 1818 2623 legem

1101 2631 1165 2667 jam
1181 2629 1331 2666 obtinere,
1353 2629 1419 2659 sive
1433 2639 1470 2659 ea.
1489 2633 1573 2659 esset
1585 2627 1716 2658 Euclide
1729 2632 1819 2658 vetu-

1108 2671 1200 2708 stior,
1216 2673 1283 2702 sive
1299 2672 1463 2703 recentior.

1148 2717 1224 2746 714.
1239 2718 1270 2746 2.
1287 2715 1408 2757 διώρισε]
1430 2715 1576 2750 distinxit,
1590 2713 1620 2743 b.
1637 2723 1665 2743 e.
1681 2713 1818 2752 singulas

1105 2768 1242 2797 quasque
1255 2759 1340 2797 leges
1353 2759 1416 2788 suis
1426 2757 1564 2788 terminis
1577 2761 1748 2797 temporum
1761 2755 1822 2785 cir-

1104 2802 1314 2841 cumscripsit,
1337 2805 1370 2830 et
1392 2800 1483 2830 aliam
1509 2800 1549 2830 ab
1572 2799 1631 2829 alia
1655 2798 1818 2838 dissepsit.

1102 2844 1164 2874 suit
1176 2855 1246 2874 cum
1256 2844 1377 2886 διῃώνισε
1386 2843 1580 2882 conjicerem,
1591 2842 1724 2872 reddidit
1735 2847 1820 2871 aeter-

1103 2897 1167 2918 nas.
1182 2888 1265 2927 quod
1276 2897 1355 2917 nunc
1367 2886 1463 2917 nolim
1479 2885 1619 2925 cuiquam
1638 2884 1810 2914 venditare.

1144 2948 1189 2953 —
1207 2932 1238 2960 5.
1254 2930 1362 2971 τούτῳ]
1382 2930 1413 2960 h.
1430 2940 1458 2959 e.
1481 2929 1574 2967 τούτῳ
1595 2927 1625 2958 δὲ
1641 2927 1684 2966 τῷ
1701 2926 1819 2966 τοιούτῳ

1101 2972 1187 3012 νόμῳ,
1206 2973 1264 3013 legi
1285 2975 1328 3004 sic
1344 2973 1476 3009 habenti,
1498 2972 1527 3003 iu
1551 2982 1612 3012 qua
1626 2960 1732 3002 cautio
1753 2971 1820 3000 haec

1100 3017 1140 3046 sit
1155 3016 1301 3047 adhibita.
1804 3025 1811 3038 ‘
