1931 3323
685 413 936 457 WEISKII
975 411 1049 456 ET
1082 411 1425 455 SCHAEFERI

340 489 818 533 ANNOTATIONES
851 488 934 529 AD
967 486 1411 529 ARGUMENTUM.
1445 486 1782 529 ORATIONIS

834 563 917 604 DE
950 561 1299 604 HALONESO.

372 685 410 715 P.
427 686 501 715 164.
525 683 590 723 Πεξῖ
611 681 777 721 Ἃλονήσου]
801 681 945 711 Fluctuat
968 679 1043 710 scri-

327 732 421 767 ptura
432 729 512 758 inter
522 727 669 759 “Αλόνησσς
679 732 710 755 et
719 723 892 759 Ἀλόννησος,
903 728 936 753 ut
949 723 1045 753 omni-

329 782 369 801 no
392 772 421 801 in
444 772 490 800 his
509 769 692 809 compositis
710 769 857 799 variatur.
903 767 1044 806 Simplex

329 825 342 843 ι
358 815 496 854 praetulit
519 812 832 852 Schweighaeuserus
850 811 880 840 in
897 811 1046 840 Athenaeo

328 863 352 887 t.
374 859 418 887 11.
448 869 477 897 p.
496 858 571 887 359.
606 856 646 885 V.
675 855 741 884 eius
766 853 1000 884 Animadverss.
1023 858 1046 883 t.

328 901 404 930 111:
412 912 442 940 p
460 902 534 930 )79.
574 898 702 938 Duplex
718 897 839 937 placuit
854 897 1048 927 Boissonado

330 945 368 973 ad
387 943 497 973 Rufum
516 953 546 982 p.
562 944 649 972 78.‘
654 941 769 980 ‘Apud
782 940 962 970 AEsohinem
977 941 1048 969 adv.

330 986 524 1025 Ctesipliont.
540 996 570 1025 p.
584 985 658 1015 475.
677 984 736 1014 R.⁷’
753 984 852 1023 inquit
865 988 885 1002 ⁴¹
899 994 954 1023 pro
964 982 1049 1012 Ἀλό-

331 1041 407 1061 νησον
433 1030 512 1059 cod.
530 1028 656 1058 Coislin.
675 1030 749 1059 249.
772 1028 865 1057 habet
878 1026 1048 1057 ιΑλὸννησον.

331 1072 484 1103 Reiskius
502 1072 635 1107 curavit,
657 1075 691 1100 ut
707 1070 820 1110 ubique
841 1069 1050 1100 Πελοποννήσιοι

332 1117 485 1155 geminato
502 1118 515 1145 ν
530 1119 724 1145 exat-aretur:
741 1124 796 1144 cur
807 1124 867 1143 non
880 1113 972 1143 simili
986 1123 1051 1143 mo-

332 1160 372 1189 do
401 1158 543 1189 exaravit
571 1157 673 1188 onmia
701 1158 853 1187 vocabula
879 1167 949 1186 cum
973 1158 1051 1190 νῆσος

332 1202 505 1242 composita
516 1200 549 1231 ?”
599 1202 678 1232 Cum
714 1200 832 1239 duplici
870 1200 983 1239 legitur
1021 1200 1052 1229 in

331 1246 451 1277 Anecd.
468 1245 572 1275 Bekk.
590 1255 621 1284 p.
642 1245 715 1274 136.
733 1247 784 1275 12.
801 1249 833 1274 et
850 1246 903 1275 16.
920 1245 1053 1274 Senin-

335 1300 414 1321 r-ER.

377 1350 420 1355 —
435 1334 466 1363 3.
488 1329 640 1362 Ἀθηναίων
655 1331 773 1372 ἀρχαῖον
784 1330 902 1371 κτῆμα]
928 1330 966 1359 P.
978 1330 1053 1359 177.

333 1373 798 1407 2.clie1sonesumT11racicam
812 1373 959 1403 Libanius
976 1372 1054 1403 dicit

333 1418 487 1450 ’Λθηναίων
501 1420 604 1458 κτῆμα,
619 1418 748 1459 ἀρχαῖον.
785 1416 954 1456 Euripides
965 1416 1052 1446 Med.

335 1464 389 1493 43.
421 1461 542 1492 παλαιὸν
566 1462 642 1492 οἴκων
670 1471 774 1500 κτημα
803 1459 944 1494 δεσποίνης
972 1458 1055 1498 ἒμης.

334 1506 388 1536 ubi
408 1516 512 1547 parum
531 1505 670 1545 intelligo
695 1503 770 1543 quid
787 1504 948 1533 Porsonus
965 1503 1054 1533 volu-

336 1550 407 1585 erit,
428 1560 497 1578 cum
522 1549 581 1578 hoc
606 1551 742 1579 notaret:
769 1547 963 1577 “Nutricem
979 1547 1055 1576 allo-

335 1593 439 1632 quitur
462 1596 604 1631 tanquam
636 1590 818 1622 vilissimam
849 1590 1055 1630 supellectilis

336 1634 488 1677 partem.'’
533 1635 620 1665 Nihil
641 1634 721 1664 enim
737 1634 818 1664 inest
834 1634 863 1663 in
881 1644 975 1664 versu
992 1634 1055 1663 Eu-

336 1679 462 1718 ripidis,
488 1679 570 1718 quod
595 1682 782 1708 contemtum
804 1677 932 1707 indicet.
964 1677 1055 1707 Conf.

338 1723 461 1755 Hecub.
492 1724 567 1753 607.
595 1719 705 1763 ἀρχαία
731 1721 829 1761 λάτςι.
854 1720 958 1761 Iphig.
983 1720 1056 1751 Aul.

1080 682 1155 711 373.
1178 680 1299 720 Musgr.
1316 678 1380 710 οῖδίι
1401 678 1430 709 σ’
1452 678 1509 710 ὄντ’
1530 678 1584 718 ἐγὼ
1602 678 1731 710 παλαιόν
1747 679 1798 709 δω-

1079 724 1185 763 μάτων
1206 722 1282 762 ἐμῶν
1305 723 1432 762 λάτριν(
1459 724 1591 753 Servum
1611 728 1712 753 autem
1735 723 1799 752 dici

1080 768 1186 806 κτῆμα,
1207 777 1297 796 nemo
1314 766 1488 802 mirabitur,
1505 777 1573 796 cum
1591 766 1735 796 dominus
1753 766 1800 796 di-

1081 815 1169 840 catur
1185 810 1197 839 6
1212 808 1394 848 κεκτημένος.
1408 811 1516 841 IDEM.

1126 870 1169 875 —-
1186 855 1217 883 6.
1239 853 1251 882 ὅ
1273 852 1302 882 δὲ
1330 851 1554 892 λόγος-εῖναι]
1584 853 1675 882 Idem
1694 849 1800 882 multis

1082 896 1154 927 aliis
1176 896 1306 936 placuit.
1335 896 1375 925 V.
1401 896 1520 926 Anecd.
1546 895 1649 925 Bekk.
1676 907 1707 935 p.
1724 897 1800 926 375.

1085 942 1136 970 27.
1147 939 1258 969 Reisk.
1271 940 1302 969 i'n
1317 939 1388 968 Ind.
1405 941 1520 979 Geogr.
1536 949 1568 978 p.
1584 940 1659 969 609.
1669 938 1802 969 Valcke-

1084 993 1150 1012 nar.
1167 983 1267 1012 Diatr.
1284 983 1323 1012 de
1341 982 1425 1014 Phil.
1442 982 1569 1013 Maced.
1585 992 1616 1021 p.
1633 983 1708 1013 2253.
1726 984 1802 1013 270.

1085 1026 1183 1056 Orell.
1208 1027 1247 1056 ad
1273 1025 1406 1056 Isocrat.
1431 1037 1466 1057 π.
1491 1036 1522 1056 τ.
1547 1025 1638 1056 ἀντιδ.
1663 1036 1694 1064 p.
1726 1026 1802 1056 305.

1086 1069 1139 1109 qui
1167 1068 1374 1109 Hegesippo*
1413 1069 1534 1105 tribuit,
1564 1074 1595 1099 et
1620 1069 1802 1099 Schneider.

1087 1114 1126 1143 ad
1138 1112 1339 1152 Xenophont.
1357 1112 1396 1143 de
1406 1112 1530 1151 Vectig.
1544 1122 1575 1151 p.
1587 1115 1661 1144 148.
1677 1113 1709 1142 b.
1722 1112 1803 1142 Mihi

1086 1166 1209 1196 quoque
1232 1157 1297 1186 haec
1318 1156 1416 1186 oratio
1440 1156 1564 1194 capitali
1584 1155 1803 1186 Demosthenis

1087 1199 1215 1239 ingenio
1230 1199 1356 1230 videtur
1369 1199 1593 1238 indignissima.
1609 1200 1718 1229 IDEM.

1131 1261 1174 1266 -—
1191 1245 1243 1273 10..
1258 1242 1354 1283 αὐτῷ’]
1373 1242 1465 1282 αὑτῷ,
1478 1243 1670 1272 referendum
1688 1242 1724 1272 ad
1740 1241 1805 1271 τοῦ·

1088 1298 1132 1323 το,
1148 1285 1289 1316 neutrius
1304 1290 1353 1315 est
1370 1286 1503 1325 generis.
1526 1286 1634 1316 IDEM.

1131 1347 1175 1352 —
1186 1329 1263 1359 ibid.
1296 1329 1345 1358 καὶ
1376 1327 1467 1362 εὔηθές
1495 1340 1524 1358 τι
1537 1346 1582 1351 —-
1595 1328 1686 1369 ἔχειν]
1720 1327 1806 1358 Mihi

1087 1373 1192 1413 placet
1201 1372 1301 1407 εὔηθες
1316 1371 1348 1402 τὸ
1362 1370 1480 1412 νομίζειν
1491 1370 1517 1401 ἐν
1527 1389 1581 1401 -—-.
1603 1373 1714 1412 Neque
1727 1382 1807 1412 opus

1089 1418 1153 1446 τινὰ
1169 1416 1276 1452 inseri,
1291 1416 1375 1455 qnod
1391 1415 1508 1456 placuit
1518 1415 1806 1447 Weiskio-Disser-

1089 1465 1145 1490 tat.
1159 1470 1190 1499 p.
1204 1462 1280 1491 4:30.
1305 1460 1410 1490 IDEM.

1132 1521 1177 1527 —-
1190 1506 1243 1534 14.
1272 1501 1339 1532 ὄντα
1367 1501 1566 1543 Ἡγησίππου]
1605 1502 1646 1532 V.
1671 1502 1808 1542 Etymol.

1090 1547 1137 1577 M.
1155 1558 1184 1577 c.
1200 1550 1276 1578 418.
1293 1548 1345 1576 47.
1359 1550 1390 1576 et
1407 1545 1538 1576 Photius
1551 1556 1578 1576 c.
1596 1546 1649 1576 50.
1665 1545 1773 1576 IDEM.

1133 1608 1176 1613 -—
1192 1593 1245 1621 18.
1269 1588 1426 1627 λαμξάνειν
1439 1607 1483 1613 —-
1497 1587 1726 1630 ἀπολαμςάνειν]
1768 1590 1809 1619 V.

1090 1644 1121 1673 p.
1136 1635 1210 1664 162.
1223 1636 1275 1665 16.
1293 1634 1462 1663 Athenaeus
1479 1637 1501 1664 t.
1512 1633 1557 1662 ΙΙ.
1573 1643 1606 1672 p.
1616 1634 1692 1664 359.
1706 1633 1809 1663 Schw.

1090 1681 1121 1707 et
1150 1678 1280 1708 Tzetzes
1309 1677 1410 1717 Exeg.
1436 1677 1467 1707 iu
1491 1676 1584 1707 Iliad.
1607 1687 1640 1717 p.
1662 1679 1735 1708 122.
1755 1678 1809 1707 22.

1089 1721 1198 1752 IDEM.

574 1939 1056 1982 ANNOTATIONES
1087 1939 1174 1989 AD
1206 1938 1579 1982 ORATIONEM

843 2015 928 2056 DE
960 2013 1304 2057 HALONESO.

388 2159 427 2188 P.
447 2159 518 2189 165.
533 2161 563 2187 1.
579 2155 1060 2197 ’ἈνδςεςἌθηναῒοι-αἰτιᾶται]

343 2201 428 2232 Citat
450 2201 622 2240 Dionysius
640 2200 742 2231 Halic.
758 2205 781 2230 t.
800 2201 854 2230 Vl.
872 2211 903 2240 p.
919 2203 993 2232 994.
1014 2200 1061 2229 sic

344 2253 379 2275 ut
396 2250 555 2285 praeponat
567 2243 625 2274 ὟΩ..
672 2244 792 2273 Pariter
808 2244 873 2273 sine
892 2244 949 2272 hac·
965 2243 1062 2282 parti-

344 2289 413 2318 cula
434 2288 549 2327 legitur
560 2287 670 2328 ’Ἄνδρες
691 2285 829 2316 δικασταὶ
851 2287 940 2316 initio
957 2286 1063 2326 Lepti-

344 2342 410 2361 neae
441 2343 470 2372 p.
494 2333 568 2361 457.
594 2335 625 2361 1.
645 2331 684 2360 V.
707 2330 920 2360 Gersdorfium
944 2330 974 2359 in
993 2334 1065 2359 nota

344 2375 451 2404 addita
481 2373 639 2414 Riidigeri
674 2373 894 2404 Dissertationi
924 2384 956 2413 p.
989 2375 1063 2404 130.

345 2419 546 2448 Seium-1311.

391 2479 431 2484 ——
448 2461 526 2491 ibid.
550 2461 597 2490 οὐκ
612 2459 692 2490 ἔστιν
712 2458 1064 2501 ὅπως-συμφερόντων]

344 2504 433 2533 Tolle
463 2504 742 2543 interpunctionem
770 2508 842 2543 post
870 2503 1005 2534 αἰτιᾶται
1036 2506 1068 2532 et

345 2552 417 2588 post
432 2547 607 2582 κωλύσουσι,
630 2547 812 2586 interpunge
832 2551 904 2586 post
918 2545 1066 2585 λέγοντας.

347 2592 463 2620 Sensus
484 2590 564 2620 enim
588 2595 619 2620 et
644 2591 721 2620 ordo
741 2592 906 2620 verborum
930 2591 980 2620 hic
1003 2594 1066 2620 est:

348 2633 377 2663 F
379 2635 432 2664 ieri
446 2643 505 2663 ‘non
525 2638 629 2672 potest,
655 2639 689 2663 ut
710 2634 848 2668 crimina,
871 2644 933 2674 quae
948 2633 1069 2672 Philip-

344 2687 403 2716 pus
418 2675 512 2717 infert
527 2677 560 2706 in
581 2678 801 2715 oratoresjusta
818 2687 917 2707 coram
930 2676 1006 2706 vobis
1020 2677 1070 2706 de-

339 2719 512 2761 fendentes,
539 2719 713 2758 impediant,
739 2730 795 2759 quo
823 2722 922 2750 minus
952 2720 1071 2750 consilio

346 2764 424 2794 vobis
444 2763 584 2793 adsimus.
630 2762 809 2793 Reiskianae
828 2763 1070 2803 interpunctioni

348 2806 502 2846 imprimis
529 2806 659 2835 verbum
690 2806 768 2846 ἡμᾶς
794 2808 907 2837 obstat.
934 2808 1070 2838 VVEISK.

350 2851 402 2880 Sic
417 2850 507 2880 etiam
524 2850 676 2888 Augerus.
715 2849 885 2881 Commatis
902 2849 1023 2889 signum
1039 2850 1070 2880 in

348 2889 609 2932 Reiskiana'post
624 2890 785 2922 κωλύσουσι
800 2892 937 2932 positum
954 2893 1071 2924 delevi.

349 2937 552 2967 SCHAEFER.

391 2997 435 3003 —
450 2982 503 3010 12.
517 2979 580 3010 οὔτε
593 2978 660 3010 τότε
673 2978 785 3021 λαβεῖν]
799 2980 879 3010 Dele
896 2978 975 3015 τότε,
989 2980 1072 3018 quod

352 3022 512 3062 neiskius,
526 3033 586 3064 qua
601 3026 650 3054 est
662 3023 801 3061 audacia,
813 3024 851 3055 de
866 3033 923 3055 suo
940 3023 1071 3055 addidit.

1095 2156 1186 2186 Conf.
1199 2157 1362 2186 observata
1373 2155 1412 2185 ad
1423 2165 1455 2195 p.
1468 2155 1543 2186 172.
1555 2157 1606 2186 19.
1620 2153 1814 2194 Intelligitur

1095 2199 1178 2231 istud
1200 2198 1268 2229 τότε
1293 2210 1351 2229 non
1373 2199 1466 2229 modo
1487 2209 1528 2228 ex
1553 2209 1599 2235 re,
1618 2199 1674 2228 sed
1689 2198 1780 2228 etiam
1797 2208 1814 2228 e

1097 2245 1193 2273 verbo
1210 2243 1354 2283 opposito
1374 2243 1427 2279 νῦν,
1443 2247 1474 2272 et
1489 2252 1506 2275 e
1521 2241 1553 2272 vi
1570 2241 1721 2284 temporis
1737 2251 1816 2280 prae-

1098 2286 1193 2322 teriti,
1202 2297 1269 2326 quae
1281 2285 1362 2315 inest
1371 2286 1400 2315 in
1411 2284 1537 2315 aot-isto.
1552 2285 1604 2314 Sic
1614 2295 1686 2315 mox
1697 2295 1728 2324 p.
1740 2287 1816 2316 167.

1099 2332 1152 2361 15.
1165 2331 1214 2359 καὶ
1225 2329 1325 2362 λαβεῖν
1336 2328 1386 2358 καὶ
1397 2327 1566 2364 κεκτῆσθαι,
1577 2333 1606 2357 et
1617 2329 1719 2369 cepisse
1727 2333 1755 2358 et
1764 2328 1818 2358 Iza-

1099 2374 1174 2403 bere.
1185 2373 1378 2402 *Ceterum
1394 2371 1496 2412 [φησὶ]
1512 2370 1746 2414 λαβεῖν-ἕχειν
1756 2371 1778 2402 ἰ.
1788 2382 1816 2401 e.

1099 2426 1127 2447 se
1150 2417 1340 2455 cepisse—se
1364 2421 1461 2445 tenere
1469 2425 1480 2451 ,-
1505 2425 1545 2445 ne
1568 2415 1733 2445 subaudias
1748 2425 1818 2446 cum

1100 2459 1234 2490 Reiskio
1247 2460 1336 2499 ὑμῖις.
1349 2458 1488 2489 Wizxsx.
1516 2458 1678 2488 Posterius
1692 2458 1818 2489 verissi-

1100 2513 1195 2538 mum,
1225 2502 1403 2541 erravitque
1436 2501 1595 2538 Reiskius,
1621 2511 1690 2532 cum
1717 2502 1819 2532 locum

1101 2551 1242 2576 censeret
1254 2545 1492 2576 reformandum.
1539 2545 1601 2575 Sed
1615 2545 1702 2585 prius
1720 2545 1820 2574 addu-

1102 2591 1184 2620 bito:
1202 2600 1271 2619 cum
1288 2589 1368 2619 enim
1389 2589 1431 2619 νῦν
1449 2594 1606 2627 sequatur,
1623 2589 1745 2619 videtur
1767 2588 1821 2618 ad-

1102 2633 1240 2665 verbium
1257 2633 1338 2672 quod
1355 2632 1401 2661 illi
1417 2632 1605 2672 respondeat
1623 2631 1821 2663 inserendum

1103 2687 1182 2707 esse.
1199 2677 1397 2706 SanEm-:R-

1145 2737 1190 2743 --
1202 2721 1254 2750 16.
1275 2720 1374 2749 τοῦτον
1389 2716 1469 2748 δὲ--
1479 2716 1663 2758 ἀφελέσθαι]
1695 2718 1734 2748 V.
1751 2718 1822 2748 Iud.

1105 2765 1208 2793 Graec.
1223 2773 1254 2802 p.
1269 2764 1322 2793 97.
1346 2763 1416 2793 Non
1426 2760 1527 2790 minus
1540 2765 1625 2790 recte
1641 2765 1672 2790 et
1687 2760 1823 2800 aliquan-

1104 2811 1136 2836 to
1153 2806 1254 2845 magis
1270 2815 1288 2836 e
1300 2807 1480 2835 Graeoorum
1496 2804 1721 2834 consuetudine
1737 2809 1824 2844 pote-

1105 2854 1152 2880 rat
1168 2849 1282 2879 scribi:
1308 2849 1407 2878 τοῦτον
1424 2846 1452 2877 δὲ
1473 2845 1520 2876 τὸν
1537 2845 1617 2885 λόγον
1637 2849 1679 2886 μὴ
1703 2847 1770 2878 εῖναι
1786 2847 1825 2877 δι’·

1105 2904 1179 2922 καιον
1193 2892 1222 2922 οὗ
1237 2891 1369 2933 χαλεπόν
1383 2889 1464 2922 ἐστιν
1478 2889 1565 2919 αὺτοῦ
1588 2889 1769 2931 ἀφελέσθαι.
1785 2892 1826 2920 V.

1107 2936 1272 2966 Heindorf.
1302 2935 1343 2966 ad
1368 2934 1492 2964 Platon.
1520 2934 1657 2973 Sophist.
1687 2944 1719 2973 p.
1749 2937 1826 2965 426.

1107 2979 1280 3018 Scripsisse
1308 2981 1411 3008 autem
1436 2987 1485 3007 me
1515 2978 1559 3016 μὴ
1584 2975 1663 3014 εῖναι,
1694 2987 1752 3007 non
1778 2977 1826 3007 οἷαι

1107 3021 1187 3061 εῖναι,
1199 3032 1289 3054 nemo
1304 3020 1477 3058 mirabitur,
1490 3020 1543 3061 qui
1555 3019 1703 3053 didicerit
1718 3020 1824 3052 talium
