1931 3323
304 190 387 231 266
676 189 710 231 Ι.
735 190 768 231 Ι.
792 187 1014 231 REISKE

305 305 419 332 emere,
435 297 515 335 quod
531 296 593 326 illis
609 297 639 326 in
655 297 764 328 itinera
784 297 843 327 ista
858 297 1010 326 insumen-

306 339 379 368 dum
393 346 484 369 esset.

352 400 393 404 -—-
412 386 460 412 18.
485 384 520 416 ὡς
546 382 612 423 ἐμὲ,
638 385 743 423 πρῶτον
769 383 824 423 μὲν
849 380 1010 420 ἠσπάζετο]

310 425 418 454 sustuli
431 425 487 464 μὲν
502 431 533 455 et
549 427 594 456 sic
610 426 802 465 interpunxi:
821 427 855 459 ὡς
871 425 924 465 ἐμὲ
939 427 1011 464 πρῶ-

308 479 367 503 τον,
397 468 554 507 ἠσπάζετο.
584 480 651 499 cum
677 472 801 499 rediisset
830 469 1013 498 Nicostratus

309 512 436 545 domum,
453 513 634 552 omniumque
648 514 807 542 (mancorum
821 522 864 542 me
885 513 1013 551 primum.

308 556 493 590 convenisset,
509 556 739 593 ammuh-ubam)
755 566 805 585 me.

353 614 395 619 -—
413 599 463 628 19.
485 598 533 627 καὶ
548 598 675 639 magno]
701 599 771 628 dedi
795 598 841 627 καὶ
865 597 1013 636 διωδύξετο.

309 641 436 670 verbum
457 643 670 679 compositum,
693 643 744 670 sed
766 643 888 670 inventu
906 641 1013 669 ratius.

311 683 403 722 paulo
420 684 490 721 quid
510 685 577 723 plns
595 685 687 719 valet,
703 695 790 721 quun
807 684 949 721 simplex.

356 729 449 756 1249.
477 730 506 757 3.
540 727 618 765 αὐτῷ
646 725 792 765 Φοξμίωνι]
808 764 810 766 v
827 727 945 755 correxi
975 725 1017 763 ’τῷ

312 775 398 809 Φορμ.
417 770 445 798 in
469 770 543 810 ἔχειν
565 771 745 799 subauditur
767 767 830 808 ἐμὲ.
856 770 923 807 quia
945 767 1017 797 mihi

311 819 375 842 ιιιηι
390 813 464 841 mule
478 823 544 842 cum
563 812 735 841 Phormione
749 813 941 841 conteniebuc.

354 873 396 877 —
423 858 461 884 13
465 854 580 895 ,ὄψι-ει]
604 856 704 884 malim
730 854 875 894 (περιόντα.
906 855 1017 894 reliqua

301 897 404 938 factu,
421 877 559 937 reliquis,
572 909 639 937 quae
653 909 669 927 a
675 904 746 947 patr
751 909 766 927 e
780 898 887 927 relicta
898 899 923 926 h·
918 897 1016 926 »buis-

313 951 388 977 sem,
405 942 433 970 in
449 951 544 979 remp.
558 942 709 970 insanitis.

355 1002 397 1007 ——
414 987 465 1015 19.
482 984 515 1014 τό
530 983 561 1013 ἐκ
576 984 714 1024 γειτόνων]
736 984 858 1014 correxi
874 983 906 1012 τὸ
922 981 947 1013 ἐν
962 993 1017 1021 γει-

313 1025 403 1056 τόνων.
428 1028 509 1066 quod
526 1027 684 1066 exsculpsi
699 1040 715 1056 e
731 1027 862 1056 lectione
878 1027 1018 1056 codicum

314 1070 347 1098 τὸ
359 1069 526 1107 ἐγγειτόνων,
544 1071 622 1109 quod
637 1070 755 1100 tametsi
771 1072 877 1108 probo,
895 1071 1019 1100 verebar

314 1118 426 1148 tamen,
442 1124 478 1142 ne
494 1114 655 1143 insolentia
674 1114 841 1143 offenderet
859 1113 1017 1152 quosdam.

312 1153 339 1184 ἐν
367 1166 435 1185 cuni
459 1157 596 1195 genitivo
623 1157 775 1196 componi,
801 1162 861 1186 tam
885 1155 1019 1184 insolens

313 1209 373 1228 non
390 1205 449 1234 est,
465 1206 556 1237 atque
574 1200 675 1229 multis
695 1200 793 1238 primo
808 1199 957 1235 adspectu
974 1198 1019 1226 vi-

313 1242 458 1279 debitur3
475 1248 507 1272 ut
522 1244 551 1272 in
569 1242 802 1272 Commentariis
818 1242 853 1270 ad
871 1241 1019 1270 Constan-

314 1285 371 1314 tini
400 1285 609 1315 Ceremoniale
638 1286 845 1324 compluribus
871 1283 1021 1323 exemplis

315 1328 553 1358 demonstratum
569 1328 653 1358 dedi.

357 1389 401 1394 —
416 1373 469 1402 26.
490 1384 511 1410 ῳ
528 1371 575 1411 τε]
600 1370 722 1401 correxi
737 1370 759 1407 δ’,
775 1381 818 1400 τε.
834 1376 861 1400 et
876 1370 906 1399 id
917 1380 951 1399 ar
950 1379 1021 1410 gen-

315 1420 389 1450 tum,
405 1416 505 1455 quod'
492 1426 555 1452 lam
568 1414 703 1453 dependi.

357 1461 468 1488 -”.27.
483 1458 644 1498 ἀποληται]
662 1456 732 1486 dedi
748 1456 921 1488 ἀπόλωνται.
942 1455 1023 1485 redit

316 1501 396 1530 enim
413 1502 450 1531 ad
467 1503 522 1534 τὰς
537 1499 637 1542 χιλίας
650 1500 794 1542 δραχμάς.
817 1501 893 1530 dura
905 1504 962 1534 est,
979 1498 1022 1528 fa-

316 1550 395 1578 teor,
419 1544 617 1594 constructio,
641 1545 693 1574 sed
708 1544 813 1574 Attica
833 1549 891 1579 est,
909 1547 939 1572 et
957 1542 1022 1572 vul-

316 1592 385 1626 gata
402 1597 461 1616 non
477 1588 576 1618 minus
594 1588 680 1617 dura.

361 1631 728 1672 1250.11.χςηματων]
760 1629 830 1659 dedi
851 1629 1023 1679 ινιτημάτων.

316 1675 487 1712 opponebat
503 1674 581 1703 enim
600 1674 808 1712 Apollodorus
828 1672 946 1711 pignori
970 1682 1022 1710 pro

316 1717 493 1745 Nicostrato
510 1727 567 1746 non
584 1719 639 1745 τῶν
653 1717 813 1757 χξημάτων
827 1715 952 1753 aliquid,
970 1714 1022 1743 sed

316 1762 372 1788 τῶν
390 1760 559 1798 κτημάτων.
582 1760 716 1794 domuin,
737 1759 817 1798 quod
842 1764 889 1788 est
909 1759 1022 1796 κτῆμα.

317 1802 525 1840 supellectilia
547 1808 647 1833 autem
671 1802 840 1832 domestica
863 1806 932 1831 sunt
954 1800 1025 1841 χςη-

315 1857 415 1885 ματα.

361 1905 404 1910 -
422 1891 469 1918 12.
494 1888 553 1918 ὅσον
568 1887 652 1928 ἐνδεῖ]
677 1889 802 1918 deerant
820 1887 953 1917 sedecim
971 1886 1026 1915 mi-

319 1942 374 1961 nae.
402 1941 468 1961 nam
498 1932 605 1969 viginti
635 1943 688 1961 sex
713 1931 802 1960 minis
828 1931 981 1960 redemtus
1010 1940 1026 1958 e

319 1974 467 2004 Servitute
485 1976 582 2004 fuerat
598 1975 800 2009 Nicostratus,
825 1974 913 2012 eique
933 1983 1027 2012 pecu-

321 2018 379 2046 niae
410 2018 606 2047 conficiendae
636 2028 709 2056 ergo
739 2018 845 2047 decem
874 2016 970 2046 minas
999 2016 1027 2045 ei

320 2061 531 2100 Apollodorus
544 2062 605 2099 jam
623 2061 799 2089 donaverat.

363 2121 406 2126 —
424 2107 474 2134 15.
498 2103 565 2143 φὴς]
588 2114 631 2133 sc.
647 2114 680 2133 ce
696 2104 826 2133 ποιήσειν.

364 2164 407 2168 -·
419 2149 468 2177 19.
484 2146 691 2187 Παμβωτάδῃ]
710 2147 791 2176 Citat
804 2146 832 2174 h.
844 2145 864 2175 l.
876 2145 1029 2184 Harpocr-

323 2200 352 2219 ν.
368 2189 584 2229 Παμβωτάδης.

364 2250 408 2255 --
430 2235 481 2263 25.
511 2234 570 2267 τοῖς
594 2231 773 2273 πράγμασι]
806 2232 937 2261 coliaeret
960 2241 1027 2260 cum

320 2274 376 2310 δ’,τι
398 2274 571 2317 χρησαίμην.
593 2277 668 2315 quod
691 2286 742 2315 eg.)
763 2275 834 2314 quid
859 2285 975 2314 agerem
997 2275 1031 2302 in

323 2318 378 2354 hac
393 2329 425 2348 re
441 2325 500 2349 tam
514 2320 613 2349 ardua
628 2319 744 2353 dubius,
760 2325 787 2347 et
805 2318 967 2357 perplexus,
982 2322 1029 2346 ut-

320 2368 387 2399 poce
402 2363 453 2401 qui
465 2363 686 2400 essemjnvenis.
706 2362 805 2390 malim
824 2366 920 2390 tamen
939 2360 1031 2388 verba

322 2403 376 2438 νέος
391 2405 426 2434 ὢν
441 2416 517 2444 pone
534 2405 643 2445 ἄπειςος
658 2406 840 2444 πξαγμάτων
857 2414 886 2432 v.
899 2405 949 2432 ⁴26.
968 2402 1030 2431 col-

322 2447 430 2478 locari.
456 2449 502 2478 vel
523 2448 624 2487 potius
648 2458 726 2487 pone
749 2447 803 2486 ἐγὼ
826 2446 974 2476 collocavi
992 2446 1030 2474 de

323 2502 390 2520 meo
408 2501 509 2521 sensu.

366 2551 409 2555 ——
426 2534 479 2564 ult.
503 2536 585 2572 μετὰ,
610 2536 665 2564 τῶν
690 2532 847 2574 ἀντιδίκων]
879 2532 1033 2572 significat

324 2576 535 2606 Phormionem
553 2578 677 2615 ejusque
694 2578 870 2606 advocatos.

369 2621 464 2650 1‘251.
482 2622 509 2649 3.
534 2620 700 2661 ἀπόκληρον]
726 2619 845 2649 correxi
868 2618 1031 2658 ἀνι-εἰσκλη-

324 2674 381 2698 τον,
405 2667 435 2692 et
451 2662 542 2701 paulo
558 2668 627 2700 post
647 2663 676 2691 in
696 2663 752 2692 tine
773 2673 879 2692 versus
902 2661 1034 2693 ἐπιβολὴν

328 2705 399 2744 [pro
416 2703 588 2745 ἕπιέουλήν].
611 2706 766 2735 Sententia
778 2705 837 2734 loci
855 2704 1032 2744 perobscuri

327 2748 449 2778 videtur
471 2750 535 2778 haeo
563 2758 652 2776 esse:
677 2748 870 2778 Nicostratus
895 2748 1034 2777 inscribit

328 2802 376 2820 me
392 2792 561 2821 debitorem
577 2791 696 2825 aerario,
712 2792 740 2819 h.
758 2802 783 2820 e.
805 2791 922 2829 perlicit
945 2798 1034 2829 atque

327 2835 483 2873 impetrat,
495 2838 528 2863 ut
544 2834 667 2863 aerarius
678 2834 828 2862 scrilierer
841 2845 857 2862 a
867 2839 1033 2872 quaestore,

331 2877 378 2906 vel
395 2877 495 2907 scriba
511 2876 643 2915 publico,
657 2876 776 2905 nomine
793 2877 913 2905 mulctas:
927 2874 1035 2916 [ἐπιξυ-

329 2920 391 2961 λῆν]
409 2931 462 2950 sex
480 2920 626 2950 minarum
646 2926 676 2948 et
690 2919 796 2948 decern
812 2920 1035 2954 drachmarum,

329 2963 378 2991 cui
408 2964 528 2993 mulctae
558 2973 656 2992 essem
683 2963 899 2992 condemnatus
927 2963 956 2990 in
983 2963 1036 2991 lite

327 3006 529 3047 ἀπεοσκλήτῳ,
545 3006 582 3036 ad
596 3016 684 3046 quam
699 3006 867 3036 obeundam
884 3006 921 3035 ab
934 3010 1036 3035 actore

1057 2496 1127 2519 ⁴tun]
1146 2489 1249 2518 fuisse.

1048 186 1373 228 ANNOTATA

1045 296 1171 334 ejusque
1188 294 1448 334 subscriptoribus
1461 304 1518 324 non
1533 294 1657 324 fuissem
1675 293 1750 324 cita-

1047 343 1104 372 tus,
1127 339 1283 373 agentibus
1298 345 1403 368 contra
1418 348 1465 367 me
1485 348 1524 367 ex
1546 348 1581 367 eo
1602 337 1701 371 titulo,
1717 335 1749 374 ἐξ

1045 379 1176 420 ἐμφανῶν
1197 381 1418 416 καταστάσεως,
1442 381 1522 429 quod
1546 380 1674 410 celarem
1700 389 1749 408 res

1048 424 1172 459 alienas,
1187 429 1236 453 aut
1253 425 1329 463 reip.
1346 430 1398 453 aut
1418 425 1505 453 etiarn
1524 423 1648 463 pupillis
1663 423 1750 452 debi-

1047 473 1114 504 tas·
1138 478 1211 505 quas
1235 468 1377 496 deberem
1403 477 1504 496 coram
1529 467 1636 497 sistere
1661 472 1751 504 atque

1047 495 1202 540 exhibere.

1089 571 1131 576 -—
1152 556 1182 583 5.
1205 554 1253 582 τὴν
1275 552 1360 593 δίκην]
1386 553 1414 582 id
1442 557 1500 588 est,
1524 554 1571 583 τὴν
1590 549 1751 581 καταδίκην.

1048 607 1115 626 cum
1134 607 1187 635 per
1203 597 1361 634 Lycidam,
1383 595 1562 633 cognomine
1580 595 1753 624 Molitorem

1048 641 1175 673 «lictum,
1192 640 1356 674 eli'ecisset,
1374 644 1405 669 ut
1420 640 1471 668 illa
1491 639 1561 668 milii
1583 638 1694 667 mulcta
1710 636 1751 665 ir-

1049 689 1215 721 rogaretur.
1249 683 1370 712 videtur
1394 682 1443 711 hie
1469 682 1597 720 Lycidas
1626 680 1751 715 arbiter,

1050 737 1102 755 seu
1116 726 1214 764 judex
1229 726 1397 763 pedaneus,
1414 725 1495 754 illius
1511 734 1611 754 causae
1627 723 1732 752 fuisse.

1092 785 1135 790 —
1160 770 1188 798 9.
1213 771 1266 797 τῶν
1292 767 1405 809 οἰκείων]
1437 773 1508 798 sunt
1533 768 1637 802 iidem,
1663 772 1754 803 atque

1050 812 1141 849 paulo
1158 816 1224 839 ante
1245 812 1480 848 commemorati,
1498 810 1650 844 Phormio,
1669 808 1754 838 Pasi-

1051 853 1125 888 cles,
1141 859 1170 882 et
1186 863 1287 882 eorum
1304 859 1470 883 consortes.

1093 913 1136 917 —
1153 899 1203 925 10.
1224 894 1393 936 ἐνδεικνύναι]
1417 895 1523 934 ἔνδειξις
1544 895 1621 925 enim
1638 898 1703 924 erat
1724 893 1753 923 in

1052 949 1116 974 eos,
1130 939 1182 977 qui
1197 949 1303 968 causas
1313 946 1447 978 agerent,
1461 950 1526 968 cum
1539 938 1666 968 nondum
1682 947 1756 966 aera-

1052 982 1097 1011 rio
1118 982 1358 1020 satisfecissent3
1382 982 1434 1021 qui
1458 982 1483 1011 si
1506 981 1757 1011 convincerentur

1052 1025 1140 1064 hujus
1157 1025 1291 1054 criminis
1308 1026 1361 1061 rei,
1377 1024 1525 1054 custodiae
1540 1024 1698 1054 dabantur.

1094 1085 1137 1090 --
1154 1070 1204 1096 12.
1222 1066 1289 1096 δέκα
1305 1068 1455 1109 δραχμῶν]
1473 1067 1562 1097 nimis
1579 1067 1693 1096 minuta
1712 1065 1756 1094 vi-

1053 1111 1142 1139 detur
1161 1111 1226 1139 haec
1246 1121 1314 1140 esse
1337 1121 1463 1148 summa,
1479 1116 1510 1140 et
1526 1111 1577 1140 vix
1599 1110 1700 1149 digna,
1717 1109 1756 1137 ob

1052 1163 1139 1191 quam
1153 1153 1221 1192 quis
1236 1154 1454 1184 condemnetur
1470 1160 1502 1183 ut
1514 1154 1649 1183 aerarius.
1665 1161 1758 1190 quare

1053 1197 1154 1226 malim
1179 1195 1243 1226 δέκα
1266 1199 1350 1236 μνῶν.
1373 1197 1541 1236 praesertim
1565 1207 1632 1226 cum
1657 1194 1759 1224 statim

1053 1244 1125 1278 post
1138 1240 1230 1275 dicat,
1254 1250 1289 1269 ea
1308 1239 1524 1279 supellectilia,
1545 1249 1612 1278 quae
1627 1237 1759 1268 Arethu-

1055 1282 1119 1311 sius
1137 1293 1154 1312 e
1168 1283 1258 1312 domo
1275 1293 1340 1318 sua,
1356 1283 1535 1322 Apollodori
1554 1287 1635 1322 puta,
1653 1281 1683 1310 vi
1703 1291 1758 1309 ex-

1056 1330 1220 1364 portasset,
1233 1326 1303 1365 plus
1317 1326 1426 1365 viginti
1438 1326 1525 1355 minis
1538 1325 1679 1359 valuisse,
1691 1325 1719 1353 b.
1731 1334 1759 1352 e.

1056 1369 1150 1407 duplo
1166 1369 1247 1407 plus.
1265 1379 1331 1398 nam
1343 1369 1423 1398 iuter
1437 1370 1541 1398 deceni
1559 1368 1718 1397 drachmas
1731 1370 1763 1395 et

1056 1411 1163 1449 viginti
1179 1412 1274 1441 minas
1290 1412 1453 1448 abnormis,
1469 1417 1500 1441 et
1515 1411 1603 1451 plane
1619 1411 1700 1440 nulla
1714 1414 1762 1439 est

1055 1455 1226 1493 proportio.

1098 1514 1141 1521 -—
1157 1500 1208 1528 14.
1229 1499 1384 1540 κλητῆρας]
1407 1504 1480 1538 post
1500 1498 1639 1538 κλητῖίςας
1656 1496 1765 1525 deesse

1057 1540 1177 1570 videtur
1193 1540 1314 1579 ψευδεῖς.

1099 1602 1141 1607 —
1160 1586 1211 1615 19.
1235 1584 1280 1614 τὸν
1303 1585 1507 1626 ὁμολογοῦντα]
1533 1584 1655 1614 videtur
1683 1581 1763 1611 enim

1057 1628 1135 1657 alter
1161 1628 1401 1666 subscriptorum
1426 1630 1474 1659 την
1497 1629 1595 1658 κλῆσιν
1619 1626 1764 1655 infitiatus

1058 1681 1136 1706 esse,
1152 1681 1204 1700 seu
1229 1681 1368 1710 negasse,
1383 1671 1531 1706 adfuisse,
1548 1681 1615 1700 cum
1635 1669 1763 1698 Arethu-

1059 1714 1122 1743 sius
1138 1714 1354 1753 Apollodorum
1376 1715 1405 1743 in
1416 1716 1469 1752 jus
1487 1719 1620 1748 vocaret,
1636 1713 1665 1741 id
1684 1711 1764 1750 quod

1058 1757 1170 1786 sactum
1188 1767 1257 1786 esse
1274 1757 1480 1796 Apollodorus
1498 1758 1636 1796 negabat.

1102 1817 1143 1822 -—-
1158 1803 1208 1830 20.
1234 1799 1304 1828 τόνδ’
1327 1799 1522 1840 Ἀξεθούσ-ιον]
1538 1798 1685 1829 sententia
1712 1807 1767 1836 po-

1061 1843 1152 1872 stulat
1167 1841 1233 1881 τῷδ’
1251 1842 1344 1881 [huia
1360 1848 1422 1878 aut,
1438 1844 1461 1872 si
1479 1843 1586 1878 mavis,
1604 1841 1765 1871 articulum

1060 1886 1117 1926 τῷ]
1134 1885 1312 1926 Ἀρεθουσίῳ.
1337 1890 1399 1921 aut,
1417 1886 1443 1915 si
1462 1888 1539 1916 bene
1555 1886 1645 1915 habet
1661 1883 1767 1922 vulga-

1063 1935 1102 1963 ta,
1130 1930 1217 1958 deest
1242 1929 1489 1969 ωροτεκαλούμην.
1542 1928 1765 1968 Apollodorum

1061 1977 1161 2001 autem
1178 1972 1342 2002 Arethusio
1352 1973 1408 2011 ipsi
1423 1974 1471 2003 τὴν
1485 1974 1535 2006 τῆς
1550 1969 1767 2008 ψευδοκλητείας

1062 2014 1133 2045 δίκην
1149 2015 1323 2045 intentasse.
1340 2019 1424 2055 patet
1440 2026 1456 2045 e
1474 2026 1505 2055 p.
1522 2017 1614 2046 1⁴:²52.
1631 2018 1661 2046 5.
1687 2015 1768 2043 Num

1062 2069 1134 2098 ergo
1150 2058 1210 2096 leg.
1227 2058 1273 2087 καὶ
1291 2058 1373 2088 αὐτὸν
1388 2057 1411 2088 δ’
1427 2057 1600 2099 Ἀρεθούσιον.
1618 2058 1696 2087 ibam
1715 2057 1767 2085 ad-

1063 2112 1170 2131 versus
1185 2101 1436 2152 subscriptorem,
1448 2108 1478 2132 et
1493 2102 1590 2141 ipsum
1605 2102 1681 2130 adeo
1695 2101 1770 2129 Are-

1062 2144 1205 2179 tliusiuin,
1223 2145 1252 2173 h.
1267 2156 1293 2174 e.
1304 2146 1373 2183 jure
1387 2155 1440 2174 eos
1456 2145 1672 2193 prosequebar.

1105 2205 1148 2210 -—
1175 2187 1248 2217 ibid.
1284 2200 1335 2222 της
1367 2178 1597 2227 ψευδοκλητείας]
1638 2184 1769 2216 subaudi

1064 2229 1150 2260 ἕνεκα.
1175 2240 1319 2260 accusans
1336 2241 1403 2260 eum
1425 2230 1509 2260 falsae
1525 2229 1771 2269 subscriptionis,

1064 2274 1153 2312 eique
1180 2279 1340 2312 propterea
1363 2274 1449 2303 litem
1476 2273 1675 2303 denuncians.
1707 2275 1773 2301 erat

1064 2323 1164 2346 autem
1181 2314 1395 2353 ψευδοκλητεία,
1418 2327 1486 2347 cum
1510 2317 1577 2356 quis
1600 2316 1706 2345 libello
1722 2325 1772 2344 ac-

1065 2359 1230 2389 cusationis
1261 2370 1346 2389 suum
1383 2370 1490 2390 nornen
1528 2359 1771 2397 subscripsisset,

1065 2404 1282 2442 professusque
1291 2408 1385 2438 esset,
1402 2414 1498 2439 reum,
1511 2403 1604 2442 quiin
1618 2403 1668 2441 jus
1681 2411 1773 2431 voca-

1066 2452 1113 2475 tus
1131 2456 1187 2475 nou
1204 2450 1296 2481 esset,
1312 2457 1328 2475 a
1343 2457 1375 2476 se
1393 2457 1450 2476 uua
1470 2457 1537 2476 oum
1560 2451 1663 2476 actore
1684 2453 1773 2474 voca-

1295 2489 1365 2526 Quo
1381 2490 1482 2526 fiebat,
1500 2493 1533 2519 ut
1549 2499 1627 2523 reus,
1651 2497 1719 2517 cum
1740 2486 1772 2515 in

1061 2532 1181 2571 judicio
1204 2542 1262 2561 non
1286 2538 1475 2571 compareret
1497 2533 1533 2562 ad
1551 2532 1630 2562 diem
1647 2531 1773 2565 dictam,

1067 2575 1181 2614 quippe
1212 2576 1263 2614 qui
1290 2576 1433 2611 nesciret,
1463 2576 1544 2605 diem
1572 2574 1630 2604 sibi
1659 2574 1772 2602 dictam

1066 2619 1174 2653 fuisse,
1190 2620 1388 2649 contumaciae
1402 2620 1607 2648 damnaretur.

1109 2679 1150 2683 —
1168 2664 1228 2691 21.>
1242 2660 1340 2703 ἐλθὼν]
1365 2662 1430 2692 scil.
1448 2661 1641 2691 Arethusius.

1111 2722 1152 2726 -—
1179 2705 1254 2733 ibid.
1286 2704 1324 2739 εἰς
1354 2704 1387 2734 τὸ
1413 2702 1526 2745 χωςίον]
1560 2704 1590 2732 in
1616 2702 1773 2742 praedium,

1069 2758 1168 2777 meum
1184 2753 1266 2785 puta.
1283 2759 1311 2777 v.
1329 2758 1359 2787 p.
1377 2750 1470 2778 10247.
1488 2748 1538 2776 16.

1111 2808 1153 2812 ψ
1177 2794 1227 2821 2²2.
1250 2790 1374 2829 γενναῖα]
1404 2789 1525 2819 correxi
1547 2787 1680 2827 γενναίων.
1703 2788 1776 2818 citat

1069 2834 1096 2863 h.
1115 2834 1133 2863 l.
1152 2834 1305 2872 Harpocr.
1317 2844 1344 2863 v.
1358 2830 1572 2872 ἐμβεζλημὲνα,
1586 2837 1614 2862 et
1633 2831 1773 2862 Eustath.

1070 2878 1107 2906 ad
1126 2876 1219 2905 Hom.
1237 2877 1352 2914 Odyss.
1367 2883 1400 2905 Α.
1415 2886 1444 2914 p.
1462 2877 1558 2906 1405.

1113 2937 1155 2942 -—
1168 2921 1220 2949 ⁶23.
1238 2917 1435 2959 περιστοίχων]
1452 2918 1575 2948 Citath
1588 2918 1608 2948 l.
1622 2918 1776 2956 Harpocr.

1072 2973 1099 2991 v.
1118 2961 1302 3002 πεςία-τοιχοι.
1325 2962 1400 2991 oleae
1423 2971 1472 2992 περ
1461 2959 1608 3003 ίστοιχοι,
1631 2960 1682 2991 vel
1698 2961 1778 2990 circa

1070 3015 1145 3044 quas
1172 3005 1303 3046 στοῖχος,
1335 3014 1454 3041 murus,
1478 3009 1561 3035 esset
1589 3005 1713 3040 ductus,
1730 3002 1779 3034 vel
