1931 3322
459 201 541 248 AD
574 196 943 242 ORATIONEM
976 197 1039 237 IN
1074 197 1362 238 NEAERAM.

168 307 250 348 fuit,
269 318 345 338 ream
361 308 512 337 absolvere.

223 368 266 374 —
280 353 331 381 27.
352 350 462 390 ἀποδῷ]
488 350 612 384 tribuat,
637 354 779 389 tanquam
803 348 890 377 dehi-

181 398 256 423 turn.
273 393 373 423 malim
388 398 486 422 tamen
502 391 717 430 iwaaffladdat,
731 392 806 421 dotis
822 391 890 420 loco.

178 443 266 475 pater
280 436 357 465 enim
375 436 464 465 filiam
483 434 585 470 ἐκδοὺς,
600 435 723 464 elocans
741 435 770 464 in
788 433 889 463 matri-

178 479 325 514 monium,
341 477 511 514 ἐπιδίδωσιν,
525 479 610 508 addit
624 478 651 507 ei
668 478 784 506 dotem.

216 538 259 543 --
275 531 345 560 pen.
369 521 569 562 ἀποφυγούσης
587 520 710 560 ταύτης]
738 521 818 549 idem
842 523 889 548 est

172 573 210 593 ac
238 564 265 594 si
290 565 444 595 dixisset:
471 563 484 593 ὃ
508 574 668 602 γενησεται,
690 562 736 592 ἐὰν
758 561 830 593 αὕτη
855 560 890 591 δι’

173 606 253 646 ὑμές
269 606 338 647 [aut
353 606 422 647 παρ’
435 607 518 648 ὑμῖν]
536 606 680 647 ἀποφύγῃ.

220 651 315 681 1384.
331 654 359 681 1.
379 650 540 690 πολιτίδων]
558 650 659 680 malim
677 650 810 679 πολιτῶν.
833 657 889 677 cnr

178 692 257 722 enim
273 700 380 724 matres
395 694 596 728 solummodo,
619 703 678 722 non
701 692 773 721 item
791 697 890 730 putres

173 743 459 772 commemorentur,
483 746 611 775 quorum
632 735 730 774 majus
756 734 788 764 in
807 736 888 774 ejus·

171 778 257 807 modi
270 790 302 809 re
320 785 502 810 momentum
519 779 583 809 est?

215 838 258 844 —-
271 826 304 854 4.
319 822 417 862 ἐξεῖναι
432 822 550 864 αὐταῖς]
567 821 666 852 videri
684 821 801 861 possint
816 820 887 850 red-

173 865 299 896 undare.

215 925 257 930 —
276 911 306 940 9.
329 910 378 940 τοῦ
391 909 450 950 μη]
478 909 609 939 subaudi
628 907 708 949 ὑπὲξ,
727 908 774 938 vel
794 907 886 949 χάριν.

172 950 297 982 videtur
312 959 412 982 tamen
429 953 530 991 potius
546 953 745 994 ἀντεχόμενος,
761 952 808 981 vel
824 951 885 980 tale

173 993 246 1033 quid
261 996 380 1026 deesse.

214 1055 258 1060 -
274 1042 327 1069 14.
344 1041 427 1078 μετὰ
442 1039 578 1080 πολλῶν]
595 1037 647 1078 qui
663 1039 721 1068 sint
739 1038 761 1068 οἱ
777 1036 886 1067 πολλοὶ

173 1078 270 1120 τςόποι
294 1082 374 1112 haud
391 1082 578 1120 intelligens,
595 1082 713 1117 dubito,
738 1081 817 1111 sitne
842 1080 887 1109 le-

174 1125 305 1161 gendum
322 1125 426 1165 potius
447 1127 530 1164 μετὰ
550 1127 662 1155 πολλῶν
681 1125 730 1154 καὶ
754 1125 886 1161 ἀσελγῶν

170 1165 330 1206 ἀνθρώπων,
351 1169 380 1198 in
401 1171 490 1198 turba
505 1169 657 1198 hominum
676 1173 707 1197 et
722 1168 884 1197 multorum

171 1214 204 1238 et
221 1211 433 1249 petulantium,
445 1222 482 1241 an
497 1212 603 1251 potius
618 1209 690 1250 μετ’
702 1211 884 1245 ἀκολάστων,

171 1258 224 1282 3ιιῑ
237 1256 320 1292 μετὰ
341 1255 467 1294 φαύλων,
481 1254 529 1284 καὶ
548 1255 678 1293 ἀσελγῶν
698 1253 817 1294 τρόπων.
846 1263 883 1282 au

169 1295 305 1335 denique
322 1308 390 1328 voc.
403 1298 512 1337 τρόπων
537 1308 596 1328 non
617 1308 717 1328 mores
738 1298 787 1328 hic
810 1296 883 1332 loci,

171 1340 225 1369 sed
243 1340 395 1382 σχήματα
416 1343 540 1382 πορνικιὶ,
560 1343 716 1381 posituras
738 1345 768 1370 et
790 1340 884 1379 gesti-

170 1383 340 1414 culationes
358 1390 465 1425 turpes
485 1390 576 1424 atque
595 1385 723 1414 infames
747 1383 884 1413 meretri-

170 1435 252 1462 cum,
264 1426 425 1466 significet.
441 1428 522 1467 quud
534 1433 719 1466 postremum
734 1427 760 1457 si
772 1428 885 1466 probe·

172 1473 234 1506 tur,
251 1476 330 1500 stare
347 1472 446 1510 possit
462 1471 595 1510 vulgata.

214 1530 259 1536 —--
272 1516 324 1544 22.
351 1514 399 1543 καὶ
425 1513 456 1544 τί
482 1513 730 1555 παραβεβήκασιν]
762 1513 886 1543 videtur

169 1560 272 1586 orator
288 1557 433 1588 dedisse:
457 1558 505 1587 καὶ
521 1557 550 1587 τί
565 1558 726 1588 ἀπειλοῦσι
743 1558 805 1590 τοῖς
826 1567 884 1586 πα-

169 1597 350 1639 ςαβεξηιιόσι.
366 1607 394 1630 ει
409 1601 480 1641 quid
501 1610 654 1639 poenarum
675 1601 750 1641 leges
768 1601 885 1629 commi-

170 1648 281 1672 nentur
306 1645 353 1680 iis,
377 1646 401 1675 si
426 1646 477 1684 qui
504 1648 647 1683 praecepta
671 1644 769 1684 legum
793 1643 885 1672 viola·

173 1687 277 1716 verint.

211 1745 256 1751 —·
272 1733 324 1761 25.
339 1730 390 1761 τήν
403 1741 436 1760 τε
448 1728 527 1771 ὄψιν]
545 1729 645 1760 malim
662 1730 712 1761 τὴν
726 1728 754 1759 δὲ
767 1727 840 1766 ὄψιν.

211 1790 259 1796 -
275 1775 330 1804 ult.
346 1773 523 1814 ἐκολάσατε]
541 1774 609 1804 scil.
626 1773 733 1804 mortis
749 1783 850 1812 poena.

215 1820 310 1849 1385.
329 1820 360 1847 1.
383 1817 432 1847 καὶ
453 1816 549 1857 ἄλλα]
575 1818 677 1848 malim
693 1817 739 1846 καὶ
759 1818 814 1857 γὰρ
829 1817 883 1846 ἆλ-

173 1864 213 1888 λι
228 1871 273 1891 τε.

215 1922 258 1927 -
271 1906 304 1934 2.
325 1902 416 1942 αὖα-ᾖ]
435 1901 557 1932 correxi
580 1901 665 1944 αὒλῇ.
688 1902 769 1942 quod
792 1912 885 1941 super

172 1945 254 1983 foco,
271 1946 322 1986 qui
339 1951 421 1976 esset
444 1946 474 1975 in
496 1945 566 1975 aula
585 1946 694 1975 domus
717 1945 813 1980 illius,
833 1945 885 1974 ubi

172 1988 283 2020 Neaera
299 1988 444 2019 Eleusine
459 1989 638 2024 habitasset,
650 1988 782 2019 Archias
796 1988 885 2017 victi-

172 2041 251 2064 mam
276 2032 474 2068 immolasset,
492 2042 561 2061 cum
587 2031 632 2061 sas
660 2041 719 2061 non
737 2037 832 2067 esset,
849 2041 885 2061 ea

171 2074 223 2106 die
240 2076 395 2107 victimam
420 2075 613 2110 animantem,
629 2075 684 2105 sed
709 2075 813 2114 fruges
837 2085 886 2104 so-

171 2118 338 2154 lummodo,
351 2118 508 2148 immolare
520 2130 528 2156 3
546 2124 576 2148 et
590 2123 739 2158 praeterea
752 2119 798 2147 sas
811 2128 884 2156 quo-

171 2173 231 2202 que
250 2173 309 2192 non
332 2167 427 2197 esset,
449 2167 483 2191 ut
504 2163 649 2191 sacerdos
675 2171 739 2191 mas
763 2161 815 2190 illa
835 2160 884 2191 die

171 2216 261 2236 sacra
275 2207 398 2240 faceret,
411 2205 465 2234 sed
484 2209 516 2234 ut
532 2205 676 2234 sacerdos
692 2204 825 2234 foemina.

213 2267 256 2272 —
271 2251 302 2280 4.
319 2247 431 2288 ἐκείνης]
447 2248 568 2278 correxi
584 2245 690 2278 ἐκείνου.
706 2248 788 2278 redit
803 2247 883 2278 enim

173 2293 211 2322 ad
230 2293 384 2323 Archiam.

214 2353 257 2359 —-
271 2337 322 2367 13.
333 2335 433 2376 τοῦτο]
449 2335 573 2364 correxi
587 2336 693 2364 τοῦτον.
723 2334 884 2374 Significa-

171 2383 222 2409 tur
239 2379 389 2414 Bacchus,
402 2379 491 2416 cnjus
503 2388 611 2408 numen
625 2377 756 2408 Archias
770 2378 885 2418 pariter

172 2427 263 2462 atque
280 2422 390 2452 Neaera
403 2421 602 2452 offenderant.
613 2421 678 2451 haec
694 2421 816 2460 quidem
835 2432 883 2455 eo,

171 2465 255 2504 quod
271 2465 361 2495 filiam
383 2464 447 2504 regi
463 2474 616 2495 sacrorum
633 2471 760 2504 nuptum
778 2464 881 2494 dedis-

173 2512 233 2544 set,
248 2518 308 2548 quo
324 2508 449 2543 factum,
466 2512 500 2537 ut
525 2507 576 2538 illa
602 2507 664 2538 fllia
687 2508 812 2538 Baccho
831 2508 885 2538 de-

1553 197 1635 239 289

927 303 1128 341 sponderetur
1150 314 1205 342 pro
1232 315 1347 342 uxore;
1371 304 1422 334 ille
1445 314 1530 339 vero,
1554 303 1633 343 quod

926 356 1013 375 sacra
1028 351 1139 383 praeter
1155 347 1199 376 fas
1215 358 1250 376 ea
1261 348 1311 377 die
1327 349 1463 384 fecisset,
1475 358 1542 386 quae
1556 348 1635 377 Bac-

925 389 983 417 cho
999 388 1201 417 communiter
1213 400 1280 418 cum
1298 391 1409 420 Cerere
1425 401 1511 420 sacra
1527 395 1620 420 esset.

966 448 1010 453 —-
1025 433 1076 461 19.
1092 430 1193 483 αὐτοῦ]
1209 431 1354 469 Stephani
1360 438 1456 483 sputa

966 490 1009 496 —-
1026 475 1077 504 27.
1104 474 1140 507 ὡς
1164 473 1192 503 οὐ
1216 484 1334 510 γυναικα
1360 475 1421 516 ἔχει
1445 476 1540 512 αἰτῆν,
1563 473 1634 505 ἀλλ’

924 515 1050 558 ἑταίραν]
1075 516 1209 555 objectio
1225 516 1290 545 haee
1307 521 1355 546 est
1369 519 1492 548 diversa
1514 519 1560 548 illi
1582 529 1634 548 su-

922 561 1037 599 periori
1054 570 1084 589 v.
1103 562 1156 590 19.
1166 569 1234 589 cum
1247 568 1308 598 qua
1323 560 1486 589 convenire
1501 562 1635 592 videtur.

923 613 991 633 nam
1026 603 1068 632 ibi
1099 603 1272 642 Stephanus
1304 601 1426 640 fingitur
1456 602 1511 631 hac
1548 609 1635 634 utens

922 647 1133 682 excusatione,
1157 657 1189 676 se
1212 647 1353 675 Neaeram
1379 655 1436 674 non
1459 655 1516 684 pro
1536 656 1634 682 uxore,

923 690 977 719 sed
988 700 1043 729 pro
1055 689 1167 729 pellice,
1180 688 1330 729 παλλακῇ,
1342 689 1463 718 habere.
1476 688 1525 717 hic
1536 694 1635 719 autem

921 733 1076 763 inducitur
1092 734 1264 772 Stephanus
1286 732 1316 761 in
1337 731 1414 761 hanc
1438 731 1584 761 latebram
1601 742 1634 761 se
1670 767 1673 771 ,

922 777 1090 815 recipiens,
1107 777 1247 806 Neaeram
1258 774 1318 805 sibi
1333 785 1390 804 non
1407 785 1464 814 pro
1473 775 1634 810 uxore,sed

921 829 977 859 pro
995 818 1100 860 ἑταίρᾳ,
1114 821 1200 855 sacia,
1215 829 1295 849 esse.
1328 819 1564 848 Demonstratur
1579 818 1636 848 ita-

922 874 981 903 que
996 864 1172 898 discrimen,
1190 864 1272 902 quod
1287 861 1366 891 inter
1386 871 1516 891 uxorem
1533 861 1635 901 legiti-

921 917 1010 942 mam,
1028 911 1059 936 et
1077 907 1121 936 sic
1141 907 1254 936 dictam
1275 908 1438 941 παλλακὴν,
1462 910 1493 935 et
1512 906 1635 935 tandem

921 950 999 980 inter
1013 948 1127 990 ἑταίραν
1142 960 1196 980 seu
1213 948 1418 984 meretricem,
1431 948 1605 978 intercedit.

965 995 1060 1024 1386.
1075 997 1102 1023 1.
1118 993 1205 1023 αὐτοῦ
1219 994 1269 1022 τοῦ
1285 991 1382 1032 λόγου]
1399 992 1429 1022 id
1444 996 1503 1028 est,
1517 1001 1636 1022 excusa-

921 1037 1016 1072 nonis,
1039 1048 1098 1077 qua
1123 1038 1193 1075 ipse,
1217 1036 1388 1075 Stephanus
1414 1039 1500 1075 puta,
1525 1035 1635 1065 utitur.

919 1085 1022 1119 potest
1046 1080 1149 1119 itaque
1173 1079 1257 1109 ferri.
1281 1078 1384 1108 malim
1411 1083 1509 1108 tamen
1532 1077 1635 1108 τούτου

920 1124 971 1152 τοῦ
986 1122 1080 1161 λόγου,
1094 1133 1151 1162 pro
1166 1124 1215 1153 τὴν
1230 1122 1316 1152 αὐτοῦ
1330 1120 1466 1152 ἀναίδειαν
1475 1122 1525 1152 τοῦ
1540 1121 1636 1160 λόγου,

919 1165 952 1195 id
968 1172 1027 1202 est,
1043 1165 1069 1196 ἐν
1083 1165 1127 1205 τῷ
1140 1165 1225 1204 λόγῳ.

962 1227 1004 1231 ——
1023 1213 1052 1240 2.
1067 1208 1238 1251 ἀπολογίας]
1252 1212 1321 1248 post
1338 1207 1495 1247 ἀπολογίας
1511 1208 1635 1238 videtur

919 1251 1021 1283 τούτου
1036 1263 1070 1283 τε
1085 1253 1203 1283 deesse.

961 1314 1004 1319 —
1023 1300 1074 1327 11.
1096 1295 1271 1338 Στξυβήλην]
1301 1295 1363 1326 vid.
1383 1295 1422 1325 ad
1443 1305 1475 1335 p.
1492 1296 1588 1326 1362.
1603 1296 1635 1325 6.

920 1340 1013 1369 dicta.

962 1400 1006 1406 —
1023 1385 1073 1413 16.
1102 1382 1151 1413 καὶ
1174 1385 1216 1422 μὴ
1234 1380 1346 1412 εἰσιέναι
1373 1382 1423 1412 τὴν
1442 1383 1549 1421 γραφὴν
1563 1380 1635 1430 ταύ-

919 1426 983 1466 την]
1002 1426 1124 1456 videtur
1140 1427 1200 1465 leg.
1221 1436 1309 1456 esse:
1332 1436 1379 1455 και
1401 1426 1443 1464 μὴ
1459 1423 1506 1464 ὲᾷν
1521 1422 1635 1454 εἰσιέναι

919 1471 969 1500 τὴν
984 1481 1028 1510 γρ.
1049 1481 1080 1498 τ.
1096 1474 1167 1499 aut:
1187 1480 1234 1498 και
1249 1470 1292 1508 μῆ
1315 1468 1428 1498 εἰσιέναι
1447 1468 1531 1508 [scil.
1552 1466 1637 1501 αὐτὸς

920 1511 976 1550 ἐγὼ
996 1512 1034 1547 εἷς
1053 1511 1086 1542 τὸ
1101 1512 1290 1553 δικαστηςιον]
1314 1511 1498 1551 γραψάμενος
1517 1513 1566 1542 τήν
1590 1521 1634 1550 γς.

920 1567 951 1585 τ.
969 1562 1020 1585 aut
1033 1557 1152 1586 tandem
1167 1568 1173 1585 :
1199 1555 1246 1585 καὶ
1262 1557 1304 1594 μῆ
1323 1555 1443 1592 εἰσάγειν
1458 1556 1506 1584 τήν
1521 1566 1565 1594 γς.
1580 1565 1612 1583 τ.

965 1602 1059 1630 1387.
1083 1601 1114 1630 5.
1139 1599 1306 1639 Αἰγιαλεὺς]
1336 1598 1407 1627 libri
1430 1597 1491 1627 mei
1519 1598 1548 1627 in
1577 1596 1635 1626 hac

919 1642 1050 1672 lectione
1061 1642 1267 1677 consentiunt,
1281 1641 1335 1671 sed
1351 1642 1412 1680 leg.
1426 1645 1473 1670 est
1483 1639 1636 1679 Αἰγιλιεύς.

919 1697 949 1716 v.
962 1686 1088 1725 ’13]1οτ.

960 1747 1004 1752 —
1018 1732 1068 1760 18.
1085 1731 1164 1769 arag&
1180 1727 1328 1782 Στεφάνῳ]
1345 1726 1486 1767 superior
1501 1726 1588 1756 locus
1602 1735 1635 1765 p.

919 1774 1015 1803 1386.
1029 1774 1058 1802 8.
1075 1772 1208 1802 addebat
1220 1768 1302 1802 ουσα.
1314 1776 1419 1810 potest
1429 1770 1549 1800 abesse.
1560 1770 1635 1799 rnal-

918 1816 978 1846 lem
996 1822 1095 1846 tamen
1112 1816 1205 1845 etiam
1220 1816 1270 1844 hic
1287 1815 1408 1844 adesse.

962 1877 1004 1881 —
1020 1861 1072 1889 20.
1096 1858 1139 1888 ὅτι
1154 1858 1186 1888 ἐκ.
1201 1858 1342 1897 Στεφανου
1363 1857 1435 1897 εἶσὶ]
1461 1856 1636 1897 negativam

918 1904 961 1941 μὴ
977 1902 1064 1932 addit
1087 1902 1117 1931 in
1137 1902 1273 1931 editione
1297 1911 1352 1930 sua
1367 1900 1511 1936 Wolfius,
1526 1899 1637 1939 praeci-

919 1945 1047 1984 pitantia
1061 1944 1182 1974 consilii
1196 1948 1293 1973 actus.
1306 1944 1384 1972 bene
1396 1943 1487 1972 habet
1501 1943 1635 1982 vulgata.

920 1999 977 2018 non
995 1989 1072 2017 enim
1090 1989 1222 2027 negabat
1244 1986 1451 2025 Apollodorus
1474 1986 1544 2015 illos
1565 1986 1636 2015 Ste-

919 2031 1012 2071 phani
1034 2031 1149 2061 liberos
1171 2039 1253 2065 esse,
1271 2030 1325 2059 sed
1343 2029 1473 2067 negabat
1495 2039 1550 2058 eos
1567 2030 1635 2059 Ste-

919 2076 1049 2113 phanum
1071 2084 1087 2103 e
1105 2074 1241 2110 foemina,
1254 2082 1322 2112 quae
1338 2073 1418 2102 civis
1435 2072 1634 2102 Atheniensis

920 2123 1016 2154 esset,
1045 2117 1245 2156 suscepisse3
1277 2126 1385 2145 verum
1412 2115 1513 2145 aiebat
1539 2126 1592 2146 eos
1616 2125 1634 2145 e

919 2163 1030 2192 Neaera
1060 2161 1205 2200 quaesitos
1229 2169 1310 2195 esse,
1340 2163 1372 2189 et
1395 2158 1536 2188 Neaeram
1562 2159 1633 2189 illos

913 2207 976 2244 jam
1002 2203 1163 2245 peperisse
1180 2209 1256 2238 tum,
1273 2212 1342 2232 cum
1368 2202 1542 2241 Stephanus
1567 2213 1632 2233 eam

919 2249 1053 2279 Athenas
1071 2247 1255 2277 traduceret.

960 2310 1002 2315 —
1018 2291 1073 2321 ult.
1100 2290 1238 2320 ἀποτίνειν
1257 2287 1301 2319 ἔτι
1321 2286 1514 2328 emesenam]
1533 2287 1636 2318 malim

917 2335 1056 2366 ἀποτίνειν
1071 2332 1143 2364 καθ’
1157 2332 1182 2368 δ’,
1196 2345 1225 2363 τι
1240 2332 1333 2365 Βλαβ.

962 2381 1056 2410 1388.
1080 2381 1110 2409 2.
1135 2375 1289 2416 ἠθέλησαν]
1313 2379 1416 2414 potest.
1437 2373 1522 2404 ferri.
1566 2375 1635 2404 Ste-

917 2423 1037 2462 phanus
1050 2425 1137 2461 puta,
1160 2426 1191 2450 et
1214 2420 1335 2454 Neaera,
1351 2423 1382 2448 et
1397 2422 1555 2448 consortes
1569 2418 1632 2447 dis·

918 2466 1066 2495 criminis.
1083 2463 1243 2504 praeferam
1267 2468 1366 2492 tamen
1391 2460 1527 2496 ἦθελησε,
1551 2461 1633 2500 quod

918 2519 1024 2549 margo
1039 2509 1142 2538 Lutet.
1158 2508 1222 2538 dat.
1237 2516 1268 2535 v.
1284 2516 1317 2545 p.
1334 2506 1428 2535 1387.
1444 2506 1473 2535 8.

817 2811 989 2832 ΙΙ

219 3071 297 3092 VOI..
312 3073 344 3093 V·
