1931 3322
361 165 446 207 AD
479 164 848 207 ORATIONEM
883 165 947 207 IN
980 167 1436 212 PANTAENETUM.

219 289 262 296 ·—
274 275 305 304 9.
325 272 439 312 ταῦτα]
455 272 585 302 subaudi
600 270 620 300 ἃ
635 271 721 306 αὐτός
731 279 812 311 φησι.

219 333 262 339 --
279 318 330 346 10.
353 313 437 356 αὐτὸ]
455 315 576 345 correxi
601 314 691 355 αὐτῷ.
735 315 766 345 Si
786 326 800 345 e
815 317 889 346 servi

176 360 327 388 tormentis
360 359 482 397 subjecti
517 360 698 397 responsione
725 361 886 389 constiterit

175 412 243 432 vera
265 411 331 436 esse,
345 411 409 440 quae
426 402 494 440 ipse,
520 401 719 438 Pantaenetus,
735 403 808 437 aiat,
823 408 885 432 tum

174 455 220 474 me
232 444 331 474 debere
350 445 404 483 ipsi
422 445 564 474 mulctam
579 456 597 474 a
615 445 725 485 legibus
743 446 886 475 constitu-

174 493 247 524 tam,
260 498 347 527 qnam
364 488 618 527 lenirejudicffius
629 497 686 517 non
701 487 797 517 liceat.

216 547 259 553 —
276 533 328 560 18.
352 530 400 559 καὶ
422 532 505 570 μετὰ
529 531 641 571 ταῦτα]
666 531 714 560 καὶ
739 541 823 561 more
847 531 884 561 ad

171 573 337 604 Hebraeam
350 573 533 604 locutionem
545 575 708 603 accedente
716 574 766 603 hic
774 575 885 604 redun-

170 616 236 647 dat.
259 627 328 646 nam
342 617 396 646 illa
408 617 507 647 omnia
523 616 577 657 οὐχ
590 617 626 650 ὡς
636 615 737 647 δίκαιον
751 615 776 647 ὃν
788 628 817 647 v.
832 621 883 648 14.

169 659 207 690 ad
232 661 400 701 συνεχώρουν
420 670 477 699 per
501 660 697 699 parenthesin
724 661 885 702 interjecta

169 708 249 734 suunt.
273 704 340 742 pari
355 704 445 733 modo
459 704 555 733 verba
572 714 601 733 v.
619 705 670 733 24.
695 703 740 734 διὰ
764 705 818 744 γᾶς
837 704 884 734 τᾶν

169 745 280 786 θόςυβον
290 747 327 776 ad
340 745 518 787 ἐποιησάμην
531 747 652 776 τοιοῦτον
664 758 694 776 v.
703 757 774 787 pen.
787 748 882 788 signis

166 790 386 830 parentheseos
401 797 472 820 sunt
485 789 678 820 includenda.

212 851 257 856 —
270 834 347 864 ibid.
370 831 558 873 πξοκαλεῒταί
576 844 616 871 με
635 835 684 863 τὴν
705 831 791 875 δίκην]
813 845 880 864 cor-

167 877 237 907 rexi
260 878 467 917 πςοσκαλεῖται
490 876 546 917 μέν
566 887 608 917 με
628 879 678 908 τῆν
691 875 772 908 δίκην.
817 879 879 908 Sed

165 930 206 950 ne
220 920 266 950 sic
279 920 402 960 quidem
419 925 598 960 persanatus
619 925 666 949 est
686 920 784 951 locus.
807 922 879 951 addi

165 963 265 993 adhuc
281 964 374 994 debet
389 962 465 1004 vti-364,
481 970 515 994 ut
535 963 577 993 sit
600 965 808 1004 προσ-καλεῖται
826 963 880 1003 μέν

166 1016 207 1046 με
228 1006 294 1046 orgi:
313 1008 364 1038 τὴν
381 1005 463 1037 δίκην.
495 1007 618 1037 advocat
638 1008 752 1046 quidem
775 1018 820 1037 me
839 1009 879 1038 ad

155 1051 325 1089 judicium.
347 1050 418 1080 huic
432 1049 488 1090 μὲν
502 1050 670 1089 respondet
686 1050 713 1080 δὲ
728 1061 756 1080 v,
771 1053 824 1081 21.

207 1095 317 1124 -ΞΟ,
339 1092 602 1134 παρακαταβολὰς]
623 1093 706 1123 Citat
726 1093 806 1123 hunc
831 1094 876 1124 lo-

163 1146 234 1166 cum
250 1137 437 1176 Harpocrat.
460 1136 515 1166 bac
530 1146 618 1166 voce.

166 1200 169 1202 -
205 1195 250 1202 —-
266 1181 318 1209 94.
341 1178 432 1219 δόξαι]
450 1179 520 1209 scil.
534 1178 636 1215 nobis,
653 1179 727 1209 mihi
744 1184 828 1219 puta,
845 1185 876 1210 et

159 1221 226 1262 ipsi
252 1222 444 1258 Pantaeneto‚
479 1226 509 1252 et
542 1221 693 1262 imprimis
726 1223 874 1263 magistro

157 1265 360 1305 quaesitiouis‚
375 1265 527 1296 Mnesieli.

200 1326 244 1331 —
260 1310 312 1339 25.
331 1306 376 1350 ἦν]
393 1309 482 1347 hujus
496 1309 567 1339 loco
582 1308 686 1338 malim
703 1307 768 1348 μέν.

162 1370 165 1373 -
201 1370 245 1375 —
263 1352 342 1382 ibid.
364 1353 487 1382 τοιοῦτον
503 1350 547 1393 ἦν]
575 1352 621 1382 sio
644 1352 707 1391 leg.
730 1351 872 1382 arbitror.

156 1394 230 1426 οῦδὲν
249 1397 371 1426 τοιοῦτον
383 1393 424 1427 ἦν.
437 1400 470 1425 et
484 1396 586 1425 statim
602 1400 674 1434 post
692 1406 719 1424 v.
738 1397 790 1425 27.
813 1395 871 1426 οἰδέ

157 1437 217 1468 οὔτ’
234 1439 411 1480 ἀντίγραφον.
435 1438 681 1478 tale‘quicquam
705 1439 781 1468 nihil
805 1443 870 1468 tum

157 1481 260 1517 fiebat,
278 1493 346 1521 quae
359 1493 400 1512 ex
412 1482 473 1512 ritu
486 1482 565 1521 juris
581 1482 611 1511 in
627 1482 779 1521 ejusmodi
795 1486 871 1512 tem-

157 1535 232 1564 pore
250 1525 334 1555 soliti
350 1525 416 1555 fieri
435 1526 482 1555 sas
503 1531 563 1561 est,
585 1535 643 1555 non
668 1526 870 1556 audiebantur

154 1568 217 1598 illae
232 1569 373 1598 solennes
387 1569 525 1598 formulae
541 1566 741 1608 προκαλοῦμαί
761 1579 794 1598 σε
810 1574 869 1599 etc.

155 1612 245 1642 etiam
263 1622 318 1651 pro
333 1611 512 1651 ἐποιησάμην
523 1612 624 1642 malim
641 1610 826 1652 ἐποιήσαμεν.

197 1673 242 1678 —
258 1655 312 1685 ult.
336 1654 433 1691 οὕτως,
452 1655 547 1696 ὥσπερ
567 1653 658 1694 λέγω]
683 1655 749 1685 scil.
770 1666 799 1686 v.
816 1658 869 1686 26.

153 1698 286 1728 dixerat.

160 1771 163 1775 ,
196 1744 272 1773 979.
296 1745 329 1772 4.
360 1740 562 1781 πλεονέκτημα
589 1741 866 1783 καταπεπλῐῖχθαι]

152 1785 259 1815 addidi
274 1784 308 1815 τὸ
329 1796 368 1815 ex
385 1786 566 1824 Augustano
586 1789 656 1814 ante
679 1790 866 1824 postremam

153 1838 273 1858 vocem.
318 1829 380 1858 Sed
410 1829 485 1858 satis
510 1828 568 1858 hoc
596 1838 656 1858 non
683 1834 742 1858 est.
775 1829 868 1859 debet

153 1871 266 1906 adhuc,
287 1871 319 1901 id
335 1872 416 1911 quod
433 1871 524 1902 etiam
542 1871 754 1907 Wolfsensst,
770 1872 799 1901 οὐ
815 1877 867 1902 aut

151 1916 194 1955 μὴ
210 1915 294 1950 addi,
306 1919 340 1945 ut
356 1915 396 1945 sit
411 1913 613 1954 πλεονέκτημα
628 1914 662 1944 τὸ
677 1916 719 1954 μὴ
734 1926 867 1946 καταπε-

153 1957 303 1999 πλῆχθαι.
318 1963 430 1998 quanta
442 1959 477 1988 sit
492 1959 699 1997 praerogativa,
712 1963 763 1987 aut
775 1969 866 1998 quan-

151 2008 214 2030 tum
225 2006 352 2040 prestet,
367 2012 453 2041 quarn
466 2001 608 2040 expediat,
622 2011 681 2030 non
693 2001 866 2040 perculsum

151 2048 179 2073 te
191 2054 255 2074 esse.
279 2045 337 2074 hoc
349 2049 408 2080 est,
419 2054 477 2074 non
489 2054 636 2074 exercere
648 2049 794 2082 quaestum
809 2055 865 2083 pn-

150 2088 297 2123 dendum,
309 2088 450 2117 infamem
468 2092 498 2117 et
510 2087 708 2121 invidiosum,
721 2088 865 2127 (foenera-

149 2136 234 2161 tores
255 2131 348 2167 enim,
367 2130 541 2170 cujusmodi
557 2131 678 2160 videtur
702 2131 752 2160 hic
768 2131 864 2161 Nico-

148 2175 240 2204 bulus
253 2173 363 2210 fuisse,
379 2184 477 2213 genus
491 2178 577 2203 eraut
589 2173 717 2204 Athenis
731 2179 864 2204 contem-

148 2218 183 2254 ti,
209 2217 310 2253 exosi,
338 2216 562 2256 exsecrabiles)
587 2227 644 2247 non
673 2217 805 2257 prodere
833 2218 862 2248 in

147 2261 286 2291 moribus
310 2260 504 2290 timiditatem
529 2265 561 2290 et
581 2261 731 2300 pudorem
754 2260 863 2291 intern-

147 2304 305 2343 pestivum
321 2309 422 2334 notam
439 2304 636 2334 conscientiae
650 2303 807 2334 interioris
824 2305 863 2334 de

146 2347 225 2377 vitio
240 2347 342 2386 aliquo
354 2353 406 2377 aut
422 2347 539 2377 macula
553 2347 612 2377 sibi
624 2347 863 2378 adhaerescente.

147 2391 402 2430 quemadmodum
412 2390 551 2421 homines
562 2392 695 2420 obscuro
709 2391 776 2420 loco
788 2391 861 2426 nati,

148 2439 201 2464 aut
216 2434 360 2463 humilem
375 2434 524 2472 quandam
548 2440 643 2464 artem
667 2440 862 2470 exercentes,

146 2481 199 2507 aut
214 2477 343 2516 alicujus
358 2477 519 2507 dedecoris
540 2477 600 2507 sibi
623 2477 740 2507 conscii
762 2478 862 2508 solent

146 2530 216 2550 esse
231 2520 322 2550 animi
339 2519 466 2558 dejecti,
482 2520 663 2558 pudibundi.
675 2520 861 2551 meticulosi.

188 2581 232 2586 —
242 2564 273 2594 5.
289 2563 338 2593 τὸν
349 2563 420 2604 Βίον]
433 2563 533 2593 malim
548 2563 592 2594 διὰ
606 2563 653 2593 τὸν
663 2562 729 2596 Βίαν.
745 2570 863 2603 propter

145 2607 225 2643 vita,
241 2607 316 2647 quod
330 2607 469 2647 εεᾳιιανὶε,
487 2616 593 2647 genus.
618 2611 649 2637 et
664 2607 710 2636 sio
726 2606 800 2637 dedi
821 2608 860 2637 de

144 2660 225 2680 men.

185 2695 291 2723 -10.
309 2691 480 2734 παξεδὶδουν]
493 2692 555 2722 imo
568 2702 641 2722 vero
650 2691 679 2722 οὗ
695 2691 862 2733 παξεδίδουν.

185 2755 230 2759 -
243 2736 322 2766 ibid.
344 2735 411 2775 λέγε
427 2739 476 2767 τὴν
488 2736 655 2776 πρόκλησιν]
677 2736 777 2765 malim
795 2735 861 2774 λέγε

141 2781 192 2811 τὴν
205 2778 431 2819 ἀντιπξόκλησιν.
445 2778 691 2820 Ἀντιπςόκλησις.
717 2779 784 2814 Quo
795 2790 862 2809 con-

142 2827 208 2859 stet,
223 2832 267 2852 me
282 2828 414 2853 coactum
426 2823 462 2853 ab
480 2823 527 2857 iis,
543 2833 603 2863 (ματ
617 2823 690 2862 juri
710 2823 861 2852 contraria

139 2867 280 2904 putabam
297 2875 363 2900 esse,
372 2867 569 2905 provocationi
587 2865 753 2896 Pantaeneti
768 2865 861 2895 aliam

139 2909 372 2948 provocationem
399 2919 491 2940 meam
518 2918 668 2948 opponere,
694 2914 720 2939 et
746 2918 861 2939 servum

143 2960 240 2981 meum
257 2961 300 2982 me
313 2961 456 2983 recusasse
470 2953 617 2983 tormentis
632 2952 757 2988 tradere,
774 2962 863 2993 eaque

143 3004 188 3024 me
209 2995 308 3025 omnia
326 3005 395 3027 vera
408 2994 571 3036 affirmare,
587 2998 679 3028 recita
698 3001 743 3033 tu,
756 2996 862 3033 scriba,

1554 171 1638 212 219

921 275 1265 311 coneraprowcationem,
1285 286 1334 306 seu
1349 277 1638 315 corrtrasponsionem.

924 315 1153 355 Contrasponsio.
1194 318 1365 349 Nicobnlns
1382 320 1501 355 videns,
1516 321 1637 350 Pantae-

921 363 1023 388 netum
1043 370 1110 388 sese
1127 359 1267 398 ingerere
1283 367 1313 390 et
1336 363 1502 393 obtrudere
1524 364 1634 402 quaesi-

922 401 997 431 tioni
1011 402 1092 432 servi
1110 413 1165 441 per
1181 408 1341 438 tormenta,
1356 412 1462 436 contra
1477 416 1565 443 quam
1582 417 1633 446 pa-

920 449 1002 474 ctum
1026 450 1112 474 antea
1134 446 1258 482 fuisset,
1273 455 1308 476 ut
1331 457 1440 486 nempe
1465 449 1632 479 Mnesicles

919 488 1093 527 quaesitioni
1118 494 1278 528 praeesset,
1301 499 1420 519 manum
1446 502 1541 530 puero
1564 492 1633 531 inji-

919 532 1031 567 ciebat,
1046 542 1175 570 eumque
1189 542 1204 561 a
1219 532 1380 561 tormentis
1394 534 1577 564 vindicabat.

961 592 1003 597 ——
1019 576 1071 604 19.
1088 575 1199 615 ταῦτα]
1217 574 1422 612 conditiones,
1436 587 1511 616 quas
1526 589 1584 617 ego
1602 579 1629 608 io

918 628 987 647 mea
1001 618 1269 657 contrasponsione
1285 619 1478 649 obtulissem.

960 679 1004 684 —
1020 663 1070 692 15.
1093 661 1164 701 φησὶ
1178 661 1225 691 καὶ
1240 663 1282 702 τιῖι
1295 660 1381 702 δεινὰ]
1395 668 1447 692 aut
1463 663 1628 694 delendum

916 709 965 734 est
987 704 1047 738 καὶ,
1062 710 1168 734 anteo
1189 713 1322 740 servato,
1337 715 1462 735 neeesse
1487 711 1534 735 est
1559 713 1631 745 post

916 748 987 787 φησὶ
1003 748 1116 787 aliquid
1134 748 1253 778 deesse.
1265 758 1292 778 e.
1304 758 1331 777 c.
1347 748 1630 788 πςοπεπηλακίσθαι.
1661 751 1665 755 ”

958 809 1001 814 --
1011 794 1060 822 18.
1076 790 1213 832 ἐγκαλεῖ]
1224 796 1293 830 post
1305 789 1554 830 ἔγκαλεῖνίᾱεῑυτ
1567 791 1630 831 ἐμοὶ

915 835 1001 864 τοῦτό
1015 845 1058 872 γε,
1072 840 1121 864 aut
1135 836 1234 864 saltim
1247 833 1311 874 ἐμοὶ
1323 836 1444 865 deesse.

958 896 999 901 —-
1015 881 1066 909 23.
1090 880 1146 912 τὰς
1161 879 1253 912 αὐτὰς
1267 877 1425 917 ἀπολογίας
1439 878 1538 920 οὔσας]
1556 880 1628 909 mihi

914 922 970 951 hac
994 922 1023 952 in
1045 932 1113 952 mea
1137 932 1230 952 causa
1252 922 1376 952 easdem
1403 932 1472 952 esse
1498 933 1629 953 excusa·

914 965 1023 1000 tiones,
1048 976 1122 1004 quas
1148 966 1292 1005 Evergus
1312 970 1375 996 tum
1401 965 1431 995 in
1457 976 1512 995 sua
1534 977 1627 997 causa

912 1018 968 1048 pro
985 1019 1018 1038 se
1034 1008 1136 1046 potnit
1151 1009 1292 1044 allegare.

955 1070 998 1074 —-
1010 1051 1065 1081 ult.
1081 1051 1148 1091 πρὸς
1160 1050 1193 1081 τό
1208 1051 1399 1094 δικαστῆςιον]
1417 1052 1548 1082 subaudi
1562 1064 1626 1083 του·

910 1092 941 1124 τὶ
967 1094 1001 1125 *ro*
1025 1094 1215 1134 μεταλλικὸν,
1242 1105 1343 1124 coram
1369 1106 1430 1135 quo
1458 1106 1534 1125 nunc
1559 1096 1625 1125 lraec

910 1147 1001 1168 causa
1017 1138 1127 1176 agitur.
1151 1144 1181 1168 et
1206 1138 1251 1167 sic
1267 1149 1386 1178 quoque
1407 1150 1438 1179 p.
1457 1141 1529 1169 930.
1545 1142 1576 1169 6.
1599 1138 1626 1169 ἐν

909 1179 937 1210 δὲ
954 1181 998 1220 τῷ
1012 1180 1277 1221 δικαστηξῖῳιεοίἰ.
1294 1182 1338 1220 τῷ
1349 1182 1535 1221 μεταλλικῷ.

953 1226 1026 1255 980.
1044 1227 1074 1255 8.
1097 1224 1261 1264 πςοειδότα]
1287 1226 1415 1255 subaudi
1438 1225 1484 1254 τᾶν
1505 1224 1626 1266 Εὖεργὸν.

950 1285 993 1290 --
1011 1271 1061 1297 11.
1085 1268 1157 1297 οὐδὲν
1171 1268 1301 1309 ἤλπιζεν]
1324 1269 1445 1298 correxi
1461 1268 1515 1298 οὐδ’
1528 1269 1561 1299 ἂν
1574 1268 1623 1299 ἤλ-

907 1321 999 1340 πισεν.
1022 1311 1104 1340 idern
1122 1316 1170 1340 est
1186 1322 1222 1341 ac
1234 1313 1260 1341 si
1278 1311 1429 1341 dixisset:
1452 1311 1583 1352 χαλεπέν
1594 1309 1625 1343 ’ἦν

907 1356 1086 1395 παξαχρῑμα
1105 1354 1319 1384 ἀπολύσασθαι
1340 1357 1390 1385 τὴν
1410 1354 1541 1387 διαβολὴν
1561 1355 1623 1394 ‘neg-2

905 1397 1023 1433 τούτων,
1038 1398 1057 1426 ἃ
1071 1397 1129 1427 οἰδὲ
1150 1397 1257 1428 ἤλπισε
1280 1397 1566 1438 κατηγορηθήσεσθαι
1591 1398 1624 1427 ἂν

904 1440 1000 1470 αὑτοῦ.
1022 1439 1142 1481 ἀξίῖἱεὶίε
1151 1447 1214 1471 erat
1226 1443 1324 1471 statim
1335 1451 1349 1471 e
1363 1443 1478 1482 vestigio
1489 1451 1622 1482 purgare

903 1487 932 1512 et
954 1485 1069 1514 diluere
1089 1490 1204 1524 atquea
1228 1494 1255 1514 se
1278 1485 1418 1524 depellere
1440 1485 1621 1515 calumniam

902 1535 988 1564 super
999 1528 1231 1566 crimine,c14jus
1244 1537 1271 1557 se
1285 1528 1489 1558 insimulatum
1503 1529 1552 1561 iri,
1567 1533 1621 1558 aut

892 1568 965 1609 fin-e
980 1581 1161 1611 quemquam,
1174 1572 1223 1610 qui
1237 1581 1265 1600 se
1280 1571 1343 1609 (ejus
1356 1581 1437 1601 reum
1453 1577 1567 1612 ageret,
1584 1583 1620 1601 ne

901 1615 1063 1652 suspicatus
1075 1613 1315 1654 qnidemsuerat.

944 1675 987 1679 —
1000 1660 1052 1687 15.
1075 1658 1123 1687 τὴν
1140 1656 1231 1696 ψῆφον
1250 1656 1340 1699 εἶχον]
1363 1661 1467 1696 potest
1487 1657 1571 1694 ferri,
1593 1658 1618 1687 si

902 1699 968 1729 haec
985 1700 1026 1730 sit
1042 1701 1211 1730 sententia:
1235 1700 1281 1730 ira
1298 1706 1329 1730 et
1349 1701 1521 1740 indignatio
1533 1701 1618 1740 judi-

902 1753 969 1772 cum
985 1744 1023 1773 ab
1044 1744 1135 1782 hujus
1149 1744 1311 1774 calumniis
1326 1744 1528 1783 deceptorum
1546 1754 1618 1774 con-

901 1786 1063 1817 demnabat
1086 1788 1239 1826 Evergum
1265 1787 1294 1816 in
1319 1797 1355 1817 ea
1377 1797 1483 1823 causa,
1505 1787 1535 1817 in
1559 1799 1618 1827 qua

901 1831 1120 1868 pronunciandi
1142 1833 1194 1870 jus
1210 1836 1241 1860 et
1258 1831 1423 1860 auctoritas
1448 1841 1544 1870 penes
1562 1842 1616 1861 eos

901 1878 978 1908 erat,
991 1874 1109 1903 tametsi
1125 1878 1286 1913 peccasset
1298 1874 1361 1910 ille,
1378 1885 1435 1903 non
1450 1874 1479 1903 in
1497 1875 1549 1904 illo
1563 1885 1617 1913 ge-

900 1927 974 1946 nere
1002 1927 1117 1953 rerum,
1149 1927 1242 1956 super
1272 1917 1384 1957 quibus
1414 1918 1616 1955 pronunciare

896 1960 973 1998 jussi
993 1966 1024 1989 et
1040 1960 1198 1990 constituti
1215 1965 1328 1996 essent,
1344 1960 1398 1990 sed
1415 1961 1445 1990 in
1464 1961 1524 1990 a!i0
1540 1971 1615 2000 quo·

899 2003 979 2041 piam
997 2014 1121 2041 genere,
1141 2014 1236 2043 super
1251 2014 1312 2043 quo
1328 2004 1534 2042 cognoscendi
1550 2004 1617 2034 nul-

898 2046 961 2075 lum
979 2046 1055 2085 ipsis
1067 2048 1119 2086 jus
1135 2052 1228 2076 esset.
1251 2047 1353 2076 malim
1368 2053 1466 2076 tamen
1479 2048 1616 2084 omnino,

899 2090 947 2119 τὴν
969 2088 1059 2128 ψῆφον
1078 2090 1125 2120 οὐκ
1151 2089 1238 2130 εἶχον.
1260 2090 1342 2120 idem
1359 2095 1405 2119 est
1421 2100 1456 2119 ac
1473 2090 1498 2119 si
1516 2091 1616 2121 disis-

899 2137 965 2162 set:
990 2134 1011 2162 οἶ
1035 2132 1064 2162 δὲ
1089 2133 1224 2163 δικασταὶ
1252 2131 1490 2171 κατεψηφίσαντο
1514 2134 1615 2170 αὐτ-οἶ,

897 2174 1077 2215 ὄξγισὸἑντες
1096 2175 1144 2206 ἐπὶ
1166 2177 1338 2216 πξάγματι,
1354 2173 1434 2216 ἔφ’ᾳῖ
1455 2178 1503 2207 τήν
1525 2176 1615 2217 ψῆφον

897 2219 945 2249 οὐκ
957 2218 1041 2260 εἶχον.
1058 2220 1146 2250 etsie
1158 2220 1229 2250 dedi
1242 2221 1280 2249 de
1293 2230 1370 2250 meo.
1383 2220 1507 2259 judices
1520 2222 1615 2251 Eve‘r·

898 2273 967 2301 gum
982 2263 1234 2298 condemnabant,
1258 2268 1420 2303 propterea
1437 2264 1518 2302 quod
1535 2264 1614 2294 indi-

897 2311 1060 2345 gnarentur
1078 2311 1109 2336 et
1132 2307 1292 2344 aegerrime
1316 2307 1430 2336 ferrent
1454 2307 1613 2338 audientes

896 2349 934 2378 ab
953 2350 1075 2388 Evergo
1091 2350 1208 2380 facinus
1221 2350 1428 2385 commissum,
1442 2360 1534 2389 grave
1546 2351 1614 2389 qui-

897 2392 964 2422 dem
982 2393 1060 2422 illud
1075 2398 1106 2423 et
1121 2400 1221 2428 atrox,
1236 2404 1328 2432 snper
1340 2403 1399 2432 quo
1416 2398 1515 2423 tamen
1527 2394 1614 2433 judi-

896 2436 983 2465 candi
998 2440 1153 2475 potestate
1169 2436 1229 2474 ipsi
1245 2441 1394 2466 carerent.

938 2497 982 2502 —
999 2479 1074 2509 ibid.
1097 2477 1351 2519 κατεψηφίσαντο]
1375 2480 1498 2509 correxi
1522 2491 1610 2510 κατε-

896 2520 1045 2563 ψηφίσατο
1067 2523 1097 2551 in
1121 2523 1281 2562 singulari,
1303 2534 1319 2552 e
1342 2525 1517 2561 conjectura
1533 2534 1611 2559 mea,

895 2567 1090 2604 postmodum
1108 2567 1145 2594 ab
1160 2567 1238 2603 Aug.
1255 2566 1439 2596 confirmata.
1465 2567 1544 2597 redit
1561 2568 1612 2597 hic

896 2608 1060 2649 singularis
1075 2609 1111 2638 ad
1130 2610 1143 2639 ἦ
1160 2608 1187 2638 δὲ
1203 2608 1264 2649 ὄργῆ
1277 2620 1306 2638 v.
1323 2611 1374 2640 13.

937 2670 978 2676 —
993 2654 1044 2682 19.
1067 2654 1127 2686 τοῖς
1142 2655 1303 2682 συνεστῶσι
1323 2651 1397 2691 μεθ’
1412 2652 1513 2682 ἑαυτοῦ
1535 2654 1612 2693 μάξ-

895 2694 979 2734 τυσι]
998 2696 1196 2733 Augustanus
1210 2696 1263 2726 dat
1286 2697 1345 2729 τοῖς
1364 2699 1523 2725 συνεστᾶσι
1550 2697 1613 2726 τού-

895 2750 954 2771 τοις
973 2737 1113 2778 μάρτυσι.
1138 2749 1227 2778 quam
1250 2739 1410 2768 lectionem
1434 2740 1474 2768 ita
1503 2742 1612 2777 probat

896 2782 1000 2811 Simon
1027 2782 1194 2818 Fabricius,
1219 2793 1272 2812 seu
1301 2781 1389 2811 Hier.
1407 2782 1553 2816 wolfius,
1578 2788 1611 2812 ut

896 2830 1058 2864 utrumque
1074 2825 1236 2865 copuletur
1256 2830 1286 2855 et
1309 2825 1429 2863 legatur
1452 2826 1512 2858 τοῖς
1533 2835 1610 2854 σιτε-

895 2870 990 2898 στῶσι
1016 2867 1125 2902 τούτοις
1145 2867 1219 2908 μεθ’
1242 2868 1343 2898 ἑαυτοῦ
1366 2869 1506 2906 μάρτυσι.
1537 2869 1612 2898 mihi

896 2916 1001 2941 contra
1015 2912 1113 2942 visum
1131 2917 1189 2942 cst.
1211 2912 1315 2950 recepi
1332 2911 1452 2945 τούτοις,
1470 2910 1521 2939 sed
1538 2910 1614 2950 μεθ’

895 2953 996 2985 ἑαυτοῦ
1012 2955 1098 2986 uncis
1112 2955 1233 2986 inclusi.
1257 2958 1358 2994 potest
1374 2953 1484 2987 τούτοις
1499 2955 1611 2993 planis-

897 2997 972 3029 sima
993 2999 1110 3030 ratione
1133 2998 1244 3038 accipi,
1259 3008 1326 3037 pro.
1344 2996 1392 3027 bis
1417 2997 1611 3037 conspiratis,
