<?xml version="1.0" encoding="UTF-8"?>
<!DOCTYPE html PUBLIC "-//W3C//DTD XHTML 1.0 Transitional//EN"
    "http://www.w3.org/TR/xhtml1/DTD/xhtml1-transitional.dtd">
<html xmlns="http://www.w3.org/1999/xhtml" xml:lang="en" lang="en">
 <head>
  <title>
</title>
<meta http-equiv="Content-Type" content="text/html;charset=utf-8" />
  <meta name='ocr-system' content='tesseract 3.04.00' />
  <meta name='ocr-capabilities' content='ocr_page ocr_carea ocr_par ocr_line ocrx_word'/>
</head>
<body>
  <div class='ocr_page' id='page_1' title='image "./oratoresatticie09dobs/oratoresatticie09dobs_0122.png"; bbox 0 0 1997 3323; ppageno 0'>
   <div class='ocr_carea' id='block_1_1' title="bbox 369 201 1090 245">
    <p class='ocr_par' dir='ltr' id='par_1_1' title="bbox 369 201 1090 245">
     <span class='ocr_line' id='line_1_1' title="bbox 369 201 1090 245; baseline 0 -2"><span class='ocrx_word' id='word_1_1' title='bbox 369 201 456 244; x_wconf 86' lang='lat' dir='ltr'><strong>llo</strong></span> <span class='ocrx_word' id='word_1_2' title='bbox 752 201 786 244; x_wconf 88' lang='grc' dir='ltr'><strong>Ι.</strong></span> <span class='ocrx_word' id='word_1_3' title='bbox 810 202 844 245; x_wconf 92' lang='grc' dir='ltr'><strong>Ι.</strong></span> <span class='ocrx_word' id='word_1_4' title='bbox 864 201 1090 244; x_wconf 87' lang='lat' dir='ltr'><strong>REISKE</strong></span> 
     </span>
    </p>
   </div>
   <div class='ocr_carea' id='block_1_2' title="bbox 366 302 1097 3062">
    <p class='ocr_par' dir='ltr' id='par_1_2' title="bbox 367 302 1087 390">
     <span class='ocr_line' id='line_1_2' title="bbox 367 302 1087 357; baseline 0.001 -23"><span class='ocrx_word' id='word_1_5' title='bbox 367 303 487 341; x_wconf 78' lang='grc' dir='ltr'><strong><em>λέγεται</em></strong></span> <span class='ocrx_word' id='word_1_6' title='bbox 508 302 588 344; x_wconf 84' lang='lat' dir='ltr'><strong>[imo</strong></span> <span class='ocrx_word' id='word_1_7' title='bbox 605 312 678 335; x_wconf 84' lang='lat' dir='ltr'><strong>vero</strong></span> <span class='ocrx_word' id='word_1_8' title='bbox 692 304 791 357; x_wconf 73' lang='grc' dir='ltr'><strong><em>λήνει]</em></strong></span> <span class='ocrx_word' id='word_1_9' title='bbox 814 307 830 338; x_wconf 75' lang='grc' dir='ltr'><strong>ἦ</strong></span> <span class='ocrx_word' id='word_1_10' title='bbox 848 306 1087 346; x_wconf 64' lang='grc' dir='ltr'><strong><em>ἀμφισβήτησις,</em></strong></span> 
     </span>
     <span class='ocr_line' id='line_1_3' title="bbox 368 344 925 400; baseline 0.002 -23"><span class='ocrx_word' id='word_1_11' title='bbox 368 347 417 377; x_wconf 76' lang='grc' dir='ltr'><strong>καὶ</strong></span> <span class='ocrx_word' id='word_1_12' title='bbox 432 344 538 378; x_wconf 71' lang='grc' dir='ltr'><strong><em>ἕπεται</em></strong></span> <span class='ocrx_word' id='word_1_13' title='bbox 554 347 593 389; x_wconf 69' lang='grc' dir='ltr'><strong>τῇ</strong></span> <span class='ocrx_word' id='word_1_14' title='bbox 606 347 744 400; x_wconf 73' lang='grc' dir='ltr'><strong>ὁμολογίᾳ</strong></span> <span class='ocrx_word' id='word_1_15' title='bbox 757 351 771 380; x_wconf 73' lang='grc' dir='ltr'>ἦ</span> <span class='ocrx_word' id='word_1_16' title='bbox 786 348 925 390; x_wconf 70' lang='grc' dir='ltr'><strong><em>τιμωξία,</em></strong></span> 
     </span>
    </p>

    <p class='ocr_par' dir='ltr' id='par_1_3' title="bbox 366 380 1089 508">
     <span class='ocr_line' id='line_1_4' title="bbox 411 380 1089 445; baseline 0.001 -25"><span class='ocrx_word' id='word_1_17' title='bbox 411 406 455 412; x_wconf 88' lang='lat'><strong>—-</strong></span> <span class='ocrx_word' id='word_1_18' title='bbox 479 391 532 421; x_wconf 90' lang='grc'><strong>15.</strong></span> <span class='ocrx_word' id='word_1_19' title='bbox 561 380 727 441; x_wconf 66' lang='grc' dir='ltr'><strong><em>πςοσέχειν]</em></strong></span> <span class='ocrx_word' id='word_1_20' title='bbox 753 393 856 423; x_wconf 84' lang='lat' dir='ltr'><strong>malim</strong></span> <span class='ocrx_word' id='word_1_21' title='bbox 883 391 1089 445; x_wconf 49' lang='grc' dir='ltr'><strong><em>οιῖςοσέχοντας,</em></strong></span> 
     </span>
     <span class='ocr_line' id='line_1_5' title="bbox 368 432 1087 475; baseline 0.001 -12"><span class='ocrx_word' id='word_1_22' title='bbox 368 432 451 472; x_wconf 83' lang='lat' dir='ltr'><strong>quod</strong></span> <span class='ocrx_word' id='word_1_23' title='bbox 489 434 687 474; x_wconf 74' lang='lat' dir='ltr'><strong>participium</strong></span> <span class='ocrx_word' id='word_1_24' title='bbox 724 441 828 475; x_wconf 87' lang='lat' dir='ltr'><strong>aptum</strong></span> <span class='ocrx_word' id='word_1_25' title='bbox 866 437 925 466; x_wconf 84' lang='lat' dir='ltr'><strong>erit</strong></span> <span class='ocrx_word' id='word_1_26' title='bbox 955 447 972 466; x_wconf 89' lang='lat' dir='ltr'><strong>e</strong></span> <span class='ocrx_word' id='word_1_27' title='bbox 1001 435 1087 475; x_wconf 79' lang='grc' dir='ltr'><strong><em>κρίναι</em></strong></span> 
     </span>
     <span class='ocr_line' id='line_1_6' title="bbox 366 479 530 508; baseline 0.007 -2"><span class='ocrx_word' id='word_1_28' title='bbox 366 486 460 508; x_wconf 87' lang='lat' dir='ltr'><strong>versu</strong></span> <span class='ocrx_word' id='word_1_29' title='bbox 479 479 530 507; x_wconf 86' lang='lat'><strong>14.</strong></span> 
     </span>
    </p>

    <p class='ocr_par' dir='ltr' id='par_1_4' title="bbox 366 518 1088 689">
     <span class='ocr_line' id='line_1_7' title="bbox 409 518 1086 561; baseline 0.001 -12"><span class='ocrx_word' id='word_1_30' title='bbox 409 536 454 542; x_wconf 92' lang='lat'>—</span> <span class='ocrx_word' id='word_1_31' title='bbox 469 521 521 549; x_wconf 79' lang='lat'><strong>21.</strong></span> <span class='ocrx_word' id='word_1_32' title='bbox 538 518 623 561; x_wconf 80' lang='grc' dir='ltr'>ὑπὲρ]</span> <span class='ocrx_word' id='word_1_33' title='bbox 640 520 669 550; x_wconf 85' lang='lat' dir='ltr'><strong>h.</strong></span> <span class='ocrx_word' id='word_1_34' title='bbox 685 520 706 551; x_wconf 87' lang='lat' dir='ltr'><strong>l.</strong></span> <span class='ocrx_word' id='word_1_35' title='bbox 722 521 842 560; x_wconf 88' lang='lat' dir='ltr'><strong>accipio</strong></span> <span class='ocrx_word' id='word_1_36' title='bbox 857 531 916 560; x_wconf 87' lang='lat' dir='ltr'><strong>pro</strong></span> <span class='ocrx_word' id='word_1_37' title='bbox 931 520 999 552; x_wconf 72' lang='grc' dir='ltr'><strong>ἀπό.</strong></span> <span class='ocrx_word' id='word_1_38' title='bbox 1019 531 1086 551; x_wconf 88' lang='lat' dir='ltr'><strong>nam</strong></span> 
     </span>
     <span class='ocr_line' id='line_1_8' title="bbox 367 562 1088 595; baseline 0.001 -3"><span class='ocrx_word' id='word_1_39' title='bbox 367 562 556 593; x_wconf 82' lang='lat' dir='ltr'><strong>constructio</strong></span> <span class='ocrx_word' id='word_1_40' title='bbox 576 564 640 593; x_wconf 85' lang='lat' dir='ltr'><strong>haec</strong></span> <span class='ocrx_word' id='word_1_41' title='bbox 664 568 732 594; x_wconf 85' lang='lat' dir='ltr'><strong>est.</strong></span> <span class='ocrx_word' id='word_1_42' title='bbox 760 564 945 595; x_wconf 67' lang='grc' dir='ltr'><strong>ἀπώσασθαι</strong></span> <span class='ocrx_word' id='word_1_43' title='bbox 971 566 1020 595; x_wconf 71' lang='grc' dir='ltr'><strong>τὴν</strong></span> <span class='ocrx_word' id='word_1_44' title='bbox 1043 563 1088 593; x_wconf 77' lang='grc' dir='ltr'><strong>αἶ-</strong></span> 
     </span>
     <span class='ocr_line' id='line_1_9' title="bbox 366 604 1087 657; baseline 0.004 -23"><span class='ocrx_word' id='word_1_45' title='bbox 366 604 471 657; x_wconf 75' lang='grc' dir='ltr'><strong><em>σχύνην</em></strong></span> <span class='ocrx_word' id='word_1_46' title='bbox 481 606 549 637; x_wconf 58' lang='lat' dir='ltr'><strong>‘riv‘</strong></span> <span class='ocrx_word' id='word_1_47' title='bbox 539 607 723 648; x_wconf 65' lang='grc' dir='ltr'><strong><em>υπέρχουσαν</em></strong></span> <span class='ocrx_word' id='word_1_48' title='bbox 734 607 803 649; x_wconf 83' lang='grc' dir='ltr'><strong>ὑπὲρ</strong></span> <span class='ocrx_word' id='word_1_49' title='bbox 816 609 971 649; x_wconf 86' lang='lat' dir='ltr'><strong>[propter,</strong></span> <span class='ocrx_word' id='word_1_50' title='bbox 981 608 1012 637; x_wconf 90' lang='lat' dir='ltr'><strong>id</strong></span> <span class='ocrx_word' id='word_1_51' title='bbox 1029 612 1087 644; x_wconf 82' lang='lat' dir='ltr'><strong>est,</strong></span> 
     </span>
     <span class='ocr_line' id='line_1_10' title="bbox 370 646 741 689; baseline 0.006 -11"><span class='ocrx_word' id='word_1_52' title='bbox 370 646 452 689; x_wconf 69' lang='grc' dir='ltr'><strong>ἂνω-ὂ]</strong></span> <span class='ocrx_word' id='word_1_53' title='bbox 469 651 525 679; x_wconf 75' lang='grc' dir='ltr'><strong>τῶν</strong></span> <span class='ocrx_word' id='word_1_54' title='bbox 539 651 741 689; x_wconf 68' lang='grc' dir='ltr'><strong><em>σξαγμάτων.</em></strong></span> 
     </span>
    </p>

    <p class='ocr_par' dir='ltr' id='par_1_5' title="bbox 368 691 1090 904">
     <span class='ocr_line' id='line_1_11' title="bbox 412 691 1087 734; baseline 0 -12"><span class='ocrx_word' id='word_1_55' title='bbox 412 694 488 723; x_wconf 88' lang='grc'><strong>409.</strong></span> <span class='ocrx_word' id='word_1_56' title='bbox 512 695 542 723; x_wconf 89' lang='lat'>9</span> <span class='ocrx_word' id='word_1_57' title='bbox 580 691 821 734; x_wconf 62' lang='grc' dir='ltr'><strong><em>ἰι-προσκτήσησθε]</em></strong></span> <span class='ocrx_word' id='word_1_58' title='bbox 857 693 980 724; x_wconf 78' lang='lat' dir='ltr'><strong>videtur</strong></span> <span class='ocrx_word' id='word_1_59' title='bbox 1015 692 1087 722; x_wconf 84' lang='lat' dir='ltr'><strong>olim</strong></span> 
     </span>
     <span class='ocr_line' id='line_1_12' title="bbox 369 734 1089 776; baseline 0.001 -12"><span class='ocrx_word' id='word_1_60' title='bbox 369 734 439 764; x_wconf 88' lang='lat' dir='ltr'><strong>aliis</strong></span> <span class='ocrx_word' id='word_1_61' title='bbox 469 735 499 765; x_wconf 90' lang='lat' dir='ltr'><strong>in</strong></span> <span class='ocrx_word' id='word_1_62' title='bbox 530 735 617 765; x_wconf 84' lang='lat' dir='ltr'><strong>libris</strong></span> <span class='ocrx_word' id='word_1_63' title='bbox 644 737 768 775; x_wconf 81' lang='lat' dir='ltr'><strong>vulgata</strong></span> <span class='ocrx_word' id='word_1_64' title='bbox 794 735 1034 776; x_wconf 61' lang='grc' dir='ltr'><strong><em>προσκτήσησθε,</em></strong></span> <span class='ocrx_word' id='word_1_65' title='bbox 1057 737 1089 765; x_wconf 90' lang='lat' dir='ltr'><strong>in</strong></span> 
     </span>
     <span class='ocr_line' id='line_1_13' title="bbox 369 778 1088 820; baseline 0.001 -12"><span class='ocrx_word' id='word_1_66' title='bbox 369 778 440 808; x_wconf 83' lang='lat' dir='ltr'><strong>aliis</strong></span> <span class='ocrx_word' id='word_1_67' title='bbox 455 778 640 820; x_wconf 63' lang='grc' dir='ltr'><strong><em>πςοσήσηεθε</em></strong></span> <span class='ocrx_word' id='word_1_68' title='bbox 658 779 762 809; x_wconf 82' lang='lat' dir='ltr'><strong>fuisse.</strong></span> <span class='ocrx_word' id='word_1_69' title='bbox 783 779 823 809; x_wconf 86' lang='lat' dir='ltr'><strong>ad</strong></span> <span class='ocrx_word' id='word_1_70' title='bbox 838 790 894 809; x_wconf 87' lang='lat' dir='ltr'><strong>vos</strong></span> <span class='ocrx_word' id='word_1_71' title='bbox 909 779 1088 809; x_wconf 84' lang='lat' dir='ltr'><strong>admittatis.</strong></span> 
     </span>
     <span class='ocr_line' id='line_1_14' title="bbox 368 821 1090 862; baseline 0.003 -12"><span class='ocrx_word' id='word_1_72' title='bbox 368 821 396 851; x_wconf 91' lang='lat' dir='ltr'><strong>si</strong></span> <span class='ocrx_word' id='word_1_73' title='bbox 413 831 468 860; x_wconf 88' lang='lat' dir='ltr'><strong>per</strong></span> <span class='ocrx_word' id='word_1_74' title='bbox 485 822 697 861; x_wconf 87' lang='lat' dir='ltr'><strong>grammaticos</strong></span> <span class='ocrx_word' id='word_1_75' title='bbox 712 822 785 852; x_wconf 90' lang='lat' dir='ltr'><strong>licet</strong></span> <span class='ocrx_word' id='word_1_76' title='bbox 808 823 996 862; x_wconf 74' lang='grc' dir='ltr'><strong><em>προσ-ησάμην</em></strong></span> <span class='ocrx_word' id='word_1_77' title='bbox 1017 832 1090 861; x_wconf 85' lang='lat' dir='ltr'><strong>pro-</strong></span> 
     </span>
     <span class='ocr_line' id='line_1_15' title="bbox 371 865 1075 904; baseline 0 -10"><span class='ocrx_word' id='word_1_78' title='bbox 371 865 456 900; x_wconf 85' lang='lat' dir='ltr'><strong>bare,</strong></span> <span class='ocrx_word' id='word_1_79' title='bbox 466 865 550 904; x_wconf 85' lang='lat' dir='ltr'><strong>quod</strong></span> <span class='ocrx_word' id='word_1_80' title='bbox 566 865 642 895; x_wconf 85' lang='lat' dir='ltr'><strong>alias</strong></span> <span class='ocrx_word' id='word_1_81' title='bbox 657 875 716 894; x_wconf 90' lang='lat' dir='ltr'><strong>non</strong></span> <span class='ocrx_word' id='word_1_82' title='bbox 734 869 783 895; x_wconf 75' lang='lat' dir='ltr'><strong>est</strong></span> <span class='ocrx_word' id='word_1_83' title='bbox 799 865 856 894; x_wconf 86' lang='lat' dir='ltr'><strong>nisi</strong></span> <span class='ocrx_word' id='word_1_84' title='bbox 872 865 1075 904; x_wconf 62' lang='grc' dir='ltr'><strong>«προσηκάμην.</strong></span> 
     </span>
    </p>

    <p class='ocr_par' dir='ltr' id='par_1_6' title="bbox 371 907 1093 1418">
     <span class='ocr_line' id='line_1_16' title="bbox 414 907 1089 949; baseline -0.001 -12"><span class='ocrx_word' id='word_1_85' title='bbox 414 925 458 930; x_wconf 90' lang='lat'><strong>-—</strong></span> <span class='ocrx_word' id='word_1_86' title='bbox 471 908 526 937; x_wconf 88' lang='lat' dir='ltr'><strong>ult.</strong></span> <span class='ocrx_word' id='word_1_87' title='bbox 538 907 672 949; x_wconf 75' lang='grc' dir='ltr'><strong><em>Αἰσχίνῃ]</em></strong></span> <span class='ocrx_word' id='word_1_88' title='bbox 682 908 870 938; x_wconf 84' lang='lat' dir='ltr'><strong>detrahendo</strong></span> <span class='ocrx_word' id='word_1_89' title='bbox 881 908 944 938; x_wconf 81' lang='lat' dir='ltr'><strong>iota</strong></span> <span class='ocrx_word' id='word_1_90' title='bbox 956 907 1089 938; x_wconf 81' lang='lat' dir='ltr'><strong>subscri-</strong></span> 
     </span>
     <span class='ocr_line' id='line_1_17' title="bbox 373 951 1090 990; baseline 0 -11"><span class='ocrx_word' id='word_1_91' title='bbox 373 954 438 990; x_wconf 86' lang='lat' dir='ltr'><strong>pto,</strong></span> <span class='ocrx_word' id='word_1_92' title='bbox 455 960 471 979; x_wconf 89' lang='lat' dir='ltr'><strong>e</strong></span> <span class='ocrx_word' id='word_1_93' title='bbox 487 951 592 980; x_wconf 75' lang='lat' dir='ltr'><strong>dativo</strong></span> <span class='ocrx_word' id='word_1_94' title='bbox 607 951 783 981; x_wconf 81' lang='lat' dir='ltr'><strong>vocativum</strong></span> <span class='ocrx_word' id='word_1_95' title='bbox 796 951 937 988; x_wconf 56' lang='lat' dir='ltr'><strong>effecifin</strong></span> <span class='ocrx_word' id='word_1_96' title='bbox 951 954 1090 980; x_wconf 83' lang='lat' dir='ltr'><strong>constru-</strong></span> 
     </span>
     <span class='ocr_line' id='line_1_18' title="bbox 373 991 1093 1033; baseline 0 -11"><span class='ocrx_word' id='word_1_97' title='bbox 373 993 477 1023; x_wconf 84' lang='lat' dir='ltr'><strong>ctione</strong></span> <span class='ocrx_word' id='word_1_98' title='bbox 492 994 705 1024; x_wconf 89' lang='lat' dir='ltr'><strong>collocandum</strong></span> <span class='ocrx_word' id='word_1_99' title='bbox 722 1004 801 1032; x_wconf 85' lang='lat' dir='ltr'><strong>pone</strong></span> <span class='ocrx_word' id='word_1_100' title='bbox 823 994 886 1033; x_wconf 73' lang='grc' dir='ltr'><strong>φής.</strong></span> <span class='ocrx_word' id='word_1_101' title='bbox 906 999 970 1024; x_wconf 90' lang='lat' dir='ltr'><strong>tum</strong></span> <span class='ocrx_word' id='word_1_102' title='bbox 985 993 1047 1023; x_wconf 85' lang='lat' dir='ltr'><strong>ista</strong></span> <span class='ocrx_word' id='word_1_103' title='bbox 1061 991 1093 1023; x_wconf 85' lang='grc' dir='ltr'><strong>τί</strong></span> 
     </span>
     <span class='ocr_line' id='line_1_19' title="bbox 372 1033 1091 1077; baseline 0 -11"><span class='ocrx_word' id='word_1_104' title='bbox 372 1033 416 1066; x_wconf 67' lang='grc' dir='ltr'><strong><em>οὖν</em></strong></span> <span class='ocrx_word' id='word_1_105' title='bbox 428 1035 529 1074; x_wconf 71' lang='grc' dir='ltr'><strong><em>ἐφοβοῦ</em></strong></span> <span class='ocrx_word' id='word_1_106' title='bbox 546 1046 643 1075; x_wconf 88' lang='lat' dir='ltr'><strong>usque</strong></span> <span class='ocrx_word' id='word_1_107' title='bbox 659 1038 695 1066; x_wconf 86' lang='lat' dir='ltr'><strong>ad</strong></span> <span class='ocrx_word' id='word_1_108' title='bbox 712 1036 860 1077; x_wconf 59' lang='grc' dir='ltr'><strong><em>σωτηρίαν,</em></strong></span> <span class='ocrx_word' id='word_1_109' title='bbox 876 1041 945 1067; x_wconf 90' lang='lat' dir='ltr'><strong>sunt</strong></span> <span class='ocrx_word' id='word_1_110' title='bbox 960 1036 1091 1067; x_wconf 85' lang='lat' dir='ltr'><strong>assimu-</strong></span> 
     </span>
     <span class='ocr_line' id='line_1_20' title="bbox 372 1079 1091 1119; baseline 0.003 -11"><span class='ocrx_word' id='word_1_111' title='bbox 372 1079 435 1109; x_wconf 85' lang='lat' dir='ltr'><strong>lata</strong></span> <span class='ocrx_word' id='word_1_112' title='bbox 447 1079 605 1109; x_wconf 77' lang='lat' dir='ltr'><strong>AEsehinis</strong></span> <span class='ocrx_word' id='word_1_113' title='bbox 633 1081 671 1110; x_wconf 84' lang='lat' dir='ltr'><strong>ad</strong></span> <span class='ocrx_word' id='word_1_114' title='bbox 688 1081 927 1110; x_wconf 82' lang='lat' dir='ltr'><strong>Demosthenem</strong></span> <span class='ocrx_word' id='word_1_115' title='bbox 950 1080 1091 1119; x_wconf 86' lang='lat' dir='ltr'><strong>increpa·</strong></span> 
     </span>
     <span class='ocr_line' id='line_1_21' title="bbox 371 1121 1091 1162; baseline 0.001 -11"><span class='ocrx_word' id='word_1_116' title='bbox 371 1121 428 1152; x_wconf 82' lang='lat' dir='ltr'><strong>tio.</strong></span> <span class='ocrx_word' id='word_1_117' title='bbox 444 1122 626 1162; x_wconf 83' lang='lat' dir='ltr'><strong>curitaque,</strong></span> <span class='ocrx_word' id='word_1_118' title='bbox 648 1133 666 1152; x_wconf 91' lang='lat' dir='ltr'><strong>o</strong></span> <span class='ocrx_word' id='word_1_119' title='bbox 691 1124 910 1160; x_wconf 74' lang='lat' dir='ltr'><strong>Demosthene,</strong></span> <span class='ocrx_word' id='word_1_120' title='bbox 933 1124 1091 1153; x_wconf 82' lang='lat' dir='ltr'><strong>metuebas</strong></span> 
     </span>
     <span class='ocr_line' id='line_1_22' title="bbox 373 1163 1090 1206; baseline 0.003 -12"><span class='ocrx_word' id='word_1_121' title='bbox 373 1176 471 1204; x_wconf 82' lang='lat' dir='ltr'><strong>eoque</strong></span> <span class='ocrx_word' id='word_1_122' title='bbox 484 1163 565 1195; x_wconf 66' lang='lat' dir='ltr'><strong>metu</strong></span> <span class='ocrx_word' id='word_1_123' title='bbox 582 1166 735 1206; x_wconf 84' lang='lat' dir='ltr'><strong>impulsus</strong></span> <span class='ocrx_word' id='word_1_124' title='bbox 752 1168 791 1197; x_wconf 83' lang='lat' dir='ltr'><strong>ad</strong></span> <span class='ocrx_word' id='word_1_125' title='bbox 805 1167 883 1197; x_wconf 80' lang='lat' dir='ltr'><strong>hano</strong></span> <span class='ocrx_word' id='word_1_126' title='bbox 898 1167 986 1197; x_wconf 89' lang='lat' dir='ltr'><strong>velut</strong></span> <span class='ocrx_word' id='word_1_127' title='bbox 1009 1176 1090 1196; x_wconf 81' lang='lat' dir='ltr'><strong>aram</strong></span> 
     </span>
     <span class='ocr_line' id='line_1_23' title="bbox 374 1208 1090 1249; baseline 0.003 -12"><span class='ocrx_word' id='word_1_128' title='bbox 374 1208 483 1238; x_wconf 83' lang='lat' dir='ltr'><strong>salutis</strong></span> <span class='ocrx_word' id='word_1_129' title='bbox 505 1209 714 1249; x_wconf 82' lang='lat' dir='ltr'><strong>confugiebas,</strong></span> <span class='ocrx_word' id='word_1_130' title='bbox 739 1214 773 1240; x_wconf 89' lang='lat' dir='ltr'><strong>ut</strong></span> <span class='ocrx_word' id='word_1_131' title='bbox 804 1211 881 1240; x_wconf 83' lang='lat' dir='ltr'><strong>alios</strong></span> <span class='ocrx_word' id='word_1_132' title='bbox 910 1209 1090 1240; x_wconf 84' lang='lat' dir='ltr'>accusares?</span> 
     </span>
     <span class='ocr_line' id='line_1_24' title="bbox 374 1251 1090 1292; baseline 0.004 -12"><span class='ocrx_word' id='word_1_133' title='bbox 374 1261 443 1280; x_wconf 90' lang='lat' dir='ltr'><strong>cum</strong></span> <span class='ocrx_word' id='word_1_134' title='bbox 452 1251 527 1282; x_wconf 90' lang='lat' dir='ltr'><strong>nihil</strong></span> <span class='ocrx_word' id='word_1_135' title='bbox 538 1254 680 1283; x_wconf 83' lang='lat' dir='ltr'><strong>subesset</strong></span> <span class='ocrx_word' id='word_1_136' title='bbox 691 1254 895 1288; x_wconf 77' lang='lat' dir='ltr'><strong>formidabile,</strong></span> <span class='ocrx_word' id='word_1_137' title='bbox 909 1263 1090 1292; x_wconf 85' lang='lat' dir='ltr'><strong>quamquam</strong></span> 
     </span>
     <span class='ocr_line' id='line_1_25' title="bbox 374 1289 1090 1333; baseline 0.003 -10"><span class='ocrx_word' id='word_1_138' title='bbox 374 1298 407 1324; x_wconf 84' lang='lat' dir='ltr'><strong>tu</strong></span> <span class='ocrx_word' id='word_1_139' title='bbox 423 1289 559 1333; x_wconf 83' lang='lat' dir='ltr'><strong>quidem,</strong></span> <span class='ocrx_word' id='word_1_140' title='bbox 571 1296 730 1332; x_wconf 76' lang='lat' dir='ltr'><strong>AEsehine,</strong></span> <span class='ocrx_word' id='word_1_141' title='bbox 740 1296 773 1327; x_wconf 87' lang='lat' dir='ltr'><strong>id</strong></span> <span class='ocrx_word' id='word_1_142' title='bbox 788 1297 843 1328; x_wconf 85' lang='lat' dir='ltr'><strong>ais.</strong></span> <span class='ocrx_word' id='word_1_143' title='bbox 881 1296 1090 1327; x_wconf 86' lang='lat' dir='ltr'><strong>Obscuritatis</strong></span> 
     </span>
     <span class='ocr_line' id='line_1_26' title="bbox 375 1338 1092 1380; baseline 0.004 -14"><span class='ocrx_word' id='word_1_144' title='bbox 375 1338 510 1368; x_wconf 86' lang='lat' dir='ltr'><strong>nonnihil</strong></span> <span class='ocrx_word' id='word_1_145' title='bbox 530 1339 662 1370; x_wconf 79' lang='lat' dir='ltr'><strong>offundit</strong></span> <span class='ocrx_word' id='word_1_146' title='bbox 680 1340 816 1371; x_wconf 82' lang='lat' dir='ltr'><strong>mixtura</strong></span> <span class='ocrx_word' id='word_1_147' title='bbox 835 1350 1032 1380; x_wconf 71' lang='lat' dir='ltr'><strong>personarum</strong></span> <span class='ocrx_word' id='word_1_148' title='bbox 1046 1340 1092 1369; x_wconf 92' lang='lat' dir='ltr'><strong>lo-</strong></span> 
     </span>
     <span class='ocr_line' id='line_1_27' title="bbox 376 1380 1060 1418; baseline 0.007 -10"><span class='ocrx_word' id='word_1_149' title='bbox 376 1380 546 1418; x_wconf 86' lang='lat' dir='ltr'><strong>quentium,</strong></span> <span class='ocrx_word' id='word_1_150' title='bbox 557 1383 647 1412; x_wconf 85' lang='lat' dir='ltr'><strong>modo</strong></span> <span class='ocrx_word' id='word_1_151' title='bbox 663 1383 771 1413; x_wconf 88' lang='lat' dir='ltr'><strong>AEsch.</strong></span> <span class='ocrx_word' id='word_1_152' title='bbox 788 1384 880 1412; x_wconf 85' lang='lat' dir='ltr'><strong>modo</strong></span> <span class='ocrx_word' id='word_1_153' title='bbox 898 1383 1060 1413; x_wconf 83' lang='lat' dir='ltr'><strong>Demosth.</strong></span> 
     </span>
    </p>

    <p class='ocr_par' dir='ltr' id='par_1_7' title="bbox 376 1424 1092 1548">
     <span class='ocr_line' id='line_1_28' title="bbox 419 1424 1092 1465; baseline 0.004 -13"><span class='ocrx_word' id='word_1_154' title='bbox 419 1425 492 1454; x_wconf 87' lang='lat'>410.</span> <span class='ocrx_word' id='word_1_155' title='bbox 505 1427 535 1454; x_wconf 86' lang='lat'><strong>1.</strong></span> <span class='ocrx_word' id='word_1_156' title='bbox 558 1424 672 1464; x_wconf 72' lang='grc' dir='ltr'><strong><em>μηδενὸς</em></strong></span> <span class='ocrx_word' id='word_1_157' title='bbox 686 1424 760 1460; x_wconf 71' lang='grc' dir='ltr'><strong><em>ὄντος</em></strong></span> <span class='ocrx_word' id='word_1_158' title='bbox 785 1426 877 1460; x_wconf 78' lang='grc' dir='ltr'><strong><em>δεινοῦ,</em></strong></span> <span class='ocrx_word' id='word_1_159' title='bbox 899 1425 973 1465; x_wconf 76' lang='grc' dir='ltr'><strong>μηδὲ</strong></span> <span class='ocrx_word' id='word_1_160' title='bbox 995 1425 1092 1456; x_wconf 71' lang='grc' dir='ltr'><strong><em>ἀδική-</em></strong></span> 
     </span>
     <span class='ocr_line' id='line_1_29' title="bbox 376 1468 1092 1510; baseline 0.004 -15"><span class='ocrx_word' id='word_1_161' title='bbox 376 1478 488 1505; x_wconf 71' lang='grc' dir='ltr'><strong><em>ματος,</em></strong></span> <span class='ocrx_word' id='word_1_162' title='bbox 504 1468 538 1502; x_wconf 77' lang='grc' dir='ltr'><strong><em>ὡς</em></strong></span> <span class='ocrx_word' id='word_1_163' title='bbox 552 1469 589 1498; x_wconf 78' lang='grc' dir='ltr'><strong>σὺ</strong></span> <span class='ocrx_word' id='word_1_164' title='bbox 605 1469 672 1510; x_wconf 72' lang='grc' dir='ltr'><strong><em>φῆς]</em></strong></span> <span class='ocrx_word' id='word_1_165' title='bbox 698 1469 765 1499; x_wconf 89' lang='lat' dir='ltr'><strong>scil.</strong></span> <span class='ocrx_word' id='word_1_166' title='bbox 781 1469 847 1499; x_wconf 70' lang='grc' dir='ltr'><strong><em>εῖναι</em></strong></span> <span class='ocrx_word' id='word_1_167' title='bbox 867 1468 944 1499; x_wconf 69' lang='grc' dir='ltr'><strong><em>δεινὸν</em></strong></span> <span class='ocrx_word' id='word_1_168' title='bbox 961 1468 1009 1498; x_wconf 71' lang='grc' dir='ltr'><strong>καὶ</strong></span> <span class='ocrx_word' id='word_1_169' title='bbox 1033 1468 1092 1499; x_wconf 79' lang='grc' dir='ltr'>ἀδί-</span> 
     </span>
     <span class='ocr_line' id='line_1_30' title="bbox 376 1521 471 1548; baseline 0.021 -10"><span class='ocrx_word' id='word_1_170' title='bbox 376 1521 471 1548; x_wconf 75' lang='grc' dir='ltr'><strong>κημιι.</strong></span> 
     </span>
    </p>

    <p class='ocr_par' dir='ltr' id='par_1_8' title="bbox 374 1551 1095 1850">
     <span class='ocr_line' id='line_1_31' title="bbox 418 1551 1093 1594; baseline 0.001 -10"><span class='ocrx_word' id='word_1_171' title='bbox 418 1570 462 1574; x_wconf 90' lang='lat'><strong>-—</strong></span> <span class='ocrx_word' id='word_1_172' title='bbox 477 1555 507 1584; x_wconf 68' lang='lat'><strong>2.</strong></span> <span class='ocrx_word' id='word_1_173' title='bbox 523 1553 546 1582; x_wconf 85' lang='grc' dir='ltr'><strong>εἶ</strong></span> <span class='ocrx_word' id='word_1_174' title='bbox 559 1551 604 1594; x_wconf 75' lang='grc' dir='ltr'><strong>ἐφ’</strong></span> <span class='ocrx_word' id='word_1_175' title='bbox 614 1551 651 1588; x_wconf 69' lang='grc' dir='ltr'><strong><em>οἷς</em></strong></span> <span class='ocrx_word' id='word_1_176' title='bbox 667 1553 840 1594; x_wconf 76' lang='grc' dir='ltr'><strong><em>ἇμηδοτιοῧν</em></strong></span> <span class='ocrx_word' id='word_1_177' title='bbox 855 1553 913 1594; x_wconf 87' lang='grc'><strong>--]</strong></span> <span class='ocrx_word' id='word_1_178' title='bbox 930 1554 1093 1585; x_wconf 84' lang='lat' dir='ltr'><strong>difficultas</strong></span> 
     </span>
     <span class='ocr_line' id='line_1_32' title="bbox 375 1595 1094 1632; baseline 0.004 -8"><span class='ocrx_word' id='word_1_179' title='bbox 375 1595 476 1626; x_wconf 88' lang='lat' dir='ltr'><strong>omnis</strong></span> <span class='ocrx_word' id='word_1_180' title='bbox 504 1597 671 1632; x_wconf 81' lang='lat' dir='ltr'><strong>evanescit,</strong></span> <span class='ocrx_word' id='word_1_181' title='bbox 710 1598 737 1628; x_wconf 91' lang='lat' dir='ltr'><strong>si</strong></span> <span class='ocrx_word' id='word_1_182' title='bbox 771 1598 1014 1628; x_wconf 71' lang='lat' dir='ltr'><strong>comminisceris</strong></span> <span class='ocrx_word' id='word_1_183' title='bbox 1050 1598 1094 1627; x_wconf 86' lang='lat' dir='ltr'><strong>ita</strong></span> 
     </span>
     <span class='ocr_line' id='line_1_33' title="bbox 374 1638 1095 1694; baseline 0.004 -27"><span class='ocrx_word' id='word_1_184' title='bbox 374 1638 522 1678; x_wconf 80' lang='lat' dir='ltr'><strong>scriptum</strong></span> <span class='ocrx_word' id='word_1_185' title='bbox 537 1650 625 1670; x_wconf 84' lang='lat' dir='ltr'><strong>esse.</strong></span> <span class='ocrx_word' id='word_1_186' title='bbox 645 1640 668 1670; x_wconf 78' lang='grc' dir='ltr'><strong>εἰ</strong></span> <span class='ocrx_word' id='word_1_187' title='bbox 689 1639 875 1694; x_wconf 72' lang='grc' dir='ltr'><strong><em>ἔφοβούμην’</em></strong></span> <span class='ocrx_word' id='word_1_188' title='bbox 865 1643 932 1679; x_wconf 80' lang='grc' dir='ltr'><strong>εγὼ,</strong></span> <span class='ocrx_word' id='word_1_189' title='bbox 951 1642 993 1680; x_wconf 82' lang='grc' dir='ltr'>μῆ</span> <span class='ocrx_word' id='word_1_190' title='bbox 1014 1641 1095 1670; x_wconf 63' lang='grc' dir='ltr'><strong>ἀπό-</strong></span> 
     </span>
     <span class='ocr_line' id='line_1_34' title="bbox 375 1682 1094 1723; baseline 0.004 -13"><span class='ocrx_word' id='word_1_191' title='bbox 375 1686 477 1720; x_wconf 82' lang='grc' dir='ltr'><strong><em>λωμαι</em></strong></span> <span class='ocrx_word' id='word_1_192' title='bbox 494 1682 540 1712; x_wconf 72' lang='grc' dir='ltr'><strong>διὰ</strong></span> <span class='ocrx_word' id='word_1_193' title='bbox 550 1682 678 1719; x_wconf 87' lang='grc' dir='ltr'><strong><em>τούτους,</em></strong></span> <span class='ocrx_word' id='word_1_194' title='bbox 689 1682 736 1714; x_wconf 71' lang='grc' dir='ltr'><strong>ἐπὶ</strong></span> <span class='ocrx_word' id='word_1_195' title='bbox 752 1683 871 1719; x_wconf 82' lang='grc' dir='ltr'><strong>τούτοις,</strong></span> <span class='ocrx_word' id='word_1_196' title='bbox 886 1686 922 1713; x_wconf 84' lang='grc' dir='ltr'><strong><em>ὠν</em></strong></span> <span class='ocrx_word' id='word_1_197' title='bbox 937 1682 1025 1723; x_wconf 76' lang='grc' dir='ltr'><strong><em>μηδὲν</em></strong></span> <span class='ocrx_word' id='word_1_198' title='bbox 1038 1683 1094 1716; x_wconf 69' lang='grc' dir='ltr'><strong>ἠδί-</strong></span> 
     </span>
     <span class='ocr_line' id='line_1_35' title="bbox 374 1725 1095 1767; baseline 0.004 -14"><span class='ocrx_word' id='word_1_199' title='bbox 374 1734 447 1754; x_wconf 82' lang='grc' dir='ltr'><strong>κουν.</strong></span> <span class='ocrx_word' id='word_1_200' title='bbox 473 1725 499 1755; x_wconf 94' lang='lat' dir='ltr'><strong>si</strong></span> <span class='ocrx_word' id='word_1_201' title='bbox 523 1736 581 1765; x_wconf 88' lang='lat' dir='ltr'><strong>ego</strong></span> <span class='ocrx_word' id='word_1_202' title='bbox 609 1728 792 1762; x_wconf 85' lang='lat' dir='ltr'><strong>metuebam,</strong></span> <span class='ocrx_word' id='word_1_203' title='bbox 808 1737 845 1757; x_wconf 85' lang='lat' dir='ltr'><strong>ne</strong></span> <span class='ocrx_word' id='word_1_204' title='bbox 862 1737 917 1766; x_wconf 84' lang='lat' dir='ltr'><strong>per</strong></span> <span class='ocrx_word' id='word_1_205' title='bbox 943 1728 997 1756; x_wconf 84' lang='lat' dir='ltr'><strong>hos</strong></span> <span class='ocrx_word' id='word_1_206' title='bbox 1014 1727 1095 1767; x_wconf 88' lang='lat' dir='ltr'><strong>peri-</strong></span> 
     </span>
     <span class='ocr_line' id='line_1_36' title="bbox 375 1769 1094 1814; baseline 0.006 -18"><span class='ocrx_word' id='word_1_207' title='bbox 375 1777 451 1814; x_wconf 75' lang='lat' dir='ltr'><strong>rem,</strong></span> <span class='ocrx_word' id='word_1_208' title='bbox 467 1769 506 1797; x_wconf 91' lang='lat' dir='ltr'><strong>ob</strong></span> <span class='ocrx_word' id='word_1_209' title='bbox 520 1779 566 1804; x_wconf 77' lang='lat' dir='ltr'><strong>ea,</strong></span> <span class='ocrx_word' id='word_1_210' title='bbox 582 1780 710 1808; x_wconf 79' lang='lat' dir='ltr'><strong>quorum</strong></span> <span class='ocrx_word' id='word_1_211' title='bbox 724 1770 800 1800; x_wconf 87' lang='lat' dir='ltr'><strong>nihil</strong></span> <span class='ocrx_word' id='word_1_212' title='bbox 812 1781 880 1800; x_wconf 81' lang='lat' dir='ltr'><strong>cum</strong></span> <span class='ocrx_word' id='word_1_213' title='bbox 896 1769 943 1800; x_wconf 84' lang='lat' dir='ltr'><strong>his</strong></span> <span class='ocrx_word' id='word_1_214' title='bbox 958 1780 1094 1800; x_wconf 86' lang='lat' dir='ltr'><strong>commu-</strong></span> 
     </span>
     <span class='ocr_line' id='line_1_37' title="bbox 376 1815 683 1850; baseline 0.01 -11"><span class='ocrx_word' id='word_1_215' title='bbox 376 1815 457 1840; x_wconf 79' lang='lat' dir='ltr'><strong>niter</strong></span> <span class='ocrx_word' id='word_1_216' title='bbox 471 1821 683 1850; x_wconf 82' lang='lat' dir='ltr'><strong>peccaveram.</strong></span> 
     </span>
    </p>

    <p class='ocr_par' dir='ltr' id='par_1_9' title="bbox 375 1854 1094 1936">
     <span class='ocr_line' id='line_1_38' title="bbox 418 1854 1094 1895; baseline 0.001 -10"><span class='ocrx_word' id='word_1_217' title='bbox 418 1871 462 1876; x_wconf 89' lang='lat'><strong>—</strong></span> <span class='ocrx_word' id='word_1_218' title='bbox 477 1856 508 1885; x_wconf 87' lang='lat'><strong>5.</strong></span> <span class='ocrx_word' id='word_1_219' title='bbox 524 1855 553 1885; x_wconf 77' lang='grc' dir='ltr'><strong>οὐ</strong></span> <span class='ocrx_word' id='word_1_220' title='bbox 569 1854 615 1886; x_wconf 69' lang='grc' dir='ltr'><strong>διαὶ</strong></span> <span class='ocrx_word' id='word_1_221' title='bbox 629 1855 744 1895; x_wconf 75' lang='grc' dir='ltr'><strong><em>ταῦτα]</em></strong></span> <span class='ocrx_word' id='word_1_222' title='bbox 767 1855 833 1886; x_wconf 85' lang='lat' dir='ltr'><strong>scil.</strong></span> <span class='ocrx_word' id='word_1_223' title='bbox 854 1865 968 1886; x_wconf 85' lang='lat' dir='ltr'><strong>accuso</strong></span> <span class='ocrx_word' id='word_1_224' title='bbox 989 1866 1047 1895; x_wconf 82' lang='lat' dir='ltr'><strong>ego</strong></span> <span class='ocrx_word' id='word_1_225' title='bbox 1064 1860 1094 1887; x_wconf 82' lang='lat' dir='ltr'><strong>te</strong></span> 
     </span>
     <span class='ocr_line' id='line_1_39' title="bbox 375 1899 863 1936; baseline 0.004 -10"><span class='ocrx_word' id='word_1_226' title='bbox 375 1901 504 1936; x_wconf 88' lang='lat' dir='ltr'><strong>tuosque</strong></span> <span class='ocrx_word' id='word_1_227' title='bbox 518 1903 690 1934; x_wconf 86' lang='lat' dir='ltr'><strong>consortes,</strong></span> <span class='ocrx_word' id='word_1_228' title='bbox 705 1899 863 1929; x_wconf 86' lang='lat' dir='ltr'><strong>AEschine.</strong></span> 
     </span>
    </p>

    <p class='ocr_par' dir='ltr' id='par_1_10' title="bbox 373 1939 1096 2058">
     <span class='ocr_line' id='line_1_40' title="bbox 417 1939 1096 1982; baseline 0.001 -11"><span class='ocrx_word' id='word_1_229' title='bbox 417 1957 461 1962; x_wconf 91' lang='lat'>—</span> <span class='ocrx_word' id='word_1_230' title='bbox 478 1943 529 1971; x_wconf 84' lang='lat'><strong>14.</strong></span> <span class='ocrx_word' id='word_1_231' title='bbox 544 1939 577 1971; x_wconf 80' lang='grc' dir='ltr'><strong>ἔκ.</strong></span> <span class='ocrx_word' id='word_1_232' title='bbox 589 1944 644 1971; x_wconf 79' lang='grc' dir='ltr'><strong>τῶν</strong></span> <span class='ocrx_word' id='word_1_233' title='bbox 670 1939 755 1982; x_wconf 79' lang='grc' dir='ltr'><strong><em>ἰδίων]</em></strong></span> <span class='ocrx_word' id='word_1_234' title='bbox 774 1940 903 1972; x_wconf 84' lang='lat' dir='ltr'><strong>subaudi</strong></span> <span class='ocrx_word' id='word_1_235' title='bbox 926 1941 1096 1980; x_wconf 77' lang='grc' dir='ltr'><strong><em>κτημάτων.</em></strong></span> 
     </span>
     <span class='ocr_line' id='line_1_41' title="bbox 375 1983 1096 2032; baseline 0.004 -20"><span class='ocrx_word' id='word_1_236' title='bbox 375 1983 530 2032; x_wconf 40' lang='lat' dir='ltr'><strong>eit-ipsius</strong></span> <span class='ocrx_word' id='word_1_237' title='bbox 545 1985 624 2015; x_wconf 85' lang='lat' dir='ltr'><strong>meis</strong></span> <span class='ocrx_word' id='word_1_238' title='bbox 645 1985 783 2025; x_wconf 85' lang='lat' dir='ltr'><strong>propriis</strong></span> <span class='ocrx_word' id='word_1_239' title='bbox 806 1985 904 2020; x_wconf 88' lang='lat' dir='ltr'><strong>bonis,</strong></span> <span class='ocrx_word' id='word_1_240' title='bbox 932 1995 988 2024; x_wconf 89' lang='lat' dir='ltr'><strong>pro</strong></span> <span class='ocrx_word' id='word_1_241' title='bbox 1013 1990 1096 2015; x_wconf 84' lang='lat' dir='ltr'><strong>tanta</strong></span> 
     </span>
     <span class='ocr_line' id='line_1_42' title="bbox 373 2036 587 2058; baseline 0.019 -4"><span class='ocrx_word' id='word_1_242' title='bbox 373 2036 444 2056; x_wconf 77' lang='lat' dir='ltr'><strong>aeris</strong></span> <span class='ocrx_word' id='word_1_243' title='bbox 460 2038 587 2058; x_wconf 86' lang='lat' dir='ltr'><strong>summa.</strong></span> 
     </span>
    </p>

    <p class='ocr_par' dir='ltr' id='par_1_11' title="bbox 374 2069 1097 2280">
     <span class='ocr_line' id='line_1_43' title="bbox 418 2069 1096 2111; baseline 0.001 -11"><span class='ocrx_word' id='word_1_244' title='bbox 418 2086 461 2092; x_wconf 75' lang='lat'>—</span> <span class='ocrx_word' id='word_1_245' title='bbox 477 2073 528 2100; x_wconf 61' lang='lat' dir='ltr'><strong>QO.</strong></span> <span class='ocrx_word' id='word_1_246' title='bbox 542 2070 591 2100; x_wconf 77' lang='grc' dir='ltr'><strong>καὶ</strong></span> <span class='ocrx_word' id='word_1_247' title='bbox 606 2069 692 2101; x_wconf 75' lang='grc' dir='ltr'><strong><em>πλέον</em></strong></span> <span class='ocrx_word' id='word_1_248' title='bbox 712 2069 781 2111; x_wconf 76' lang='grc' dir='ltr'><strong><em>ἕξειν</em></strong></span> <span class='ocrx_word' id='word_1_249' title='bbox 800 2072 856 2101; x_wconf 75' lang='grc' dir='ltr'><strong>τῶν</strong></span> <span class='ocrx_word' id='word_1_250' title='bbox 881 2073 994 2101; x_wconf 73' lang='grc' dir='ltr'><strong><em>πολλῶν</em></strong></span> <span class='ocrx_word' id='word_1_251' title='bbox 1016 2073 1096 2102; x_wconf 69' lang='grc' dir='ltr'><strong><em>κατὰ</em></strong></span> 
     </span>
     <span class='ocr_line' id='line_1_44' title="bbox 375 2112 1097 2153; baseline 0.004 -13"><span class='ocrx_word' id='word_1_252' title='bbox 375 2112 477 2153; x_wconf 73' lang='grc' dir='ltr'><strong><em>τοῦτο]</em></strong></span> <span class='ocrx_word' id='word_1_253' title='bbox 501 2115 598 2144; x_wconf 85' lang='lat' dir='ltr'><strong>verba</strong></span> <span class='ocrx_word' id='word_1_254' title='bbox 621 2114 698 2150; x_wconf 78' lang='lat' dir='ltr'><strong>haec,</strong></span> <span class='ocrx_word' id='word_1_255' title='bbox 722 2125 790 2153; x_wconf 79' lang='lat' dir='ltr'><strong>quae</strong></span> <span class='ocrx_word' id='word_1_256' title='bbox 814 2114 916 2144; x_wconf 86' lang='lat' dir='ltr'><strong>multis</strong></span> <span class='ocrx_word' id='word_1_257' title='bbox 937 2114 1026 2143; x_wconf 78' lang='lat' dir='ltr'><strong>libris</strong></span> <span class='ocrx_word' id='word_1_258' title='bbox 1043 2115 1097 2144; x_wconf 83' lang='lat' dir='ltr'><strong>(le-</strong></span> 
     </span>
     <span class='ocr_line' id='line_1_45' title="bbox 375 2157 1097 2196; baseline 0.003 -12"><span class='ocrx_word' id='word_1_259' title='bbox 375 2160 459 2190; x_wconf 82' lang='lat' dir='ltr'><strong>sunt,</strong></span> <span class='ocrx_word' id='word_1_260' title='bbox 477 2157 580 2186; x_wconf 83' lang='lat' dir='ltr'><strong>desint</strong></span> <span class='ocrx_word' id='word_1_261' title='bbox 594 2168 631 2186; x_wconf 86' lang='lat' dir='ltr'><strong>an</strong></span> <span class='ocrx_word' id='word_1_262' title='bbox 647 2157 759 2192; x_wconf 85' lang='lat' dir='ltr'><strong>absint,</strong></span> <span class='ocrx_word' id='word_1_263' title='bbox 777 2157 814 2186; x_wconf 85' lang='lat' dir='ltr'><strong>ad</strong></span> <span class='ocrx_word' id='word_1_264' title='bbox 836 2157 1017 2187; x_wconf 84' lang='lat' dir='ltr'><strong>sententiam</strong></span> <span class='ocrx_word' id='word_1_265' title='bbox 1043 2168 1097 2196; x_wconf 84' lang='lat' dir='ltr'><strong>pa-</strong></span> 
     </span>
     <span class='ocr_line' id='line_1_46' title="bbox 374 2199 1095 2239; baseline 0.004 -12"><span class='ocrx_word' id='word_1_266' title='bbox 374 2207 442 2227; x_wconf 87' lang='lat' dir='ltr'><strong>rum</strong></span> <span class='ocrx_word' id='word_1_267' title='bbox 458 2199 597 2236; x_wconf 80' lang='lat' dir='ltr'><strong>interest,</strong></span> <span class='ocrx_word' id='word_1_268' title='bbox 609 2204 639 2230; x_wconf 87' lang='lat' dir='ltr'><strong>et</strong></span> <span class='ocrx_word' id='word_1_269' title='bbox 650 2200 749 2230; x_wconf 88' lang='lat' dir='ltr'><strong>videri</strong></span> <span class='ocrx_word' id='word_1_270' title='bbox 765 2200 890 2239; x_wconf 84' lang='lat' dir='ltr'><strong>possint</strong></span> <span class='ocrx_word' id='word_1_271' title='bbox 906 2210 922 2229; x_wconf 83' lang='lat' dir='ltr'><strong>a</strong></span> <span class='ocrx_word' id='word_1_272' title='bbox 937 2210 968 2239; x_wconf 84' lang='lat' dir='ltr'><strong>p.</strong></span> <span class='ocrx_word' id='word_1_273' title='bbox 978 2202 1053 2230; x_wconf 79' lang='lat'><strong>375.</strong></span> <span class='ocrx_word' id='word_1_274' title='bbox 1064 2203 1095 2230; x_wconf 88' lang='grc'><strong>8.</strong></span> 
     </span>
     <span class='ocr_line' id='line_1_47' title="bbox 375 2243 604 2280; baseline 0.013 -11"><span class='ocrx_word' id='word_1_275' title='bbox 375 2243 509 2280; x_wconf 84' lang='lat' dir='ltr'><strong>repetita</strong></span> <span class='ocrx_word' id='word_1_276' title='bbox 522 2253 604 2273; x_wconf 83' lang='lat' dir='ltr'><strong>esse.</strong></span> 
     </span>
    </p>

    <p class='ocr_par' dir='ltr' id='par_1_12' title="bbox 375 2284 1097 2370">
     <span class='ocr_line' id='line_1_48' title="bbox 420 2284 1097 2325; baseline 0.001 -10"><span class='ocrx_word' id='word_1_277' title='bbox 420 2289 496 2316; x_wconf 85' lang='lat'><strong>411.</strong></span> <span class='ocrx_word' id='word_1_278' title='bbox 512 2288 542 2316; x_wconf 68' lang='lat'><strong>⁶2.</strong></span> <span class='ocrx_word' id='word_1_279' title='bbox 563 2285 648 2325; x_wconf 86' lang='grc' dir='ltr'><strong><em>τότε]</em></strong></span> <span class='ocrx_word' id='word_1_280' title='bbox 668 2286 796 2316; x_wconf 88' lang='lat' dir='ltr'><strong>subaudi</strong></span> <span class='ocrx_word' id='word_1_281' title='bbox 812 2284 858 2315; x_wconf 74' lang='grc' dir='ltr'><strong><em>δ’τε</em></strong></span> <span class='ocrx_word' id='word_1_282' title='bbox 876 2285 1017 2316; x_wconf 75' lang='grc' dir='ltr'><strong>κολάσετε</strong></span> <span class='ocrx_word' id='word_1_283' title='bbox 1032 2285 1097 2316; x_wconf 81' lang='grc' dir='ltr'><strong><em>τού-</em></strong></span> 
     </span>
     <span class='ocr_line' id='line_1_49' title="bbox 375 2327 977 2370; baseline -0.003 -11"><span class='ocrx_word' id='word_1_284' title='bbox 375 2342 451 2365; x_wconf 80' lang='grc' dir='ltr'><strong><em>τους,</em></strong></span> <span class='ocrx_word' id='word_1_285' title='bbox 464 2328 511 2358; x_wconf 79' lang='grc' dir='ltr'><strong>καὶ</strong></span> <span class='ocrx_word' id='word_1_286' title='bbox 527 2328 737 2359; x_wconf 61' lang='grc' dir='ltr'><strong><em>ἔπιε-πείσεσθε</em></strong></span> <span class='ocrx_word' id='word_1_287' title='bbox 750 2329 816 2370; x_wconf 73' lang='grc' dir='ltr'><strong><em>πρὸς</em></strong></span> <span class='ocrx_word' id='word_1_288' title='bbox 826 2327 977 2368; x_wconf 64' lang='grc' dir='ltr'><strong><em>τιμωξίαν.</em></strong></span> 
     </span>
    </p>

    <p class='ocr_par' dir='ltr' id='par_1_13' title="bbox 372 2371 1097 2576">
     <span class='ocr_line' id='line_1_50' title="bbox 418 2371 1096 2412; baseline -0.001 -10"><span class='ocrx_word' id='word_1_289' title='bbox 418 2390 462 2395; x_wconf 83' lang='lat'><strong>-—</strong></span> <span class='ocrx_word' id='word_1_290' title='bbox 476 2374 506 2402; x_wconf 80' lang='lat'><strong>5.</strong></span> <span class='ocrx_word' id='word_1_291' title='bbox 523 2372 630 2403; x_wconf 67' lang='grc' dir='ltr'><strong><em>παθεῖν</em></strong></span> <span class='ocrx_word' id='word_1_292' title='bbox 646 2371 792 2412; x_wconf 68' lang='grc' dir='ltr'><strong><em>ἀναμένειν</em></strong></span> <span class='ocrx_word' id='word_1_293' title='bbox 812 2375 852 2403; x_wconf 74' lang='grc' dir='ltr'><strong><em>τὰ</em></strong></span> <span class='ocrx_word' id='word_1_294' title='bbox 879 2371 965 2411; x_wconf 74' lang='grc' dir='ltr'><strong><em>δεινὰ]</em></strong></span> <span class='ocrx_word' id='word_1_295' title='bbox 990 2372 1021 2401; x_wconf 88' lang='lat' dir='ltr'><strong>id</strong></span> <span class='ocrx_word' id='word_1_296' title='bbox 1038 2375 1096 2406; x_wconf 86' lang='lat' dir='ltr'><strong>est,</strong></span> 
     </span>
     <span class='ocr_line' id='line_1_51' title="bbox 375 2414 1096 2453; baseline -0.001 -7"><span class='ocrx_word' id='word_1_297' title='bbox 375 2414 520 2453; x_wconf 67' lang='grc' dir='ltr'><strong><em>ἀναμένειν</em></strong></span> <span class='ocrx_word' id='word_1_298' title='bbox 535 2414 569 2444; x_wconf 81' lang='grc' dir='ltr'><strong>τὸ</strong></span> <span class='ocrx_word' id='word_1_299' title='bbox 590 2415 714 2450; x_wconf 60' lang='grc' dir='ltr'><strong><em>«παθεῖν,</em></strong></span> <span class='ocrx_word' id='word_1_300' title='bbox 739 2417 788 2446; x_wconf 85' lang='lat' dir='ltr'><strong>vel</strong></span> <span class='ocrx_word' id='word_1_301' title='bbox 812 2416 860 2446; x_wconf 66' lang='grc' dir='ltr'><strong>τὴν</strong></span> <span class='ocrx_word' id='word_1_302' title='bbox 884 2416 935 2446; x_wconf 79' lang='grc' dir='ltr'><strong>τοῦ</strong></span> <span class='ocrx_word' id='word_1_303' title='bbox 959 2417 999 2444; x_wconf 70' lang='grc' dir='ltr'><strong>τὰ</strong></span> <span class='ocrx_word' id='word_1_304' title='bbox 1024 2415 1096 2445; x_wconf 71' lang='grc' dir='ltr'><strong><em>δεινὰ</em></strong></span> 
     </span>
     <span class='ocr_line' id='line_1_52' title="bbox 375 2457 1096 2498; baseline -0.003 -9"><span class='ocrx_word' id='word_1_305' title='bbox 375 2457 475 2489; x_wconf 74' lang='grc' dir='ltr'><strong><em>παθεῖν</em></strong></span> <span class='ocrx_word' id='word_1_306' title='bbox 490 2458 621 2496; x_wconf 76' lang='grc' dir='ltr'><strong><em>ἀνάγκην.</em></strong></span> <span class='ocrx_word' id='word_1_307' title='bbox 643 2459 783 2498; x_wconf 82' lang='lat' dir='ltr'><strong>opperiri</strong></span> <span class='ocrx_word' id='word_1_308' title='bbox 805 2459 1017 2488; x_wconf 79' lang='lat' dir='ltr'><strong>tolerationem</strong></span> <span class='ocrx_word' id='word_1_309' title='bbox 1033 2469 1096 2488; x_wconf 82' lang='lat' dir='ltr'><strong>ma-</strong></span> 
     </span>
     <span class='ocr_line' id='line_1_53' title="bbox 374 2502 1097 2541; baseline 0 -10"><span class='ocrx_word' id='word_1_310' title='bbox 374 2502 473 2531; x_wconf 84' lang='lat' dir='ltr'><strong>lorum</strong></span> <span class='ocrx_word' id='word_1_311' title='bbox 488 2502 600 2541; x_wconf 82' lang='lat' dir='ltr'><strong>ipsam,</strong></span> <span class='ocrx_word' id='word_1_312' title='bbox 619 2502 670 2532; x_wconf 88' lang='lat' dir='ltr'><strong>vel</strong></span> <span class='ocrx_word' id='word_1_313' title='bbox 691 2503 908 2533; x_wconf 81' lang='lat' dir='ltr'><strong>necessitatem</strong></span> <span class='ocrx_word' id='word_1_314' title='bbox 925 2502 1003 2532; x_wconf 84' lang='lat' dir='ltr'><strong>mala</strong></span> <span class='ocrx_word' id='word_1_315' title='bbox 1019 2502 1097 2531; x_wconf 85' lang='lat' dir='ltr'><strong>tole-</strong></span> 
     </span>
     <span class='ocr_line' id='line_1_54' title="bbox 372 2545 470 2576; baseline -0.02 0"><span class='ocrx_word' id='word_1_316' title='bbox 372 2545 470 2576; x_wconf 80' lang='lat' dir='ltr'><strong>randi.</strong></span> 
     </span>
    </p>

    <p class='ocr_par' dir='ltr' id='par_1_14' title="bbox 371 2586 1096 3017">
     <span class='ocr_line' id='line_1_55' title="bbox 415 2586 1095 2629; baseline 0.001 -12"><span class='ocrx_word' id='word_1_317' title='bbox 415 2605 460 2610; x_wconf 87' lang='lat'><strong>——-</strong></span> <span class='ocrx_word' id='word_1_318' title='bbox 475 2589 506 2617; x_wconf 97' lang='lat'><strong>6.</strong></span> <span class='ocrx_word' id='word_1_319' title='bbox 538 2587 567 2617; x_wconf 81' lang='grc' dir='ltr'><strong>οὺ</strong></span> <span class='ocrx_word' id='word_1_320' title='bbox 597 2587 801 2626; x_wconf 67' lang='grc' dir='ltr'><strong>φυλάττεσθε,</strong></span> <span class='ocrx_word' id='word_1_321' title='bbox 831 2586 890 2618; x_wconf 73' lang='grc' dir='ltr'><strong>οὐδὲ</strong></span> <span class='ocrx_word' id='word_1_322' title='bbox 919 2586 1095 2629; x_wconf 66' lang='grc' dir='ltr'><strong><em>φξοντίζετε]</em></strong></span> 
     </span>
     <span class='ocr_line' id='line_1_56' title="bbox 372 2630 1096 2671; baseline -0.001 -10"><span class='ocrx_word' id='word_1_323' title='bbox 372 2630 496 2670; x_wconf 74' lang='lat' dir='ltr'><strong>praetuli</strong></span> <span class='ocrx_word' id='word_1_324' title='bbox 512 2630 541 2660; x_wconf 82' lang='grc' dir='ltr'><strong>οὗ</strong></span> <span class='ocrx_word' id='word_1_325' title='bbox 556 2630 779 2670; x_wconf 62' lang='grc' dir='ltr'><strong><em>φυλάττεσθαι,</em></strong></span> <span class='ocrx_word' id='word_1_326' title='bbox 792 2630 851 2662; x_wconf 77' lang='grc' dir='ltr'><strong>οὐδὲ</strong></span> <span class='ocrx_word' id='word_1_327' title='bbox 867 2630 1026 2671; x_wconf 78' lang='grc' dir='ltr'><strong><em>φροντίζειν.</em></strong></span> <span class='ocrx_word' id='word_1_328' title='bbox 1042 2632 1096 2670; x_wconf 90' lang='lat' dir='ltr'><strong>qui</strong></span> 
     </span>
     <span class='ocr_line' id='line_1_57' title="bbox 372 2673 1094 2712; baseline 0.001 -8"><span class='ocrx_word' id='word_1_329' title='bbox 372 2673 518 2704; x_wconf 85' lang='lat' dir='ltr'><strong>infinitivi</strong></span> <span class='ocrx_word' id='word_1_330' title='bbox 540 2674 604 2712; x_wconf 84' lang='lat' dir='ltr'><strong>apti</strong></span> <span class='ocrx_word' id='word_1_331' title='bbox 627 2678 697 2704; x_wconf 89' lang='lat' dir='ltr'><strong>sunt</strong></span> <span class='ocrx_word' id='word_1_332' title='bbox 719 2686 736 2704; x_wconf 91' lang='lat' dir='ltr'><strong>e</strong></span> <span class='ocrx_word' id='word_1_333' title='bbox 761 2675 867 2705; x_wconf 76' lang='grc' dir='ltr'><strong><em>δοκεῖτε</em></strong></span> <span class='ocrx_word' id='word_1_334' title='bbox 884 2685 977 2704; x_wconf 86' lang='lat' dir='ltr'><strong>versu</strong></span> <span class='ocrx_word' id='word_1_335' title='bbox 993 2678 1024 2705; x_wconf 78' lang='lat'><strong>4.</strong></span> <span class='ocrx_word' id='word_1_336' title='bbox 1045 2675 1094 2705; x_wconf 89' lang='lat' dir='ltr'><strong>vel</strong></span> 
     </span>
     <span class='ocr_line' id='line_1_58' title="bbox 373 2716 1094 2757; baseline 0.001 -10"><span class='ocrx_word' id='word_1_337' title='bbox 373 2717 480 2757; x_wconf 84' lang='lat' dir='ltr'><strong>potius</strong></span> <span class='ocrx_word' id='word_1_338' title='bbox 494 2717 543 2747; x_wconf 80' lang='grc' dir='ltr'><strong>οὐκ.</strong></span> <span class='ocrx_word' id='word_1_339' title='bbox 556 2716 651 2747; x_wconf 68' lang='grc' dir='ltr'><strong><em>οἴεσθε</em></strong></span> <span class='ocrx_word' id='word_1_340' title='bbox 667 2716 743 2747; x_wconf 73' lang='grc' dir='ltr'><strong><em>δεινὸν</em></strong></span> <span class='ocrx_word' id='word_1_341' title='bbox 765 2717 832 2748; x_wconf 66' lang='grc' dir='ltr'><strong><em>εῖναι</em></strong></span> <span class='ocrx_word' id='word_1_342' title='bbox 853 2727 944 2747; x_wconf 85' lang='lat' dir='ltr'><strong>versu</strong></span> <span class='ocrx_word' id='word_1_343' title='bbox 963 2719 993 2747; x_wconf 81' lang='lat'><strong>8.</strong></span> <span class='ocrx_word' id='word_1_344' title='bbox 1007 2717 1094 2757; x_wconf 86' lang='lat' dir='ltr'><strong>prius</strong></span> 
     </span>
     <span class='ocr_line' id='line_1_59' title="bbox 373 2759 1096 2802; baseline 0 -11"><span class='ocrx_word' id='word_1_345' title='bbox 373 2761 400 2791; x_wconf 88' lang='lat' dir='ltr'><strong>si</strong></span> <span class='ocrx_word' id='word_1_346' title='bbox 415 2760 732 2800; x_wconf 83' lang='lat' dir='ltr'><strong>volumus,figendum</strong></span> <span class='ocrx_word' id='word_1_347' title='bbox 748 2761 805 2790; x_wconf 87' lang='lat' dir='ltr'><strong>crit</strong></span> <span class='ocrx_word' id='word_1_348' title='bbox 821 2771 900 2800; x_wconf 82' lang='lat' dir='ltr'><strong>pone</strong></span> <span class='ocrx_word' id='word_1_349' title='bbox 916 2759 1096 2802; x_wconf 75' lang='grc' dir='ltr'><strong><em>ἀδικουμένης</em></strong></span> 
     </span>
     <span class='ocr_line' id='line_1_60' title="bbox 373 2803 1094 2843; baseline -0.001 -8"><span class='ocrx_word' id='word_1_350' title='bbox 373 2815 467 2836; x_wconf 87' lang='lat' dir='ltr'><strong>versu</strong></span> <span class='ocrx_word' id='word_1_351' title='bbox 482 2806 514 2834; x_wconf 77' lang='lat'><strong>⁷.</strong></span> <span class='ocrx_word' id='word_1_352' title='bbox 539 2808 685 2843; x_wconf 84' lang='lat' dir='ltr'><strong>punctum</strong></span> <span class='ocrx_word' id='word_1_353' title='bbox 707 2808 738 2833; x_wconf 89' lang='lat' dir='ltr'><strong>et</strong></span> <span class='ocrx_word' id='word_1_354' title='bbox 761 2805 799 2834; x_wconf 80' lang='lat' dir='ltr'><strong>ad</strong></span> <span class='ocrx_word' id='word_1_355' title='bbox 825 2803 1019 2843; x_wconf 83' lang='lat' dir='ltr'><strong>insequentia</strong></span> <span class='ocrx_word' id='word_1_356' title='bbox 1047 2805 1094 2834; x_wconf 76' lang='grc' dir='ltr'><strong>οὐκ</strong></span> 
     </span>
     <span class='ocr_line' id='line_1_61' title="bbox 372 2845 1094 2883; baseline -0.003 -5"><span class='ocrx_word' id='word_1_357' title='bbox 372 2847 469 2878; x_wconf 66' lang='grc' dir='ltr'><strong><em>οἴεσθε</em></strong></span> <span class='ocrx_word' id='word_1_358' title='bbox 493 2845 572 2877; x_wconf 81' lang='grc' dir='ltr'><strong><em>δεινόν</em></strong></span> <span class='ocrx_word' id='word_1_359' title='bbox 586 2845 655 2878; x_wconf 70' lang='grc' dir='ltr'><strong><em>εἶναι</em></strong></span> <span class='ocrx_word' id='word_1_360' title='bbox 685 2846 929 2877; x_wconf 82' lang='lat' dir='ltr'><strong>subaudiendum</strong></span> <span class='ocrx_word' id='word_1_361' title='bbox 959 2848 1055 2883; x_wconf 77' lang='grc' dir='ltr'><strong><em>τοῦτο,</em></strong></span> <span class='ocrx_word' id='word_1_362' title='bbox 1081 2845 1094 2877; x_wconf 76' lang='lat'>8</span> 
     </span>
     <span class='ocr_line' id='line_1_62' title="bbox 371 2889 1093 2931; baseline 0 -11"><span class='ocrx_word' id='word_1_363' title='bbox 371 2892 412 2921; x_wconf 74' lang='grc' dir='ltr'><strong>νῦν</strong></span> <span class='ocrx_word' id='word_1_364' title='bbox 423 2889 483 2931; x_wconf 79' lang='grc' dir='ltr'><strong>ἐρῶ,</strong></span> <span class='ocrx_word' id='word_1_365' title='bbox 498 2891 539 2920; x_wconf 87' lang='lat' dir='ltr'><strong>de</strong></span> <span class='ocrx_word' id='word_1_366' title='bbox 555 2890 703 2929; x_wconf 83' lang='lat' dir='ltr'><strong>Pythocle</strong></span> <span class='ocrx_word' id='word_1_367' title='bbox 717 2901 840 2930; x_wconf 84' lang='lat' dir='ltr'><strong>nempe.</strong></span> <span class='ocrx_word' id='word_1_368' title='bbox 857 2900 916 2920; x_wconf 88' lang='lat' dir='ltr'><strong>non</strong></span> <span class='ocrx_word' id='word_1_369' title='bbox 927 2890 998 2926; x_wconf 88' lang='lat' dir='ltr'><strong>hoc,</strong></span> <span class='ocrx_word' id='word_1_370' title='bbox 1009 2891 1093 2930; x_wconf 80' lang='lat' dir='ltr'><strong>quod.</strong></span> 
     </span>
     <span class='ocr_line' id='line_1_63' title="bbox 371 2934 1092 2973; baseline 0 -9"><span class='ocrx_word' id='word_1_371' title='bbox 371 2945 454 2964; x_wconf 88' lang='lat' dir='ltr'><strong>nunc</strong></span> <span class='ocrx_word' id='word_1_372' title='bbox 464 2934 566 2965; x_wconf 85' lang='lat' dir='ltr'><strong>statim</strong></span> <span class='ocrx_word' id='word_1_373' title='bbox 578 2934 679 2964; x_wconf 85' lang='lat' dir='ltr'><strong>dicam</strong></span> <span class='ocrx_word' id='word_1_374' title='bbox 695 2934 734 2963; x_wconf 88' lang='lat' dir='ltr'><strong>de</strong></span> <span class='ocrx_word' id='word_1_375' title='bbox 751 2934 915 2973; x_wconf 81' lang='lat' dir='ltr'><strong>Pythocle‚</strong></span> <span class='ocrx_word' id='word_1_376' title='bbox 925 2943 1021 2973; x_wconf 79' lang='lat' dir='ltr'><strong>grave</strong></span> <span class='ocrx_word' id='word_1_377' title='bbox 1039 2944 1092 2964; x_wconf 89' lang='lat' dir='ltr'><strong>vo-</strong></span> 
     </span>
     <span class='ocr_line' id='line_1_64' title="bbox 373 2976 818 3017; baseline -0.004 -9"><span class='ocrx_word' id='word_1_378' title='bbox 373 2977 423 3008; x_wconf 85' lang='lat' dir='ltr'><strong>bis</strong></span> <span class='ocrx_word' id='word_1_379' title='bbox 436 2977 654 3017; x_wconf 86' lang='lat' dir='ltr'><strong>insandumque</strong></span> <span class='ocrx_word' id='word_1_380' title='bbox 671 2976 793 3008; x_wconf 87' lang='lat' dir='ltr'><strong>videtur</strong></span> <span class='ocrx_word' id='word_1_381' title='bbox 805 2976 818 3006; x_wconf 69' lang='grc' dir='ltr'><strong>’ἓ</strong></span> 
     </span>
    </p>

    <p class='ocr_par' dir='ltr' id='par_1_15' title="bbox 413 3019 1091 3062">
     <span class='ocr_line' id='line_1_65' title="bbox 413 3019 1091 3062; baseline -0.001 -11"><span class='ocrx_word' id='word_1_382' title='bbox 413 3038 457 3046; x_wconf 84' lang='lat'><strong>-—</strong></span> <span class='ocrx_word' id='word_1_383' title='bbox 470 3023 521 3053; x_wconf 87' lang='lat'><strong>19.</strong></span> <span class='ocrx_word' id='word_1_384' title='bbox 533 3019 620 3055; x_wconf 81' lang='grc' dir='ltr'><strong><em>οὕτως</em></strong></span> <span class='ocrx_word' id='word_1_385' title='bbox 628 3019 731 3062; x_wconf 64' lang='grc' dir='ltr'><strong><em>ἀκριβῆ</em></strong></span> <span class='ocrx_word' id='word_1_386' title='bbox 745 3019 804 3061; x_wconf 90' lang='lat'><strong>—-]</strong></span> <span class='ocrx_word' id='word_1_387' title='bbox 819 3020 1036 3052; x_wconf 79' lang='lat' dir='ltr'><strong>subobscurior</strong></span> <span class='ocrx_word' id='word_1_388' title='bbox 1044 3020 1091 3050; x_wconf 80' lang='lat' dir='ltr'><strong>di-</strong></span> 
     </span>
    </p>
   </div>
   <div class='ocr_carea' id='block_1_3' title="bbox 1122 201 1451 244">
    <p class='ocr_par' dir='ltr' id='par_1_16' title="bbox 1122 201 1451 244">
     <span class='ocr_line' id='line_1_66' title="bbox 1122 201 1451 244; baseline 0.006 -2"><span class='ocrx_word' id='word_1_389' title='bbox 1122 201 1451 244; x_wconf 86' lang='lat' dir='ltr'><strong>ANNOTATA</strong></span> 
     </span>
    </p>
   </div>
   <div class='ocr_carea' id='block_1_4' title="bbox 1120 301 1855 3060">
    <p class='ocr_par' dir='ltr' id='par_1_17' title="bbox 1120 301 1842 1076">
     <span class='ocr_line' id='line_1_67' title="bbox 1121 301 1839 346; baseline -0.004 -11"><span class='ocrx_word' id='word_1_390' title='bbox 1121 304 1196 340; x_wconf 81' lang='lat' dir='ltr'><strong>etin,</strong></span> <span class='ocrx_word' id='word_1_391' title='bbox 1211 304 1320 338; x_wconf 75' lang='grc' dir='ltr'><strong><em>τούτοις</em></strong></span> <span class='ocrx_word' id='word_1_392' title='bbox 1333 305 1456 346; x_wconf 74' lang='grc' dir='ltr'><strong><em>υπάρχει</em></strong></span> <span class='ocrx_word' id='word_1_393' title='bbox 1471 303 1586 344; x_wconf 72' lang='grc' dir='ltr'><strong><em>ἀκριβὴς</em></strong></span> <span class='ocrx_word' id='word_1_394' title='bbox 1601 301 1669 344; x_wconf 70' lang='grc' dir='ltr'><strong>παρ’</strong></span> <span class='ocrx_word' id='word_1_395' title='bbox 1684 301 1781 333; x_wconf 76' lang='grc' dir='ltr'><strong><em>ἐκείνου</em></strong></span> <span class='ocrx_word' id='word_1_396' title='bbox 1794 302 1839 332; x_wconf 60' lang='lat'><strong>23¹-</strong></span> 
     </span>
     <span class='ocr_line' id='line_1_68' title="bbox 1121 345 1839 389; baseline -0.003 -12"><span class='ocrx_word' id='word_1_397' title='bbox 1121 347 1229 381; x_wconf 65' lang='grc' dir='ltr'><strong><em>σθησις</em></strong></span> <span class='ocrx_word' id='word_1_398' title='bbox 1240 347 1305 388; x_wconf 73' lang='grc' dir='ltr'><strong><em>πρὸς</em></strong></span> <span class='ocrx_word' id='word_1_399' title='bbox 1319 347 1452 389; x_wconf 71' lang='grc' dir='ltr'><strong><em>ἑκάτερα,</em></strong></span> <span class='ocrx_word' id='word_1_400' title='bbox 1478 348 1552 383; x_wconf 83' lang='lat' dir='ltr'><strong>inis,</strong></span> <span class='ocrx_word' id='word_1_401' title='bbox 1576 347 1682 377; x_wconf 79' lang='lat' dir='ltr'><strong>amicis</strong></span> <span class='ocrx_word' id='word_1_402' title='bbox 1697 345 1839 386; x_wconf 84' lang='lat' dir='ltr'><strong>Philippi</strong></span> 
     </span>
     <span class='ocr_line' id='line_1_69' title="bbox 1120 390 1838 430; baseline -0.003 -10"><span class='ocrx_word' id='word_1_403' title='bbox 1120 395 1208 430; x_wconf 84' lang='lat' dir='ltr'><strong>puta,</strong></span> <span class='ocrx_word' id='word_1_404' title='bbox 1225 390 1305 420; x_wconf 89' lang='lat' dir='ltr'><strong>inest</strong></span> <span class='ocrx_word' id='word_1_405' title='bbox 1329 401 1436 421; x_wconf 80' lang='lat' dir='ltr'><strong>sensus</strong></span> <span class='ocrx_word' id='word_1_406' title='bbox 1460 391 1498 420; x_wconf 86' lang='lat' dir='ltr'><strong>ab</strong></span> <span class='ocrx_word' id='word_1_407' title='bbox 1525 401 1575 426; x_wconf 88' lang='lat' dir='ltr'><strong>eo,</strong></span> <span class='ocrx_word' id='word_1_408' title='bbox 1594 390 1755 428; x_wconf 88' lang='lat' dir='ltr'><strong>Philippo,</strong></span> <span class='ocrx_word' id='word_1_409' title='bbox 1776 392 1838 418; x_wconf 73' lang='lat' dir='ltr'><strong>tam</strong></span> 
     </span>
     <span class='ocr_line' id='line_1_70' title="bbox 1121 432 1840 472; baseline -0.004 -9"><span class='ocrx_word' id='word_1_410' title='bbox 1121 444 1191 463; x_wconf 85' lang='lat' dir='ltr'><strong>acer</strong></span> <span class='ocrx_word' id='word_1_411' title='bbox 1207 438 1238 463; x_wconf 92' lang='lat' dir='ltr'><strong>et</strong></span> <span class='ocrx_word' id='word_1_412' title='bbox 1261 434 1397 470; x_wconf 85' lang='lat' dir='ltr'><strong>subtilis,</strong></span> <span class='ocrx_word' id='word_1_413' title='bbox 1421 435 1458 464; x_wconf 84' lang='lat' dir='ltr'><strong>ad</strong></span> <span class='ocrx_word' id='word_1_414' title='bbox 1483 438 1658 472; x_wconf 88' lang='lat' dir='ltr'><strong>utrumque,</strong></span> <span class='ocrx_word' id='word_1_415' title='bbox 1681 432 1785 463; x_wconf 88' lang='lat' dir='ltr'><strong>odium</strong></span> <span class='ocrx_word' id='word_1_416' title='bbox 1809 436 1840 460; x_wconf 84' lang='lat' dir='ltr'><strong>et</strong></span> 
     </span>
     <span class='ocr_line' id='line_1_71' title="bbox 1121 473 1842 516; baseline -0.004 -10"><span class='ocrx_word' id='word_1_417' title='bbox 1121 476 1296 512; x_wconf 77' lang='lat' dir='ltr'><strong>amicitiam,</strong></span> <span class='ocrx_word' id='word_1_418' title='bbox 1314 477 1438 507; x_wconf 87' lang='lat' dir='ltr'><strong>videtur</strong></span> <span class='ocrx_word' id='word_1_419' title='bbox 1453 477 1512 507; x_wconf 88' lang='lat' dir='ltr'><strong>hoc</strong></span> <span class='ocrx_word' id='word_1_420' title='bbox 1527 477 1700 516; x_wconf 76' lang='lat' dir='ltr'><strong>significare</strong></span> <span class='ocrx_word' id='word_1_421' title='bbox 1713 486 1720 505; x_wconf 89' lang='lat'><strong>:</strong></span> <span class='ocrx_word' id='word_1_422' title='bbox 1734 473 1842 514; x_wconf 79' lang='lat' dir='ltr'><strong>injecit</strong></span> 
     </span>
     <span class='ocr_line' id='line_1_72' title="bbox 1120 520 1838 560; baseline -0.004 -10"><span class='ocrx_word' id='word_1_423' title='bbox 1120 520 1184 550; x_wconf 85' lang='lat' dir='ltr'><strong>illis</strong></span> <span class='ocrx_word' id='word_1_424' title='bbox 1200 521 1251 560; x_wconf 87' lang='lat' dir='ltr'><strong>(ut</strong></span> <span class='ocrx_word' id='word_1_425' title='bbox 1266 530 1293 550; x_wconf 89' lang='lat' dir='ltr'><strong>e.</strong></span> <span class='ocrx_word' id='word_1_426' title='bbox 1306 531 1334 549; x_wconf 90' lang='lat' dir='ltr'><strong>c.</strong></span> <span class='ocrx_word' id='word_1_427' title='bbox 1352 520 1510 559; x_wconf 86' lang='lat' dir='ltr'><strong>AEschini)</strong></span> <span class='ocrx_word' id='word_1_428' title='bbox 1525 529 1645 550; x_wconf 84' lang='lat' dir='ltr'><strong>sensum</strong></span> <span class='ocrx_word' id='word_1_429' title='bbox 1660 523 1720 549; x_wconf 82' lang='lat' dir='ltr'><strong>tam</strong></span> <span class='ocrx_word' id='word_1_430' title='bbox 1737 528 1838 548; x_wconf 81' lang='lat' dir='ltr'><strong>aorem</strong></span> 
     </span>
     <span class='ocr_line' id='line_1_73' title="bbox 1121 562 1840 603; baseline -0.003 -11"><span class='ocrx_word' id='word_1_431' title='bbox 1121 563 1285 593; x_wconf 83' lang='lat' dir='ltr'><strong>affectuum</strong></span> <span class='ocrx_word' id='word_1_432' title='bbox 1301 565 1450 603; x_wconf 78' lang='lat' dir='ltr'><strong>cujusque</strong></span> <span class='ocrx_word' id='word_1_433' title='bbox 1466 562 1577 593; x_wconf 83' lang='lat' dir='ltr'><strong>civium</strong></span> <span class='ocrx_word' id='word_1_434' title='bbox 1594 562 1840 594; x_wconf 63' lang='lat' dir='ltr'><strong>Atheniensium„</strong></span> 
     </span>
     <span class='ocr_line' id='line_1_74' title="bbox 1122 603 1839 643; baseline -0.003 -8"><span class='ocrx_word' id='word_1_435' title='bbox 1122 610 1155 636; x_wconf 91' lang='lat' dir='ltr'><strong>ut</strong></span> <span class='ocrx_word' id='word_1_436' title='bbox 1171 617 1197 636; x_wconf 86' lang='lat' dir='ltr'><strong>e.</strong></span> <span class='ocrx_word' id='word_1_437' title='bbox 1214 617 1242 636; x_wconf 84' lang='lat' dir='ltr'><strong>e.</strong></span> <span class='ocrx_word' id='word_1_438' title='bbox 1264 606 1426 642; x_wconf 82' lang='lat' dir='ltr'><strong>Philoclis,</strong></span> <span class='ocrx_word' id='word_1_439' title='bbox 1443 612 1476 636; x_wconf 90' lang='lat' dir='ltr'><strong>ut</strong></span> <span class='ocrx_word' id='word_1_440' title='bbox 1497 605 1601 636; x_wconf 85' lang='lat' dir='ltr'><strong>statim</strong></span> <span class='ocrx_word' id='word_1_441' title='bbox 1625 615 1643 635; x_wconf 75' lang='lat' dir='ltr'><strong>a</strong></span> <span class='ocrx_word' id='word_1_442' title='bbox 1661 605 1755 635; x_wconf 77' lang='lat' dir='ltr'><strong>ooeeis</strong></span> <span class='ocrx_word' id='word_1_443' title='bbox 1771 603 1839 643; x_wconf 89' lang='lat' dir='ltr'><strong>qui-</strong></span> 
     </span>
     <span class='ocr_line' id='line_1_75' title="bbox 1122 647 1839 689; baseline -0.004 -11"><span class='ocrx_word' id='word_1_444' title='bbox 1122 650 1249 679; x_wconf 75' lang='lat' dir='ltr'><strong>busdam</strong></span> <span class='ocrx_word' id='word_1_445' title='bbox 1265 650 1358 685; x_wconf 85' lang='lat' dir='ltr'><strong>notis,</strong></span> <span class='ocrx_word' id='word_1_446' title='bbox 1378 658 1454 689; x_wconf 82' lang='lat' dir='ltr'><strong>quas</strong></span> <span class='ocrx_word' id='word_1_447' title='bbox 1469 650 1499 680; x_wconf 91' lang='lat' dir='ltr'><strong>in</strong></span> <span class='ocrx_word' id='word_1_448' title='bbox 1515 649 1614 679; x_wconf 79' lang='lat' dir='ltr'><strong>fronte</strong></span> <span class='ocrx_word' id='word_1_449' title='bbox 1631 647 1719 687; x_wconf 81' lang='lat' dir='ltr'><strong>quasi</strong></span> <span class='ocrx_word' id='word_1_450' title='bbox 1734 649 1839 686; x_wconf 87' lang='lat' dir='ltr'><strong>cujus-</strong></span> 
     </span>
     <span class='ocr_line' id='line_1_76' title="bbox 1121 689 1839 733; baseline -0.004 -11"><span class='ocrx_word' id='word_1_451' title='bbox 1121 702 1180 732; x_wconf 88' lang='lat' dir='ltr'><strong>que</strong></span> <span class='ocrx_word' id='word_1_452' title='bbox 1195 692 1328 732; x_wconf 82' lang='lat' dir='ltr'><strong>scriptas</strong></span> <span class='ocrx_word' id='word_1_453' title='bbox 1351 694 1468 733; x_wconf 85' lang='lat' dir='ltr'><strong>legunt,</strong></span> <span class='ocrx_word' id='word_1_454' title='bbox 1483 693 1676 731; x_wconf 72' lang='lat' dir='ltr'><strong>dignoscant,</strong></span> <span class='ocrx_word' id='word_1_455' title='bbox 1699 691 1752 730; x_wconf 88' lang='lat' dir='ltr'><strong>qui</strong></span> <span class='ocrx_word' id='word_1_456' title='bbox 1766 689 1839 720; x_wconf 84' lang='lat' dir='ltr'><strong>Phi·</strong></span> 
     </span>
     <span class='ocr_line' id='line_1_77' title="bbox 1121 733 1838 776; baseline -0.003 -12"><span class='ocrx_word' id='word_1_457' title='bbox 1121 735 1208 774; x_wconf 89' lang='lat' dir='ltr'><strong>lippo</strong></span> <span class='ocrx_word' id='word_1_458' title='bbox 1227 735 1369 772; x_wconf 80' lang='lat' dir='ltr'><strong>infestus,</strong></span> <span class='ocrx_word' id='word_1_459' title='bbox 1383 737 1436 776; x_wconf 87' lang='lat' dir='ltr'><strong>qui</strong></span> <span class='ocrx_word' id='word_1_460' title='bbox 1454 738 1522 776; x_wconf 89' lang='lat' dir='ltr'><strong>ejus</strong></span> <span class='ocrx_word' id='word_1_461' title='bbox 1538 734 1698 765; x_wconf 83' lang='lat' dir='ltr'><strong>studiosus</strong></span> <span class='ocrx_word' id='word_1_462' title='bbox 1715 733 1764 763; x_wconf 74' lang='lat' dir='ltr'><strong>sit.</strong></span> <span class='ocrx_word' id='word_1_463' title='bbox 1777 743 1838 772; x_wconf 87' lang='lat' dir='ltr'><strong>quo</strong></span> 
     </span>
     <span class='ocr_line' id='line_1_78' title="bbox 1122 779 1837 815; baseline -0.006 -6"><span class='ocrx_word' id='word_1_464' title='bbox 1122 783 1174 809; x_wconf 82' lang='lat' dir='ltr'><strong>ant</strong></span> <span class='ocrx_word' id='word_1_465' title='bbox 1188 779 1276 808; x_wconf 89' lang='lat' dir='ltr'><strong>illum</strong></span> <span class='ocrx_word' id='word_1_466' title='bbox 1299 779 1405 815; x_wconf 86' lang='lat' dir='ltr'><strong>vitent,</strong></span> <span class='ocrx_word' id='word_1_467' title='bbox 1427 785 1480 809; x_wconf 86' lang='lat' dir='ltr'><strong>ant.</strong></span> <span class='ocrx_word' id='word_1_468' title='bbox 1505 779 1586 809; x_wconf 89' lang='lat' dir='ltr'><strong>huno</strong></span> <span class='ocrx_word' id='word_1_469' title='bbox 1611 781 1837 808; x_wconf 76' lang='lat' dir='ltr'><strong>consectentur.</strong></span> 
     </span>
     <span class='ocr_line' id='line_1_79' title="bbox 1122 821 1840 860; baseline -0.007 -7"><span class='ocrx_word' id='word_1_470' title='bbox 1122 825 1174 853; x_wconf 80' lang='lat' dir='ltr'><strong>aut</strong></span> <span class='ocrx_word' id='word_1_471' title='bbox 1185 821 1242 851; x_wconf 84' lang='lat' dir='ltr'><strong>hoc</strong></span> <span class='ocrx_word' id='word_1_472' title='bbox 1255 833 1262 851; x_wconf 91' lang='lat'>:</span> <span class='ocrx_word' id='word_1_473' title='bbox 1277 822 1320 852; x_wconf 83' lang='lat' dir='ltr'><strong>ita</strong></span> <span class='ocrx_word' id='word_1_474' title='bbox 1332 827 1510 853; x_wconf 74' lang='lat' dir='ltr'><strong>reverentur</strong></span> <span class='ocrx_word' id='word_1_475' title='bbox 1521 821 1712 860; x_wconf 82' lang='lat' dir='ltr'><strong>Philippum,</strong></span> <span class='ocrx_word' id='word_1_476' title='bbox 1723 825 1756 850; x_wconf 92' lang='lat' dir='ltr'><strong>ut</strong></span> <span class='ocrx_word' id='word_1_477' title='bbox 1769 829 1840 858; x_wconf 84' lang='lat' dir='ltr'><strong>per-</strong></span> 
     </span>
     <span class='ocr_line' id='line_1_80' title="bbox 1122 865 1841 902; baseline -0.004 -7"><span class='ocrx_word' id='word_1_478' title='bbox 1122 874 1244 895; x_wconf 87' lang='lat' dir='ltr'><strong>suasum</strong></span> <span class='ocrx_word' id='word_1_479' title='bbox 1258 865 1317 894; x_wconf 86' lang='lat' dir='ltr'><strong>sibi</strong></span> <span class='ocrx_word' id='word_1_480' title='bbox 1329 866 1467 901; x_wconf 78' lang='lat' dir='ltr'><strong>habeant,</strong></span> <span class='ocrx_word' id='word_1_481' title='bbox 1477 875 1557 900; x_wconf 86' lang='lat' dir='ltr'><strong>enm,</strong></span> <span class='ocrx_word' id='word_1_482' title='bbox 1568 866 1723 895; x_wconf 83' lang='lat' dir='ltr'><strong>absentem</strong></span> <span class='ocrx_word' id='word_1_483' title='bbox 1733 872 1841 902; x_wconf 75' lang='lat' dir='ltr'><strong>quam·</strong></span> 
     </span>
     <span class='ocr_line' id='line_1_81' title="bbox 1123 907 1841 947; baseline -0.001 -12"><span class='ocrx_word' id='word_1_484' title='bbox 1123 907 1183 943; x_wconf 89' lang='lat' dir='ltr'><strong>vis,</strong></span> <span class='ocrx_word' id='word_1_485' title='bbox 1202 907 1329 946; x_wconf 87' lang='lat' dir='ltr'><strong>perinde</strong></span> <span class='ocrx_word' id='word_1_486' title='bbox 1345 913 1435 947; x_wconf 86' lang='lat' dir='ltr'><strong>atque</strong></span> <span class='ocrx_word' id='word_1_487' title='bbox 1450 908 1480 938; x_wconf 89' lang='lat' dir='ltr'><strong>in</strong></span> <span class='ocrx_word' id='word_1_488' title='bbox 1495 909 1570 938; x_wconf 85' lang='lat' dir='ltr'><strong>urbe</strong></span> <span class='ocrx_word' id='word_1_489' title='bbox 1582 911 1774 947; x_wconf 75' lang='lat' dir='ltr'><strong>praesentem,</strong></span> <span class='ocrx_word' id='word_1_490' title='bbox 1787 916 1841 934; x_wconf 88' lang='lat' dir='ltr'><strong>co-</strong></span> 
     </span>
     <span class='ocr_line' id='line_1_82' title="bbox 1122 949 1841 990; baseline -0.003 -11"><span class='ocrx_word' id='word_1_491' title='bbox 1122 960 1187 979; x_wconf 83' lang='lat' dir='ltr'><strong>ram</strong></span> <span class='ocrx_word' id='word_1_492' title='bbox 1199 960 1338 984; x_wconf 86' lang='lat' dir='ltr'><strong>cernere,</strong></span> <span class='ocrx_word' id='word_1_493' title='bbox 1356 951 1383 980; x_wconf 87' lang='lat' dir='ltr'><strong>si</strong></span> <span class='ocrx_word' id='word_1_494' title='bbox 1407 951 1476 990; x_wconf 81' lang='lat' dir='ltr'><strong>quis</strong></span> <span class='ocrx_word' id='word_1_495' title='bbox 1491 951 1552 981; x_wconf 87' lang='lat' dir='ltr'><strong>sihi</strong></span> <span class='ocrx_word' id='word_1_496' title='bbox 1564 951 1642 981; x_wconf 78' lang='lat' dir='ltr'><strong>olam</strong></span> <span class='ocrx_word' id='word_1_497' title='bbox 1658 949 1841 984; x_wconf 79' lang='lat' dir='ltr'><strong>malevolus,</strong></span> 
     </span>
     <span class='ocr_line' id='line_1_83' title="bbox 1124 992 1841 1029; baseline -0.003 -6"><span class='ocrx_word' id='word_1_498' title='bbox 1124 993 1192 1023; x_wconf 86' lang='lat' dir='ltr'><strong>sive</strong></span> <span class='ocrx_word' id='word_1_499' title='bbox 1209 994 1287 1022; x_wconf 90' lang='lat' dir='ltr'><strong>bona</strong></span> <span class='ocrx_word' id='word_1_500' title='bbox 1300 993 1360 1023; x_wconf 86' lang='lat' dir='ltr'><strong>lide</strong></span> <span class='ocrx_word' id='word_1_501' title='bbox 1375 993 1442 1023; x_wconf 87' lang='lat' dir='ltr'><strong>sibi·</strong></span> <span class='ocrx_word' id='word_1_502' title='bbox 1450 993 1575 1024; x_wconf 82' lang='lat' dir='ltr'><strong>deditus</strong></span> <span class='ocrx_word' id='word_1_503' title='bbox 1589 993 1642 1029; x_wconf 88' lang='lat' dir='ltr'><strong>sit,</strong></span> <span class='ocrx_word' id='word_1_504' title='bbox 1657 992 1841 1022; x_wconf 84' lang='lat' dir='ltr'><strong>animorum-</strong></span> 
     </span>
     <span class='ocr_line' id='line_1_84' title="bbox 1124 1035 1711 1076; baseline 0 -10"><span class='ocrx_word' id='word_1_505' title='bbox 1124 1046 1182 1075; x_wconf 89' lang='lat' dir='ltr'><strong>que</strong></span> <span class='ocrx_word' id='word_1_506' title='bbox 1196 1037 1345 1076; x_wconf 89' lang='lat' dir='ltr'><strong>cujusque</strong></span> <span class='ocrx_word' id='word_1_507' title='bbox 1361 1047 1471 1066; x_wconf 87' lang='lat' dir='ltr'><strong>sensns</strong></span> <span class='ocrx_word' id='word_1_508' title='bbox 1486 1035 1582 1066; x_wconf 79' lang='lat' dir='ltr'><strong>veluti</strong></span> <span class='ocrx_word' id='word_1_509' title='bbox 1596 1035 1711 1066; x_wconf 86' lang='lat' dir='ltr'><strong>rimari.</strong></span> 
     </span>
    </p>

    <p class='ocr_par' dir='ltr' id='par_1_18' title="bbox 1125 1077 1844 1250">
     <span class='ocr_line' id='line_1_85' title="bbox 1167 1077 1844 1120; baseline -0.003 -11"><span class='ocrx_word' id='word_1_510' title='bbox 1167 1082 1242 1110; x_wconf 71' lang='lat'><strong>412.</strong></span> <span class='ocrx_word' id='word_1_511' title='bbox 1261 1083 1289 1109; x_wconf 89' lang='lat'><strong>1.</strong></span> <span class='ocrx_word' id='word_1_512' title='bbox 1303 1079 1407 1120; x_wconf 74' lang='grc' dir='ltr'><strong><em>μηδὲν]</em></strong></span> <span class='ocrx_word' id='word_1_513' title='bbox 1428 1079 1550 1118; x_wconf 71' lang='lat' dir='ltr'><strong>praetu&#39;li</strong></span> <span class='ocrx_word' id='word_1_514' title='bbox 1571 1077 1667 1118; x_wconf 79' lang='grc' dir='ltr'><strong><em>μηδέν’</em></strong></span> <span class='ocrx_word' id='word_1_515' title='bbox 1681 1088 1751 1108; x_wconf 85' lang='lat' dir='ltr'><strong>cum</strong></span> <span class='ocrx_word' id='word_1_516' title='bbox 1769 1087 1844 1117; x_wconf 87' lang='lat' dir='ltr'><strong>apo-</strong></span> 
     </span>
     <span class='ocr_line' id='line_1_86' title="bbox 1125 1121 1844 1163; baseline -0.001 -12"><span class='ocrx_word' id='word_1_517' title='bbox 1125 1123 1262 1161; x_wconf 87' lang='lat' dir='ltr'><strong>stropho,</strong></span> <span class='ocrx_word' id='word_1_518' title='bbox 1289 1133 1343 1162; x_wconf 88' lang='lat' dir='ltr'><strong>pro</strong></span> <span class='ocrx_word' id='word_1_519' title='bbox 1369 1121 1488 1163; x_wconf 74' lang='grc' dir='ltr'><strong>μηδένα..</strong></span> <span class='ocrx_word' id='word_1_520' title='bbox 1509 1132 1692 1162; x_wconf 77' lang='lat' dir='ltr'><strong>quamquam</strong></span> <span class='ocrx_word' id='word_1_521' title='bbox 1718 1121 1844 1160; x_wconf 77' lang='lat' dir='ltr'><strong>vulgata</strong></span> 
     </span>
     <span class='ocr_line' id='line_1_87' title="bbox 1125 1165 1843 1204; baseline -0.003 -9"><span class='ocrx_word' id='word_1_522' title='bbox 1125 1175 1247 1204; x_wconf 78' lang='lat' dir='ltr'><strong>quoque</strong></span> <span class='ocrx_word' id='word_1_523' title='bbox 1271 1165 1347 1195; x_wconf 90' lang='lat' dir='ltr'><strong>vitio</strong></span> <span class='ocrx_word' id='word_1_524' title='bbox 1367 1170 1462 1196; x_wconf 86' lang='lat' dir='ltr'><strong>caret.</strong></span> <span class='ocrx_word' id='word_1_525' title='bbox 1487 1170 1540 1196; x_wconf 80' lang='lat' dir='ltr'><strong>aut</strong></span> <span class='ocrx_word' id='word_1_526' title='bbox 1559 1169 1662 1204; x_wconf 88' lang='lat' dir='ltr'><strong>potest</strong></span> <span class='ocrx_word' id='word_1_527' title='bbox 1684 1169 1843 1203; x_wconf 87' lang='lat' dir='ltr'><strong>utrumque</strong></span> 
     </span>
     <span class='ocr_line' id='line_1_88' title="bbox 1125 1206 1791 1250; baseline -0.003 -12"><span class='ocrx_word' id='word_1_528' title='bbox 1125 1209 1262 1248; x_wconf 79' lang='lat' dir='ltr'><strong>copulari</strong></span> <span class='ocrx_word' id='word_1_529' title='bbox 1277 1207 1385 1247; x_wconf 66' lang='grc' dir='ltr'><strong><em>μηδένα</em></strong></span> <span class='ocrx_word' id='word_1_530' title='bbox 1402 1208 1485 1249; x_wconf 88' lang='lat' dir='ltr'><strong>[scil.</strong></span> <span class='ocrx_word' id='word_1_531' title='bbox 1501 1209 1594 1250; x_wconf 78' lang='grc' dir='ltr'><strong><em>ὑμῶν]</em></strong></span> <span class='ocrx_word' id='word_1_532' title='bbox 1610 1206 1698 1248; x_wconf 74' lang='grc' dir='ltr'><strong><em>μηδὲν</em></strong></span> <span class='ocrx_word' id='word_1_533' title='bbox 1710 1207 1791 1248; x_wconf 53' lang='lat' dir='ltr'><strong>elix&amp;</strong></span> 
     </span>
    </p>

    <p class='ocr_par' dir='ltr' id='par_1_19' title="bbox 1125 1250 1850 1842">
     <span class='ocr_line' id='line_1_89' title="bbox 1166 1250 1844 1294; baseline -0.004 -12"><span class='ocrx_word' id='word_1_534' title='bbox 1166 1255 1252 1282; x_wconf 83' lang='lat'><strong>—5.</strong></span> <span class='ocrx_word' id='word_1_535' title='bbox 1271 1254 1378 1292; x_wconf 79' lang='grc' dir='ltr'><strong><em>πρῶτον</em></strong></span> <span class='ocrx_word' id='word_1_536' title='bbox 1393 1251 1463 1294; x_wconf 81' lang='grc' dir='ltr'><strong><em>μὲν]</em></strong></span> <span class='ocrx_word' id='word_1_537' title='bbox 1482 1262 1542 1282; x_wconf 90' lang='lat' dir='ltr'><strong>non</strong></span> <span class='ocrx_word' id='word_1_538' title='bbox 1562 1251 1743 1290; x_wconf 79' lang='lat' dir='ltr'><strong>insequitur,</strong></span> <span class='ocrx_word' id='word_1_539' title='bbox 1759 1250 1844 1289; x_wconf 85' lang='lat' dir='ltr'><strong>quod</strong></span> 
     </span>
     <span class='ocr_line' id='line_1_90' title="bbox 1126 1292 1843 1346; baseline -0.003 -22"><span class='ocrx_word' id='word_1_540' title='bbox 1126 1294 1368 1346; x_wconf 76' lang='lat' dir='ltr'><strong>exspectabaS‚&#39;&#39;</strong></span> <span class='ocrx_word' id='word_1_541' title='bbox 1355 1307 1467 1331; x_wconf 73' lang='grc' dir='ltr'><strong><em>επειτα,</em></strong></span> <span class='ocrx_word' id='word_1_542' title='bbox 1487 1295 1537 1325; x_wconf 86' lang='lat' dir='ltr'><strong>vel</strong></span> <span class='ocrx_word' id='word_1_543' title='bbox 1558 1294 1678 1335; x_wconf 65' lang='lat' dir='ltr'><strong>Sexi-regor</strong></span> <span class='ocrx_word' id='word_1_544' title='bbox 1694 1292 1733 1325; x_wconf 76' lang='grc' dir='ltr'><strong>δέ.</strong></span> <span class='ocrx_word' id='word_1_545' title='bbox 1750 1303 1843 1332; x_wconf 81' lang='lat' dir='ltr'><strong>quare</strong></span> 
     </span>
     <span class='ocr_line' id='line_1_91' title="bbox 1126 1336 1846 1375; baseline -0.003 -7"><span class='ocrx_word' id='word_1_546' title='bbox 1126 1340 1213 1370; x_wconf 84' lang='lat' dir='ltr'><strong>uncis</strong></span> <span class='ocrx_word' id='word_1_547' title='bbox 1228 1339 1290 1368; x_wconf 86' lang='lat' dir='ltr'><strong>ista</strong></span> <span class='ocrx_word' id='word_1_548' title='bbox 1304 1338 1427 1375; x_wconf 85' lang='lat' dir='ltr'><strong>inclusi,</strong></span> <span class='ocrx_word' id='word_1_549' title='bbox 1440 1337 1542 1369; x_wconf 87' lang='lat' dir='ltr'><strong>saltim</strong></span> <span class='ocrx_word' id='word_1_550' title='bbox 1554 1336 1737 1368; x_wconf 83' lang='lat' dir='ltr'><strong>admonendi</strong></span> <span class='ocrx_word' id='word_1_551' title='bbox 1749 1336 1846 1366; x_wconf 84' lang='lat' dir='ltr'><strong>leoto-</strong></span> 
     </span>
     <span class='ocr_line' id='line_1_92' title="bbox 1125 1378 1846 1421; baseline -0.003 -11"><span class='ocrx_word' id='word_1_552' title='bbox 1125 1381 1168 1411; x_wconf 88' lang='lat' dir='ltr'><strong>ris</strong></span> <span class='ocrx_word' id='word_1_553' title='bbox 1183 1392 1258 1421; x_wconf 84' lang='lat' dir='ltr'><strong>ergo</strong></span> <span class='ocrx_word' id='word_1_554' title='bbox 1274 1382 1313 1411; x_wconf 89' lang='lat' dir='ltr'><strong>de</strong></span> <span class='ocrx_word' id='word_1_555' title='bbox 1331 1381 1407 1412; x_wconf 90' lang='lat' dir='ltr'><strong>vitio</strong></span> <span class='ocrx_word' id='word_1_556' title='bbox 1421 1382 1566 1421; x_wconf 83' lang='lat' dir='ltr'><strong>vulgatae.</strong></span> <span class='ocrx_word' id='word_1_557' title='bbox 1581 1385 1634 1411; x_wconf 87' lang='lat' dir='ltr'><strong>aut</strong></span> <span class='ocrx_word' id='word_1_558' title='bbox 1656 1379 1772 1410; x_wconf 88' lang='lat' dir='ltr'><strong>oblitus</strong></span> <span class='ocrx_word' id='word_1_559' title='bbox 1797 1378 1846 1409; x_wconf 87' lang='lat' dir='ltr'><strong>sni</strong></span> 
     </span>
     <span class='ocr_line' id='line_1_93' title="bbox 1125 1423 1848 1465; baseline -0.003 -11"><span class='ocrx_word' id='word_1_560' title='bbox 1125 1429 1230 1455; x_wconf 84' lang='lat' dir='ltr'><strong>orator</strong></span> <span class='ocrx_word' id='word_1_561' title='bbox 1243 1425 1397 1465; x_wconf 87' lang='lat' dir='ltr'><strong>complere</strong></span> <span class='ocrx_word' id='word_1_562' title='bbox 1413 1424 1596 1455; x_wconf 84' lang='lat' dir='ltr'><strong>sententiam</strong></span> <span class='ocrx_word' id='word_1_563' title='bbox 1606 1423 1781 1458; x_wconf 83' lang='lat' dir='ltr'><strong>intermisit,</strong></span> <span class='ocrx_word' id='word_1_564' title='bbox 1794 1427 1848 1452; x_wconf 80' lang='lat' dir='ltr'><strong>aut</strong></span> 
     </span>
     <span class='ocr_line' id='line_1_94' title="bbox 1125 1465 1844 1507; baseline -0.003 -10"><span class='ocrx_word' id='word_1_565' title='bbox 1125 1466 1202 1497; x_wconf 85' lang='lat' dir='ltr'><strong>illud</strong></span> <span class='ocrx_word' id='word_1_566' title='bbox 1231 1468 1322 1497; x_wconf 89' lang='lat' dir='ltr'><strong>colon</strong></span> <span class='ocrx_word' id='word_1_567' title='bbox 1348 1469 1455 1498; x_wconf 88' lang='lat' dir='ltr'><strong>nescio</strong></span> <span class='ocrx_word' id='word_1_568' title='bbox 1478 1478 1539 1507; x_wconf 87' lang='lat' dir='ltr'><strong>quo</strong></span> <span class='ocrx_word' id='word_1_569' title='bbox 1571 1477 1648 1497; x_wconf 82' lang='lat' dir='ltr'><strong>casu</strong></span> <span class='ocrx_word' id='word_1_570' title='bbox 1672 1465 1844 1502; x_wconf 87' lang='lat' dir='ltr'><strong>intercidit,</strong></span> 
     </span>
     <span class='ocr_line' id='line_1_95' title="bbox 1127 1509 1847 1552; baseline -0.003 -12"><span class='ocrx_word' id='word_1_571' title='bbox 1127 1511 1209 1550; x_wconf 89' lang='lat' dir='ltr'><strong>quod</strong></span> <span class='ocrx_word' id='word_1_572' title='bbox 1222 1511 1274 1540; x_wconf 87' lang='lat' dir='ltr'><strong>isti</strong></span> <span class='ocrx_word' id='word_1_573' title='bbox 1289 1513 1397 1550; x_wconf 71' lang='grc' dir='ltr'><strong><em>πςῶτον</em></strong></span> <span class='ocrx_word' id='word_1_574' title='bbox 1411 1510 1467 1552; x_wconf 81' lang='grc' dir='ltr'><strong><em>μὲν</em></strong></span> <span class='ocrx_word' id='word_1_575' title='bbox 1478 1511 1550 1541; x_wconf 88' lang='lat' dir='ltr'><strong>olim</strong></span> <span class='ocrx_word' id='word_1_576' title='bbox 1566 1510 1782 1549; x_wconf 84' lang='lat' dir='ltr'><strong>respondebat.</strong></span> <span class='ocrx_word' id='word_1_577' title='bbox 1798 1509 1847 1538; x_wconf 90' lang='lat' dir='ltr'><strong>vi-</strong></span> 
     </span>
     <span class='ocr_line' id='line_1_96' title="bbox 1127 1553 1847 1592; baseline -0.003 -9"><span class='ocrx_word' id='word_1_578' title='bbox 1127 1555 1219 1583; x_wconf 86' lang='lat' dir='ltr'><strong>detur</strong></span> <span class='ocrx_word' id='word_1_579' title='bbox 1245 1558 1346 1583; x_wconf 85' lang='lat' dir='ltr'><strong>autem</strong></span> <span class='ocrx_word' id='word_1_580' title='bbox 1373 1555 1520 1584; x_wconf 85' lang='lat' dir='ltr'><strong>deficiens</strong></span> <span class='ocrx_word' id='word_1_581' title='bbox 1548 1553 1626 1583; x_wconf 87' lang='lat' dir='ltr'><strong>illud</strong></span> <span class='ocrx_word' id='word_1_582' title='bbox 1655 1553 1745 1582; x_wconf 89' lang='lat' dir='ltr'><strong>colon</strong></span> <span class='ocrx_word' id='word_1_583' title='bbox 1774 1556 1847 1592; x_wconf 87' lang='lat' dir='ltr'><strong>post</strong></span> 
     </span>
     <span class='ocr_line' id='line_1_97' title="bbox 1127 1596 1850 1636; baseline -0.003 -10"><span class='ocrx_word' id='word_1_584' title='bbox 1127 1599 1220 1631; x_wconf 76' lang='grc' dir='ltr'><strong><em>κακῶς</em></strong></span> <span class='ocrx_word' id='word_1_585' title='bbox 1231 1597 1386 1636; x_wconf 84' lang='lat' dir='ltr'><strong>posterius</strong></span> <span class='ocrx_word' id='word_1_586' title='bbox 1403 1607 1491 1628; x_wconf 81' lang='lat' dir='ltr'><strong>versu</strong></span> <span class='ocrx_word' id='word_1_587' title='bbox 1507 1599 1538 1626; x_wconf 76' lang='lat'><strong>7.</strong></span> <span class='ocrx_word' id='word_1_588' title='bbox 1554 1596 1750 1626; x_wconf 78' lang='lat' dir='ltr'><strong>inserendum</strong></span> <span class='ocrx_word' id='word_1_589' title='bbox 1766 1606 1850 1631; x_wconf 80' lang='lat' dir='ltr'><strong>esse,</strong></span> 
     </span>
     <span class='ocr_line' id='line_1_98' title="bbox 1127 1638 1847 1679; baseline -0.003 -9"><span class='ocrx_word' id='word_1_590' title='bbox 1127 1639 1340 1679; x_wconf 80' lang='lat' dir='ltr'><strong>sententiaque</strong></span> <span class='ocrx_word' id='word_1_591' title='bbox 1350 1642 1416 1679; x_wconf 86' lang='lat' dir='ltr'><strong>ejus</strong></span> <span class='ocrx_word' id='word_1_592' title='bbox 1428 1641 1494 1670; x_wconf 78' lang='lat' dir='ltr'><strong>haeo</strong></span> <span class='ocrx_word' id='word_1_593' title='bbox 1508 1640 1604 1669; x_wconf 84' lang='lat' dir='ltr'><strong>ferme</strong></span> <span class='ocrx_word' id='word_1_594' title='bbox 1618 1639 1728 1669; x_wconf 82' lang='lat' dir='ltr'><strong>fuisse:</strong></span> <span class='ocrx_word' id='word_1_595' title='bbox 1743 1638 1847 1669; x_wconf 71' lang='grc' dir='ltr'><strong><em>ἔπειτα.</em></strong></span> 
     </span>
     <span class='ocr_line' id='line_1_99' title="bbox 1127 1679 1848 1722; baseline -0.001 -11"><span class='ocrx_word' id='word_1_596' title='bbox 1127 1682 1156 1712; x_wconf 83' lang='grc' dir='ltr'><strong>οὐ</strong></span> <span class='ocrx_word' id='word_1_597' title='bbox 1172 1682 1205 1712; x_wconf 81' lang='grc' dir='ltr'><strong>τὸ</strong></span> <span class='ocrx_word' id='word_1_598' title='bbox 1220 1681 1320 1713; x_wconf 70' lang='grc' dir='ltr'><strong><em>δίκαιον</em></strong></span> <span class='ocrx_word' id='word_1_599' title='bbox 1334 1684 1449 1719; x_wconf 71' lang='grc' dir='ltr'><strong><em>σκοπεῖ,</em></strong></span> <span class='ocrx_word' id='word_1_600' title='bbox 1467 1681 1518 1712; x_wconf 70' lang='grc' dir='ltr'><strong>καὶ</strong></span> <span class='ocrx_word' id='word_1_601' title='bbox 1539 1679 1671 1715; x_wconf 68' lang='grc' dir='ltr'><strong><em>τάληθὲς</em></strong></span> <span class='ocrx_word' id='word_1_602' title='bbox 1691 1682 1738 1712; x_wconf 70' lang='grc' dir='ltr'><strong>καὶ</strong></span> <span class='ocrx_word' id='word_1_603' title='bbox 1758 1680 1792 1710; x_wconf 67' lang='grc' dir='ltr'><strong>τὸ</strong></span> <span class='ocrx_word' id='word_1_604' title='bbox 1808 1682 1848 1722; x_wconf 67' lang='grc' dir='ltr'><strong>τῇ</strong></span> 
     </span>
     <span class='ocr_line' id='line_1_100' title="bbox 1128 1725 1850 1766; baseline -0.001 -11"><span class='ocrx_word' id='word_1_605' title='bbox 1128 1725 1208 1755; x_wconf 82' lang='grc' dir='ltr'><strong><em>πόλει</em></strong></span> <span class='ocrx_word' id='word_1_606' title='bbox 1222 1725 1378 1766; x_wconf 72' lang='grc' dir='ltr'><strong>συμφέρον.</strong></span> <span class='ocrx_word' id='word_1_607' title='bbox 1389 1726 1504 1756; x_wconf 83' lang='lat' dir='ltr'><strong>deinde</strong></span> <span class='ocrx_word' id='word_1_608' title='bbox 1517 1735 1576 1755; x_wconf 90' lang='lat' dir='ltr'><strong>non</strong></span> <span class='ocrx_word' id='word_1_609' title='bbox 1583 1727 1703 1765; x_wconf 81' lang='lat' dir='ltr'><strong>justum</strong></span> <span class='ocrx_word' id='word_1_610' title='bbox 1716 1729 1850 1764; x_wconf 82' lang='lat' dir='ltr'><strong>spectat,</strong></span> 
     </span>
     <span class='ocr_line' id='line_1_101' title="bbox 1127 1769 1850 1810; baseline 0 -12"><span class='ocrx_word' id='word_1_611' title='bbox 1127 1778 1226 1808; x_wconf 86' lang='lat' dir='ltr'><strong>neque</strong></span> <span class='ocrx_word' id='word_1_612' title='bbox 1243 1779 1360 1805; x_wconf 85' lang='lat' dir='ltr'><strong>verum,</strong></span> <span class='ocrx_word' id='word_1_613' title='bbox 1383 1779 1483 1810; x_wconf 82' lang='lat' dir='ltr'><strong>neque</strong></span> <span class='ocrx_word' id='word_1_614' title='bbox 1501 1769 1545 1806; x_wconf 92' lang='lat' dir='ltr'><strong>id,</strong></span> <span class='ocrx_word' id='word_1_615' title='bbox 1568 1769 1650 1808; x_wconf 88' lang='lat' dir='ltr'><strong>quod</strong></span> <span class='ocrx_word' id='word_1_616' title='bbox 1667 1778 1684 1798; x_wconf 92' lang='lat' dir='ltr'><strong>e</strong></span> <span class='ocrx_word' id='word_1_617' title='bbox 1701 1779 1766 1808; x_wconf 84' lang='lat' dir='ltr'><strong>rep.</strong></span> <span class='ocrx_word' id='word_1_618' title='bbox 1788 1772 1850 1803; x_wconf 77' lang='lat' dir='ltr'><strong>est,</strong></span> 
     </span>
     <span class='ocr_line' id='line_1_102' title="bbox 1129 1812 1403 1842; baseline 0.004 -1"><span class='ocrx_word' id='word_1_619' title='bbox 1129 1813 1184 1842; x_wconf 88' lang='lat' dir='ltr'><strong>sed</strong></span> <span class='ocrx_word' id='word_1_620' title='bbox 1195 1817 1265 1842; x_wconf 88' lang='lat' dir='ltr'><strong>sunt</strong></span> <span class='ocrx_word' id='word_1_621' title='bbox 1280 1812 1339 1842; x_wconf 84' lang='lat' dir='ltr'><strong>alia</strong></span> <span class='ocrx_word' id='word_1_622' title='bbox 1350 1830 1403 1842; x_wconf 85' lang='lat'><strong>—.</strong></span> 
     </span>
    </p>

    <p class='ocr_par' dir='ltr' id='par_1_20' title="bbox 1128 1853 1852 2531">
     <span class='ocr_line' id='line_1_103' title="bbox 1171 1853 1847 1896; baseline -0.004 -11"><span class='ocrx_word' id='word_1_623' title='bbox 1171 1872 1215 1879; x_wconf 83' lang='lat'><strong>-—</strong></span> <span class='ocrx_word' id='word_1_624' title='bbox 1235 1857 1286 1886; x_wconf 85' lang='lat'><strong>11.</strong></span> <span class='ocrx_word' id='word_1_625' title='bbox 1310 1855 1447 1896; x_wconf 78' lang='grc' dir='ltr'><strong><em>τοιοῧτον]</em></strong></span> <span class='ocrx_word' id='word_1_626' title='bbox 1477 1855 1608 1895; x_wconf 84' lang='lat' dir='ltr'><strong>probum</strong></span> <span class='ocrx_word' id='word_1_627' title='bbox 1634 1858 1666 1884; x_wconf 86' lang='lat' dir='ltr'><strong>et</strong></span> <span class='ocrx_word' id='word_1_628' title='bbox 1689 1853 1847 1883; x_wconf 84' lang='lat' dir='ltr'><strong>cordatum</strong></span> 
     </span>
     <span class='ocr_line' id='line_1_104' title="bbox 1128 1897 1849 1938; baseline -0.001 -11"><span class='ocrx_word' id='word_1_629' title='bbox 1128 1897 1242 1933; x_wconf 84' lang='lat' dir='ltr'><strong>civem,</strong></span> <span class='ocrx_word' id='word_1_630' title='bbox 1261 1898 1361 1938; x_wconf 86' lang='lat' dir='ltr'><strong>qualis</strong></span> <span class='ocrx_word' id='word_1_631' title='bbox 1381 1909 1440 1938; x_wconf 86' lang='lat' dir='ltr'><strong>ego</strong></span> <span class='ocrx_word' id='word_1_632' title='bbox 1461 1909 1538 1934; x_wconf 89' lang='lat' dir='ltr'><strong>sum,</strong></span> <span class='ocrx_word' id='word_1_633' title='bbox 1560 1904 1592 1927; x_wconf 84' lang='lat' dir='ltr'><strong>et</strong></span> <span class='ocrx_word' id='word_1_634' title='bbox 1614 1898 1733 1937; x_wconf 88' lang='lat' dir='ltr'><strong>qualem</strong></span> <span class='ocrx_word' id='word_1_635' title='bbox 1757 1897 1849 1926; x_wconf 86' lang='lat' dir='ltr'><strong>modo</strong></span> 
     </span>
     <span class='ocr_line' id='line_1_105' title="bbox 1129 1940 1848 1980; baseline -0.001 -10"><span class='ocrx_word' id='word_1_636' title='bbox 1129 1941 1296 1980; x_wconf 84' lang='lat' dir='ltr'><strong>descripsi,</strong></span> <span class='ocrx_word' id='word_1_637' title='bbox 1311 1946 1473 1977; x_wconf 85' lang='lat' dir='ltr'><strong>amantem,</strong></span> <span class='ocrx_word' id='word_1_638' title='bbox 1489 1948 1550 1971; x_wconf 88' lang='lat' dir='ltr'><strong>non</strong></span> <span class='ocrx_word' id='word_1_639' title='bbox 1573 1941 1634 1977; x_wconf 88' lang='lat' dir='ltr'><strong>sui,</strong></span> <span class='ocrx_word' id='word_1_640' title='bbox 1656 1951 1714 1969; x_wconf 87' lang='lat' dir='ltr'><strong>non</strong></span> <span class='ocrx_word' id='word_1_641' title='bbox 1735 1940 1848 1970; x_wconf 81' lang='lat' dir='ltr'><strong>amico-</strong></span> 
     </span>
     <span class='ocr_line' id='line_1_106' title="bbox 1128 1983 1849 2023; baseline -0.001 -10"><span class='ocrx_word' id='word_1_642' title='bbox 1128 1995 1207 2020; x_wconf 88' lang='lat' dir='ltr'><strong>rum,</strong></span> <span class='ocrx_word' id='word_1_643' title='bbox 1223 1985 1278 2014; x_wconf 84' lang='lat' dir='ltr'><strong>sed</strong></span> <span class='ocrx_word' id='word_1_644' title='bbox 1298 1985 1440 2023; x_wconf 81' lang='lat' dir='ltr'><strong>patriam,</strong></span> <span class='ocrx_word' id='word_1_645' title='bbox 1456 1993 1584 2023; x_wconf 82' lang='lat' dir='ltr'><strong>eamque</strong></span> <span class='ocrx_word' id='word_1_646' title='bbox 1599 1985 1692 2014; x_wconf 85' lang='lat' dir='ltr'><strong>rebus</strong></span> <span class='ocrx_word' id='word_1_647' title='bbox 1707 1983 1849 2013; x_wconf 87' lang='lat' dir='ltr'><strong>omnibus</strong></span> 
     </span>
     <span class='ocr_line' id='line_1_107' title="bbox 1129 2028 1850 2066; baseline -0.003 -9"><span class='ocrx_word' id='word_1_648' title='bbox 1129 2028 1367 2066; x_wconf 83' lang='lat' dir='ltr'><strong>praehabentem,</strong></span> <span class='ocrx_word' id='word_1_649' title='bbox 1392 2028 1621 2058; x_wconf 78' lang='lat' dir='ltr'><strong>existimantem</strong></span> <span class='ocrx_word' id='word_1_650' title='bbox 1647 2037 1796 2066; x_wconf 84' lang='lat' dir='ltr'><strong>prospera</strong></span> <span class='ocrx_word' id='word_1_651' title='bbox 1819 2031 1850 2056; x_wconf 83' lang='lat' dir='ltr'><strong>et</strong></span> 
     </span>
     <span class='ocr_line' id='line_1_108' title="bbox 1129 2070 1851 2110; baseline -0.003 -10"><span class='ocrx_word' id='word_1_652' title='bbox 1129 2071 1260 2101; x_wconf 85' lang='lat' dir='ltr'><strong>adversa</strong></span> <span class='ocrx_word' id='word_1_653' title='bbox 1283 2073 1390 2109; x_wconf 68' lang='lat' dir='ltr'><strong>patrias</strong></span> <span class='ocrx_word' id='word_1_654' title='bbox 1415 2072 1453 2100; x_wconf 87' lang='lat' dir='ltr'><strong>ad</strong></span> <span class='ocrx_word' id='word_1_655' title='bbox 1478 2081 1511 2100; x_wconf 88' lang='lat' dir='ltr'><strong>se</strong></span> <span class='ocrx_word' id='word_1_656' title='bbox 1538 2080 1660 2110; x_wconf 86' lang='lat' dir='ltr'><strong>quoqne</strong></span> <span class='ocrx_word' id='word_1_657' title='bbox 1683 2070 1851 2109; x_wconf 76' lang='lat' dir='ltr'><strong>pertinere,</strong></span> 
     </span>
     <span class='ocr_line' id='line_1_109' title="bbox 1130 2113 1851 2153; baseline -0.003 -10"><span class='ocrx_word' id='word_1_658' title='bbox 1130 2119 1323 2153; x_wconf 83' lang='lat' dir='ltr'><strong>spectantem</strong></span> <span class='ocrx_word' id='word_1_659' title='bbox 1346 2124 1452 2144; x_wconf 84' lang='lat' dir='ltr'><strong>verum</strong></span> <span class='ocrx_word' id='word_1_660' title='bbox 1477 2118 1509 2144; x_wconf 87' lang='lat' dir='ltr'><strong>et</strong></span> <span class='ocrx_word' id='word_1_661' title='bbox 1529 2115 1662 2153; x_wconf 77' lang='lat' dir='ltr'><strong>justum,</strong></span> <span class='ocrx_word' id='word_1_662' title='bbox 1686 2117 1718 2142; x_wconf 80' lang='lat' dir='ltr'><strong>et</strong></span> <span class='ocrx_word' id='word_1_663' title='bbox 1742 2113 1851 2151; x_wconf 80' lang='lat' dir='ltr'><strong>patriae</strong></span> 
     </span>
     <span class='ocr_line' id='line_1_110' title="bbox 1130 2155 1851 2196; baseline -0.001 -11"><span class='ocrx_word' id='word_1_664' title='bbox 1130 2157 1225 2186; x_wconf 85' lang='lat' dir='ltr'><strong>decus</strong></span> <span class='ocrx_word' id='word_1_665' title='bbox 1242 2162 1333 2196; x_wconf 78' lang='lat' dir='ltr'><strong>atque</strong></span> <span class='ocrx_word' id='word_1_666' title='bbox 1343 2158 1482 2192; x_wconf 85' lang='lat' dir='ltr'><strong>salutem,</strong></span> <span class='ocrx_word' id='word_1_667' title='bbox 1493 2167 1551 2186; x_wconf 89' lang='lat' dir='ltr'><strong>non</strong></span> <span class='ocrx_word' id='word_1_668' title='bbox 1566 2156 1699 2196; x_wconf 80' lang='lat' dir='ltr'><strong>privatas</strong></span> <span class='ocrx_word' id='word_1_669' title='bbox 1711 2155 1851 2185; x_wconf 74' lang='lat' dir='ltr'><strong>affectio-</strong></span> 
     </span>
     <span class='ocr_line' id='line_1_111' title="bbox 1131 2199 1851 2230; baseline 0 -2"><span class='ocrx_word' id='word_1_670' title='bbox 1131 2210 1197 2229; x_wconf 82' lang='lat' dir='ltr'><strong>nes.</strong></span> <span class='ocrx_word' id='word_1_671' title='bbox 1241 2201 1399 2230; x_wconf 81' lang='lat' dir='ltr'><strong>Sententia</strong></span> <span class='ocrx_word' id='word_1_672' title='bbox 1429 2199 1572 2230; x_wconf 79' lang='lat' dir='ltr'><strong>universa</strong></span> <span class='ocrx_word' id='word_1_673' title='bbox 1602 2199 1666 2228; x_wconf 84' lang='lat' dir='ltr'><strong>haec</strong></span> <span class='ocrx_word' id='word_1_674' title='bbox 1690 2204 1756 2228; x_wconf 79' lang='lat' dir='ltr'><strong>est:</strong></span> <span class='ocrx_word' id='word_1_675' title='bbox 1796 2200 1851 2229; x_wconf 80' lang='lat' dir='ltr'><strong>Et-</strong></span> 
     </span>
     <span class='ocr_line' id='line_1_112' title="bbox 1129 2242 1851 2282; baseline -0.001 -10"><span class='ocrx_word' id='word_1_676' title='bbox 1129 2242 1217 2272; x_wconf 84' lang='lat' dir='ltr'><strong>iamsi</strong></span> <span class='ocrx_word' id='word_1_677' title='bbox 1233 2247 1264 2272; x_wconf 87' lang='lat' dir='ltr'><strong>tu</strong></span> <span class='ocrx_word' id='word_1_678' title='bbox 1281 2253 1386 2273; x_wconf 87' lang='lat' dir='ltr'><strong>omnes</strong></span> <span class='ocrx_word' id='word_1_679' title='bbox 1402 2243 1534 2282; x_wconf 86' lang='lat' dir='ltr'><strong>reliquas</strong></span> <span class='ocrx_word' id='word_1_680' title='bbox 1552 2242 1582 2271; x_wconf 91' lang='lat' dir='ltr'><strong>in</strong></span> <span class='ocrx_word' id='word_1_681' title='bbox 1597 2252 1676 2280; x_wconf 66' lang='lat' dir='ltr'><strong>rep„</strong></span> <span class='ocrx_word' id='word_1_682' title='bbox 1691 2252 1758 2280; x_wconf 75' lang='lat' dir='ltr'><strong>qum</strong></span> <span class='ocrx_word' id='word_1_683' title='bbox 1774 2242 1851 2272; x_wconf 86' lang='lat' dir='ltr'><strong>mul-</strong></span> 
     </span>
     <span class='ocr_line' id='line_1_113' title="bbox 1130 2285 1852 2325; baseline -0.001 -10"><span class='ocrx_word' id='word_1_684' title='bbox 1130 2290 1169 2315; x_wconf 76' lang='lat' dir='ltr'><strong>tae</strong></span> <span class='ocrx_word' id='word_1_685' title='bbox 1192 2290 1283 2325; x_wconf 86' lang='lat' dir='ltr'><strong>atque</strong></span> <span class='ocrx_word' id='word_1_686' title='bbox 1305 2286 1478 2316; x_wconf 72' lang='lat' dir='ltr'><strong>multifariae</strong></span> <span class='ocrx_word' id='word_1_687' title='bbox 1501 2289 1584 2319; x_wconf 74' lang='lat' dir='ltr'><strong>suut,</strong></span> <span class='ocrx_word' id='word_1_688' title='bbox 1598 2285 1784 2315; x_wconf 72' lang='lat' dir='ltr'><strong>offensiones</strong></span> <span class='ocrx_word' id='word_1_689' title='bbox 1801 2296 1852 2314; x_wconf 87' lang='lat' dir='ltr'><strong>su-</strong></span> 
     </span>
     <span class='ocr_line' id='line_1_114' title="bbox 1130 2328 1852 2368; baseline -0.001 -10"><span class='ocrx_word' id='word_1_690' title='bbox 1130 2339 1233 2368; x_wconf 85' lang='lat' dir='ltr'><strong>peres,</strong></span> <span class='ocrx_word' id='word_1_691' title='bbox 1258 2329 1432 2364; x_wconf 88' lang='lat' dir='ltr'><strong>devitesve,</strong></span> <span class='ocrx_word' id='word_1_692' title='bbox 1453 2338 1513 2360; x_wconf 83' lang='lat' dir='ltr'><strong>non</strong></span> <span class='ocrx_word' id='word_1_693' title='bbox 1528 2333 1630 2358; x_wconf 87' lang='lat' dir='ltr'><strong>tamen</strong></span> <span class='ocrx_word' id='word_1_694' title='bbox 1642 2328 1773 2367; x_wconf 78' lang='lat' dir='ltr'><strong>effugies</strong></span> <span class='ocrx_word' id='word_1_695' title='bbox 1789 2339 1852 2358; x_wconf 85' lang='lat' dir='ltr'><strong>ma—</strong></span> 
     </span>
     <span class='ocr_line' id='line_1_115' title="bbox 1130 2370 1852 2411; baseline 0 -10"><span class='ocrx_word' id='word_1_696' title='bbox 1130 2372 1277 2407; x_wconf 84' lang='lat' dir='ltr'><strong>levolum,</strong></span> <span class='ocrx_word' id='word_1_697' title='bbox 1300 2372 1492 2408; x_wconf 88' lang='lat' dir='ltr'><strong>insidiosum,</strong></span> <span class='ocrx_word' id='word_1_698' title='bbox 1512 2371 1662 2411; x_wconf 82' lang='lat' dir='ltr'><strong>pestilens</strong></span> <span class='ocrx_word' id='word_1_699' title='bbox 1686 2370 1852 2407; x_wconf 84' lang='lat' dir='ltr'><strong>hominnm,</strong></span> 
     </span>
     <span class='ocr_line' id='line_1_116' title="bbox 1131 2415 1850 2455; baseline 0 -11"><span class='ocrx_word' id='word_1_700' title='bbox 1131 2416 1181 2444; x_wconf 89' lang='lat' dir='ltr'><strong>vel</strong></span> <span class='ocrx_word' id='word_1_701' title='bbox 1209 2415 1382 2455; x_wconf 80' lang='lat' dir='ltr'><strong>viperarum</strong></span> <span class='ocrx_word' id='word_1_702' title='bbox 1409 2416 1513 2455; x_wconf 77' lang='lat' dir='ltr'><strong>potius</strong></span> <span class='ocrx_word' id='word_1_703' title='bbox 1534 2423 1644 2453; x_wconf 79' lang='lat' dir='ltr'><strong>genus,</strong></span> <span class='ocrx_word' id='word_1_704' title='bbox 1666 2424 1743 2453; x_wconf 80' lang='lat' dir='ltr'><strong>quos</strong></span> <span class='ocrx_word' id='word_1_705' title='bbox 1768 2425 1850 2454; x_wconf 78' lang='lat' dir='ltr'><strong>aegre</strong></span> 
     </span>
     <span class='ocr_line' id='line_1_117' title="bbox 1131 2457 1852 2497; baseline 0.001 -10"><span class='ocrx_word' id='word_1_706' title='bbox 1131 2458 1222 2488; x_wconf 85' lang='lat' dir='ltr'><strong>habet</strong></span> <span class='ocrx_word' id='word_1_707' title='bbox 1235 2469 1303 2488; x_wconf 84' lang='lat' dir='ltr'><strong>esse</strong></span> <span class='ocrx_word' id='word_1_708' title='bbox 1319 2459 1457 2489; x_wconf 81' lang='lat' dir='ltr'><strong>homines</strong></span> <span class='ocrx_word' id='word_1_709' title='bbox 1473 2458 1522 2489; x_wconf 88' lang='lat' dir='ltr'><strong>sui</strong></span> <span class='ocrx_word' id='word_1_710' title='bbox 1537 2457 1721 2494; x_wconf 85' lang='lat' dir='ltr'><strong>dissimiles,</strong></span> <span class='ocrx_word' id='word_1_711' title='bbox 1744 2458 1852 2497; x_wconf 77' lang='lat' dir='ltr'><strong>patria:</strong></span> 
     </span>
     <span class='ocr_line' id='line_1_118' title="bbox 1131 2507 1277 2531; baseline 0 0"><span class='ocrx_word' id='word_1_712' title='bbox 1131 2507 1277 2531; x_wconf 81' lang='lat' dir='ltr'><strong>amantes.</strong></span> 
     </span>
    </p>

    <p class='ocr_par' dir='ltr' id='par_1_21' title="bbox 1127 2542 1855 3060">
     <span class='ocr_line' id='line_1_119' title="bbox 1172 2542 1853 2586; baseline -0.004 -12"><span class='ocrx_word' id='word_1_713' title='bbox 1172 2562 1215 2567; x_wconf 88' lang='lat'>—</span> <span class='ocrx_word' id='word_1_714' title='bbox 1232 2547 1284 2574; x_wconf 83' lang='lat'><strong>17.</strong></span> <span class='ocrx_word' id='word_1_715' title='bbox 1300 2542 1460 2586; x_wconf 64' lang='grc' dir='ltr'><strong><em>Ἀθήνηθεν]</em></strong></span> <span class='ocrx_word' id='word_1_716' title='bbox 1478 2548 1526 2574; x_wconf 85' lang='lat' dir='ltr'><strong>est</strong></span> <span class='ocrx_word' id='word_1_717' title='bbox 1538 2545 1636 2574; x_wconf 76' lang='lat' dir='ltr'><strong>faceta</strong></span> <span class='ocrx_word' id='word_1_718' title='bbox 1646 2542 1793 2582; x_wconf 90' lang='lat' dir='ltr'><strong>colloquii</strong></span> <span class='ocrx_word' id='word_1_719' title='bbox 1806 2543 1853 2572; x_wconf 91' lang='lat' dir='ltr'><strong>in-</strong></span> 
     </span>
     <span class='ocr_line' id='line_1_120' title="bbox 1130 2586 1853 2628; baseline -0.003 -11"><span class='ocrx_word' id='word_1_720' title='bbox 1130 2593 1178 2617; x_wconf 82' lang='lat' dir='ltr'><strong>ter</strong></span> <span class='ocrx_word' id='word_1_721' title='bbox 1195 2599 1250 2628; x_wconf 87' lang='lat' dir='ltr'><strong>par</strong></span> <span class='ocrx_word' id='word_1_722' title='bbox 1262 2588 1491 2627; x_wconf 82' lang='lat' dir='ltr'><strong>peregrinorum</strong></span> <span class='ocrx_word' id='word_1_723' title='bbox 1508 2586 1710 2617; x_wconf 84' lang='lat' dir='ltr'><strong>assimulatio-</strong></span> <span class='ocrx_word' id='word_1_724' title='bbox 1725 2595 1853 2626; x_wconf 84' lang='lat' dir='ltr'><strong>quorum</strong></span> 
     </span>
     <span class='ocr_line' id='line_1_121' title="bbox 1130 2629 1853 2670; baseline 0 -10"><span class='ocrx_word' id='word_1_725' title='bbox 1130 2631 1219 2667; x_wconf 81' lang='lat' dir='ltr'><strong>alter,</strong></span> <span class='ocrx_word' id='word_1_726' title='bbox 1243 2640 1332 2670; x_wconf 85' lang='lat' dir='ltr'><strong>quem</strong></span> <span class='ocrx_word' id='word_1_727' title='bbox 1352 2632 1546 2662; x_wconf 78' lang='lat' dir='ltr'><strong>Chremetem</strong></span> <span class='ocrx_word' id='word_1_728' title='bbox 1573 2629 1730 2669; x_wconf 76' lang='lat' dir='ltr'><strong>appellare</strong></span> <span class='ocrx_word' id='word_1_729' title='bbox 1750 2630 1853 2668; x_wconf 82' lang='lat' dir='ltr'><strong>juvat,</strong></span> 
     </span>
     <span class='ocr_line' id='line_1_122' title="bbox 1129 2672 1855 2710; baseline -0.003 -7"><span class='ocrx_word' id='word_1_730' title='bbox 1129 2674 1202 2704; x_wconf 79' lang='lat' dir='ltr'><strong>hinc</strong></span> <span class='ocrx_word' id='word_1_731' title='bbox 1216 2675 1282 2705; x_wconf 82' lang='lat' dir='ltr'><strong>infit</strong></span> <span class='ocrx_word' id='word_1_732' title='bbox 1290 2673 1452 2706; x_wconf 67' lang='grc' dir='ltr'><strong><em>Ἀθηνηθεν.</em></strong></span> <span class='ocrx_word' id='word_1_733' title='bbox 1461 2674 1549 2710; x_wconf 75' lang='lat' dir='ltr'><strong>alter,</strong></span> <span class='ocrx_word' id='word_1_734' title='bbox 1564 2672 1712 2703; x_wconf 85' lang='lat' dir='ltr'><strong>Simonis</strong></span> <span class='ocrx_word' id='word_1_735' title='bbox 1731 2677 1808 2709; x_wconf 87' lang='lat' dir='ltr'><strong>esto,</strong></span> <span class='ocrx_word' id='word_1_736' title='bbox 1824 2672 1855 2701; x_wconf 82' lang='grc' dir='ltr'><strong>τί</strong></span> 
     </span>
     <span class='ocr_line' id='line_1_123' title="bbox 1129 2714 1855 2755; baseline -0.003 -9"><span class='ocrx_word' id='word_1_737' title='bbox 1129 2714 1172 2747; x_wconf 71' lang='grc' dir='ltr'><strong><em>οὖν</em></strong></span> <span class='ocrx_word' id='word_1_738' title='bbox 1187 2728 1280 2748; x_wconf 87' lang='lat' dir='ltr'><strong>versu</strong></span> <span class='ocrx_word' id='word_1_739' title='bbox 1306 2720 1357 2750; x_wconf 86' lang='lat'><strong>19.</strong></span> <span class='ocrx_word' id='word_1_740' title='bbox 1403 2717 1548 2747; x_wconf 80' lang='lat' dir='ltr'><strong>Chremes</strong></span> <span class='ocrx_word' id='word_1_741' title='bbox 1570 2725 1662 2746; x_wconf 85' lang='lat' dir='ltr'><strong>versu</strong></span> <span class='ocrx_word' id='word_1_742' title='bbox 1686 2718 1740 2745; x_wconf 74' lang='lat'><strong>⁰20.</strong></span> <span class='ocrx_word' id='word_1_743' title='bbox 1765 2715 1778 2745; x_wconf 82' lang='grc' dir='ltr'>ὅ</span> <span class='ocrx_word' id='word_1_744' title='bbox 1798 2714 1855 2755; x_wconf 80' lang='grc' dir='ltr'><strong><em>μὲν</em></strong></span> 
     </span>
     <span class='ocr_line' id='line_1_124' title="bbox 1128 2752 1855 2814; baseline -0.004 -23"><span class='ocrx_word' id='word_1_745' title='bbox 1128 2762 1307 2800; x_wconf 84' lang='lat' dir='ltr'><strong>respondet.</strong></span> <span class='ocrx_word' id='word_1_746' title='bbox 1350 2752 1541 2814; x_wconf 73' lang='lat' dir='ltr'><strong>Simori⁴pag.</strong></span> <span class='ocrx_word' id='word_1_747' title='bbox 1563 2760 1639 2789; x_wconf 87' lang='grc'><strong>413.</strong></span> <span class='ocrx_word' id='word_1_748' title='bbox 1655 2767 1748 2789; x_wconf 82' lang='lat' dir='ltr'><strong>versu</strong></span> <span class='ocrx_word' id='word_1_749' title='bbox 1765 2761 1796 2789; x_wconf 86' lang='lat'><strong>5.</strong></span> <span class='ocrx_word' id='word_1_750' title='bbox 1808 2759 1855 2788; x_wconf 92' lang='lat' dir='ltr'><strong>in-</strong></span> 
     </span>
     <span class='ocr_line' id='line_1_125' title="bbox 1129 2800 1852 2844; baseline -0.006 -10"><span class='ocrx_word' id='word_1_751' title='bbox 1129 2808 1265 2844; x_wconf 82' lang='lat' dir='ltr'><strong>terrogat</strong></span> <span class='ocrx_word' id='word_1_752' title='bbox 1283 2803 1315 2834; x_wconf 80' lang='grc' dir='ltr'><strong>τί</strong></span> <span class='ocrx_word' id='word_1_753' title='bbox 1335 2801 1380 2835; x_wconf 83' lang='grc' dir='ltr'><strong><em>οὐν</em></strong></span> <span class='ocrx_word' id='word_1_754' title='bbox 1400 2804 1484 2843; x_wconf 70' lang='grc' dir='ltr'><strong>μετὰ.</strong></span> <span class='ocrx_word' id='word_1_755' title='bbox 1504 2811 1623 2834; x_wconf 71' lang='grc' dir='ltr'><strong><em>ταυτα·</em></strong></span> <span class='ocrx_word' id='word_1_756' title='bbox 1615 2823 1625 2840; x_wconf 84' lang='grc'><strong><em>,</em></strong></span> <span class='ocrx_word' id='word_1_757' title='bbox 1653 2801 1720 2833; x_wconf 84' lang='lat' dir='ltr'><strong>scil.</strong></span> <span class='ocrx_word' id='word_1_758' title='bbox 1745 2800 1852 2840; x_wconf 74' lang='grc' dir='ltr'><strong>γέγονε.</strong></span> 
     </span>
     <span class='ocr_line' id='line_1_126' title="bbox 1128 2842 1854 2886; baseline -0.004 -9"><span class='ocrx_word' id='word_1_759' title='bbox 1128 2848 1276 2877; x_wconf 81' lang='lat' dir='ltr'><strong>Clnemes</strong></span> <span class='ocrx_word' id='word_1_760' title='bbox 1297 2848 1464 2886; x_wconf 85' lang='lat' dir='ltr'><strong>respondet</strong></span> <span class='ocrx_word' id='word_1_761' title='bbox 1487 2846 1596 2876; x_wconf 80' lang='lat' dir='ltr'><strong>eodem</strong></span> <span class='ocrx_word' id='word_1_762' title='bbox 1619 2855 1683 2875; x_wconf 82' lang='lat' dir='ltr'><strong>ver.</strong></span> <span class='ocrx_word' id='word_1_763' title='bbox 1702 2842 1854 2875; x_wconf 69' lang='grc' dir='ltr'><strong><em>Ἀθηναιοι</em></strong></span> 
     </span>
     <span class='ocr_line' id='line_1_127' title="bbox 1128 2887 1853 2932; baseline -0.006 -11"><span class='ocrx_word' id='word_1_764' title='bbox 1128 2890 1264 2925; x_wconf 75' lang='grc' dir='ltr'><strong><em>λαβόντες</em></strong></span> <span class='ocrx_word' id='word_1_765' title='bbox 1277 2889 1395 2932; x_wconf 81' lang='grc' dir='ltr'><strong><em>(ηδεο-αν</em></strong></span> <span class='ocrx_word' id='word_1_766' title='bbox 1410 2891 1464 2929; x_wconf 79' lang='grc' dir='ltr'><strong>γὰρ</strong></span> <span class='ocrx_word' id='word_1_767' title='bbox 1472 2888 1542 2928; x_wconf 91' lang='grc'><strong>--).</strong></span> <span class='ocrx_word' id='word_1_768' title='bbox 1556 2887 1732 2927; x_wconf 84' lang='lat' dir='ltr'><strong>interpellat</strong></span> <span class='ocrx_word' id='word_1_769' title='bbox 1745 2888 1853 2918; x_wconf 89' lang='lat' dir='ltr'><strong>Simon</strong></span> 
     </span>
     <span class='ocr_line' id='line_1_128' title="bbox 1128 2930 1855 2970; baseline -0.006 -6"><span class='ocrx_word' id='word_1_770' title='bbox 1128 2944 1220 2964; x_wconf 86' lang='lat' dir='ltr'><strong>versu</strong></span> <span class='ocrx_word' id='word_1_771' title='bbox 1245 2936 1275 2965; x_wconf 90' lang='grc'><strong>6.</strong></span> <span class='ocrx_word' id='word_1_772' title='bbox 1303 2933 1334 2963; x_wconf 82' lang='grc' dir='ltr'><strong>τί</strong></span> <span class='ocrx_word' id='word_1_773' title='bbox 1357 2932 1424 2970; x_wconf 64' lang='lat' dir='ltr'><strong>Sui,</strong></span> <span class='ocrx_word' id='word_1_774' title='bbox 1447 2932 1498 2962; x_wconf 88' lang='lat' dir='ltr'><strong>cui</strong></span> <span class='ocrx_word' id='word_1_775' title='bbox 1522 2932 1671 2963; x_wconf 84' lang='lat' dir='ltr'><strong>Chremes</strong></span> <span class='ocrx_word' id='word_1_776' title='bbox 1697 2930 1855 2960; x_wconf 80' lang='lat' dir='ltr'><strong>satisfacit</strong></span> 
     </span>
     <span class='ocr_line' id='line_1_129' title="bbox 1127 2971 1852 3017; baseline -0.007 -9"><span class='ocrx_word' id='word_1_777' title='bbox 1127 2978 1236 3008; x_wconf 88' lang='lat' dir='ltr'><strong>eodem</strong></span> <span class='ocrx_word' id='word_1_778' title='bbox 1261 2986 1328 3007; x_wconf 89' lang='lat' dir='ltr'><strong>ver.</strong></span> <span class='ocrx_word' id='word_1_779' title='bbox 1348 2977 1415 3011; x_wconf 83' lang='grc' dir='ltr'><strong><em>τοὺς</em></strong></span> <span class='ocrx_word' id='word_1_780' title='bbox 1443 2974 1500 3016; x_wconf 79' lang='grc' dir='ltr'><strong><em>μὲν</em></strong></span> <span class='ocrx_word' id='word_1_781' title='bbox 1527 2975 1672 3017; x_wconf 73' lang='grc' dir='ltr'><strong><em>χρηματα</em></strong></span> <span class='ocrx_word' id='word_1_782' title='bbox 1702 2971 1852 3008; x_wconf 51' lang='lat' dir='ltr'><strong>manaa</strong></span> 
     </span>
     <span class='ocr_line' id='line_1_130' title="bbox 1127 3016 1854 3060; baseline -0.004 -10"><span class='ocrx_word' id='word_1_783' title='bbox 1127 3031 1232 3051; x_wconf 81' lang='lat' dir='ltr'><strong>rursus</strong></span> <span class='ocrx_word' id='word_1_784' title='bbox 1258 3020 1430 3060; x_wconf 83' lang='lat' dir='ltr'><strong>interrogat</strong></span> <span class='ocrx_word' id='word_1_785' title='bbox 1455 3019 1602 3051; x_wconf 82' lang='lat' dir='ltr'><strong>Chremes</strong></span> <span class='ocrx_word' id='word_1_786' title='bbox 1619 3028 1712 3050; x_wconf 83' lang='lat' dir='ltr'><strong>versu</strong></span> <span class='ocrx_word' id='word_1_787' title='bbox 1731 3019 1785 3048; x_wconf 88' lang='grc'><strong>10.</strong></span> <span class='ocrx_word' id='word_1_788' title='bbox 1807 3016 1854 3047; x_wconf 82' lang='grc' dir='ltr'><strong><em>τόν</em></strong></span> 
     </span>
    </p>
   </div>
  </div>
 </body>
</html>
