1948 3322
283 207 369 250 AD
402 205 498 248 ΟΒ.
532 202 616 245 DE
647 198 976 243 CLASSIBUS
1008 198 1125 240 VEL
1157 197 1491 241 COLLEGIIS.

166 319 271 353 ratur3
292 313 386 344 nihilo
400 311 471 342 ideo
483 309 594 340 melius
607 318 690 347 resp.
704 312 807 337 vestra
822 306 874 336 113-

167 358 263 389 bebit.

210 417 254 426 --
274 399 327 430 22.
349 395 416 437 πρὸς
441 394 584 436 Bao-mea]
611 392 874 424 0113110111τί-

168 443 264 474 stides
278 441 319 473 de
335 442 376 471 D.
392 440 427 470 C.
441 450 472 479 p.
489 439 563 470 254.
585 437 751 478 ἀξιόπιστον
773 435 802 466 δὲ
825 435 874 465 καὶ

163 499 180 518 ο
193 483 223 516 τ’
235 484 268 515 ἃν
279 484 368 517 ἄλλος
378 483 446 514 εἴποι
459 493 504 513 σοι
517 481 726 520 ἐναντιούμενος,
742 479 777 510 σὲ
790 491 875 509 τουτο

160 526 249 560 αὐτὸν
257 526 439 567 προλαβόντα
452 525 548 556 εἰπεῖν.
564 522 614 554 οἷον
624 523 650 553 ἒν
664 524 708 562 τῷ
719 523 781 563 περὶ
794 530 874 562 Συμ»

160 572 273 611 μορῶν.
288 582 302 600 ο
297 570 367 622 ..μὲν
381 567 560 604 διοικεῖται,’
550 568 629 598 εστὶν
639 566 682 597 ὅτι
695 566 759 598 θεῖ’
749 578 875 597 εναντιω-

133 645 139 650 ,
160 613 244 644 θῆναι
263 614 323 647 τοῖς
340 612 457 643 Caeam?
460 612 611 666 Ννοόλεμειν
625 610 874 650 συμβουλεύουσιν.

161 655 224 688 ἐπεὶ
238 655 262 686 δ’
274 655 382 688 ἐκεῖθεν
396 655 474 695 αυτῷ
483 654 669 685 ἅντέπιπτεν·
685 655 727 692 μὴ
740 655 874 692 πολεμῶ-

159 709 218 739 μεν
235 711 277 730 ουν
299 698 342 739 τῷ
362 699 439 738 κοινῷ
461 697 560 739 ἐχθρῷ
579 697 628 728 καὶ
651 697 803 737 βαρβάρους
827 697 871 726 διὰ

160 743 246 772 τοῦτο
267 740 442 782 ἀξιοπίστως
463 741 625 781 προλαβὼν,
646 740 666 770 ἃ
687 740 762 770 εἶπεν
780 740 813 769 ἄν
827 751 873 774 τις

159 783 268 816 ἐκεῖθεν
287 787 368 816 κατὰ
389 785 546 820 βασιλέως,
569 783 655 814 ταῦτ’
677 783 762 817 αὐτὸς
785 782 872 822 λέγει.

158 825 216 864 ἐγῶ
223 827 326 869 νομίζω
337 828 418 859 κοινὸν
428 827 524 869 ἐχθρὸν
531 829 665 857 ἁπάντων
674 829 729 858 ’τῶν
739 826 873 857 Ἐλλήνων

160 869 300 904 Βασιλέα.
313 872 380 903 εἶτα
395 871 415 901 ἃ
429 873 471 902 νῦν
484 870 570 906 αὐτὸς
583 870 755 909 εἰσηγεῖται·
772 871 801 900 οὐ
815 872 872 907 μὴν

160 913 207 944 διὰ
221 916 308 944 τοῦτο
321 913 528 955 παραινέσαιμ’
545 913 578 944 ἂν
591 916 652 948 τοῖς
672 914 771 948 ἄλλοις
787 913 872 944 πόλε-

155 968 213 997 μον
226 957 293 998 πρὸς
305 958 388 988 αὐτὸν
402 957 536 998 ᾳρασθαι.

203 1002 280 1032 179.
296 1003 348 1032 14.
362 1000 492 1042 ἐπισχὼν
503 1002 546 1037 ἂν,
557 997 608 1041 ων]
625 1000 806 1039 particulam
819 1001 871 1030 ad-

159 1041 240 1074 didi.
263 1044 356 1074 lectio
380 1046 455 1074 bene
475 1045 501 1074 si
518 1044 621 1078 habet,
643 1044 686 1073 ita
710 1049 759 1073 est
778 1044 871 1072 inter-

159 1087 326 1124 pretanda:
349 1086 481 1128 ἐπισχὼν
495 1087 591 1118 ἑαυτὸν
609 1085 676 1116 awo
695 1086 811 1123 τούτων,
826 1084 872 1125 ἐφ’

161 1128 182 1158 ἃ
197 1129 319 1170 ὥρμηκε.

202 1189 251 1195 -—
261 1175 314 1203 17.
336 1171 385 1202 καὶ
396 1173 494 1203 τοῦτον
508 1171 554 1202 τὸν
568 1170 638 1211 νοῦν]
662 1181 733 1200 1111111
748 1172 811 1210 leg.
822 1171 871 1200 καὶ

160 1213 227 1254 πρὸς
240 1215 333 1255 τούτῳ
355 1215 420 1255 [vel
445 1214 512 1256 πρὸς
531 1216 628 1251 τοῦτο,
651 1225 718 1244 113111
742 1215 870 1256 perinde

161 1262 220 1294 est,
230 1258 396 1289 dummodo
409 1264 549 1289 neutrum
563 1259 630 1299 sit‚]
644 1257 691 1287 τὸν
704 1259 770 1288 νοῦν.
787 1269 868 1288 111011-

158 1304 284 1341 temque
298 1302 446 1332 habentes
464 1302 534 1332 huic
548 1301 593 1331 rei
609 1301 767 1332 intentam.

201 1362 246 1369 —
259 1347 312 1376 21.
337 1344 384 1376 ἐπ’
403 1345 480 1386 ἴσης]
505 1344 623 1384 praetuli
639 1343 694 1374 ἀπ’
711 1344 868 1379 ἴσης,,5011.

159 1387 273 1428 γνώμης
283 1388 462 1429 ὁρμωμένοις,
474 1389 522 1419 vel
534 1387 746 1427 σκοπουμένοις.
760 1388 869 1423 Vobis,

159 1431 342 1471 caeterisque
362 1432 482 1462 Graeeis
501 1431 658 1471 proposita
679 1441 748 1460 eum
770 1431 811 1460 sit
830 1431 869 1461 de

159 1473 242 1504 bello
253 1475 379 1506 Persico
387 1475 582 1511 deliberatio,
594 1484 648 1504 uos
660 1475 765 1504 ambos
777 1474 869 1505 video

159 1525 219 1545 non
235 1518 274 1547 ab
289 1518 399 1547 iisdem
414 1518 573 1558 principiis
593 1517 756 1557 proficisci,
771 1528 869 1557 neque

159 1559 286 1590 easdem
301 1561 340 1592 ad
355 1565 450 1592 metas
461 1563 655 1596 contendere,
671 1562 727 1591 sed
743 1562 868 1590 Graeco-

158 1611 225 1631 rurn
245 1603 381 1643 singulos
404 1615 542 1644 quosque
563 1605 686 1644 privata
708 1614 764 1634 sua
786 1615 867 1634 com—

157 1645 250 1676 moda
264 1646 363 1686 sequi,
383 1658 438 1678 nos
454 1657 644 1678 communem
665 1647 798 1677 omnium
820 1658 868 1677 sa-

157 1687 251 1718 lutem
267 1695 420 1730 spectare.

200 1749 246 1754 -—
259 1735 312 1764 26.
334 1732 435 1775 ἐᾶσαι]
459 1733 490 1762 id
505 1737 562 1769 est,
577 1733 650 1764 ὥστ’
662 1732 757 1763 {za-aa.

198 1792 243 1799 —
254 1776 309 1807 ult.
326 1774 352 1806 ἓν
362 1777 406 1816 τῷ
417 1775 536 1816 πολέμῳ
547 1776 730 1816 γενησόμεθα
739 1777 787 1807 οὔκ
798 1777 866 1818 ἴσοι]

156 1819 281 1856 praetuli
303 1818 330 1850 ἐν
351 1818 472 1860 πολέμῳ
493 1831 551 1857 γεν.
568 1821 617 1850 οὐκ
639 1821 700 1858 ἴσῳ.
748 1821 867 1850 Bellum

156 1871 289 1900 aequum,
305 1861 432 1903 ποζλεμος
444 1863 512 1900 ἴσος,
522 1864 551 1893 11.
565 1863 586 1892 1.
601 1864 723 1894 videtur
736 1874 794 1894 uon
808 1868 868 1894 tam

156 1903 234 1934 illud
250 1906 436 1946 significare,
453 1907 505 1937 ubi
518 1905 616 1945 copiae
628 1907 782 1937 ambarum
797 1917 866 1946 par-

156 1947 233 1978 tium
249 1959 338 1988 pares
354 1950 425 1985 sint,
443 1959 545 1989 quam,
565 1951 646 1988 quod
665 1951 785 1989 justitia
799 1951 865 1979 snn-

156 1990 274 2028 datum,
285 1993 381 2031 justis
395 1994 434 2022 de
448 1993 550 2023 causis
567 1998 741 2032 susceptum
759 1994 808 2023 sit.

201 2036 275 2064 180.
288 2037 320 2066 5.
336 2034 468 2075 φαίνηται
481 2035 509 2066 δὲ
523 2034 616 2065 δίκαιοι
625 2037 726 2075 φρονειν
737 2035 783 2067 ἔπι
795 2035 866 2066 ταύ-

157 2087 194 2127 ’τῃ
209 2089 245 2108 τη
261 2077 431 2119 προαιρέσει]
447 2078 569 2118 praetuli
581 2078 713 2117 φαίνηται
729 2078 757 2109 δὲ
773 2079 867 2108 δίκαιοι

155 2117 213 2150 ἐπι
227 2120 321 2163 ταύτῃ
339 2122 422 2162 [scil.
436 2121 473 2163 τῇ
487 2121 603 2161 δυνάμει
619 2123 666 2152 καὶ
683 2122 866 2163 vagao-uzon]

155 2165 257 2204 φρονεῖν
270 2164 428 2206 αιρουμένη,
450 2165 515 2195 scil.
536 2167 550 2196 ἡ
571 2164 662 2198 πόλις.
682 2171 712 2195 et
727 2176 808 2204 resp.
824 2166 867 2194 ita

155 2216 190 2236 se
207 2213 304 2246 gerat,
316 2213 350 2238 ut
364 2208 446 2239 inter
460 2219 566 2238 omues
581 2213 713 2244 constet,
728 2209 757 2239 10
774 2208 866 2238 tantis

155 2250 270 2290 copiis,
283 2255 427 2291 tantoque
447 2257 607 2290 apparatu,
628 2263 694 2282 eam
710 2257 810 2282 tamen
827 2262 867 2281 10-

155 2303 251 2333 quare
265 2305 402 2330 censere,
417 2301 508 2334 atque
522 2295 689 2334 postulare.
711 2294 758 2326 ἐπὶ
772 2295 865 2336 ταύτῃ

156 2336 195 2377 τῇ
207 2337 334 2378 δυνάμει.
347 2339 486 2377 quamvis
496 2339 560 2377 jam
580 2339 770 2388 conscriptas
788 2345 819 2370 et
835 2340 865 2369 in

156 2385 265 2418 parato
281 2381 409 2411 habeant
421 2382 475 2412 1135
490 2381 610 2431 copias,
624 2388 726 2411 tamen
738 2382 778 2412 iis
790 2382 863 2412 nihil

157 2432 281 2460 usuros,
301 2423 328 2454 si
342 2424 466 2463 possint
484 2435 571 2464 aequa
589 2425 763 2464 impetrare.
778 2426 866 2466 αἱρου-

155 2464 227 2506 μένη
243 2467 309 2497 11.1.
322 2467 404 2498 idem
419 2472 467 2498 est
483 2473 573 2508 atque
588 2468 794 2509 προαιρουμένῃ.

198 2527 241 2533 -
258 2512 310 2540 14.
331 2508 379 2540 τόν
392 2509 416 2540 δ’
429 2512 523 2550 ἀγῶνα.
537 2511 584 2541 τὸν
598 2510 630 2541 ἐκ
650 2513 699 2541 τοῦ
721 2511 865 2553 πολέμου]

153 2553 277 2584 Βο1111111
293 2558 350 2590 051,
367 2554 511 2594 quicquid
529 2555 573 2591 fit,
589 2561 723 2593 paratur,
737 2555 866 2594 geritur,

156 2595 197 2626 ad
210 2596 388 2628 inimicitias
403 2608 472 2628 cum
488 2597 576 2628 110510
593 2600 810 2628 exercendum.
835 2605 866 2628 ut

157 2649 227 2670 011111
241 2640 306 2680 agri
320 2641 448 2681 rapinis,
463 2641 537 2680 igni,
549 2641 629 2672 ferro
645 2641 823 2673 desolamur
837 2647 867 2672 et

151 2682 272 2724 oppida
288 2683 477 2714 obsidentur.
522 2684 582 2714 Sed
605 2685 680 2723 ἀγὼν
700 2690 758 2720 est,
773 2691 867 2715 certa·

157 2735 224 2756 men
238 2727 324 2763 belli,
340 2727 502 2758 conflictus
518 2727 582 2763 ille,
598 2738 615 2757 a
637 2738 697 2767 quo
713 2729 787 2758 belli
808 2729 867 2758 for-

155 2772 230 2800 tuna
240 2770 423 2807 certatur‚h.
435 2781 464 2800 e.
473 2771 659 2806 decernitur,
670 2782 765 2811 pones
776 2782 866 2811 quem

155 2813 289 2844 victoria
318 2814 371 2850 sit,
397 2814 465 2854 quis
484 2815 686 2854 imposterum
707 2814 749 2845 sit
770 2815 868 2845 domi-

157 2864 214 2885 nus
232 2856 351 2886 futurus
366 2861 397 2886 et
412 2858 498 2896 leges
518 2858 656 2888 daturus.
683 2863 867 2889 momentum

157 2897 280 2935 Martis,
302 2899 378 2930 bora
398 2910 520 2940 pugnae,
549 2911 609 2941 qua
629 2904 682 2931 aut
704 2901 766 2931 cita
786 2912 869 2932 mors

159 2941 254 2978 venit,
265 2947 319 2973 11111
332 2943 463 2974 victoria
478 2943 559 2974 laeta.

203 2987 342 3016 181.10.
357 3000 380 3018 ω
396 2985 462 3027 πρὸς
476 2998 526 3016 του
543 2985 621 3028 Διὸς]
645 2987 677 3018 id
693 2992 752 3023 est,
767 2985 791 3017 ὠ
805 2990 869 3028 μῶ-

157 3038 204 3068 ροι,
220 3025 270 3058 δ’
255 3027 360 3061 ανόητοι
377 3031 468 3070 ὑμεις.
483 3030 634 3068 cogitabit
647 3032 705 3062 11οο
719 3031 868 3062 1001010111

202 3081 281 3103 vm.
297 3081 327 3103 v.

1561 196 1617 238 49

908 305 1038 344 quisque
1053 315 1165 335 secum.
1190 313 1291 336 orator
1306 313 1407 337 autern
1427 306 1506 336 baud
1523 303 1618 336 aude-

907 350 959 379 bat
973 349 1063 388 plane
1078 349 1231 388 proloqui.

949 409 992 415 ·-
1013 396 1065 422 11.
1087 390 1174 422 οἴεσθε
1195 391 1296 430 τοῦτο]
1327 397 1397 431 post
1420 391 1506 422 οἴεσθε
1532 390 1618 421 ’τοῦτο

907 435 1111 474 proculdubio
1126 437 1214 465 deest
1235 432 1350 465 πείσειν.
1376 437 1547 474 speratisne
1562 444 1618 464 vos

907 489 942 509 ea
958 479 1075 509 Graeois
1092 490 1161 509 esse
1176 479 1399 518 persuasurus?

948 540 992 544 --
1007 522 1086 553 ibid.
1101 523 1150 552 οὐκ.
1163 522 1273 562 οἴομαι]
1291 520 1470 560 particulam
1489 520 1615 550 infitian-

907 570 968 596 tem
985 567 1024 595 de
1039 576 1108 597 meo
1123 565 1238 595 addidi.
1256 565 1330 595 mihi
1348 575 1420 594 vero
1438 573 1495 593 non
1513 564 1616 593 viden-

908 615 957 638 tur
975 610 1068 639 vestri
1091 610 1185 648 legati
1202 609 1263 638 1100
1277 607 1428 643 effecturi,
1449 612 1479 636 ut
1502 606 1618 636 Graecis

907 652 993 682 istaec
1009 654 1222 691 persuadeant.

949 713 993 718 ——
1003 698 1054 727 12.
1071 694 1141 726 ἀλλ’
1151 695 1234 726 οῦωω
1243 693 1364 735 μείζων]
1382 692 1617 723 comminiscere

907 738 974 774 tibi,
1002 744 1154 769 oratorem
1177 738 1233 768 hac
1257 738 1421 773 brevitate,
1445 746 1514 776 quae
1545 746 1618 765 0011-
1655 749 1659 754 ·

906 782 1039 812 1011110111
1069 784 1209 818 debetur,
1240 782 1298 811 hoc
1330 781 1468 810 voluisse
1499 779 1617 813 dicere,

906 826 987 864 quod
999 825 1046 855 1115
1061 826 1154 856 ferme
1168 825 1269 855 verbis
1279 824 1419 859 dixisset,
1429 824 1456 853 si
1467 822 1618 854 voluisset

904 869 996 899 latius
1014 874 1044 899 et
1062 870 1182 908 plenius
1203 868 1308 907 loqui:
1332 869 1412 897 ἀλλὰ
1433 869 1487 907 γὰρ
1501 866 1618 895 πεισάτ-

905 923 960 942 των
989 922 1022 949 γε
1046 912 1090 953 [id
1119 916 1179 948 est,
1202 909 1407 952 νιεισάτωσαν]
1436 911 1458 940 οἱ
1489 908 1617 948 ὑμέτεροι

906 954 1038 996 πρέσβεις
1052 957 1150 985 ταῦτα
1164 954 1386 989 τοὺς-Ἕλληνας.
1432 953 1493 983 Sed
1512 955 1558 982 t'ac
1572 953 1616 982 le-

906 1005 993 1038 gatos
1019 1004 1139 1029 vestros
1166 998 1254 1029 fidem
1277 1008 1373 1036 penes
1389 998 1516 1027 Graecos
1530 996 1616 1026 inve-

905 1042 981 1071 nire.
1006 1043 1081 1080 quid
1101 1042 1187 1072 tum?
1220 1040 1290 1071 ἀλλ’
1310 1041 1387 1071 οὔπω
1409 1038 1513 1080 μείζων
1527 1057 1571 1062 --
1586 1044 1617 1068 at

904 1085 1037 1114 nondum
1051 1085 1152 1114 obruit
1165 1086 1212 1114 1110
1227 1095 1244 1114 3
1255 1095 1327 1125 rege
1340 1085 1502 1114 Persarum
1515 1088 1616 1113 metus

905 1126 1128 1157 vehementiam
1144 1128 1318 1164 simultatis,
1335 1139 1394 1167 qua
1410 1132 1439 1156 et
1454 1127 1484 1156 iu
1503 1137 1570 1161 vos,
1586 1131 1616 1156 et

903 1170 933 1200 111
963 1181 1032 1200 sese
1054 1176 1161 1201 mutuo
1187 1171 1289 1201 Graeci
1319 1174 1514 1206 exarserunt,
1533 1170 1563 1199 h.
1588 1180 1617 1199 e.

903 1224 1027 1253 semper
1041 1219 1140 1244 tamen
1162 1219 1293 1253 pergunt
1314 1225 1368 1243 vos
1385 1213 1484 1243 acrius
1500 1213 1618 1247 odisse,

903 1267 992 1295 quatu
1021 1258 1104 1297 regis
1131 1258 1293 1287 Persarum
1323 1257 1451 1287 insidias
1477 1256 1617 1286 reformi-

903 1301 988 1330 dare.

946 1362 988 1368 --
1005 1345 1056 1375 15.
1079 1343 1202 1384 οἷόμεθα
1231 1345 1314 1379 ὑμεῖς
1337 1343 1504 1383 πράττητε]
1536 1352 1615 1381 prae-

905 1387 972 1423 tuli,
991 1387 1099 1426 partim
1123 1389 1163 1417 de
1179 1398 1248 1417 meo
1266 1397 1370 1423 sensu,
1395 1384 1507 1426 οἰόμεθ’
1534 1386 1616 1424 ἡμεῖς

901 1430 947 1469 (111
958 1432 1054 1470 prima
1063 1430 1395 1471 persona),7rpa‘m-7-n·rm
1403 1430 1450 1470 (in
1462 1429 1617 1468 passivo).

903 1475 968 1503 haec
986 1475 1037 1504 ubi
1053 1476 1136 1509 fiant,
1154 1475 1202 1504 vel
1216 1474 1369 1508 eveniant,
1380 1483 1448 1512 quae
1458 1483 1538 1502 nunc
1549 1483 1616 1502 sus-

903 1517 1050 1556 picamur.
1073 1518 1228 1556 posterius
1251 1517 1322 1552 hoc,
1344 1517 1516 1555 passivum,
1532 1516 1615 1554 judi-

902 1561 982 1590 cium
999 1571 1110 1596 meum,
1127 1562 1220 1601 prius,
1237 1561 1330 1599 ἦμεῖς,
1347 1560 1472 1590 codices
1487 1558 1616 1590 admini-

901 1605 1047 1634 strabant.

945 1665 988 1670 —-—
1004 1649 1055 1678 17.
1079 1646 1204 1689 ἱππέας]
1228 1652 1299 1686 post
1319 1646 1439 1681 ῖππέας,
1460 1651 1513 1676 aut
1531 1650 1615 1675 certe

903 1691 998 1720 bacin
1012 1692 1151 1730 regione,
1163 1692 1272 1720 deesse
1287 1690 1409 1720 videtur
1421 1690 1616 1731 ὑπάρχοντας.

945 1751 987 1755 —
1012 1737 1063 1765 19.
1087 1734 1232 1775 δεήσεται]
1257 1734 1296 1762 ad
1321 1732 1451 1763 δεήσεται
1475 1733 1619 1769 subaudi,

903 1777 953 1806 vel
976 1778 1054 1806 adde
1077 1778 1188 1817 potius,
1212 1775 1341 1812 σωθῆναι,
1367 1776 1435 1805 scil.
1455 1774 1503 1815 ὑφ’
1524 1778 1613 1814 ὑμῶν.

903 1821 1014 1856 orabit,
1032 1827 1064 1850 ut
1086 1832 1140 1850 vos
1159 1832 1191 1850 se
1211 1820 1313 1851 velitis
1334 1820 1451 1849 salvum
1469 1824 1500 1849 et
1515 1820 1615 1859 sospi-

903 1868 963 1893 tem
980 1873 1174 1894 conservare.

943 1925 987 1929 -—
1008 1910 1058 1937 ¹31.
1082 1907 1117 1937 τὸ
1143 1906 1274 1947 δεῖσθαι]
1300 1906 1433 1936 subaudi
1456 1906 1535 1945 ὑμᾶς
1560 1907 1615 1936 τῶν

898 1949 1042 1980 Ἑλλήνων.
1067 1950 1156 1980 vobis
1173 1961 1233 1989 ope
1249 1952 1427 1980 Graecorum
1442 1960 1520 1988 opus
1535 1959 1617 1986 esse,

900 2004 1026 2031 eamque
1045 2004 1101 2023 vos
1117 1993 1292 2032 implorare.

942 2054 986 2059 -—
1002 2039 1053 2067 23.
1079 2036 1219 2075 δεομένους
1234 2035 1349 2075 σώζειν]
1373 2036 1435 2065 duo
1461 2035 1525 2064 haec
1548 2034 1614 2065 adi-

901 2078 1075 2118 piscemini,
1099 2084 1133 2109 ut
1155 2087 1186 2110 et
1209 2080 1411 2119 sospitatores
1434 2083 1524 2118 atque
1548 2079 1614 2108 viu-

901 2123 987 2152 diccs
1013 2123 1092 2152 fiatis
1119 2133 1236 2158 eorum,
1259 2123 1312 2162 qui
1335 2127 1399 2151 111111
1424 2123 1461 2151 ad
1485 2122 1613 2152 tutelam

901 2171 1035 2196 vestram
1053 2166 1240 2205 perfugieut,
1255 2170 1396 2204 rogantes
1411 2176 1426 2195 a
1439 2166 1527 2195 vobis
1542 2176 1614 2205 pro-

902 2209 966 2247 tegi
989 2214 1021 2239 01.
1041 2210 1230 2244 conservari,
1250 2214 1281 2238 et
1301 2214 1334 2238 ut
1357 2209 1434 2238 certi
1456 2208 1537 2246 sitis,
1556 2210 1614 2240 hoc

900 2257 1081 2282 eventurum
1105 2263 1186 2288 esse,
1209 2258 1243 2282 ut
1265 2252 1365 2282 Gracci
1389 2263 1506 2288 omnes,
1521 2253 1614 2289 ultro,

899 2295 1041 2334 ipsismet
1066 2297 1244 2326 auctoribus
1269 2301 1359 2335 atque
1383 2296 1614 2334 impulsoribus,

899 2339 939 2368 ad
963 2349 1017 2369 vos
1041 2340 1203 2375 confluant,
1227 2340 1378 2378 vobisque
1401 2339 1526 2378 adjungi
1549 2345 1614 2370 stu·

899 2382 1001 2412 deant.

942 2443 986 2448 —
1008 2427 1060 2457 527.
1084 2425 1182 2466 εὑρεῖν]
1214 2436 1272 2455 non
1305 2425 1379 2455 satis
1407 2424 1518 2465 placet.
1542 2437 1614 2456 num

900 2468 1018 2510 εὐρύνειν,
1035 2468 1177 2504 dilatare,
1202 2468 1374 2498 diducere?
1407 2479 1442 2498 an
1468 2470 1541 2508 ἀρεῖν
1565 2469 1614 2510 (111

900 2512 1003 2542 futuro
1021 2515 1051 2543 2.
1067 2512 1154 2542 verbi
1164 2512 1244 2552 αἴρειν
1260 2511 1407 2553 tollerem
1425 2512 1477 2542 sed
1491 2512 1613 2543 mallem

900 2556 1005 2595 potius
1019 2554 1154 2595 συνείρειν,
1169 2565 1343 2586 conserere.

944 2601 1018 2630 182.
1029 2601 1060 2630 3.
1077 2597 1149 2628 οὕτω
1158 2597 1317 2628 διακεῖσθαι
1326 2597 1385 2633 τᾶξ
1391 2598 1507 2638 γνώμας
1519 2599 1613 2640 ὑμᾶς]

901 2642 1001 2672 10011111
1019 2643 1097 2671 hunc
1109 2643 1185 2672 citat
1201 2643 1332 2680 Dionys.
1347 2642 1450 2672 Halic.
1466 2643 1504 2671 Τ.
1519 2643 1566 2672 11.
1584 2653 1615 2682 p.

901 2688 976 2716 610.
992 2692 1024 2715 ut
1041 2689 1071 2715 et
1088 2686 1180 2724 paulo
1196 2687 1384 2725 superiorem
1399 2696 1429 2724 p.
1448 2688 1516 2716 181.
1532 2688 1571 2716 22

945 2747 985 2751 —
1004 2732 1056 2759 12.
1079 2731 1144 2762 τοὺς
1158 2727 1310 2763 διακοσίους
1329 2728 1376 2758 καὶ
1392 2726 1516 2770 χιλίους]
1542 2729 1615 2759 sub-

902 2772 975 2802 audi
991 2773 1188 2813 στραιτιώτας.
1227 2774 1328 2811 Negat
1343 2777 1446 2801 orator
1461 2782 1495 2801 se
1512 2773 1542 2801 iu
1558 2782 1615 2802 nu-

902 2826 985 2846 mero
1001 2816 1131 2846 militnm
1155 2826 1223 2846 esse
1242 2816 1403 2855 quicquam
1423 2820 1616 2846 novaturum.

903 2869 1012 2889 revera
1034 2869 1067 2889 se
1087 2859 1132 2889 illi
1150 2864 1274 2889 vetusto
1290 2869 1416 2888 numero
1435 2860 1519 2889 1200
1532 2858 1616 2898 eupi-

903 2907 966 2932 tum
981 2903 1177 2942 acquiescere
1190 2913 1197 2940 3
1213 2903 1267 2932 sed
1281 2903 1338 2932 hoc
1352 2901 1476 2931 studere
1489 2905 1520 2930 et
1533 2911 1616 2940 quae-

903 2955 984 2981 rere,
1001 2951 1034 2975 nt
1050 2946 1102 2975 ille
1118 2955 1262 2975 numerus
1279 2946 1388 2984 plenus
1401 2944 1454 2980 sit,
1465 2944 1555 2984 eique
1569 2945 1616 2974 ni-

902 2988 946 3018 hil
963 2989 1055 3019 desit.
1092 2990 1264 3028 Hucusque
1288 2988 1411 3027 quidem
1439 2987 1469 3016 in
1499 2987 1617 3018 classes

904 3037 1136 3064 connumeratos
1164 3043 1232 3062 esse
1257 3032 1399 3062 millenos
1426 3030 1617 3062 ducentenos

906 3085 927 3104 11
