1931 3323
281 219 367 260 :290

675 215 709 258 Ι.
733 215 768 257 Ι.
790 214 1014 258 REISKE
1047 214 1370 257 ANNOTATA

586 380 669 423 AD
700 379 1069 422 ORATIONEM
1110 377 1468 420 FUNEBREM.

337 573 426 603 Conf.
440 571 564 611 Taylori
585 572 749 602 Lectiones
769 572 915 612 Lysiacas
932 582 961 601 c.
976 574 1006 602 3.

294 629 325 658 p.
342 619 416 647 234.
431 616 574 645 editionis
592 615 680 655 Lips.

340 661 434 690 1389.
449 661 478 690 3.
504 657 542 701 ὂν]
563 659 690 688 subaudi
715 659 809 694 τοῦτο,
833 658 902 688 scil.
917 656 950 687 τό
971 658 1009 688 εἶ-

296 705 358 734 πεῖν
372 701 457 741 ἀξίως
472 704 527 733 τῶν
542 701 795 731 τετελευτηκότων.

339 763 383 769 -—
404 748 434 775 8.
457 744 534 785 ὅμως
556 744 667 785 μέντοι]
699 750 750 774 aut
775 743 1008 773 adsciscendum

298 793 346 819 est
370 799 386 818 e
409 790 544 827 margine
567 788 677 827 ὁμοίως,
705 792 757 816 aut
781 790 902 816 servato
924 785 1011 824 ὅμως,

298 833 472 862 addendum
492 837 563 871 post
577 829 677 870 μέντοι
696 831 754 859 erit
770 828 801 868 ἐξ
816 829 888 864 ἴσου,
905 829 954 858 vel
972 829 1013 858 si-

299 875 370 905 mile
383 876 469 914 quid,
484 875 538 903 sed
555 873 660 912 recepi
676 873 788 912 ὁμοίως.

341 936 383 941 ——
406 920 436 948 9.
464 917 545 958 εῖναι]
580 916 683 956 [Anne
713 917 770 946 hoo
801 915 989 945 tolerandum
1004 925 1010 943 :

301 962 377 991 δοκεῖ
394 972 445 999 μοι
473 959 539 990 εῖναι
564 958 765 1001 διαλεχθῆναι.)
790 959 825 988 F.
843 958 941 988 ἐνθάδε
963 958 1016 988 δεῖν

301 1004 365 1044 ἐμοὶ
383 1004 466 1034 δοκεῖ.
481 1004 656 1044 ΤΑΥιοη]
673 1003 705 1032 id
723 1008 781 1038 est,
794 1001 898 1039 ἐνεῖναι,
910 1003 1015 1032 datum

303 1057 369 1082 esse,
383 1048 416 1076 in
430 1052 567 1086 potestate
582 1057 643 1076 mea
658 1056 722 1076 esse.

346 1108 388 1113 —-
406 1093 456 1120 18.
482 1090 584 1131 λόγων]
610 1090 751 1120 vocabuli
774 1090 864 1128 hujus
881 1089 943 1118 h.l.
967 1099 1015 1118 ea-

303 1134 373 1162 dem
390 1139 437 1163 est.
453 1134 513 1169 vis,
527 1139 617 1173 atque
630 1133 731 1164 Latini
746 1134 868 1163 artium.
885 1131 1017 1171 ᾠήθησαν

305 1177 429 1206 defendi
443 1182 553 1217 potest.
570 1177 765 1206 collectivum
779 1177 858 1206 enim
870 1181 916 1205 est
927 1175 1017 1208 πόλις.

304 1224 336 1250 et
352 1226 481 1259 possunt
496 1222 518 1251 οἱ
533 1222 653 1250 πολῖται
669 1220 835 1250 subaudiri.
856 1219 955 1248 malim
973 1224 1017 1248 ta·

305 1274 373 1293 men
389 1262 456 1302 ᾠήθη
473 1275 540 1293 cum
557 1264 687 1294 Wolfio.

347 1310 453 1337 -ΞἏ
469 1306 725 1346 ἀπηλλαττόμην]
742 1311 812 1345 post
827 1304 1018 1336 ἀπηλλαττό-
1044 1327 1046 1330 ,

305 1361 362 1389 μην
377 1351 499 1380 videtur
510 1349 593 1391 μόνην
608 1349 790 1380 desiderari.

349 1411 391 1416 —
407 1396 459 1424 27.
473 1394 578 1435 ἇξχῆς]
595 1395 771 1432 suspicabar
783 1392 943 1432 aliquando
960 1393 1020 1430 ἄρε-

305 1438 367 1469 effi.
399 1437 458 1466 Sed
477 1439 553 1467 bene
565 1438 656 1467 habet
672 1437 804 1476 vulgata.
820 1448 838 1466 a
853 1439 953 1475 stirpe,
968 1445 1021 1465 seu

292 1488 294 1490 ’
306 1480 419 1520 origine
431 1482 556 1520 generis.

351 1525 445 1554 1390.
463 1525 493 1553 6.
519 1524 558 1557 εἷς
577 1524 631 1557 τοὶς
652 1521 809 1563 ἐπήλυδας]
837 1520 937 1561 [Anne
963 1521 1021 1551 hoc

307 1566 519 1605 antiquitatem
537 1567 645 1606 sapiat.
662 1567 734 1596 vid.
752 1565 889 1603 Hesych.
907 1565 935 1594 in
952 1563 1022 1594 ἐπή-

307 1609 403 1643 λυδας.
426 1609 600 1649 huon]
625 1609 748 1639 videtur
767 1609 817 1638 hic
834 1608 948 1647 aliquid
967 1609 1022 1637 de-

308 1663 389 1682 esse.
404 1653 537 1683 fortasse
553 1654 612 1692 leg.
628 1653 665 1686 εἷς
678 1655 734 1686 τὰς
748 1652 843 1681 ἄλλων
860 1650 1022 1685 ἐπήλυδας.

305 1702 489 1735 posteaquam
515 1697 642 1725 aliorum
670 1698 700 1725 in
729 1696 862 1725 civitates
884 1696 1024 1724 venissent

309 1744 452 1778 tanquam
465 1739 633 1774 adventitii,
647 1739 797 1778 inquilini.

351 1800 396 1805 —
411 1785 462 1812 ⁰22.
478 1782 555 1823 ἔχει]
574 1792 644 1811 num
662 1779 774 1816 ἐκείνοις.
797 1781 853 1810 sed
870 1780 960 1810 malui
975 1779 1022 1809 καὶ

311 1825 484 1864 proximum
501 1827 662 1864 insequens
676 1826 763 1854 uncis
778 1825 947 1854 includere.

356 1870 450 1899 1391.
467 1871 497 1898 2.
521 1867 654 1909 ἐλθόντα]
678 1867 810 1901 ἐλθόντες
826 1869 904 1906 Aug.
920 1877 966 1906 pr.
989 1867 1025 1896 R.

311 1912 394 1950 quod
410 1912 513 1941 nescio
533 1922 567 1940 an
587 1912 698 1941 melius
716 1912 839 1950 vulgata
859 1911 908 1940 sit.
932 1911 1025 1948 primo

309 1957 408 1984 statim
420 1956 538 1994 impetu,
551 1955 599 1983 vel
613 1964 762 1994 aggressu.
775 1954 900 1993 vulgata
912 1953 1025 1993 siguifi-

314 2002 373 2031 cat,
388 1998 439 2038 qui
454 1998 547 2027 subito
558 1999 727 2037 ingruisset.

355 2059 398 2063 --
414 2043 466 2070 17.
489 2042 553 2074 τοὺς
577 2039 755 2080 ἐμμέτρους]
785 2039 926 2080 ἐ’μμετροι
949 2049 1030 2069 ποιη-’

313 2084 363 2112 ταὶ
381 2090 448 2114 sunt
465 2084 487 2113 οῖ
509 2083 534 2113 ἐν
556 2084 666 2124 μέτρῳ,
689 2082 840 2113 τουτέστιν
862 2082 935 2117 ἕπει,
958 2083 1026 2122 γρά-

315 2126 640 2166 xlaoevwsc,quica1·mina
652 2127 792 2157 versibus
805 2128 897 2165 justae
910 2125 1028 2164 magni-

314 2171 431 2199 tudinis
448 2170 658 2205 condiderunt,
681 2172 776 2199 verbo
791 2169 884 2209 epici,
905 2169 956 2207 qui
973 2179 1028 2207 op-

315 2220 469 2252 ponuntur
495 2215 556 2247 τοῖς
579 2216 633 2242 τῶν
656 2211 793 2253 ᾀδομένων
817 2213 900 2254 (scil.
919 2211 1031 2252 μελῶν)

317 2258 457 2291 ποιηταῖς,
475 2256 532 2286 hoc
549 2261 608 2291 est,
624 2256 740 2294 lyricis.

360 2302 456 2331 1392.
473 2301 523 2329 15.
549 2301 648 2328 ταῦτα
669 2301 709 2328 τὸ,
728 2297 919 2338 πραχθέντα]
945 2298 1029 2327 vide-

316 2348 364 2372 tui·
377 2344 425 2372 liic
437 2343 551 2382 aliquid
564 2343 686 2372 deesse.
700 2344 719 2372 f.
733 2342 841 2377 πάλαι,
854 2347 906 2371 aut
918 2340 1029 2381 ἑτέξοις.

318 2387 376 2416 haec
392 2387 470 2421 clim,
486 2391 537 2415 aut
552 2387 588 2415 ab
603 2386 670 2415 aliis
680 2390 772 2426 gesta.

359 2447 402 2452 —
426 2433 476 2460 18.
501 2429 622 2469 δίδωσιν]
647 2429 751 2459 addidi
778 2428 860 2463 αὐτη,
886 2429 947 2467 ipsa
971 2427 1031 2457 sola

314 2482 368 2510 per
383 2482 420 2502 se.

361 2533 403 2537 —
419 2515 495 2544 ibid.
519 2513 604 2555 ῥᾴδιον
624 2514 693 2555 μὲν]
718 2519 769 2544 aut
794 2514 962 2543 tollendum
986 2518 1031 2543 est

318 2557 385 2597 μὲν,
403 2563 456 2587 aut
470 2569 536 2587 cum
553 2570 603 2597 μοι
620 2558 807 2592 mutandum,
824 2562 875 2586 aut
891 2567 958 2587 cum
972 2557 1030 2587 οὐκ.

321 2601 486 2642 quaefacz‘Le
502 2611 559 2629 non
573 2602 611 2630 sit
625 2603 754 2631 oratione
765 2602 888 2639 exsequi.

362 2662 403 2666 -
420 2645 472 2674 25.
496 2643 682 2684 ἀμφοτέροις]
703 2648 773 2682 post
797 2642 968 2683 ἀμφοτέροις
988 2642 1031 2672 vi-

321 2688 412 2718 detur
427 2686 610 2726 ἁρμόττοντα
627 2688 744 2716 deesse.

367 2732 501 2761 13931.
519 2729 780 2769 συμβουλομένους]
801 2728 922 2768 [Quid'.
945 2729 1033 2758 Anne

320 2773 551 2804 consentientes?
602 2772 714 2801 Haereo
753 2773 792 2801 de
830 2772 1034 2802 Hellenismo.

319 2814 494 2855 Tityron]

365 2878 406 2883 ——
422 2860 473 2889 15.
487 2857 612 2897 ἐνέγκαι]
631 2857 702 2886 dedi
715 2856 808 2894 ἤνεγκε
824 2862 854 2886 et
870 2858 1032 2896 προσποιεῖ.

319 2905 387 2933 solet
403 2901 509 2943 afferre
521 2902 658 2939 gloriam.

363 2964 407 2969 -—
426 2949 475 2977 16.
499 2944 549 2985 κᾷν
567 2941 723 2984 ὑπερζάλῃ]
750 2942 880 2972 subaudi
903 2954 959 2977 τις,
983 2947 1034 2972 aut

322 2991 334 3020 ὅ
350 2989 448 3027 λέγων.

364 3050 405 3056 -
424 3033 475 3063 19.
498 3029 598 3071 ἐ’ςγοις]
615 3030 645 3062 h.
658 3040 684 3060 e.
702 3028 732 3060 in
749 3028 832 3059 aditu
851 3039 916 3059 sum
932 3028 1033 3068 ipsius

1043 570 1159 610 operis,
1173 570 1256 609 quod
1271 569 1344 599 mibi
1361 580 1440 600 nunc
1456 570 1608 609 agendum
1624 576 1682 601 est.

1085 631 1128 636 —-
1151 614 1226 643 ibid.
1249 613 1463 654 προϊστάμενοι]
1495 614 1618 644 defendi
1645 613 1756 654 possit..

1046 656 1152 686 Coram
1167 666 1211 686 me
1225 658 1345 687 stantia.
1368 656 1488 696 possint
1511 661 1542 687 et
1565 657 1624 687 alia
1646 657 1759 697 subjici

1044 700 1125 729 baud
1136 700 1244 735 aliena,
1257 705 1290 730 ut
1301 700 1532 740 προσιστάμενα,
1544 701 1584 730 ad
1598 701 1675 730 latus
1685 699 1759 730 mihi

1043 744 1165 778 stantia,
1181 743 1253 772 item
1270 743 1493 784 παριστάμενα,
1505 746 1537 773 iu
1551 750 1672 773 mentem
1687 743 1761 773 mihi

1042 787 1197 821 venientia,
1206 791 1236 815 et
1245 788 1463 827 περιϊστάμενοι,
1473 796 1517 816 me
1524 788 1760 817 circumstantia.

1040 839 1173 867 vquorum
1201 829 1352 867 quodnam
1380 831 1418 859 ab
1443 830 1575 860 oratoris
1597 840 1689 860 manu
1718 830 1759 860 sit

1046 872 1231 910 profectum,
1247 873 1352 911 ecquis
1365 873 1492 902 dixerit.

1092 916 1187 945 1394.
1204 918 1234 946 6.
1257 914 1293 956 τῇ
1309 914 1337 945 δὲ
1350 914 1491 956 σώζεται]
1513 915 1534 945 f.
1547 914 1610 954 leg.
1625 915 1664 956 τῇ
1680 914 1707 945 δὲ
1721 917 1761 946 τᾶ.

1047 957 1113 988 ὄντα
1127 957 1265 997 σώζεται.
1288 959 1381 988 altera
1396 963 1494 989 autem
1506 957 1644 999 jbrtunoe.
1657 960 1763 998 cuique

1049 1011 1108 1031 suae
1125 1008 1346 1032 conservantur.

1091 1062 1134 1067 —
1150 1044 1227 1074 ibid.
1250 1043 1275 1074 ἐν
1288 1044 1412 1085 τούτοις]
1436 1050 1510 1085 post
1532 1042 1558 1074 ἔν
1572 1044 1684 1079 τούτοις
1703 1055 1762 1075 non

1049 1088 1142 1118 video
1159 1088 1232 1127 quid
1247 1098 1429 1127 magnopere
1450 1098 1578 1118 necesse
1593 1088 1645 1124 sit,
1662 1095 1695 1118 ut
1710 1098 1764 1118 co-

1048 1132 1123 1170 puta
1137 1132 1276 1161 addatur.
1300 1132 1383 1170 quod
1405 1131 1431 1161 si
1447 1136 1548 1161 tamen
1564 1141 1694 1161 necesse
1711 1132 1763 1167 sit,

1050 1185 1118 1204 cum
1136 1185 1192 1204 non
1217 1175 1338 1204 omnino
1360 1175 1530 1214 improbem
1552 1172 1596 1205 οῧν
1617 1175 1764 1213 marginis

1051 1218 1152 1247 Lntet.
1170 1218 1330 1257 praeferam
1345 1223 1444 1248 tamen
1458 1217 1493 1248 δ’.
1505 1216 1531 1249 ἐν
1545 1217 1654 1252 τούτοις
1666 1217 1691 1247 δ’
1703 1219 1767 1259 ἀμ-

1051 1269 1185 1300 φοτεροις.

1095 1322 1136 1327 —
1153 1306 1183 1335 9.
1208 1304 1245 1338 εἶς
1260 1303 1410 1345 σωτηρίαν]
1434 1303 1537 1334 malim
1553 1303 1592 1337 εἷς
1605 1305 1654 1335 τὴν
1672 1315 1766 1335 σωτη-

1053 1345 1120 1387 ρίαν.

1096 1408 1139 1413 -
1156 1392 1206 1419 12.
1229 1390 1344 1430 ταῦτα]
1362 1390 1431 1420 scil.
1447 1391 1487 1420 τιὶ
1501 1390 1543 1420 νῦν
1555 1388 1680 1431 παρόντα.
1694 1389 1768 1432 πρά-

1054 1444 1164 1473 γματα
1179 1432 1296 1468 φαύλως
1309 1432 1481 1473 διακείμενα.

1098 1494 1141 1499 —-
1158 1478 1209 1506 13.
1233 1477 1408 1518 προορώσης]
1433 1476 1515 1506 redit
1534 1475 1571 1505 ad
1588 1474 1708 1515 ἀγνοίας.
1731 1475 1769 1505 εἶ-

1054 1518 1231 1560 ρωνευομένης
1246 1524 1347 1549 autem
1365 1521 1403 1550 ad
1416 1519 1531 1553 κακίας.
1554 1520 1620 1549 haeo
1634 1521 1713 1550 enim
1730 1519 1770 1550 εἷ-

1055 1562 1209 1603 graveas-m,
1229 1562 1353 1592 simulat
1373 1563 1595 1602 stupiditatem,
1614 1568 1666 1593 aut
1686 1563 1772 1602 igno-

1055 1606 1194 1641 rantiam,
1208 1616 1265 1635 non
1282 1611 1380 1636 autem
1395 1606 1569 1645 ignorantia
1582 1606 1658 1645 ipsa.
1676 1616 1770 1645 quare

1056 1649 1156 1678 malim
1175 1651 1319 1689 πςοορῶσιν
1331 1654 1361 1679 et
1372 1648 1591 1690 εἶξωνευομένοις,
1608 1654 1770 1689 utrumque

1056 1692 1086 1721 in
1100 1692 1205 1721 dativo
1222 1693 1346 1731 plurali,
1365 1698 1399 1722 ut
1413 1693 1564 1723 referatur
1580 1692 1619 1722 ad
1635 1693 1772 1732 praemis-

1058 1745 1125 1765 sum
1136 1733 1272 1765 ιἘλληο-ι.

1100 1795 1142 1800 --
1165 1778 1242 1807 ibid.
1267 1777 1441 1819 ὑπήκουσαν]
1466 1778 1580 1812 Graeci,
1607 1778 1771 1818 stupidita-

1057 1824 1119 1850 tem
1136 1831 1190 1851 seu
1207 1822 1397 1857 simulantes,
1412 1833 1466 1852 seu
1483 1832 1586 1852 veram
1597 1822 1690 1851 rebus
1701 1832 1774 1861 pro·

1059 1865 1180 1893 dentes.

1101 1925 1145 1930 -—
1161 1909 1212 1936 14.
1233 1905 1478 1948 ἐμνησικάκησαν]
1496 1907 1698 1942 Athenienses
1716 1909 1773 1937 lioc

1061 1950 1140 1980 bello
1156 1950 1303 1986 defuncti,
1317 1961 1444 1990 quorum
1455 1951 1562 1981 laudes
1573 1951 1628 1981 hac
1638 1951 1774 1981 oratione

1060 1994 1277 2033 praedicantur.

1103 2055 1146 2059 ——
1163 2041 1215 2067 ⁶22.
1238 2035 1425 2078 ἀμφοτέροις]
1449 2037 1523 2067 dedi
1539 2036 1706 2078 ἀμφότεροι.
1730 2039 1776 2068 vi-

1063 2080 1152 2110 detur
1171 2081 1239 2109 aliis
1257 2081 1286 2109 in
1303 2080 1392 2109 libris
1409 2081 1479 2116 hoo,
1499 2081 1530 2109 in
1549 2081 1617 2110 aliis
1632 2080 1700 2121 παρ’
1713 2082 1776 2121 ἄμ-

1062 2123 1185 2163 <po—ripen:
1207 2123 1315 2153 fuisse.
1339 2124 1420 2154 unde
1441 2129 1510 2153 nata
1529 2124 1582 2154 illa
1597 2124 1775 2164 scriptionis

1064 2167 1223 2196 aberratio.

1106 2228 1150 2233 —
1177 2213 1227 2241 26.
1264 2208 1336 2250 ἐ’σχε
1351 2208 1410 2248 -]
1449 2209 1550 2238 Recte
1579 2208 1776 2249 distinguunt

1063 2253 1200 2283 Wotfet
1215 2253 1380 2283 Lambinus
1396 2252 1459 2282 sic:
1479 2251 1563 2294 ἔσχε,
1578 2252 1617 2293 τῇ
1631 2253 1709 2294 τύχῃ
1725 2252 1777 2283 πέ-

1065 2295 1151 2326 πονθε
1164 2314 1217 2326 —-.

1107 2357 1150 2361 —
1166 2339 1220 2368 ult.
1241 2339 1283 2378 μὴ
1307 2335 1450 2379 ἐπιὲἧναι]
1475 2338 1549 2368 satis
1571 2349 1610 2369 ex
1631 2338 1679 2368 his
1697 2338 1777 2368 arbi-

1065 2388 1131 2411 tror
1146 2387 1298 2416 constare,
1316 2382 1482 2411 orationem
1499 2383 1588 2417 lianc,
1603 2381 1629 2411 si
1647 2391 1777 2421 unquam

1065 2425 1148 2454 dicta
1162 2426 1232 2460 fuit,
1248 2425 1276 2453 in
1298 2434 1395 2454 caesos
1416 2424 1454 2455 in.
1469 2435 1571 2464 pugna
1583 2425 1628 2454 -ad
1653 2425 1778 2455 Chaero-

1065 2478 1152 2498 neam
1169 2478 1237 2498 esse
1253 2467 1378 2501 dictam,
1393 2468 1448 2498 sed
1460 2469 1498 2498 ab
1514 2467 1634 2498 homine
1647 2472 1729 2498 metu
1747 2472 1778 2498 et

1066 2512 1281 2551 desperatione
1297 2510 1451 2550 perculso,
1466 2512 1516 2541 cui
1530 2511 1658 2552 spiritus
1675 2515 1779 2541 essent

1067 2555 1192 2593 dejecti,
1207 2560 1237 2584 et
1252 2554 1339 2591 plane
1353 2555 1509 2584 exstincti.

1112 2600 1207 2629 1395.
1229 2600 1259 2628 3.
1283 2596 1357 2636 ἐκεῖ]
1380 2597 1424 2626 ibi
1452 2597 1490 2626 ad
1514 2597 1723 2632 Chaeroneam,
1746 2596 1778 2625 in

1068 2641 1133 2675 illa,
1147 2651 1236 2680 quam
1251 2641 1330 2675 dixi,
1347 2650 1458 2679 pugna.

1110 2702 1153 2707 —-
1186 2686 1233 2714 16.
1266 2683 1386 2724 χαλεπῇ
1410 2681 1504 2724 τύχῃ]
1536 2682 1635 2720 possit
1659 2684 1778 2723 χαλεπὴ

1069 2726 1145 2768 τύχη
1169 2727 1269 2766 accipi
1289 2737 1344 2766 pro
1363 2725 1492 2761 difficili,
1513 2735 1605 2761 saeva,
1631 2726 1781 2761 mutabili,

1070 2777 1101 2799 et
1124 2772 1231 2800 ambos
1253 2769 1377 2799 alternis
1397 2773 1553 2806 premente
1573 2772 1662 2806 atque
1680 2769 1780 2798 extol-

1069 2813 1161 2842 lente.
1184 2813 1306 2842 videtur
1321 2816 1418 2840 tamen
1434 2811 1548 2848 aliquid
1567 2812 1689 2846 deesse,
1705 2822 1733 2841 e.
1749 2822 1779 2842 c.

1070 2856 1195 2896 προϊδεῖν,
1218 2855 1338 2895 πξοορᾷν,
1363 2849 1582 2893 σταθμᾶσθαι,
1609 2854 1655 2883 ν61
1678 2854 1780 2884 simile

1070 2900 1153 2937 quid.
1177 2899 1296 2928 son-tuna
1311 2897 1415 2931 dubia,
1438 2896 1576 2935 ancipiti,
1597 2907 1665 2935 quae
1681 2902 1779 2927 utram

1069 2941 1098 2971 in
1122 2946 1238 2980 partem
1265 2940 1305 2969 sit
1329 2939 1522 2973 inclinatura,
1548 2940 1635 2969 facile
1659 2951 1717 2970 non
1741 2940 1781 2970 sit

1069 2984 1246 3023 providere.
1271 2983 1412 3012 videntur
1436 2982 1526 3012 etiam
1553 2984 1646 3012 verba
1671 2983 1780 3013 melius

1068 3028 1111 3058 ita
1126 3032 1216 3066 atque
1228 3025 1398 3057 ordinatius
1413 3025 1569 3062 collocari,
1586 3031 1619 3057 ut
1635 3026 1783 3056 arbitratu
