<?xml version="1.0" encoding="UTF-8"?>
<!DOCTYPE html PUBLIC "-//W3C//DTD XHTML 1.0 Transitional//EN"
    "http://www.w3.org/TR/xhtml1/DTD/xhtml1-transitional.dtd">
<html xmlns="http://www.w3.org/1999/xhtml" xml:lang="en" lang="en">
 <head>
  <title>
</title>
<meta http-equiv="Content-Type" content="text/html;charset=utf-8" />
  <meta name='ocr-system' content='tesseract 3.04.00' />
  <meta name='ocr-capabilities' content='ocr_page ocr_carea ocr_par ocr_line ocrx_word'/>
</head>
<body>
  <div class='ocr_page' id='page_1' title='image "./oratoresatticie09dobs/oratoresatticie09dobs_0179.png"; bbox 0 0 1931 3322; ppageno 0'>
   <div class='ocr_carea' id='block_1_1' title="bbox 329 207 1375 256">
    <p class='ocr_par' dir='ltr' id='par_1_1' title="bbox 329 207 1375 256">
     <span class='ocr_line' id='line_1_1' title="bbox 329 207 1375 256; baseline -0.005 0"><span class='ocrx_word' id='word_1_1' title='bbox 329 213 414 256; x_wconf 94' lang='lat' dir='ltr'>AD</span> <span class='ocrx_word' id='word_1_2' title='bbox 447 208 815 255; x_wconf 86' lang='lat' dir='ltr'><strong>ORATIONEM</strong></span> <span class='ocrx_word' id='word_1_3' title='bbox 847 208 912 252; x_wconf 94' lang='lat' dir='ltr'>IN</span> <span class='ocrx_word' id='word_1_4' title='bbox 943 207 1375 252; x_wconf 79' lang='lat' dir='ltr'>TIMOCRATEM.</span> 
     </span>
    </p>
   </div>
   <div class='ocr_carea' id='block_1_2' title="bbox 102 316 833 3082">
    <p class='ocr_par' dir='ltr' id='par_1_2' title="bbox 116 316 830 446">
     <span class='ocr_line' id='line_1_2' title="bbox 117 316 829 359; baseline -0.008 -7"><span class='ocrx_word' id='word_1_5' title='bbox 117 333 121 337; x_wconf 86' lang='lat'>·</span> <span class='ocrx_word' id='word_1_6' title='bbox 160 337 207 344; x_wconf 85' lang='lat'>—-</span> <span class='ocrx_word' id='word_1_7' title='bbox 226 320 303 351; x_wconf 85' lang='lat' dir='ltr'>ibid.</span> <span class='ocrx_word' id='word_1_8' title='bbox 324 318 372 350; x_wconf 70' lang='grc' dir='ltr'>τὸν</span> <span class='ocrx_word' id='word_1_9' title='bbox 394 316 606 359; x_wconf 64' lang='grc' dir='ltr'>γεγραμμένον]</span> <span class='ocrx_word' id='word_1_10' title='bbox 633 317 701 348; x_wconf 88' lang='lat' dir='ltr'>scil.</span> <span class='ocrx_word' id='word_1_11' title='bbox 728 317 829 358; x_wconf 78' lang='grc' dir='ltr'><strong>χρόνον,</strong></span> 
     </span>
     <span class='ocr_line' id='line_1_3' title="bbox 117 360 830 403; baseline -0.006 -9"><span class='ocrx_word' id='word_1_12' title='bbox 117 364 290 403; x_wconf 72' lang='lat' dir='ltr'>auspicium</span> <span class='ocrx_word' id='word_1_13' title='bbox 314 363 426 393; x_wconf 87' lang='lat' dir='ltr'>valoris</span> <span class='ocrx_word' id='word_1_14' title='bbox 453 365 485 391; x_wconf 90' lang='lat' dir='ltr'>et</span> <span class='ocrx_word' id='word_1_15' title='bbox 512 360 704 391; x_wconf 78' lang='lat' dir='ltr'><strong>auctoritatis</strong></span> <span class='ocrx_word' id='word_1_16' title='bbox 729 362 830 392; x_wconf 86' lang='lat' dir='ltr'>facere</span> 
     </span>
     <span class='ocr_line' id='line_1_4' title="bbox 116 405 622 446; baseline -0.008 -9"><span class='ocrx_word' id='word_1_17' title='bbox 116 412 240 446; x_wconf 79' lang='lat' dir='ltr'>tempus</span> <span class='ocrx_word' id='word_1_18' title='bbox 251 407 283 436; x_wconf 89' lang='lat' dir='ltr'>in</span> <span class='ocrx_word' id='word_1_19' title='bbox 299 406 367 445; x_wconf 87' lang='lat' dir='ltr'>ipsa</span> <span class='ocrx_word' id='word_1_20' title='bbox 378 406 446 442; x_wconf 79' lang='lat' dir='ltr'>lege</span> <span class='ocrx_word' id='word_1_21' title='bbox 463 405 622 443; x_wconf 88' lang='lat' dir='ltr'>scriptum.</span> 
     </span>
    </p>

    <p class='ocr_par' dir='ltr' id='par_1_3' title="bbox 114 446 831 951">
     <span class='ocr_line' id='line_1_5' title="bbox 160 446 830 487; baseline -0.004 -8"><span class='ocrx_word' id='word_1_22' title='bbox 160 467 205 472; x_wconf 92' lang='lat'><em>-</em></span> <span class='ocrx_word' id='word_1_23' title='bbox 224 452 255 479; x_wconf 82' lang='grc'>7.</span> <span class='ocrx_word' id='word_1_24' title='bbox 276 447 322 478; x_wconf 74' lang='grc' dir='ltr'>τὸν</span> <span class='ocrx_word' id='word_1_25' title='bbox 347 446 376 478; x_wconf 76' lang='grc' dir='ltr'>δὲ</span> <span class='ocrx_word' id='word_1_26' title='bbox 398 447 491 487; x_wconf 64' lang='grc' dir='ltr'><strong>νόμεν]</strong></span> <span class='ocrx_word' id='word_1_27' title='bbox 522 448 600 477; x_wconf 85' lang='lat' dir='ltr'>bene</span> <span class='ocrx_word' id='word_1_28' title='bbox 623 447 736 477; x_wconf 88' lang='lat' dir='ltr'>habent</span> <span class='ocrx_word' id='word_1_29' title='bbox 763 447 830 476; x_wconf 83' lang='lat' dir='ltr'>haeo</span> 
     </span>
     <span class='ocr_line' id='line_1_6' title="bbox 116 490 830 530; baseline -0.003 -9"><span class='ocrx_word' id='word_1_30' title='bbox 116 493 222 521; x_wconf 84' lang='lat' dir='ltr'>verba.</span> <span class='ocrx_word' id='word_1_31' title='bbox 245 491 389 522; x_wconf 85' lang='lat' dir='ltr'>Formula</span> <span class='ocrx_word' id='word_1_32' title='bbox 403 491 470 520; x_wconf 87' lang='lat' dir='ltr'>haec</span> <span class='ocrx_word' id='word_1_33' title='bbox 485 491 553 530; x_wconf 81' lang='lat' dir='ltr'>ipsa</span> <span class='ocrx_word' id='word_1_34' title='bbox 566 490 646 529; x_wconf 83' lang='lat' dir='ltr'>legis</span> <span class='ocrx_word' id='word_1_35' title='bbox 663 494 721 520; x_wconf 87' lang='lat' dir='ltr'>est.</span> <span class='ocrx_word' id='word_1_36' title='bbox 752 491 830 520; x_wconf 81' lang='lat' dir='ltr'>Ora-</span> 
     </span>
     <span class='ocr_line' id='line_1_7' title="bbox 116 533 830 572; baseline -0.003 -8"><span class='ocrx_word' id='word_1_37' title='bbox 116 539 166 564; x_wconf 98' lang='lat' dir='ltr'>tor</span> <span class='ocrx_word' id='word_1_38' title='bbox 180 534 213 563; x_wconf 89' lang='lat' dir='ltr'>id</span> <span class='ocrx_word' id='word_1_39' title='bbox 229 534 255 564; x_wconf 92' lang='lat' dir='ltr'>si</span> <span class='ocrx_word' id='word_1_40' title='bbox 276 534 425 564; x_wconf 86' lang='lat' dir='ltr'>voluisset</span> <span class='ocrx_word' id='word_1_41' title='bbox 442 533 628 572; x_wconf 88' lang='lat' dir='ltr'>significare,</span> <span class='ocrx_word' id='word_1_42' title='bbox 650 534 731 572; x_wconf 89' lang='lat' dir='ltr'>quod</span> <span class='ocrx_word' id='word_1_43' title='bbox 747 533 830 564; x_wconf 89' lang='lat' dir='ltr'>Juri-</span> 
     </span>
     <span class='ocr_line' id='line_1_8' title="bbox 115 575 831 616; baseline 0 -10"><span class='ocrx_word' id='word_1_44' title='bbox 115 586 174 606; x_wconf 86' lang='lat' dir='ltr'>nus</span> <span class='ocrx_word' id='word_1_45' title='bbox 191 576 219 606; x_wconf 89' lang='lat' dir='ltr'>ei</span> <span class='ocrx_word' id='word_1_46' title='bbox 235 577 360 615; x_wconf 85' lang='lat' dir='ltr'>affingit,</span> <span class='ocrx_word' id='word_1_47' title='bbox 379 578 424 606; x_wconf 92' lang='lat' dir='ltr'>sic</span> <span class='ocrx_word' id='word_1_48' title='bbox 446 583 510 607; x_wconf 90' lang='lat' dir='ltr'>erat</span> <span class='ocrx_word' id='word_1_49' title='bbox 531 577 668 606; x_wconf 89' lang='lat' dir='ltr'>dicturus</span> <span class='ocrx_word' id='word_1_50' title='bbox 682 587 688 605; x_wconf 92' lang='lat'><strong>:</strong></span> <span class='ocrx_word' id='word_1_51' title='bbox 713 575 760 606; x_wconf 74' lang='grc' dir='ltr'>τὸν</span> <span class='ocrx_word' id='word_1_52' title='bbox 775 576 831 616; x_wconf 80' lang='grc' dir='ltr'>μὲν</span> 
     </span>
     <span class='ocr_line' id='line_1_9' title="bbox 114 618 829 661; baseline 0.001 -13"><span class='ocrx_word' id='word_1_53' title='bbox 114 621 170 649; x_wconf 75' lang='grc' dir='ltr'>τῶν</span> <span class='ocrx_word' id='word_1_54' title='bbox 182 620 270 661; x_wconf 72' lang='grc' dir='ltr'><strong>νόμων</strong></span> <span class='ocrx_word' id='word_1_55' title='bbox 284 620 369 654; x_wconf 68' lang='grc' dir='ltr'>εὐθὺς</span> <span class='ocrx_word' id='word_1_56' title='bbox 386 619 454 650; x_wconf 76' lang='grc' dir='ltr'><strong>εῖναι</strong></span> <span class='ocrx_word' id='word_1_57' title='bbox 473 619 569 660; x_wconf 67' lang='grc' dir='ltr'><strong>κύςιον,</strong></span> <span class='ocrx_word' id='word_1_58' title='bbox 584 618 631 649; x_wconf 77' lang='grc' dir='ltr'>τὸν</span> <span class='ocrx_word' id='word_1_59' title='bbox 650 618 678 649; x_wconf 77' lang='grc' dir='ltr'>δὲ</span> <span class='ocrx_word' id='word_1_60' title='bbox 694 618 752 649; x_wconf 75' lang='grc' dir='ltr'>ἀπὸ</span> <span class='ocrx_word' id='word_1_61' title='bbox 768 620 829 649; x_wconf 75' lang='grc' dir='ltr'><strong>τοῦ.</strong></span> 
     </span>
     <span class='ocr_line' id='line_1_10' title="bbox 115 662 831 703; baseline 0.001 -12"><span class='ocrx_word' id='word_1_62' title='bbox 115 662 178 692; x_wconf 80' lang='lat' dir='ltr'>Sed</span> <span class='ocrx_word' id='word_1_63' title='bbox 202 664 335 702; x_wconf 85' lang='lat' dir='ltr'>vulgatae</span> <span class='ocrx_word' id='word_1_64' title='bbox 349 663 416 693; x_wconf 87' lang='lat' dir='ltr'>haec</span> <span class='ocrx_word' id='word_1_65' title='bbox 437 668 485 692; x_wconf 86' lang='lat' dir='ltr'>est</span> <span class='ocrx_word' id='word_1_66' title='bbox 503 662 670 693; x_wconf 90' lang='lat' dir='ltr'>sententia:</span> <span class='ocrx_word' id='word_1_67' title='bbox 695 664 831 703; x_wconf 74' lang='lat' dir='ltr'>quoniam</span> 
     </span>
     <span class='ocr_line' id='line_1_11' title="bbox 117 704 831 746; baseline 0.003 -12"><span class='ocrx_word' id='word_1_68' title='bbox 117 704 232 735; x_wconf 77' lang='lat' dir='ltr'>Diocles</span> <span class='ocrx_word' id='word_1_69' title='bbox 252 707 349 745; x_wconf 80' lang='lat' dir='ltr'>legum</span> <span class='ocrx_word' id='word_1_70' title='bbox 371 707 564 746; x_wconf 80' lang='lat' dir='ltr'>antiquarum</span> <span class='ocrx_word' id='word_1_71' title='bbox 581 706 739 745; x_wconf 79' lang='lat' dir='ltr'>permultis</span> <span class='ocrx_word' id='word_1_72' title='bbox 755 706 831 736; x_wconf 81' lang='lat' dir='ltr'>hanc</span> 
     </span>
     <span class='ocr_line' id='line_1_12' title="bbox 114 748 831 790; baseline 0.001 -13"><span class='ocrx_word' id='word_1_73' title='bbox 114 748 258 786; x_wconf 77' lang='lat' dir='ltr'>adjectam</span> <span class='ocrx_word' id='word_1_74' title='bbox 276 755 427 789; x_wconf 80' lang='lat' dir='ltr'>repererat</span> <span class='ocrx_word' id='word_1_75' title='bbox 444 748 630 779; x_wconf 78' lang='lat' dir='ltr'>clausulam.-</span> <span class='ocrx_word' id='word_1_76' title='bbox 655 749 747 790; x_wconf 82' lang='lat' dir='ltr'>legem</span> <span class='ocrx_word' id='word_1_77' title='bbox 765 759 831 780; x_wconf 78' lang='lat' dir='ltr'>vero</span> 
     </span>
     <span class='ocr_line' id='line_1_13' title="bbox 115 789 831 834; baseline 0.004 -14"><span class='ocrx_word' id='word_1_78' title='bbox 115 789 194 821; x_wconf 78' lang='lat' dir='ltr'>hanc</span> <span class='ocrx_word' id='word_1_79' title='bbox 211 791 295 832; x_wconf 89' lang='lat' dir='ltr'>[scil.</span> <span class='ocrx_word' id='word_1_80' title='bbox 319 792 386 822; x_wconf 88' lang='lat' dir='ltr'>vult</span> <span class='ocrx_word' id='word_1_81' title='bbox 407 792 607 833; x_wconf 82' lang='lat' dir='ltr'>legislator]</span> <span class='ocrx_word' id='word_1_82' title='bbox 596 793 672 822; x_wconf 82' lang='lat' dir='ltr'>mire</span> <span class='ocrx_word' id='word_1_83' title='bbox 689 793 761 834; x_wconf 86' lang='lat' dir='ltr'>[seu</span> <span class='ocrx_word' id='word_1_84' title='bbox 777 804 831 823; x_wconf 83' lang='lat' dir='ltr'>ex·</span> 
     </span>
     <span class='ocr_line' id='line_1_14' title="bbox 115 834 831 877; baseline 0.004 -14"><span class='ocrx_word' id='word_1_85' title='bbox 115 835 229 876; x_wconf 85' lang='lat' dir='ltr'>erceri]</span> <span class='ocrx_word' id='word_1_86' title='bbox 246 836 282 865; x_wconf 81' lang='lat' dir='ltr'>ab</span> <span class='ocrx_word' id='word_1_87' title='bbox 297 834 452 870; x_wconf 62' lang='lat' dir='ltr'>Ali-‚chonte</span> <span class='ocrx_word' id='word_1_88' title='bbox 467 837 518 876; x_wconf 76' lang='lat' dir='ltr'>qui</span> <span class='ocrx_word' id='word_1_89' title='bbox 532 837 679 874; x_wconf 65' lang='lat' dir='ltr'>proximus</span> <span class='ocrx_word' id='word_1_90' title='bbox 697 842 765 866; x_wconf 85' lang='lat' dir='ltr'>esset</span> <span class='ocrx_word' id='word_1_91' title='bbox 769 835 831 877; x_wconf 70' lang='lat' dir='ltr'>ju,</span> 
     </span>
     <span class='ocr_line' id='line_1_15' title="bbox 115 878 831 919; baseline 0.004 -13"><span class='ocrx_word' id='word_1_92' title='bbox 115 881 203 907; x_wconf 79' lang='lat' dir='ltr'>turns</span> <span class='ocrx_word' id='word_1_93' title='bbox 223 888 363 909; x_wconf 75' lang='lat' dir='ltr'><strong><em>successor</em></strong></span> <span class='ocrx_word' id='word_1_94' title='bbox 385 878 476 918; x_wconf 81' lang='lat' dir='ltr'>hujus</span> <span class='ocrx_word' id='word_1_95' title='bbox 500 879 669 916; x_wconf 76' lang='lat' dir='ltr'>Archontis,</span> <span class='ocrx_word' id='word_1_96' title='bbox 693 881 750 909; x_wconf 87' lang='lat' dir='ltr'>sub</span> <span class='ocrx_word' id='word_1_97' title='bbox 771 890 831 919; x_wconf 91' lang='lat' dir='ltr'>quo</span> 
     </span>
     <span class='ocr_line' id='line_1_16' title="bbox 114 920 253 951; baseline 0.007 -1"><span class='ocrx_word' id='word_1_98' title='bbox 114 920 166 950; x_wconf 85' lang='lat' dir='ltr'>lex</span> <span class='ocrx_word' id='word_1_99' title='bbox 182 921 253 951; x_wconf 81' lang='lat' dir='ltr'>lata.</span> 
     </span>
    </p>

    <p class='ocr_par' dir='ltr' id='par_1_4' title="bbox 116 963 689 1005">
     <span class='ocr_line' id='line_1_17' title="bbox 116 963 689 1005; baseline 0.005 -12"><span class='ocrx_word' id='word_1_100' title='bbox 116 982 119 985; x_wconf 93' lang='lat'>-</span> <span class='ocrx_word' id='word_1_101' title='bbox 155 981 199 988; x_wconf 91' lang='lat'>-—-</span> <span class='ocrx_word' id='word_1_102' title='bbox 213 964 288 994; x_wconf 83' lang='lat' dir='ltr'>ibid.</span> <span class='ocrx_word' id='word_1_103' title='bbox 304 963 364 995; x_wconf 74' lang='grc' dir='ltr'>ἀπό</span> <span class='ocrx_word' id='word_1_104' title='bbox 377 964 443 1005; x_wconf 79' lang='grc' dir='ltr'><strong>τοῦ]</strong></span> <span class='ocrx_word' id='word_1_105' title='bbox 461 965 529 994; x_wconf 88' lang='lat' dir='ltr'>scil.</span> <span class='ocrx_word' id='word_1_106' title='bbox 545 963 689 1005; x_wconf 76' lang='grc' dir='ltr'>ἐσομένου.</span> 
     </span>
    </p>

    <p class='ocr_par' dir='ltr' id='par_1_5' title="bbox 112 1005 833 1264">
     <span class='ocr_line' id='line_1_18' title="bbox 156 1005 831 1050; baseline 0.001 -12"><span class='ocrx_word' id='word_1_107' title='bbox 156 1024 200 1031; x_wconf 87' lang='lat'>-—</span> <span class='ocrx_word' id='word_1_108' title='bbox 215 1010 246 1038; x_wconf 86' lang='lat'>8.</span> <span class='ocrx_word' id='word_1_109' title='bbox 257 1005 368 1047; x_wconf 75' lang='grc' dir='ltr'><strong>ὕστερον</strong></span> <span class='ocrx_word' id='word_1_110' title='bbox 381 1007 410 1038; x_wconf 76' lang='grc' dir='ltr'>δὲ</span> <span class='ocrx_word' id='word_1_111' title='bbox 422 1008 533 1047; x_wconf 77' lang='grc' dir='ltr'><strong>γράφων</strong></span> <span class='ocrx_word' id='word_1_112' title='bbox 549 1007 598 1038; x_wconf 74' lang='grc' dir='ltr'>ἐπὶ</span> <span class='ocrx_word' id='word_1_113' title='bbox 608 1009 734 1050; x_wconf 74' lang='grc' dir='ltr'>τούτοις]</span> <span class='ocrx_word' id='word_1_114' title='bbox 747 1008 831 1039; x_wconf 86' lang='lat' dir='ltr'>idem</span> 
     </span>
     <span class='ocr_line' id='line_1_19' title="bbox 113 1050 833 1090; baseline 0.004 -11"><span class='ocrx_word' id='word_1_115' title='bbox 113 1054 162 1080; x_wconf 88' lang='lat' dir='ltr'>est</span> <span class='ocrx_word' id='word_1_116' title='bbox 185 1061 221 1080; x_wconf 89' lang='lat' dir='ltr'>ac</span> <span class='ocrx_word' id='word_1_117' title='bbox 245 1051 270 1080; x_wconf 90' lang='lat' dir='ltr'>si</span> <span class='ocrx_word' id='word_1_118' title='bbox 293 1050 451 1081; x_wconf 86' lang='lat' dir='ltr'>dixisset:</span> <span class='ocrx_word' id='word_1_119' title='bbox 474 1052 558 1090; x_wconf 70' lang='grc' dir='ltr'>μετὰ</span> <span class='ocrx_word' id='word_1_120' title='bbox 580 1051 696 1085; x_wconf 76' lang='grc' dir='ltr'><strong>τούτους</strong></span> <span class='ocrx_word' id='word_1_121' title='bbox 717 1052 745 1082; x_wconf 77' lang='grc' dir='ltr'>δὲ</span> <span class='ocrx_word' id='word_1_122' title='bbox 768 1053 833 1085; x_wconf 79' lang='grc' dir='ltr'>τοὺς</span> 
     </span>
     <span class='ocr_line' id='line_1_20' title="bbox 113 1092 831 1135; baseline 0.003 -13"><span class='ocrx_word' id='word_1_123' title='bbox 113 1092 277 1134; x_wconf 71' lang='grc' dir='ltr'><em>εἰρημένους,</em></span> <span class='ocrx_word' id='word_1_124' title='bbox 285 1093 350 1128; x_wconf 75' lang='grc' dir='ltr'>τοὺς</span> <span class='ocrx_word' id='word_1_125' title='bbox 360 1094 542 1135; x_wconf 63' lang='grc' dir='ltr'><strong>ὑπάρχοντας</strong></span> <span class='ocrx_word' id='word_1_126' title='bbox 551 1092 657 1132; x_wconf 80' lang='grc' dir='ltr'><strong>νόμους.</strong></span> <span class='ocrx_word' id='word_1_127' title='bbox 668 1095 719 1133; x_wconf 89' lang='lat' dir='ltr'>qui</span> <span class='ocrx_word' id='word_1_128' title='bbox 729 1095 831 1134; x_wconf 87' lang='lat' dir='ltr'>legem</span> 
     </span>
     <span class='ocr_line' id='line_1_21' title="bbox 113 1136 831 1175; baseline 0.003 -10"><span class='ocrx_word' id='word_1_129' title='bbox 113 1136 192 1166; x_wconf 89' lang='lat' dir='ltr'>hanc</span> <span class='ocrx_word' id='word_1_130' title='bbox 213 1137 342 1173; x_wconf 83' lang='lat' dir='ltr'>ferebat,</span> <span class='ocrx_word' id='word_1_131' title='bbox 360 1137 488 1166; x_wconf 89' lang='lat' dir='ltr'>Diocles</span> <span class='ocrx_word' id='word_1_132' title='bbox 509 1142 593 1175; x_wconf 86' lang='lat' dir='ltr'>puta,</span> <span class='ocrx_word' id='word_1_133' title='bbox 613 1138 712 1167; x_wconf 87' lang='lat' dir='ltr'>ferens</span> <span class='ocrx_word' id='word_1_134' title='bbox 728 1138 831 1175; x_wconf 72' lang='lat' dir='ltr'>legem</span> 
     </span>
     <span class='ocr_line' id='line_1_22' title="bbox 115 1180 830 1219; baseline 0.004 -11"><span class='ocrx_word' id='word_1_135' title='bbox 115 1180 192 1209; x_wconf 78' lang='lat' dir='ltr'>hanc</span> <span class='ocrx_word' id='word_1_136' title='bbox 221 1190 306 1210; x_wconf 87' lang='lat' dir='ltr'>suam</span> <span class='ocrx_word' id='word_1_137' title='bbox 330 1180 427 1210; x_wconf 85' lang='lat' dir='ltr'>modo</span> <span class='ocrx_word' id='word_1_138' title='bbox 457 1180 630 1215; x_wconf 77' lang='lat' dir='ltr'><strong>recitatam,</strong></span> <span class='ocrx_word' id='word_1_139' title='bbox 659 1185 732 1219; x_wconf 88' lang='lat' dir='ltr'>post</span> <span class='ocrx_word' id='word_1_140' title='bbox 760 1181 830 1211; x_wconf 88' lang='lat' dir='ltr'>illas</span> 
     </span>
     <span class='ocr_line' id='line_1_23' title="bbox 112 1223 683 1264; baseline 0.004 -12"><span class='ocrx_word' id='word_1_141' title='bbox 112 1223 205 1253; x_wconf 89' lang='lat' dir='ltr'>modo</span> <span class='ocrx_word' id='word_1_142' title='bbox 220 1228 473 1253; x_wconf 85' lang='lat' dir='ltr'>commemoratas</span> <span class='ocrx_word' id='word_1_143' title='bbox 490 1225 613 1264; x_wconf 88' lang='lat' dir='ltr'>p.¹713.</span> <span class='ocrx_word' id='word_1_144' title='bbox 630 1226 683 1254; x_wconf 87' lang='grc'>19.</span> 
     </span>
    </p>

    <p class='ocr_par' dir='ltr' id='par_1_6' title="bbox 102 1265 832 2075">
     <span class='ocr_line' id='line_1_24' title="bbox 154 1265 829 1308; baseline 0 -12"><span class='ocrx_word' id='word_1_145' title='bbox 154 1283 198 1289; x_wconf 88' lang='lat'>-—</span> <span class='ocrx_word' id='word_1_146' title='bbox 211 1269 265 1296; x_wconf 88' lang='grc'>10.</span> <span class='ocrx_word' id='word_1_147' title='bbox 277 1278 342 1301; x_wconf 80' lang='grc' dir='ltr'><strong><em>τους</em></strong></span> <span class='ocrx_word' id='word_1_148' title='bbox 356 1267 458 1300; x_wconf 75' lang='grc' dir='ltr'>αὐτοὺς</span> <span class='ocrx_word' id='word_1_149' title='bbox 472 1269 527 1296; x_wconf 73' lang='grc' dir='ltr'>τῶν</span> <span class='ocrx_word' id='word_1_150' title='bbox 542 1265 631 1306; x_wconf 79' lang='grc' dir='ltr'><strong>νόμων</strong></span> <span class='ocrx_word' id='word_1_151' title='bbox 645 1267 829 1308; x_wconf 62' lang='grc' dir='ltr'>ἀναγεγραμ-</span> 
     </span>
     <span class='ocr_line' id='line_1_25' title="bbox 110 1307 829 1351; baseline 0.001 -13"><span class='ocrx_word' id='word_1_152' title='bbox 110 1307 223 1348; x_wconf 79' lang='grc' dir='ltr'><em>μένους,</em></span> <span class='ocrx_word' id='word_1_153' title='bbox 234 1308 358 1351; x_wconf 70' lang='grc' dir='ltr'><strong>ὕσ-τεςον,</strong></span> <span class='ocrx_word' id='word_1_154' title='bbox 369 1322 383 1342; x_wconf 83' lang='grc' dir='ltr'><strong><em>η</em></strong></span> <span class='ocrx_word' id='word_1_155' title='bbox 369 1308 539 1346; x_wconf 75' lang='grc' dir='ltr'><strong>ἐτέθησαν,</strong></span> <span class='ocrx_word' id='word_1_156' title='bbox 549 1309 653 1350; x_wconf 58' lang='grc' dir='ltr'><strong><em>κυρίους</em></strong></span> <span class='ocrx_word' id='word_1_157' title='bbox 664 1309 748 1350; x_wconf 68' lang='grc' dir='ltr'><strong>εῖναι]</strong></span> <span class='ocrx_word' id='word_1_158' title='bbox 761 1321 829 1340; x_wconf 87' lang='lat' dir='ltr'>sen—</span> 
     </span>
     <span class='ocr_line' id='line_1_26' title="bbox 113 1353 831 1393; baseline 0.003 -12"><span class='ocrx_word' id='word_1_159' title='bbox 113 1353 209 1382; x_wconf 82' lang='lat' dir='ltr'>tentia</span> <span class='ocrx_word' id='word_1_160' title='bbox 218 1359 286 1384; x_wconf 86' lang='lat' dir='ltr'>est:</span> <span class='ocrx_word' id='word_1_161' title='bbox 303 1364 355 1384; x_wconf 88' lang='lat' dir='ltr'>eas</span> <span class='ocrx_word' id='word_1_162' title='bbox 370 1354 467 1393; x_wconf 82' lang='lat' dir='ltr'>legeS‚</span> <span class='ocrx_word' id='word_1_163' title='bbox 477 1355 590 1392; x_wconf 81' lang='lat' dir='ltr'>quibus</span> <span class='ocrx_word' id='word_1_164' title='bbox 600 1353 734 1384; x_wconf 81' lang='lat' dir='ltr'>adscribi</span> <span class='ocrx_word' id='word_1_165' title='bbox 746 1354 831 1384; x_wconf 84' lang='lat' dir='ltr'>clau-</span> 
     </span>
     <span class='ocr_line' id='line_1_27' title="bbox 113 1396 830 1436; baseline 0.001 -11"><span class='ocrx_word' id='word_1_166' title='bbox 113 1396 210 1426; x_wconf 82' lang='lat' dir='ltr'><strong>sulam</strong></span> <span class='ocrx_word' id='word_1_167' title='bbox 221 1397 310 1432; x_wconf 86' lang='lat' dir='ltr'>hanc,</span> <span class='ocrx_word' id='word_1_168' title='bbox 321 1401 356 1427; x_wconf 87' lang='lat' dir='ltr'>ut</span> <span class='ocrx_word' id='word_1_169' title='bbox 366 1400 506 1436; x_wconf 86' lang='lat' dir='ltr'>tempore</span> <span class='ocrx_word' id='word_1_170' title='bbox 517 1397 672 1436; x_wconf 86' lang='lat' dir='ltr'>aliquanto</span> <span class='ocrx_word' id='word_1_171' title='bbox 683 1397 830 1433; x_wconf 83' lang='lat' dir='ltr'>tardiore,</span> 
     </span>
     <span class='ocr_line' id='line_1_28' title="bbox 112 1440 830 1480; baseline 0.003 -12"><span class='ocrx_word' id='word_1_172' title='bbox 112 1449 203 1478; x_wconf 82' lang='lat' dir='ltr'>quam</span> <span class='ocrx_word' id='word_1_173' title='bbox 211 1440 280 1470; x_wconf 85' lang='lat' dir='ltr'>latae</span> <span class='ocrx_word' id='word_1_174' title='bbox 289 1445 403 1476; x_wconf 87' lang='lat' dir='ltr'>essent,</span> <span class='ocrx_word' id='word_1_175' title='bbox 412 1440 585 1480; x_wconf 79' lang='lat' dir='ltr'>inciperent</span> <span class='ocrx_word' id='word_1_176' title='bbox 593 1441 714 1470; x_wconf 89' lang='lat' dir='ltr'>demum</span> <span class='ocrx_word' id='word_1_177' title='bbox 726 1440 830 1470; x_wconf 87' lang='lat' dir='ltr'>valere</span> 
     </span>
     <span class='ocr_line' id='line_1_29' title="bbox 112 1483 827 1523; baseline 0.001 -11"><span class='ocrx_word' id='word_1_178' title='bbox 112 1487 205 1522; x_wconf 85' lang='lat' dir='ltr'>atque</span> <span class='ocrx_word' id='word_1_179' title='bbox 217 1483 339 1514; x_wconf 82' lang='lat' dir='ltr'>effectui</span> <span class='ocrx_word' id='word_1_180' title='bbox 357 1483 433 1520; x_wconf 88' lang='lat' dir='ltr'>dari,</span> <span class='ocrx_word' id='word_1_181' title='bbox 449 1484 564 1514; x_wconf 84' lang='lat' dir='ltr'>latores</span> <span class='ocrx_word' id='word_1_182' title='bbox 579 1483 642 1523; x_wconf 88' lang='lat' dir='ltr'>ipsi</span> <span class='ocrx_word' id='word_1_183' title='bbox 656 1487 827 1514; x_wconf 79' lang='lat' dir='ltr'><strong>curassent.</strong></span> 
     </span>
     <span class='ocr_line' id='line_1_30' title="bbox 111 1526 830 1565; baseline 0.001 -10"><span class='ocrx_word' id='word_1_184' title='bbox 111 1526 200 1565; x_wconf 84' lang='lat' dir='ltr'>quasi</span> <span class='ocrx_word' id='word_1_185' title='bbox 216 1526 242 1556; x_wconf 88' lang='lat' dir='ltr'>si</span> <span class='ocrx_word' id='word_1_186' title='bbox 259 1527 304 1557; x_wconf 89' lang='lat' dir='ltr'>sic</span> <span class='ocrx_word' id='word_1_187' title='bbox 320 1526 478 1557; x_wconf 80' lang='lat' dir='ltr'>dixisset:</span> <span class='ocrx_word' id='word_1_188' title='bbox 501 1529 557 1557; x_wconf 72' lang='grc' dir='ltr'>τῶν</span> <span class='ocrx_word' id='word_1_189' title='bbox 570 1526 661 1565; x_wconf 79' lang='grc' dir='ltr'><strong>νόμων</strong></span> <span class='ocrx_word' id='word_1_190' title='bbox 675 1526 732 1556; x_wconf 72' lang='grc' dir='ltr'>ὅσοι</span> <span class='ocrx_word' id='word_1_191' title='bbox 748 1526 830 1556; x_wconf 77' lang='grc' dir='ltr'>αὐτοὶ</span> 
     </span>
     <span class='ocr_line' id='line_1_31' title="bbox 111 1568 829 1610; baseline -0.001 -10"><span class='ocrx_word' id='word_1_192' title='bbox 111 1569 173 1609; x_wconf 58' lang='lat' dir='ltr'>&#39;megi</span> <span class='ocrx_word' id='word_1_193' title='bbox 191 1568 297 1600; x_wconf 73' lang='grc' dir='ltr'><strong>ἑαυτῶν</strong></span> <span class='ocrx_word' id='word_1_194' title='bbox 311 1570 511 1610; x_wconf 69' lang='grc' dir='ltr'>ωξογξάφουσι</span> <span class='ocrx_word' id='word_1_195' title='bbox 527 1569 574 1599; x_wconf 72' lang='grc' dir='ltr'>καὶ</span> <span class='ocrx_word' id='word_1_196' title='bbox 594 1570 829 1610; x_wconf 72' lang='grc' dir='ltr'>πςοαγοξεύουσιν,</span> 
     </span>
     <span class='ocr_line' id='line_1_32' title="bbox 110 1611 829 1655; baseline 0 -13"><span class='ocrx_word' id='word_1_197' title='bbox 110 1623 156 1643; x_wconf 80' lang='grc' dir='ltr'>οτι</span> <span class='ocrx_word' id='word_1_198' title='bbox 171 1612 252 1653; x_wconf 80' lang='grc' dir='ltr'>κύριοι</span> <span class='ocrx_word' id='word_1_199' title='bbox 271 1613 407 1655; x_wconf 58' lang='grc' dir='ltr'>ἄρχουσιν</span> <span class='ocrx_word' id='word_1_200' title='bbox 421 1613 490 1644; x_wconf 73' lang='grc' dir='ltr'>εῖναι</span> <span class='ocrx_word' id='word_1_201' title='bbox 506 1611 629 1653; x_wconf 58' lang='grc' dir='ltr'>ὕστερον,</span> <span class='ocrx_word' id='word_1_202' title='bbox 646 1612 661 1644; x_wconf 78' lang='grc' dir='ltr'>ἢ</span> <span class='ocrx_word' id='word_1_203' title='bbox 676 1612 829 1644; x_wconf 69' lang='grc' dir='ltr'><strong>ἐτέθησαν.</strong></span> 
     </span>
     <span class='ocr_line' id='line_1_33' title="bbox 111 1657 830 1696; baseline 0.003 -11"><span class='ocrx_word' id='word_1_204' title='bbox 111 1666 180 1696; x_wconf 87' lang='lat' dir='ltr'>quae</span> <span class='ocrx_word' id='word_1_205' title='bbox 205 1657 293 1696; x_wconf 88' lang='lat' dir='ltr'>lcges</span> <span class='ocrx_word' id='word_1_206' title='bbox 321 1657 399 1687; x_wconf 88' lang='grc'><strong>113110</strong></span> <span class='ocrx_word' id='word_1_207' title='bbox 424 1657 501 1696; x_wconf 88' lang='lat' dir='ltr'>ipsae</span> <span class='ocrx_word' id='word_1_208' title='bbox 527 1657 585 1686; x_wconf 91' lang='lat' dir='ltr'>sibi</span> <span class='ocrx_word' id='word_1_209' title='bbox 613 1657 701 1695; x_wconf 79' lang='lat' dir='ltr'>quasi</span> <span class='ocrx_word' id='word_1_210' title='bbox 728 1657 830 1696; x_wconf 88' lang='lat' dir='ltr'>legem</span> 
     </span>
     <span class='ocr_line' id='line_1_34' title="bbox 109 1699 829 1740; baseline 0 -11"><span class='ocrx_word' id='word_1_211' title='bbox 109 1699 376 1740; x_wconf 66' lang='lat' dir='ltr'>praescripsissent</span> <span class='ocrx_word' id='word_1_212' title='bbox 392 1704 423 1730; x_wconf 88' lang='lat' dir='ltr'>et</span> <span class='ocrx_word' id='word_1_213' title='bbox 435 1700 619 1730; x_wconf 80' lang='lat' dir='ltr'>indixissent</span> <span class='ocrx_word' id='word_1_214' title='bbox 633 1699 754 1730; x_wconf 87' lang='lat' dir='ltr'>initium</span> <span class='ocrx_word' id='word_1_215' title='bbox 766 1710 829 1730; x_wconf 84' lang='lat' dir='ltr'>suae</span> 
     </span>
     <span class='ocr_line' id='line_1_35' title="bbox 110 1742 829 1783; baseline 0.003 -11"><span class='ocrx_word' id='word_1_216' title='bbox 110 1743 302 1773; x_wconf 71' lang='lat' dir='ltr'>auctoritatis</span> <span class='ocrx_word' id='word_1_217' title='bbox 323 1754 356 1774; x_wconf 89' lang='lat' dir='ltr'>se</span> <span class='ocrx_word' id='word_1_218' title='bbox 374 1743 457 1774; x_wconf 80' lang='lat' dir='ltr'>velle</span> <span class='ocrx_word' id='word_1_219' title='bbox 480 1743 579 1773; x_wconf 89' lang='lat' dir='ltr'>serius</span> <span class='ocrx_word' id='word_1_220' title='bbox 600 1742 755 1783; x_wconf 84' lang='lat' dir='ltr'>aliquanto</span> <span class='ocrx_word' id='word_1_221' title='bbox 777 1754 829 1774; x_wconf 86' lang='lat' dir='ltr'>ca-</span> 
     </span>
     <span class='ocr_line' id='line_1_36' title="bbox 102 1787 671 1827; baseline -0.002 -11"><span class='ocrx_word' id='word_1_222' title='bbox 102 1796 198 1826; x_wconf 85' lang='lat' dir='ltr'>·pere,</span> <span class='ocrx_word' id='word_1_223' title='bbox 213 1797 315 1825; x_wconf 88' lang='lat' dir='ltr'>quam,</span> <span class='ocrx_word' id='word_1_224' title='bbox 327 1797 388 1827; x_wconf 87' lang='lat' dir='ltr'>quo</span> <span class='ocrx_word' id='word_1_225' title='bbox 403 1787 455 1817; x_wconf 85' lang='lat' dir='ltr'>die</span> <span class='ocrx_word' id='word_1_226' title='bbox 470 1787 541 1816; x_wconf 85' lang='lat' dir='ltr'>latae</span> <span class='ocrx_word' id='word_1_227' title='bbox 557 1792 671 1816; x_wconf 86' lang='lat' dir='ltr'>essent.</span> 
     </span>
     <span class='ocr_line' id='line_1_37' title="bbox 125 1829 829 1871; baseline 0.003 -12"><span class='ocrx_word' id='word_1_228' title='bbox 125 1847 130 1850; x_wconf 48' lang='lat'><strong>⁴</strong></span> <span class='ocrx_word' id='word_1_229' title='bbox 154 1846 199 1852; x_wconf 88' lang='lat'>—-</span> <span class='ocrx_word' id='word_1_230' title='bbox 215 1832 266 1861; x_wconf 75' lang='lat'>12.</span> <span class='ocrx_word' id='word_1_231' title='bbox 283 1829 330 1859; x_wconf 72' lang='grc' dir='ltr'>καὶ</span> <span class='ocrx_word' id='word_1_232' title='bbox 351 1832 395 1869; x_wconf 73' lang='grc' dir='ltr'>μὴ</span> <span class='ocrx_word' id='word_1_233' title='bbox 415 1829 557 1871; x_wconf 56' lang='grc' dir='ltr'><strong>πρότερον]</strong></span> <span class='ocrx_word' id='word_1_234' title='bbox 577 1835 663 1860; x_wconf 87' lang='lat' dir='ltr'>recte</span> <span class='ocrx_word' id='word_1_235' title='bbox 682 1829 771 1859; x_wconf 87' lang='lat' dir='ltr'>abest</span> <span class='ocrx_word' id='word_1_236' title='bbox 786 1831 829 1868; x_wconf 79' lang='grc' dir='ltr'>μῆ</span> 
     </span>
     <span class='ocr_line' id='line_1_38' title="bbox 112 1872 830 1904; baseline 0.001 -3"><span class='ocrx_word' id='word_1_237' title='bbox 112 1872 151 1901; x_wconf 89' lang='lat' dir='ltr'>ab</span> <span class='ocrx_word' id='word_1_238' title='bbox 168 1873 305 1903; x_wconf 87' lang='lat' dir='ltr'>editione</span> <span class='ocrx_word' id='word_1_239' title='bbox 325 1878 438 1904; x_wconf 86' lang='lat' dir='ltr'>nostra.</span> <span class='ocrx_word' id='word_1_240' title='bbox 482 1873 639 1903; x_wconf 76' lang='lat' dir='ltr'>Sententia</span> <span class='ocrx_word' id='word_1_241' title='bbox 657 1877 723 1904; x_wconf 82' lang='lat' dir='ltr'>est:</span> <span class='ocrx_word' id='word_1_242' title='bbox 751 1873 830 1902; x_wconf 91' lang='lat' dir='ltr'>Dio-</span> 
     </span>
     <span class='ocr_line' id='line_1_39' title="bbox 112 1915 830 1956; baseline 0.003 -12"><span class='ocrx_word' id='word_1_243' title='bbox 112 1915 178 1945; x_wconf 88' lang='lat' dir='ltr'>cles</span> <span class='ocrx_word' id='word_1_244' title='bbox 198 1926 317 1955; x_wconf 86' lang='lat' dir='ltr'>aequum</span> <span class='ocrx_word' id='word_1_245' title='bbox 337 1917 417 1947; x_wconf 88' lang='lat' dir='ltr'>haud</span> <span class='ocrx_word' id='word_1_246' title='bbox 431 1917 586 1956; x_wconf 87' lang='lat' dir='ltr'>judicavit</span> <span class='ocrx_word' id='word_1_247' title='bbox 606 1926 688 1952; x_wconf 86' lang='lat' dir='ltr'>esse,</span> <span class='ocrx_word' id='word_1_248' title='bbox 710 1916 830 1956; x_wconf 80' lang='lat' dir='ltr'>legibus</span> 
     </span>
     <span class='ocr_line' id='line_1_40' title="bbox 111 1958 831 1998; baseline 0.003 -11"><span class='ocrx_word' id='word_1_249' title='bbox 111 1958 176 1988; x_wconf 86' lang='lat' dir='ltr'>illis</span> <span class='ocrx_word' id='word_1_250' title='bbox 201 1959 358 1998; x_wconf 81' lang='lat' dir='ltr'>antiquius</span> <span class='ocrx_word' id='word_1_251' title='bbox 384 1960 505 1989; x_wconf 90' lang='lat' dir='ltr'>initium</span> <span class='ocrx_word' id='word_1_252' title='bbox 532 1959 724 1989; x_wconf 75' lang='lat' dir='ltr'>auctoritatis</span> <span class='ocrx_word' id='word_1_253' title='bbox 754 1970 771 1989; x_wconf 91' lang='lat' dir='ltr'>a</span> <span class='ocrx_word' id='word_1_254' title='bbox 797 1970 831 1989; x_wconf 89' lang='lat' dir='ltr'>se</span> 
     </span>
     <span class='ocr_line' id='line_1_41' title="bbox 112 2001 832 2043; baseline 0.001 -12"><span class='ocrx_word' id='word_1_255' title='bbox 112 2001 270 2039; x_wconf 87' lang='lat' dir='ltr'>constitui,</span> <span class='ocrx_word' id='word_1_256' title='bbox 284 2013 376 2043; x_wconf 92' lang='lat' dir='ltr'>quam</span> <span class='ocrx_word' id='word_1_257' title='bbox 393 2003 456 2043; x_wconf 91' lang='lat' dir='ltr'>ipsi</span> <span class='ocrx_word' id='word_1_258' title='bbox 473 2002 647 2033; x_wconf 84' lang='lat' dir='ltr'>voluissent</span> <span class='ocrx_word' id='word_1_259' title='bbox 663 2013 768 2032; x_wconf 86' lang='lat' dir='ltr'>earum</span> <span class='ocrx_word' id='word_1_260' title='bbox 785 2003 832 2032; x_wconf 91' lang='lat' dir='ltr'>la-</span> 
     </span>
     <span class='ocr_line' id='line_1_42' title="bbox 112 2049 207 2075; baseline 0 0"><span class='ocrx_word' id='word_1_261' title='bbox 112 2049 207 2075; x_wconf 83' lang='lat' dir='ltr'>tores.</span> 
     </span>
    </p>

    <p class='ocr_par' dir='ltr' id='par_1_7' title="bbox 156 2085 745 2131">
     <span class='ocr_line' id='line_1_43' title="bbox 156 2085 745 2130; baseline 0 -11"><span class='ocrx_word' id='word_1_262' title='bbox 156 2105 200 2111; x_wconf 89' lang='lat'>—-</span> <span class='ocrx_word' id='word_1_263' title='bbox 213 2091 263 2120; x_wconf 87' lang='lat'>16.</span> <span class='ocrx_word' id='word_1_264' title='bbox 278 2087 332 2128; x_wconf 76' lang='grc' dir='ltr'>ἀφ’</span> <span class='ocrx_word' id='word_1_265' title='bbox 345 2086 392 2130; x_wconf 60' lang='grc' dir='ltr'>ἧς]</span> <span class='ocrx_word' id='word_1_266' title='bbox 408 2089 489 2119; x_wconf 89' lang='lat' dir='ltr'>idem</span> <span class='ocrx_word' id='word_1_267' title='bbox 506 2093 554 2119; x_wconf 88' lang='lat' dir='ltr'>est</span> <span class='ocrx_word' id='word_1_268' title='bbox 569 2093 660 2129; x_wconf 86' lang='lat' dir='ltr'>atque</span> <span class='ocrx_word' id='word_1_269' title='bbox 676 2087 702 2118; x_wconf 84' lang='grc' dir='ltr'>ἒν</span> <span class='ocrx_word' id='word_1_270' title='bbox 716 2085 745 2120; x_wconf 67' lang='grc' dir='ltr'>ἷ.</span> 
     </span>
    </p>

    <p class='ocr_par' dir='ltr' id='par_1_8' title="bbox 109 2132 831 2336">
     <span class='ocr_line' id='line_1_44' title="bbox 154 2132 831 2173; baseline 0 -11"><span class='ocrx_word' id='word_1_271' title='bbox 154 2149 198 2155; x_wconf 79' lang='lat'>-—</span> <span class='ocrx_word' id='word_1_272' title='bbox 213 2135 266 2164; x_wconf 83' lang='lat'>18.</span> <span class='ocrx_word' id='word_1_273' title='bbox 281 2134 366 2162; x_wconf 74' lang='grc' dir='ltr'><strong>τοῦτο</strong></span> <span class='ocrx_word' id='word_1_274' title='bbox 375 2133 482 2173; x_wconf 60' lang='grc' dir='ltr'>ὥρια-εν]</span> <span class='ocrx_word' id='word_1_275' title='bbox 499 2137 602 2172; x_wconf 85' lang='lat' dir='ltr'>potest</span> <span class='ocrx_word' id='word_1_276' title='bbox 611 2133 747 2167; x_wconf 85' lang='lat' dir='ltr'>defendi,</span> <span class='ocrx_word' id='word_1_277' title='bbox 759 2132 831 2162; x_wconf 88' lang='lat' dir='ltr'>sub-</span> 
     </span>
     <span class='ocr_line' id='line_1_45' title="bbox 111 2174 831 2216; baseline -0.001 -10"><span class='ocrx_word' id='word_1_278' title='bbox 111 2174 265 2206; x_wconf 86' lang='lat' dir='ltr'>audiendo</span> <span class='ocrx_word' id='word_1_279' title='bbox 286 2175 320 2206; x_wconf 76' lang='grc' dir='ltr'>τδ</span> <span class='ocrx_word' id='word_1_280' title='bbox 344 2179 481 2216; x_wconf 73' lang='grc' dir='ltr'><strong>πρᾶγμα.</strong></span> <span class='ocrx_word' id='word_1_281' title='bbox 501 2182 530 2206; x_wconf 85' lang='lat' dir='ltr'>et</span> <span class='ocrx_word' id='word_1_282' title='bbox 555 2186 592 2206; x_wconf 76' lang='lat' dir='ltr'>ne</span> <span class='ocrx_word' id='word_1_283' title='bbox 612 2175 691 2206; x_wconf 81' lang='lat' dir='ltr'>hanc</span> <span class='ocrx_word' id='word_1_284' title='bbox 715 2176 831 2216; x_wconf 79' lang='lat' dir='ltr'>quidem</span> 
     </span>
     <span class='ocr_line' id='line_1_46' title="bbox 111 2218 830 2258; baseline 0.001 -11"><span class='ocrx_word' id='word_1_285' title='bbox 111 2228 174 2248; x_wconf 79' lang='lat' dir='ltr'>rem</span> <span class='ocrx_word' id='word_1_286' title='bbox 188 2218 322 2258; x_wconf 67' lang='lat' dir='ltr'>definivit</span> <span class='ocrx_word' id='word_1_287' title='bbox 342 2221 430 2250; x_wconf 82' lang='lat' dir='ltr'>certis</span> <span class='ocrx_word' id='word_1_288' title='bbox 451 2219 591 2249; x_wconf 80' lang='lat' dir='ltr'>terminis.</span> <span class='ocrx_word' id='word_1_289' title='bbox 609 2219 712 2249; x_wconf 82' lang='lat' dir='ltr'>malim</span> <span class='ocrx_word' id='word_1_290' title='bbox 729 2223 830 2249; x_wconf 85' lang='lat' dir='ltr'>tamen</span> 
     </span>
     <span class='ocr_line' id='line_1_47' title="bbox 109 2260 830 2304; baseline 0 -12"><span class='ocrx_word' id='word_1_291' title='bbox 109 2260 194 2292; x_wconf 62' lang='lat' dir='ltr'>‘ravo&#39;</span> <span class='ocrx_word' id='word_1_292' title='bbox 207 2263 310 2304; x_wconf 73' lang='grc' dir='ltr'>ὥρισεν,</span> <span class='ocrx_word' id='word_1_293' title='bbox 326 2268 361 2293; x_wconf 89' lang='lat' dir='ltr'>ut</span> <span class='ocrx_word' id='word_1_294' title='bbox 384 2263 422 2293; x_wconf 83' lang='lat' dir='ltr'>ad</span> <span class='ocrx_word' id='word_1_295' title='bbox 445 2264 487 2293; x_wconf 69' lang='grc' dir='ltr'>τὰ</span> <span class='ocrx_word' id='word_1_296' title='bbox 509 2261 737 2303; x_wconf 65' lang='grc' dir='ltr'>παρεληλυθότα</span> <span class='ocrx_word' id='word_1_297' title='bbox 760 2263 830 2293; x_wconf 87' lang='lat' dir='ltr'>red-</span> 
     </span>
     <span class='ocr_line' id='line_1_48' title="bbox 113 2309 173 2336; baseline -0.033 0"><span class='ocrx_word' id='word_1_298' title='bbox 113 2309 173 2336; x_wconf 84' lang='lat' dir='ltr'>eat.</span> 
     </span>
    </p>

    <p class='ocr_par' dir='ltr' id='par_1_9' title="bbox 111 2348 830 3082">
     <span class='ocr_line' id='line_1_49' title="bbox 156 2348 829 2390; baseline -0.001 -10"><span class='ocrx_word' id='word_1_299' title='bbox 156 2365 199 2371; x_wconf 92' lang='lat'>—-</span> <span class='ocrx_word' id='word_1_300' title='bbox 214 2351 267 2380; x_wconf 73' lang='lat'>20.</span> <span class='ocrx_word' id='word_1_301' title='bbox 282 2348 355 2390; x_wconf 73' lang='grc' dir='ltr'>ἀπὸ]</span> <span class='ocrx_word' id='word_1_302' title='bbox 369 2350 446 2380; x_wconf 86' lang='lat' dir='ltr'>bene</span> <span class='ocrx_word' id='word_1_303' title='bbox 461 2349 539 2379; x_wconf 89' lang='lat' dir='ltr'>vidit</span> <span class='ocrx_word' id='word_1_304' title='bbox 550 2349 728 2389; x_wconf 88' lang='lat' dir='ltr'>notavitque</span> <span class='ocrx_word' id='word_1_305' title='bbox 741 2349 829 2388; x_wconf 79' lang='lat' dir='ltr'>Tayl.</span> 
     </span>
     <span class='ocr_line' id='line_1_50' title="bbox 114 2391 828 2434; baseline 0.001 -13"><span class='ocrx_word' id='word_1_306' title='bbox 114 2391 333 2423; x_wconf 83' lang='lat' dir='ltr'>absurditatem</span> <span class='ocrx_word' id='word_1_307' title='bbox 353 2393 443 2432; x_wconf 87' lang='lat' dir='ltr'>hujus</span> <span class='ocrx_word' id='word_1_308' title='bbox 459 2392 612 2423; x_wconf 87' lang='lat' dir='ltr'>lectionis.</span> <span class='ocrx_word' id='word_1_309' title='bbox 628 2392 752 2423; x_wconf 84' lang='lat' dir='ltr'>correxi</span> <span class='ocrx_word' id='word_1_310' title='bbox 768 2392 828 2434; x_wconf 77' lang='grc' dir='ltr'><strong>πρό.</strong></span> 
     </span>
     <span class='ocr_line' id='line_1_51' title="bbox 114 2435 829 2475; baseline 0 -10"><span class='ocrx_word' id='word_1_311' title='bbox 114 2439 147 2465; x_wconf 86' lang='lat' dir='ltr'>et</span> <span class='ocrx_word' id='word_1_312' title='bbox 161 2435 210 2465; x_wconf 88' lang='lat' dir='ltr'>vel</span> <span class='ocrx_word' id='word_1_313' title='bbox 232 2436 276 2466; x_wconf 90' lang='lat' dir='ltr'>sic</span> <span class='ocrx_word' id='word_1_314' title='bbox 293 2440 393 2467; x_wconf 82' lang='lat' dir='ltr'>tamen</span> <span class='ocrx_word' id='word_1_315' title='bbox 412 2436 546 2466; x_wconf 88' lang='lat' dir='ltr'>nondum</span> <span class='ocrx_word' id='word_1_316' title='bbox 561 2435 636 2466; x_wconf 90' lang='lat' dir='ltr'>satis</span> <span class='ocrx_word' id='word_1_317' title='bbox 650 2437 740 2475; x_wconf 89' lang='lat' dir='ltr'>plene</span> <span class='ocrx_word' id='word_1_318' title='bbox 755 2446 829 2475; x_wconf 89' lang='lat' dir='ltr'>per-</span> 
     </span>
     <span class='ocr_line' id='line_1_52' title="bbox 115 2477 829 2518; baseline 0 -9"><span class='ocrx_word' id='word_1_319' title='bbox 115 2477 284 2518; x_wconf 83' lang='lat' dir='ltr'>spicueque</span> <span class='ocrx_word' id='word_1_320' title='bbox 299 2479 420 2509; x_wconf 89' lang='lat' dir='ltr'>locutus</span> <span class='ocrx_word' id='word_1_321' title='bbox 442 2484 490 2509; x_wconf 88' lang='lat' dir='ltr'>est</span> <span class='ocrx_word' id='word_1_322' title='bbox 505 2484 619 2515; x_wconf 89' lang='lat' dir='ltr'>orator,</span> <span class='ocrx_word' id='word_1_323' title='bbox 639 2479 712 2515; x_wconf 91' lang='lat' dir='ltr'>nisi,</span> <span class='ocrx_word' id='word_1_324' title='bbox 727 2483 829 2509; x_wconf 89' lang='lat' dir='ltr'>mente</span> 
     </span>
     <span class='ocr_line' id='line_1_53' title="bbox 114 2520 829 2559; baseline 0 -6"><span class='ocrx_word' id='word_1_325' title='bbox 114 2521 215 2553; x_wconf 85' lang='lat' dir='ltr'>saltim</span> <span class='ocrx_word' id='word_1_326' title='bbox 232 2522 337 2559; x_wconf 86' lang='lat' dir='ltr'>tacita,</span> <span class='ocrx_word' id='word_1_327' title='bbox 351 2523 447 2553; x_wconf 84' lang='lat' dir='ltr'>addas</span> <span class='ocrx_word' id='word_1_328' title='bbox 461 2521 509 2552; x_wconf 81' lang='grc' dir='ltr'>ἐπ’</span> <span class='ocrx_word' id='word_1_329' title='bbox 522 2520 661 2558; x_wconf 72' lang='grc' dir='ltr'><strong>ἐνιαυτούς</strong></span> <span class='ocrx_word' id='word_1_330' title='bbox 671 2533 749 2556; x_wconf 74' lang='grc' dir='ltr'><strong>τινας</strong></span> <span class='ocrx_word' id='word_1_331' title='bbox 765 2522 829 2553; x_wconf 75' lang='grc' dir='ltr'><strong>ἄνω.</strong></span> 
     </span>
     <span class='ocr_line' id='line_1_54' title="bbox 113 2565 827 2607; baseline -0.001 -11"><span class='ocrx_word' id='word_1_332' title='bbox 113 2567 154 2596; x_wconf 84' lang='lat' dir='ltr'>ad</span> <span class='ocrx_word' id='word_1_333' title='bbox 176 2575 267 2596; x_wconf 79' lang='lat' dir='ltr'>annos</span> <span class='ocrx_word' id='word_1_334' title='bbox 289 2565 401 2607; x_wconf 78' lang='lat' dir='ltr'>aliquot</span> <span class='ocrx_word' id='word_1_335' title='bbox 421 2571 510 2596; x_wconf 75' lang='lat' dir='ltr'>retro.</span> <span class='ocrx_word' id='word_1_336' title='bbox 537 2567 595 2596; x_wconf 87' lang='grc'><strong>1100</strong></span> <span class='ocrx_word' id='word_1_337' title='bbox 617 2571 700 2596; x_wconf 87' lang='lat' dir='ltr'>certe</span> <span class='ocrx_word' id='word_1_338' title='bbox 727 2566 827 2596; x_wconf 86' lang='lat' dir='ltr'>voluit</span> 
     </span>
     <span class='ocr_line' id='line_1_55' title="bbox 113 2609 826 2648; baseline 0 -10"><span class='ocrx_word' id='word_1_339' title='bbox 113 2613 218 2639; x_wconf 77' lang='lat' dir='ltr'>orator</span> <span class='ocrx_word' id='word_1_340' title='bbox 233 2609 400 2648; x_wconf 80' lang='lat' dir='ltr'>subjicere,</span> <span class='ocrx_word' id='word_1_341' title='bbox 412 2609 532 2639; x_wconf 87' lang='lat' dir='ltr'>tametsi</span> <span class='ocrx_word' id='word_1_342' title='bbox 545 2609 660 2645; x_wconf 84' lang='lat' dir='ltr'>omisit,</span> <span class='ocrx_word' id='word_1_343' title='bbox 670 2609 826 2639; x_wconf 81' lang='lat' dir='ltr'>confidens</span> 
     </span>
     <span class='ocr_line' id='line_1_56' title="bbox 113 2652 826 2692; baseline -0.001 -10"><span class='ocrx_word' id='word_1_344' title='bbox 113 2652 241 2682; x_wconf 84' lang='lat' dir='ltr'>lectoris</span> <span class='ocrx_word' id='word_1_345' title='bbox 267 2653 417 2692; x_wconf 82' lang='lat' dir='ltr'>cujusque</span> <span class='ocrx_word' id='word_1_346' title='bbox 441 2652 573 2682; x_wconf 83' lang='lat' dir='ltr'>solertiae</span> <span class='ocrx_word' id='word_1_347' title='bbox 599 2656 630 2681; x_wconf 89' lang='lat' dir='ltr'>et</span> <span class='ocrx_word' id='word_1_348' title='bbox 656 2653 826 2692; x_wconf 83' lang='lat' dir='ltr'>sagacitati.</span> 
     </span>
     <span class='ocr_line' id='line_1_57' title="bbox 115 2695 826 2735; baseline -0.001 -9"><span class='ocrx_word' id='word_1_349' title='bbox 115 2705 183 2726; x_wconf 86' lang='lat' dir='ltr'>nam</span> <span class='ocrx_word' id='word_1_350' title='bbox 202 2695 290 2731; x_wconf 82' lang='lat' dir='ltr'>alias,</span> <span class='ocrx_word' id='word_1_351' title='bbox 311 2695 336 2725; x_wconf 91' lang='lat' dir='ltr'>si</span> <span class='ocrx_word' id='word_1_352' title='bbox 356 2696 510 2735; x_wconf 80' lang='lat' dir='ltr'>vulgatam</span> <span class='ocrx_word' id='word_1_353' title='bbox 532 2696 578 2725; x_wconf 91' lang='lat' dir='ltr'>sic</span> <span class='ocrx_word' id='word_1_354' title='bbox 598 2696 679 2725; x_wconf 90' lang='lat' dir='ltr'>nude</span> <span class='ocrx_word' id='word_1_355' title='bbox 697 2695 826 2734; x_wconf 83' lang='lat' dir='ltr'>accipis,</span> 
     </span>
     <span class='ocr_line' id='line_1_58' title="bbox 111 2737 829 2774; baseline 0.001 -6"><span class='ocrx_word' id='word_1_356' title='bbox 111 2743 146 2768; x_wconf 86' lang='lat' dir='ltr'>et</span> <span class='ocrx_word' id='word_1_357' title='bbox 162 2737 301 2769; x_wconf 83' lang='lat' dir='ltr'>cavillari</span> <span class='ocrx_word' id='word_1_358' title='bbox 320 2738 379 2774; x_wconf 86' lang='lat' dir='ltr'>vis,</span> <span class='ocrx_word' id='word_1_359' title='bbox 396 2740 529 2769; x_wconf 82' lang='lat' dir='ltr'>absurda</span> <span class='ocrx_word' id='word_1_360' title='bbox 543 2743 576 2769; x_wconf 87' lang='lat' dir='ltr'>et</span> <span class='ocrx_word' id='word_1_361' title='bbox 591 2739 829 2769; x_wconf 84' lang='lat' dir='ltr'>inconsentanea</span> 
     </span>
     <span class='ocr_line' id='line_1_59' title="bbox 113 2782 829 2822; baseline -0.001 -10"><span class='ocrx_word' id='word_1_362' title='bbox 113 2782 238 2812; x_wconf 83' lang='lat' dir='ltr'>locutus</span> <span class='ocrx_word' id='word_1_363' title='bbox 254 2786 312 2812; x_wconf 86' lang='lat' dir='ltr'>est.</span> <span class='ocrx_word' id='word_1_364' title='bbox 324 2787 444 2822; x_wconf 79' lang='lat' dir='ltr'>tempus</span> <span class='ocrx_word' id='word_1_365' title='bbox 457 2782 551 2818; x_wconf 87' lang='lat' dir='ltr'>enim,</span> <span class='ocrx_word' id='word_1_366' title='bbox 566 2782 647 2822; x_wconf 84' lang='lat' dir='ltr'>quod</span> <span class='ocrx_word' id='word_1_367' title='bbox 661 2782 759 2821; x_wconf 86' lang='lat' dir='ltr'>legem</span> <span class='ocrx_word' id='word_1_368' title='bbox 775 2782 829 2811; x_wconf 84' lang='lat' dir='ltr'>&#39;ri-</span> 
     </span>
     <span class='ocr_line' id='line_1_60' title="bbox 115 2825 828 2864; baseline -0.001 -9"><span class='ocrx_word' id='word_1_369' title='bbox 115 2825 258 2855; x_wconf 82' lang='lat' dir='ltr'>mocratis</span> <span class='ocrx_word' id='word_1_370' title='bbox 281 2826 460 2861; x_wconf 82' lang='lat' dir='ltr'>antecessit,</span> <span class='ocrx_word' id='word_1_371' title='bbox 484 2825 549 2855; x_wconf 87' lang='lat' dir='ltr'>sine</span> <span class='ocrx_word' id='word_1_372' title='bbox 575 2825 671 2855; x_wconf 89' lang='lat' dir='ltr'>dubio</span> <span class='ocrx_word' id='word_1_373' title='bbox 697 2825 828 2864; x_wconf 88' lang='lat' dir='ltr'>amplius</span> 
     </span>
     <span class='ocr_line' id='line_1_61' title="bbox 115 2867 828 2909; baseline 0 -12"><span class='ocrx_word' id='word_1_374' title='bbox 115 2871 166 2898; x_wconf 85' lang='lat' dir='ltr'>est</span> <span class='ocrx_word' id='word_1_375' title='bbox 178 2867 233 2898; x_wconf 86' lang='lat' dir='ltr'>illo</span> <span class='ocrx_word' id='word_1_376' title='bbox 253 2873 406 2909; x_wconf 85' lang='lat' dir='ltr'>tempore,</span> <span class='ocrx_word' id='word_1_377' title='bbox 425 2869 507 2908; x_wconf 88' lang='lat' dir='ltr'>quod</span> <span class='ocrx_word' id='word_1_378' title='bbox 521 2868 662 2907; x_wconf 85' lang='lat' dir='ltr'>judicum</span> <span class='ocrx_word' id='word_1_379' title='bbox 681 2870 828 2907; x_wconf 86' lang='lat' dir='ltr'>cujusque</span> 
     </span>
     <span class='ocr_line' id='line_1_62' title="bbox 115 2911 828 2950; baseline 0.001 -10"><span class='ocrx_word' id='word_1_380' title='bbox 115 2911 247 2940; x_wconf 78' lang='lat' dir='ltr'>natalem</span> <span class='ocrx_word' id='word_1_381' title='bbox 267 2911 443 2943; x_wconf 85' lang='lat' dir='ltr'>antecessit.</span> <span class='ocrx_word' id='word_1_382' title='bbox 487 2912 548 2942; x_wconf 86' lang='lat' dir='ltr'>Sed</span> <span class='ocrx_word' id='word_1_383' title='bbox 569 2916 681 2948; x_wconf 83' lang='lat' dir='ltr'>orator,</span> <span class='ocrx_word' id='word_1_384' title='bbox 696 2912 729 2942; x_wconf 88' lang='lat' dir='ltr'>id</span> <span class='ocrx_word' id='word_1_385' title='bbox 746 2912 828 2950; x_wconf 87' lang='lat' dir='ltr'>quod</span> 
     </span>
     <span class='ocr_line' id='line_1_63' title="bbox 116 2953 830 2994; baseline 0.001 -11"><span class='ocrx_word' id='word_1_386' title='bbox 116 2963 156 2984; x_wconf 78' lang='lat' dir='ltr'>ex</span> <span class='ocrx_word' id='word_1_387' title='bbox 171 2956 238 2983; x_wconf 82' lang='lat' dir='ltr'>toto</span> <span class='ocrx_word' id='word_1_388' title='bbox 250 2953 342 2994; x_wconf 72' lang='lat' dir='ltr'>huJus</span> <span class='ocrx_word' id='word_1_389' title='bbox 357 2954 420 2986; x_wconf 90' lang='lat' dir='ltr'>loci</span> <span class='ocrx_word' id='word_1_390' title='bbox 435 2955 540 2986; x_wconf 87' lang='lat' dir='ltr'>habitu</span> <span class='ocrx_word' id='word_1_391' title='bbox 556 2959 688 2990; x_wconf 86' lang='lat' dir='ltr'>constat,</span> <span class='ocrx_word' id='word_1_392' title='bbox 704 2954 830 2985; x_wconf 83' lang='lat' dir='ltr'>brevius</span> 
     </span>
     <span class='ocr_line' id='line_1_64' title="bbox 116 2995 831 3038; baseline 0.003 -13"><span class='ocrx_word' id='word_1_393' title='bbox 116 2995 185 3026; x_wconf 82' lang='lat' dir='ltr'>vult</span> <span class='ocrx_word' id='word_1_394' title='bbox 208 2996 286 3027; x_wconf 78' lang='lat' dir='ltr'>illud</span> <span class='ocrx_word' id='word_1_395' title='bbox 313 3001 436 3038; x_wconf 82' lang='lat' dir='ltr'>tempus</span> <span class='ocrx_word' id='word_1_396' title='bbox 464 2999 523 3028; x_wconf 87' lang='lat' dir='ltr'>hoc</span> <span class='ocrx_word' id='word_1_397' title='bbox 551 3003 691 3038; x_wconf 83' lang='lat' dir='ltr'>tempore</span> <span class='ocrx_word' id='word_1_398' title='bbox 720 2998 831 3028; x_wconf 84' lang='lat' dir='ltr'>facere.</span> 
     </span>
     <span class='ocr_line' id='line_1_65' title="bbox 112 3041 832 3082; baseline 0.004 -13"><span class='ocrx_word' id='word_1_399' title='bbox 112 3048 208 3080; x_wconf 81' lang='lat' dir='ltr'>quare</span> <span class='ocrx_word' id='word_1_400' title='bbox 222 3049 348 3072; x_wconf 83' lang='lat' dir='ltr'>neccsse</span> <span class='ocrx_word' id='word_1_401' title='bbox 361 3047 410 3073; x_wconf 81' lang='lat' dir='ltr'>est</span> <span class='ocrx_word' id='word_1_402' title='bbox 423 3041 468 3079; x_wconf 79' lang='lat' dir='ltr'>id,</span> <span class='ocrx_word' id='word_1_403' title='bbox 478 3042 561 3082; x_wconf 80' lang='lat' dir='ltr'>quod</span> <span class='ocrx_word' id='word_1_404' title='bbox 571 3041 651 3079; x_wconf 82' lang='lat' dir='ltr'>dixi,</span> <span class='ocrx_word' id='word_1_405' title='bbox 662 3041 832 3073; x_wconf 82' lang='lat' dir='ltr'>subaudiri.</span> 
     </span>
    </p>
   </div>
   <div class='ocr_carea' id='block_1_3' title="bbox 1497 208 1576 252">
    <p class='ocr_par' dir='ltr' id='par_1_10' title="bbox 1497 208 1576 252">
     <span class='ocr_line' id='line_1_66' title="bbox 1497 208 1576 252; baseline -0.013 -1"><span class='ocrx_word' id='word_1_406' title='bbox 1497 208 1576 252; x_wconf 88' lang='grc'>167</span> 
     </span>
    </p>
   </div>
   <div class='ocr_carea' id='block_1_4' title="bbox 859 313 1587 3079">
    <p class='ocr_par' dir='ltr' id='par_1_11' title="bbox 863 313 1583 519">
     <span class='ocr_line' id='line_1_67' title="bbox 906 313 1579 356; baseline 0 -12"><span class='ocrx_word' id='word_1_407' title='bbox 906 332 950 338; x_wconf 90' lang='lat'><em>-</em></span> <span class='ocrx_word' id='word_1_408' title='bbox 969 325 1040 354; x_wconf 87' lang='lat' dir='ltr'>pen.</span> <span class='ocrx_word' id='word_1_409' title='bbox 1055 314 1130 354; x_wconf 71' lang='grc' dir='ltr'>μηδὲ</span> <span class='ocrx_word' id='word_1_410' title='bbox 1149 315 1212 355; x_wconf 71' lang='grc' dir='ltr'>περὶ</span> <span class='ocrx_word' id='word_1_411' title='bbox 1226 318 1282 345; x_wconf 76' lang='grc' dir='ltr'>τῶν</span> <span class='ocrx_word' id='word_1_412' title='bbox 1297 314 1424 356; x_wconf 74' lang='grc' dir='ltr'><strong>ἀτίμων]</strong></span> <span class='ocrx_word' id='word_1_413' title='bbox 1449 313 1579 345; x_wconf 87' lang='lat' dir='ltr'>subaudi</span> 
     </span>
     <span class='ocr_line' id='line_1_68' title="bbox 863 356 1580 398; baseline 0 -10"><span class='ocrx_word' id='word_1_414' title='bbox 863 356 975 398; x_wconf 77' lang='grc' dir='ltr'><strong>ἐξέστω</strong></span> <span class='ocrx_word' id='word_1_415' title='bbox 999 356 1118 396; x_wconf 78' lang='grc' dir='ltr'>λέγεινῆ</span> <span class='ocrx_word' id='word_1_416' title='bbox 1141 359 1266 397; x_wconf 75' lang='grc' dir='ltr'><strong>γράφειν.</strong></span> <span class='ocrx_word' id='word_1_417' title='bbox 1286 360 1395 389; x_wconf 75' lang='lat' dir='ltr'>nemini</span> <span class='ocrx_word' id='word_1_418' title='bbox 1418 360 1512 394; x_wconf 81' lang='lat' dir='ltr'>liceto,</span> <span class='ocrx_word' id='word_1_419' title='bbox 1529 368 1580 388; x_wconf 75' lang='lat' dir='ltr'>seu,</span> 
     </span>
     <span class='ocr_line' id='line_1_69' title="bbox 863 401 1580 441; baseline 0.001 -10"><span class='ocrx_word' id='word_1_420' title='bbox 863 403 1005 436; x_wconf 83' lang='lat' dir='ltr'>oratione,</span> <span class='ocrx_word' id='word_1_421' title='bbox 1019 412 1069 431; x_wconf 77' lang='lat' dir='ltr'>seu</span> <span class='ocrx_word' id='word_1_422' title='bbox 1085 401 1149 441; x_wconf 84' lang='lat' dir='ltr'>lege</span> <span class='ocrx_word' id='word_1_423' title='bbox 1162 401 1268 439; x_wconf 80' lang='lat' dir='ltr'>populo</span> <span class='ocrx_word' id='word_1_424' title='bbox 1285 403 1420 437; x_wconf 81' lang='lat' dir='ltr'>suadere,</span> <span class='ocrx_word' id='word_1_425' title='bbox 1438 409 1472 432; x_wconf 82' lang='lat' dir='ltr'>ut</span> <span class='ocrx_word' id='word_1_426' title='bbox 1491 403 1538 437; x_wconf 78' lang='lat' dir='ltr'>iis,</span> <span class='ocrx_word' id='word_1_427' title='bbox 1553 401 1580 431; x_wconf 80' lang='lat' dir='ltr'>si</span> 
     </span>
     <span class='ocr_line' id='line_1_70' title="bbox 863 443 1583 485; baseline 0 -10"><span class='ocrx_word' id='word_1_428' title='bbox 863 446 914 485; x_wconf 78' lang='lat' dir='ltr'>qui</span> <span class='ocrx_word' id='word_1_429' title='bbox 928 447 986 475; x_wconf 76' lang='lat' dir='ltr'>sint</span> <span class='ocrx_word' id='word_1_430' title='bbox 998 443 1124 485; x_wconf 80' lang='lat' dir='ltr'>infamia</span> <span class='ocrx_word' id='word_1_431' title='bbox 1136 444 1242 478; x_wconf 77' lang='lat' dir='ltr'>notati,</span> <span class='ocrx_word' id='word_1_432' title='bbox 1255 445 1336 483; x_wconf 78' lang='lat' dir='ltr'>jura</span> <span class='ocrx_word' id='word_1_433' title='bbox 1352 444 1526 485; x_wconf 73' lang='lat' dir='ltr'>honoresque</span> <span class='ocrx_word' id='word_1_434' title='bbox 1535 453 1583 474; x_wconf 80' lang='lat' dir='ltr'>re-</span> 
     </span>
     <span class='ocr_line' id='line_1_71' title="bbox 863 490 978 519; baseline -0.009 0"><span class='ocrx_word' id='word_1_435' title='bbox 863 490 978 519; x_wconf 73' lang='lat' dir='ltr'>stimat.</span> 
     </span>
    </p>

    <p class='ocr_par' dir='ltr' id='par_1_12' title="bbox 862 528 1587 1696">
     <span class='ocr_line' id='line_1_72' title="bbox 905 528 1582 570; baseline 0 -9"><span class='ocrx_word' id='word_1_436' title='bbox 905 531 981 561; x_wconf 81' lang='lat'>715.</span> <span class='ocrx_word' id='word_1_437' title='bbox 1000 533 1032 561; x_wconf 70' lang='lat'>2.</span> <span class='ocrx_word' id='word_1_438' title='bbox 1054 528 1179 570; x_wconf 74' lang='grc' dir='ltr'>τάξεως]</span> <span class='ocrx_word' id='word_1_439' title='bbox 1203 533 1350 559; x_wconf 86' lang='lat' dir='ltr'>aestuatur</span> <span class='ocrx_word' id='word_1_440' title='bbox 1374 528 1405 558; x_wconf 91' lang='lat' dir='ltr'>in</span> <span class='ocrx_word' id='word_1_441' title='bbox 1429 530 1582 561; x_wconf 83' lang='lat' dir='ltr'>constitn-</span> 
     </span>
     <span class='ocr_line' id='line_1_73' title="bbox 863 572 1582 612; baseline 0 -8"><span class='ocrx_word' id='word_1_442' title='bbox 863 575 944 604; x_wconf 85' lang='lat' dir='ltr'>enda</span> <span class='ocrx_word' id='word_1_443' title='bbox 959 574 1048 612; x_wconf 84' lang='lat' dir='ltr'>hujus</span> <span class='ocrx_word' id='word_1_444' title='bbox 1061 573 1203 604; x_wconf 87' lang='lat' dir='ltr'>vocabuli</span> <span class='ocrx_word' id='word_1_445' title='bbox 1216 572 1448 611; x_wconf 84' lang='lat' dir='ltr'>significatione.</span> <span class='ocrx_word' id='word_1_446' title='bbox 1464 578 1582 604; x_wconf 89' lang='lat' dir='ltr'>certum</span> 
     </span>
     <span class='ocr_line' id='line_1_74' title="bbox 864 615 1582 655; baseline -0.001 -8"><span class='ocrx_word' id='word_1_447' title='bbox 864 622 923 653; x_wconf 90' lang='lat' dir='ltr'>est,</span> <span class='ocrx_word' id='word_1_448' title='bbox 945 617 1098 648; x_wconf 88' lang='lat' dir='ltr'>Wolfium</span> <span class='ocrx_word' id='word_1_449' title='bbox 1125 617 1206 646; x_wconf 85' lang='lat' dir='ltr'>male</span> <span class='ocrx_word' id='word_1_450' title='bbox 1232 615 1420 649; x_wconf 85' lang='lat' dir='ltr'>reddidisse,</span> <span class='ocrx_word' id='word_1_451' title='bbox 1446 616 1498 654; x_wconf 90' lang='lat' dir='ltr'>qui</span> <span class='ocrx_word' id='word_1_452' title='bbox 1525 627 1582 655; x_wconf 87' lang='lat' dir='ltr'>pro</span> 
     </span>
     <span class='ocr_line' id='line_1_75' title="bbox 863 658 1584 697; baseline -0.001 -7"><span class='ocrx_word' id='word_1_453' title='bbox 863 661 973 690; x_wconf 76' lang='lat' dir='ltr'>militia</span> <span class='ocrx_word' id='word_1_454' title='bbox 995 660 1114 690; x_wconf 88' lang='lat' dir='ltr'>habuit.</span> <span class='ocrx_word' id='word_1_455' title='bbox 1159 659 1221 689; x_wconf 89' lang='lat' dir='ltr'>Sed</span> <span class='ocrx_word' id='word_1_456' title='bbox 1242 664 1272 688; x_wconf 80' lang='lat' dir='ltr'>et</span> <span class='ocrx_word' id='word_1_457' title='bbox 1294 659 1334 688; x_wconf 90' lang='lat' dir='ltr'>de</span> <span class='ocrx_word' id='word_1_458' title='bbox 1357 658 1485 697; x_wconf 82' lang='lat' dir='ltr'>Taylori</span> <span class='ocrx_word' id='word_1_459' title='bbox 1504 669 1584 689; x_wconf 88' lang='lat' dir='ltr'>nova</span> 
     </span>
     <span class='ocr_line' id='line_1_76' title="bbox 864 702 1584 743; baseline -0.006 -9"><span class='ocrx_word' id='word_1_460' title='bbox 864 703 1128 743; x_wconf 86' lang='lat' dir='ltr'>interpretatione,</span> <span class='ocrx_word' id='word_1_461' title='bbox 1140 703 1215 733; x_wconf 89' lang='lat' dir='ltr'>mihi</span> <span class='ocrx_word' id='word_1_462' title='bbox 1228 703 1364 742; x_wconf 89' lang='lat' dir='ltr'>quidem,</span> <span class='ocrx_word' id='word_1_463' title='bbox 1373 702 1507 731; x_wconf 89' lang='lat' dir='ltr'>nondum</span> <span class='ocrx_word' id='word_1_464' title='bbox 1518 712 1584 731; x_wconf 88' lang='lat' dir='ltr'>cer-</span> 
     </span>
     <span class='ocr_line' id='line_1_77' title="bbox 864 744 1585 787; baseline -0.004 -10"><span class='ocrx_word' id='word_1_465' title='bbox 864 752 896 777; x_wconf 90' lang='lat' dir='ltr'>to</span> <span class='ocrx_word' id='word_1_466' title='bbox 911 747 1031 787; x_wconf 77' lang='lat' dir='ltr'>liquet3</span> <span class='ocrx_word' id='word_1_467' title='bbox 1055 747 1107 787; x_wconf 89' lang='lat' dir='ltr'>qui</span> <span class='ocrx_word' id='word_1_468' title='bbox 1130 757 1225 786; x_wconf 81' lang='lat' dir='ltr'>genus</span> <span class='ocrx_word' id='word_1_469' title='bbox 1241 746 1319 775; x_wconf 87' lang='lat' dir='ltr'>illud</span> <span class='ocrx_word' id='word_1_470' title='bbox 1338 744 1518 781; x_wconf 83' lang='lat' dir='ltr'>decisionis,</span> <span class='ocrx_word' id='word_1_471' title='bbox 1534 745 1585 775; x_wconf 90' lang='lat' dir='ltr'>vel</span> 
     </span>
     <span class='ocr_line' id='line_1_78' title="bbox 865 788 1587 830; baseline -0.004 -10"><span class='ocrx_word' id='word_1_472' title='bbox 865 790 1031 830; x_wconf 89' lang='lat' dir='ltr'>pactionis,</span> <span class='ocrx_word' id='word_1_473' title='bbox 1048 791 1110 826; x_wconf 86' lang='lat' dir='ltr'>vel,</span> <span class='ocrx_word' id='word_1_474' title='bbox 1123 796 1157 819; x_wconf 91' lang='lat' dir='ltr'>ut</span> <span class='ocrx_word' id='word_1_475' title='bbox 1173 790 1241 829; x_wconf 90' lang='lat' dir='ltr'>ipse</span> <span class='ocrx_word' id='word_1_476' title='bbox 1251 789 1387 828; x_wconf 84' lang='lat' dir='ltr'>appellat</span> <span class='ocrx_word' id='word_1_477' title='bbox 1398 798 1465 818; x_wconf 89' lang='lat' dir='ltr'>cum</span> <span class='ocrx_word' id='word_1_478' title='bbox 1480 788 1587 826; x_wconf 85' lang='lat' dir='ltr'>vulgo,</span> 
     </span>
     <span class='ocr_line' id='line_1_79' title="bbox 865 830 1587 874; baseline -0.006 -10"><span class='ocrx_word' id='word_1_479' title='bbox 865 834 1099 874; x_wconf 83' lang='lat' dir='ltr'>compositionis</span> <span class='ocrx_word' id='word_1_480' title='bbox 1115 838 1254 863; x_wconf 84' lang='lat' dir='ltr'>autumat</span> <span class='ocrx_word' id='word_1_481' title='bbox 1265 843 1346 869; x_wconf 86' lang='lat' dir='ltr'>esse,</span> <span class='ocrx_word' id='word_1_482' title='bbox 1363 842 1423 872; x_wconf 91' lang='lat' dir='ltr'>quo</span> <span class='ocrx_word' id='word_1_483' title='bbox 1435 830 1587 861; x_wconf 83' lang='lat' dir='ltr'>creditori</span> 
     </span>
     <span class='ocr_line' id='line_1_80' title="bbox 866 874 1584 916; baseline -0.004 -9"><span class='ocrx_word' id='word_1_484' title='bbox 866 888 934 907; x_wconf 88' lang='lat' dir='ltr'>cum</span> <span class='ocrx_word' id='word_1_485' title='bbox 951 878 1091 908; x_wconf 83' lang='lat' dir='ltr'>debitore</span> <span class='ocrx_word' id='word_1_486' title='bbox 1109 877 1163 906; x_wconf 90' lang='grc'><strong>1130</strong></span> <span class='ocrx_word' id='word_1_487' title='bbox 1179 878 1247 916; x_wconf 88' lang='lat' dir='ltr'>lege</span> <span class='ocrx_word' id='word_1_488' title='bbox 1263 876 1421 910; x_wconf 87' lang='lat' dir='ltr'>convenit,</span> <span class='ocrx_word' id='word_1_489' title='bbox 1435 879 1470 904; x_wconf 86' lang='lat' dir='ltr'>ut</span> <span class='ocrx_word' id='word_1_490' title='bbox 1482 874 1584 904; x_wconf 88' lang='lat' dir='ltr'>credi-</span> 
     </span>
     <span class='ocr_line' id='line_1_81' title="bbox 865 917 1587 961; baseline -0.006 -11"><span class='ocrx_word' id='word_1_491' title='bbox 865 920 938 957; x_wconf 89' lang='lat' dir='ltr'>tori,</span> <span class='ocrx_word' id='word_1_492' title='bbox 950 921 1047 951; x_wconf 88' lang='lat' dir='ltr'>debiti</span> <span class='ocrx_word' id='word_1_493' title='bbox 1063 925 1178 961; x_wconf 85' lang='lat' dir='ltr'>partem</span> <span class='ocrx_word' id='word_1_494' title='bbox 1197 925 1321 960; x_wconf 86' lang='lat' dir='ltr'>quotam</span> <span class='ocrx_word' id='word_1_495' title='bbox 1337 917 1518 954; x_wconf 86' lang='lat' dir='ltr'>remittenti,</span> <span class='ocrx_word' id='word_1_496' title='bbox 1532 918 1587 947; x_wconf 85' lang='lat' dir='ltr'>de-</span> 
     </span>
     <span class='ocr_line' id='line_1_82' title="bbox 865 960 1586 1003; baseline -0.006 -9"><span class='ocrx_word' id='word_1_497' title='bbox 865 964 947 994; x_wconf 91' lang='lat' dir='ltr'>bitor</span> <span class='ocrx_word' id='word_1_498' title='bbox 967 965 1118 1003; x_wconf 88' lang='lat' dir='ltr'>spondeat</span> <span class='ocrx_word' id='word_1_499' title='bbox 1133 964 1226 994; x_wconf 88' lang='lat' dir='ltr'>certis</span> <span class='ocrx_word' id='word_1_500' title='bbox 1243 963 1352 993; x_wconf 91' lang='lat' dir='ltr'>diebus</span> <span class='ocrx_word' id='word_1_501' title='bbox 1368 966 1468 992; x_wconf 87' lang='lat' dir='ltr'>certas</span> <span class='ocrx_word' id='word_1_502' title='bbox 1485 960 1586 991; x_wconf 89' lang='lat' dir='ltr'>debiti</span> 
     </span>
     <span class='ocr_line' id='line_1_83' title="bbox 866 1007 1586 1047; baseline -0.004 -10"><span class='ocrx_word' id='word_1_503' title='bbox 866 1008 1024 1047; x_wconf 84' lang='lat' dir='ltr'>portiones</span> <span class='ocrx_word' id='word_1_504' title='bbox 1039 1008 1258 1047; x_wconf 78' lang='lat' dir='ltr'>depensuram.</span> <span class='ocrx_word' id='word_1_505' title='bbox 1282 1007 1411 1042; x_wconf 80' lang='lat' dir='ltr'>Verum,</span> <span class='ocrx_word' id='word_1_506' title='bbox 1426 1015 1494 1035; x_wconf 86' lang='lat' dir='ltr'>cum</span> <span class='ocrx_word' id='word_1_507' title='bbox 1511 1015 1586 1034; x_wconf 88' lang='lat' dir='ltr'>con·</span> 
     </span>
     <span class='ocr_line' id='line_1_84' title="bbox 866 1048 1584 1088; baseline -0.004 -8"><span class='ocrx_word' id='word_1_508' title='bbox 866 1055 936 1086; x_wconf 88' lang='lat' dir='ltr'>stet,</span> <span class='ocrx_word' id='word_1_509' title='bbox 953 1051 1003 1080; x_wconf 89' lang='lat' dir='ltr'>hic</span> <span class='ocrx_word' id='word_1_510' title='bbox 1023 1051 1095 1086; x_wconf 89' lang='lat' dir='ltr'>loci,</span> <span class='ocrx_word' id='word_1_511' title='bbox 1117 1061 1174 1080; x_wconf 90' lang='lat' dir='ltr'>non</span> <span class='ocrx_word' id='word_1_512' title='bbox 1193 1052 1232 1080; x_wconf 93' lang='lat' dir='ltr'>de</span> <span class='ocrx_word' id='word_1_513' title='bbox 1249 1060 1310 1079; x_wconf 86' lang='lat' dir='ltr'>aere</span> <span class='ocrx_word' id='word_1_514' title='bbox 1331 1049 1430 1079; x_wconf 85' lang='lat' dir='ltr'>alieno</span> <span class='ocrx_word' id='word_1_515' title='bbox 1448 1048 1584 1088; x_wconf 88' lang='lat' dir='ltr'>privato,</span> 
     </span>
     <span class='ocr_line' id='line_1_85' title="bbox 867 1091 1584 1132; baseline -0.004 -9"><span class='ocrx_word' id='word_1_516' title='bbox 867 1094 921 1123; x_wconf 90' lang='lat' dir='ltr'>sed</span> <span class='ocrx_word' id='word_1_517' title='bbox 945 1094 983 1122; x_wconf 87' lang='lat' dir='ltr'>de</span> <span class='ocrx_word' id='word_1_518' title='bbox 1000 1094 1126 1132; x_wconf 88' lang='lat' dir='ltr'>publico</span> <span class='ocrx_word' id='word_1_519' title='bbox 1145 1093 1207 1132; x_wconf 72' lang='lat' dir='ltr'>agi,</span> <span class='ocrx_word' id='word_1_520' title='bbox 1225 1098 1291 1123; x_wconf 87' lang='lat' dir='ltr'>tum</span> <span class='ocrx_word' id='word_1_521' title='bbox 1313 1103 1372 1122; x_wconf 89' lang='lat' dir='ltr'>non</span> <span class='ocrx_word' id='word_1_522' title='bbox 1389 1096 1522 1127; x_wconf 78' lang='lat' dir='ltr'>constat,</span> <span class='ocrx_word' id='word_1_523' title='bbox 1537 1091 1584 1120; x_wconf 84' lang='lat' dir='ltr'>fn-</span> 
     </span>
     <span class='ocr_line' id='line_1_86' title="bbox 866 1134 1585 1176; baseline -0.001 -11"><span class='ocrx_word' id='word_1_524' title='bbox 866 1136 963 1165; x_wconf 88' lang='lat' dir='ltr'>eritne</span> <span class='ocrx_word' id='word_1_525' title='bbox 978 1137 1114 1176; x_wconf 88' lang='lat' dir='ltr'>populus</span> <span class='ocrx_word' id='word_1_526' title='bbox 1129 1135 1330 1166; x_wconf 88' lang='lat' dir='ltr'>Atheniensis</span> <span class='ocrx_word' id='word_1_527' title='bbox 1347 1135 1392 1165; x_wconf 86' lang='lat' dir='ltr'>ita</span> <span class='ocrx_word' id='word_1_528' title='bbox 1412 1145 1480 1165; x_wconf 86' lang='lat' dir='ltr'>cum</span> <span class='ocrx_word' id='word_1_529' title='bbox 1496 1134 1585 1164; x_wconf 90' lang='lat' dir='ltr'>debi—</span> 
     </span>
     <span class='ocr_line' id='line_1_87' title="bbox 865 1178 1584 1219; baseline -0.003 -10"><span class='ocrx_word' id='word_1_530' title='bbox 865 1179 986 1209; x_wconf 87' lang='lat' dir='ltr'>toribus</span> <span class='ocrx_word' id='word_1_531' title='bbox 1008 1180 1073 1209; x_wconf 92' lang='lat' dir='ltr'>suis</span> <span class='ocrx_word' id='word_1_532' title='bbox 1098 1179 1253 1208; x_wconf 83' lang='lat' dir='ltr'>decidere.</span> <span class='ocrx_word' id='word_1_533' title='bbox 1269 1189 1373 1219; x_wconf 86' lang='lat' dir='ltr'>quare,</span> <span class='ocrx_word' id='word_1_534' title='bbox 1400 1179 1500 1208; x_wconf 89' lang='lat' dir='ltr'>donec</span> <span class='ocrx_word' id='word_1_535' title='bbox 1527 1178 1584 1207; x_wconf 89' lang='lat' dir='ltr'>hac</span> 
     </span>
     <span class='ocr_line' id='line_1_88' title="bbox 864 1221 1584 1258; baseline -0.003 -6"><span class='ocrx_word' id='word_1_536' title='bbox 864 1222 904 1251; x_wconf 88' lang='lat' dir='ltr'>de</span> <span class='ocrx_word' id='word_1_537' title='bbox 916 1232 948 1251; x_wconf 93' lang='lat' dir='ltr'>re</span> <span class='ocrx_word' id='word_1_538' title='bbox 962 1227 1047 1252; x_wconf 88' lang='lat' dir='ltr'>certo</span> <span class='ocrx_word' id='word_1_539' title='bbox 1059 1226 1190 1258; x_wconf 90' lang='lat' dir='ltr'>constet,</span> <span class='ocrx_word' id='word_1_540' title='bbox 1204 1222 1298 1251; x_wconf 87' lang='lat' dir='ltr'>liceto</span> <span class='ocrx_word' id='word_1_541' title='bbox 1310 1222 1385 1251; x_wconf 90' lang='lat' dir='ltr'>mibi</span> <span class='ocrx_word' id='word_1_542' title='bbox 1401 1221 1584 1251; x_wconf 87' lang='lat' dir='ltr'>vocabulum</span> 
     </span>
     <span class='ocr_line' id='line_1_89' title="bbox 863 1264 1584 1305; baseline -0.003 -10"><span class='ocrx_word' id='word_1_543' title='bbox 863 1264 947 1304; x_wconf 72' lang='grc' dir='ltr'><strong><em>τάξις</em></strong></span> <span class='ocrx_word' id='word_1_544' title='bbox 961 1266 989 1295; x_wconf 92' lang='grc'>11.</span> <span class='ocrx_word' id='word_1_545' title='bbox 1011 1266 1033 1296; x_wconf 92' lang='lat' dir='ltr'>l.</span> <span class='ocrx_word' id='word_1_546' title='bbox 1050 1265 1168 1305; x_wconf 79' lang='lat' dir='ltr'>vulgari</span> <span class='ocrx_word' id='word_1_547' title='bbox 1185 1265 1408 1304; x_wconf 85' lang='lat' dir='ltr'>significatione</span> <span class='ocrx_word' id='word_1_548' title='bbox 1429 1265 1584 1303; x_wconf 87' lang='lat' dir='ltr'>accipere,</span> 
     </span>
     <span class='ocr_line' id='line_1_90' title="bbox 864 1307 1584 1348; baseline -0.003 -10"><span class='ocrx_word' id='word_1_549' title='bbox 864 1312 956 1348; x_wconf 85' lang='lat' dir='ltr'>atque</span> <span class='ocrx_word' id='word_1_550' title='bbox 971 1309 1119 1339; x_wconf 87' lang='lat' dir='ltr'>tributum</span> <span class='ocrx_word' id='word_1_551' title='bbox 1134 1308 1341 1347; x_wconf 89' lang='lat' dir='ltr'>interpretari,</span> <span class='ocrx_word' id='word_1_552' title='bbox 1358 1307 1439 1347; x_wconf 88' lang='lat' dir='ltr'>quod</span> <span class='ocrx_word' id='word_1_553' title='bbox 1461 1308 1584 1337; x_wconf 84' lang='lat' dir='ltr'>civibus</span> 
     </span>
     <span class='ocr_line' id='line_1_91' title="bbox 864 1351 1583 1392; baseline -0.001 -10"><span class='ocrx_word' id='word_1_554' title='bbox 864 1352 1016 1383; x_wconf 82' lang='lat' dir='ltr'>universis</span> <span class='ocrx_word' id='word_1_555' title='bbox 1026 1363 1043 1382; x_wconf 93' lang='lat' dir='ltr'>a</span> <span class='ocrx_word' id='word_1_556' title='bbox 1055 1363 1122 1392; x_wconf 83' lang='lat' dir='ltr'>rep.</span> <span class='ocrx_word' id='word_1_557' title='bbox 1137 1352 1318 1391; x_wconf 89' lang='lat' dir='ltr'>imperatur,</span> <span class='ocrx_word' id='word_1_558' title='bbox 1333 1356 1363 1381; x_wconf 89' lang='lat' dir='ltr'>et</span> <span class='ocrx_word' id='word_1_559' title='bbox 1375 1351 1457 1390; x_wconf 88' lang='lat' dir='ltr'>quod</span> <span class='ocrx_word' id='word_1_560' title='bbox 1468 1351 1583 1381; x_wconf 83' lang='lat' dir='ltr'>civium</span> 
     </span>
     <span class='ocr_line' id='line_1_92' title="bbox 864 1394 1583 1435; baseline -0.004 -9"><span class='ocrx_word' id='word_1_561' title='bbox 864 1396 996 1435; x_wconf 86' lang='lat' dir='ltr'>quisque</span> <span class='ocrx_word' id='word_1_562' title='bbox 1010 1396 1125 1426; x_wconf 87' lang='lat' dir='ltr'>dudum</span> <span class='ocrx_word' id='word_1_563' title='bbox 1142 1401 1211 1425; x_wconf 86' lang='lat' dir='ltr'>ante</span> <span class='ocrx_word' id='word_1_564' title='bbox 1229 1395 1328 1431; x_wconf 89' lang='lat' dir='ltr'>novit,</span> <span class='ocrx_word' id='word_1_565' title='bbox 1345 1398 1428 1424; x_wconf 89' lang='lat' dir='ltr'>certo</span> <span class='ocrx_word' id='word_1_566' title='bbox 1446 1394 1498 1424; x_wconf 92' lang='lat' dir='ltr'>die</span> <span class='ocrx_word' id='word_1_567' title='bbox 1516 1404 1533 1423; x_wconf 87' lang='lat' dir='ltr'>a</span> <span class='ocrx_word' id='word_1_568' title='bbox 1549 1404 1583 1423; x_wconf 88' lang='lat' dir='ltr'>se</span> 
     </span>
     <span class='ocr_line' id='line_1_93' title="bbox 863 1438 1582 1478; baseline -0.004 -9"><span class='ocrx_word' id='word_1_569' title='bbox 863 1440 1111 1478; x_wconf 88' lang='lat' dir='ltr'>dependendum.</span> <span class='ocrx_word' id='word_1_570' title='bbox 1137 1440 1229 1468; x_wconf 89' lang='lat' dir='ltr'>Vetat</span> <span class='ocrx_word' id='word_1_571' title='bbox 1243 1439 1350 1477; x_wconf 89' lang='lat' dir='ltr'>itaque</span> <span class='ocrx_word' id='word_1_572' title='bbox 1362 1438 1429 1467; x_wconf 87' lang='lat' dir='ltr'>haec</span> <span class='ocrx_word' id='word_1_573' title='bbox 1445 1438 1497 1467; x_wconf 86' lang='lat' dir='ltr'>lex</span> <span class='ocrx_word' id='word_1_574' title='bbox 1513 1447 1582 1466; x_wconf 88' lang='lat' dir='ltr'>cum</span> 
     </span>
     <span class='ocr_line' id='line_1_94' title="bbox 864 1480 1583 1523; baseline -0.001 -12"><span class='ocrx_word' id='word_1_575' title='bbox 864 1483 979 1522; x_wconf 87' lang='lat' dir='ltr'>populo</span> <span class='ocrx_word' id='word_1_576' title='bbox 1007 1483 1056 1523; x_wconf 87' lang='lat' dir='ltr'>agi</span> <span class='ocrx_word' id='word_1_577' title='bbox 1082 1483 1122 1512; x_wconf 89' lang='lat' dir='ltr'>de</span> <span class='ocrx_word' id='word_1_578' title='bbox 1146 1481 1332 1512; x_wconf 84' lang='lat' dir='ltr'>remittenda</span> <span class='ocrx_word' id='word_1_579' title='bbox 1358 1480 1500 1520; x_wconf 85' lang='lat' dir='ltr'>cuiquam</span> <span class='ocrx_word' id='word_1_580' title='bbox 1528 1490 1583 1510; x_wconf 88' lang='lat' dir='ltr'>seu</span> 
     </span>
     <span class='ocr_line' id='line_1_95' title="bbox 862 1524 1584 1564; baseline -0.003 -9"><span class='ocrx_word' id='word_1_581' title='bbox 862 1527 988 1562; x_wconf 81' lang='lat' dir='ltr'>mulcta,</span> <span class='ocrx_word' id='word_1_582' title='bbox 1003 1537 1057 1556; x_wconf 88' lang='lat' dir='ltr'>seu</span> <span class='ocrx_word' id='word_1_583' title='bbox 1072 1527 1198 1556; x_wconf 82' lang='lat' dir='ltr'>tributo.</span> <span class='ocrx_word' id='word_1_584' title='bbox 1219 1524 1303 1564; x_wconf 76' lang='grc' dir='ltr'><strong><em>τάξις</em></strong></span> <span class='ocrx_word' id='word_1_585' title='bbox 1319 1529 1377 1560; x_wconf 90' lang='lat' dir='ltr'>est,</span> <span class='ocrx_word' id='word_1_586' title='bbox 1395 1525 1475 1563; x_wconf 87' lang='lat' dir='ltr'>quod</span> <span class='ocrx_word' id='word_1_587' title='bbox 1488 1525 1584 1553; x_wconf 92' lang='lat' dir='ltr'>debe-</span> 
     </span>
     <span class='ocr_line' id='line_1_96' title="bbox 863 1567 1582 1606; baseline -0.003 -8"><span class='ocrx_word' id='word_1_588' title='bbox 863 1573 913 1599; x_wconf 88' lang='lat' dir='ltr'>tur</span> <span class='ocrx_word' id='word_1_589' title='bbox 937 1570 1045 1600; x_wconf 84' lang='lat' dir='ltr'>aerario</span> <span class='ocrx_word' id='word_1_590' title='bbox 1068 1569 1188 1599; x_wconf 87' lang='lat' dir='ltr'>nomine</span> <span class='ocrx_word' id='word_1_591' title='bbox 1211 1568 1332 1603; x_wconf 85' lang='lat' dir='ltr'>tributi,</span> <span class='ocrx_word' id='word_1_592' title='bbox 1356 1567 1433 1606; x_wconf 85' lang='lat' dir='ltr'>reip.</span> <span class='ocrx_word' id='word_1_593' title='bbox 1462 1571 1582 1597; x_wconf 86' lang='lat' dir='ltr'>susten-</span> 
     </span>
     <span class='ocr_line' id='line_1_97' title="bbox 862 1611 1582 1653; baseline -0.003 -11"><span class='ocrx_word' id='word_1_594' title='bbox 862 1614 963 1643; x_wconf 87' lang='lat' dir='ltr'>tandae</span> <span class='ocrx_word' id='word_1_595' title='bbox 980 1624 1068 1653; x_wconf 84' lang='lat' dir='ltr'>ergo.</span> <span class='ocrx_word' id='word_1_596' title='bbox 1081 1611 1203 1653; x_wconf 73' lang='grc' dir='ltr'>ὅφλημα</span> <span class='ocrx_word' id='word_1_597' title='bbox 1219 1617 1266 1642; x_wconf 88' lang='lat' dir='ltr'>est</span> <span class='ocrx_word' id='word_1_598' title='bbox 1277 1611 1416 1641; x_wconf 86' lang='lat' dir='ltr'>debitum</span> <span class='ocrx_word' id='word_1_599' title='bbox 1433 1621 1449 1640; x_wconf 91' lang='lat' dir='ltr'>e</span> <span class='ocrx_word' id='word_1_600' title='bbox 1466 1611 1582 1641; x_wconf 85' lang='lat' dir='ltr'>mulcta</span> 
     </span>
     <span class='ocr_line' id='line_1_98' title="bbox 863 1657 1307 1696; baseline -0.005 -10"><span class='ocrx_word' id='word_1_601' title='bbox 863 1667 922 1686; x_wconf 92' lang='lat' dir='ltr'>non</span> <span class='ocrx_word' id='word_1_602' title='bbox 938 1657 1094 1696; x_wconf 87' lang='lat' dir='ltr'>persoluta</span> <span class='ocrx_word' id='word_1_603' title='bbox 1107 1659 1307 1685; x_wconf 82' lang='lat' dir='ltr'>contractum.</span> 
     </span>
    </p>

    <p class='ocr_par' dir='ltr' id='par_1_13' title="bbox 863 1696 1579 1783">
     <span class='ocr_line' id='line_1_99' title="bbox 905 1696 1579 1740; baseline -0.004 -11"><span class='ocrx_word' id='word_1_604' title='bbox 905 1717 948 1722; x_wconf 94' lang='lat'><strong>—</strong></span> <span class='ocrx_word' id='word_1_605' title='bbox 963 1702 994 1731; x_wconf 82' lang='grc'>3.</span> <span class='ocrx_word' id='word_1_606' title='bbox 1017 1701 1066 1731; x_wconf 68' lang='grc' dir='ltr'>τὴν</span> <span class='ocrx_word' id='word_1_607' title='bbox 1083 1698 1191 1740; x_wconf 68' lang='grc' dir='ltr'><strong>ἄδειαν]</strong></span> <span class='ocrx_word' id='word_1_608' title='bbox 1215 1709 1260 1728; x_wconf 89' lang='lat' dir='ltr'>sc.</span> <span class='ocrx_word' id='word_1_609' title='bbox 1276 1699 1326 1728; x_wconf 74' lang='grc' dir='ltr'>τοῦ</span> <span class='ocrx_word' id='word_1_610' title='bbox 1347 1696 1449 1736; x_wconf 75' lang='grc' dir='ltr'>λέγειν,</span> <span class='ocrx_word' id='word_1_611' title='bbox 1465 1697 1522 1727; x_wconf 86' lang='grc'><strong>1130</strong></span> <span class='ocrx_word' id='word_1_612' title='bbox 1538 1697 1579 1727; x_wconf 89' lang='lat' dir='ltr'>de</span> 
     </span>
     <span class='ocr_line' id='line_1_100' title="bbox 863 1742 1509 1783; baseline -0.003 -10"><span class='ocrx_word' id='word_1_613' title='bbox 863 1753 897 1773; x_wconf 87' lang='lat' dir='ltr'>re</span> <span class='ocrx_word' id='word_1_614' title='bbox 913 1753 982 1773; x_wconf 91' lang='lat' dir='ltr'>cum</span> <span class='ocrx_word' id='word_1_615' title='bbox 999 1743 1115 1783; x_wconf 89' lang='lat' dir='ltr'>populo</span> <span class='ocrx_word' id='word_1_616' title='bbox 1131 1742 1254 1781; x_wconf 88' lang='lat' dir='ltr'>agendi.</span> <span class='ocrx_word' id='word_1_617' title='bbox 1270 1752 1299 1771; x_wconf 90' lang='lat' dir='ltr'>v.</span> <span class='ocrx_word' id='word_1_618' title='bbox 1316 1752 1347 1770; x_wconf 75' lang='grc' dir='ltr'>ν.</span> <span class='ocrx_word' id='word_1_619' title='bbox 1363 1743 1393 1771; x_wconf 86' lang='grc'>9.</span> <span class='ocrx_word' id='word_1_620' title='bbox 1411 1746 1441 1771; x_wconf 85' lang='lat' dir='ltr'>et</span> <span class='ocrx_word' id='word_1_621' title='bbox 1457 1743 1509 1771; x_wconf 77' lang='lat'>14.</span> 
     </span>
    </p>

    <p class='ocr_par' dir='ltr' id='par_1_14' title="bbox 863 1783 1583 1956">
     <span class='ocr_line' id='line_1_101' title="bbox 905 1783 1580 1826; baseline -0.007 -8"><span class='ocrx_word' id='word_1_622' title='bbox 905 1805 948 1811; x_wconf 93' lang='lat'>—</span> <span class='ocrx_word' id='word_1_623' title='bbox 968 1789 998 1817; x_wconf 91' lang='lat'>8.</span> <span class='ocrx_word' id='word_1_624' title='bbox 1019 1800 1033 1818; x_wconf 83' lang='grc' dir='ltr'><strong><em>η</em></strong></span> <span class='ocrx_word' id='word_1_625' title='bbox 1053 1786 1181 1826; x_wconf 76' lang='grc' dir='ltr'>τάξεως]</span> <span class='ocrx_word' id='word_1_626' title='bbox 1207 1785 1233 1815; x_wconf 92' lang='lat' dir='ltr'>si</span> <span class='ocrx_word' id='word_1_627' title='bbox 1257 1783 1342 1824; x_wconf 77' lang='grc' dir='ltr'><strong><em>τάξις</em></strong></span> <span class='ocrx_word' id='word_1_628' title='bbox 1362 1785 1393 1814; x_wconf 85' lang='grc'>111</span> <span class='ocrx_word' id='word_1_629' title='bbox 1418 1789 1478 1820; x_wconf 87' lang='lat' dir='ltr'>est,</span> <span class='ocrx_word' id='word_1_630' title='bbox 1497 1784 1580 1823; x_wconf 83' lang='lat' dir='ltr'>quod</span> 
     </span>
     <span class='ocr_line' id='line_1_102' title="bbox 863 1827 1583 1870; baseline -0.007 -9"><span class='ocrx_word' id='word_1_631' title='bbox 863 1831 1004 1870; x_wconf 85' lang='lat' dir='ltr'>opinatus</span> <span class='ocrx_word' id='word_1_632' title='bbox 1021 1835 1069 1860; x_wconf 88' lang='lat' dir='ltr'>est</span> <span class='ocrx_word' id='word_1_633' title='bbox 1087 1829 1176 1869; x_wconf 63' lang='lat' dir='ltr'>Ta31.</span> <span class='ocrx_word' id='word_1_634' title='bbox 1193 1833 1278 1858; x_wconf 86' lang='lat' dir='ltr'>recte</span> <span class='ocrx_word' id='word_1_635' title='bbox 1297 1829 1384 1857; x_wconf 89' lang='lat' dir='ltr'>abest</span> <span class='ocrx_word' id='word_1_636' title='bbox 1400 1827 1549 1857; x_wconf 82' lang='lat' dir='ltr'>articulus</span> <span class='ocrx_word' id='word_1_637' title='bbox 1565 1838 1583 1857; x_wconf 90' lang='lat' dir='ltr'>a</span> 
     </span>
     <span class='ocr_line' id='line_1_103' title="bbox 864 1869 1583 1913; baseline -0.006 -9"><span class='ocrx_word' id='word_1_638' title='bbox 864 1885 933 1904; x_wconf 90' lang='lat' dir='ltr'>voc</span> <span class='ocrx_word' id='word_1_639' title='bbox 956 1874 1075 1913; x_wconf 72' lang='grc' dir='ltr'><strong>τάξεως.</strong></span> <span class='ocrx_word' id='word_1_640' title='bbox 1092 1872 1138 1903; x_wconf 87' lang='lat' dir='ltr'>sin</span> <span class='ocrx_word' id='word_1_641' title='bbox 1155 1876 1256 1902; x_wconf 88' lang='lat' dir='ltr'>autem</span> <span class='ocrx_word' id='word_1_642' title='bbox 1279 1871 1310 1901; x_wconf 90' lang='lat' dir='ltr'>id</span> <span class='ocrx_word' id='word_1_643' title='bbox 1332 1875 1389 1906; x_wconf 87' lang='lat' dir='ltr'>est,</span> <span class='ocrx_word' id='word_1_644' title='bbox 1408 1871 1489 1910; x_wconf 92' lang='lat' dir='ltr'>quod</span> <span class='ocrx_word' id='word_1_645' title='bbox 1514 1869 1583 1900; x_wconf 86' lang='lat' dir='ltr'>dixi</span> 
     </span>
     <span class='ocr_line' id='line_1_104' title="bbox 863 1914 1582 1956; baseline -0.006 -9"><span class='ocrx_word' id='word_1_646' title='bbox 863 1917 939 1947; x_wconf 89' lang='lat' dir='ltr'>mihi</span> <span class='ocrx_word' id='word_1_647' title='bbox 955 1918 1090 1956; x_wconf 86' lang='lat' dir='ltr'>placere,</span> <span class='ocrx_word' id='word_1_648' title='bbox 1107 1926 1234 1946; x_wconf 88' lang='lat' dir='ltr'>necesse</span> <span class='ocrx_word' id='word_1_649' title='bbox 1251 1918 1311 1949; x_wconf 89' lang='lat' dir='ltr'>est,</span> <span class='ocrx_word' id='word_1_650' title='bbox 1325 1919 1358 1943; x_wconf 83' lang='lat' dir='ltr'>ut</span> <span class='ocrx_word' id='word_1_651' title='bbox 1373 1926 1425 1949; x_wconf 77' lang='grc' dir='ltr'>της</span> <span class='ocrx_word' id='word_1_652' title='bbox 1441 1914 1582 1944; x_wconf 89' lang='lat' dir='ltr'>addatur.</span> 
     </span>
    </p>

    <p class='ocr_par' dir='ltr' id='par_1_15' title="bbox 863 1956 1585 2434">
     <span class='ocr_line' id='line_1_105' title="bbox 907 1956 1583 2000; baseline -0.008 -9"><span class='ocrx_word' id='word_1_653' title='bbox 907 1978 950 1983; x_wconf 68' lang='lat'>-—</span> <span class='ocrx_word' id='word_1_654' title='bbox 967 1962 1020 1991; x_wconf 73' lang='lat'>⁰25.</span> <span class='ocrx_word' id='word_1_655' title='bbox 1044 1958 1173 1999; x_wconf 73' lang='grc' dir='ltr'><strong>πρόσοδον</strong></span> <span class='ocrx_word' id='word_1_656' title='bbox 1189 1956 1383 2000; x_wconf 61' lang='grc' dir='ltr'>γράψασθαι]</span> <span class='ocrx_word' id='word_1_657' title='bbox 1405 1958 1583 1997; x_wconf 87' lang='lat' dir='ltr'>impetrare,</span> 
     </span>
     <span class='ocr_line' id='line_1_106' title="bbox 865 2000 1582 2040; baseline -0.006 -7"><span class='ocrx_word' id='word_1_658' title='bbox 865 2007 899 2033; x_wconf 92' lang='lat' dir='ltr'>ut</span> <span class='ocrx_word' id='word_1_659' title='bbox 913 2004 950 2033; x_wconf 86' lang='lat' dir='ltr'>ad</span> <span class='ocrx_word' id='word_1_660' title='bbox 969 2005 1112 2033; x_wconf 86' lang='lat' dir='ltr'>Senatum</span> <span class='ocrx_word' id='word_1_661' title='bbox 1134 2001 1269 2031; x_wconf 86' lang='lat' dir='ltr'>adeundi</span> <span class='ocrx_word' id='word_1_662' title='bbox 1285 2006 1316 2031; x_wconf 89' lang='lat' dir='ltr'>et</span> <span class='ocrx_word' id='word_1_663' title='bbox 1332 2011 1401 2030; x_wconf 89' lang='lat' dir='ltr'>cum</span> <span class='ocrx_word' id='word_1_664' title='bbox 1419 2012 1455 2031; x_wconf 90' lang='lat' dir='ltr'>eo</span> <span class='ocrx_word' id='word_1_665' title='bbox 1471 2000 1582 2040; x_wconf 83' lang='lat' dir='ltr'>agendi</span> 
     </span>
     <span class='ocr_line' id='line_1_107' title="bbox 864 2043 1585 2086; baseline -0.004 -10"><span class='ocrx_word' id='word_1_666' title='bbox 864 2046 966 2082; x_wconf 87' lang='lat' dir='ltr'>venia,</span> <span class='ocrx_word' id='word_1_667' title='bbox 990 2046 1108 2086; x_wconf 86' lang='lat' dir='ltr'>scripto</span> <span class='ocrx_word' id='word_1_668' title='bbox 1127 2045 1316 2084; x_wconf 84' lang='lat' dir='ltr'>consignata,</span> <span class='ocrx_word' id='word_1_669' title='bbox 1337 2049 1368 2073; x_wconf 90' lang='lat' dir='ltr'>et</span> <span class='ocrx_word' id='word_1_670' title='bbox 1389 2043 1512 2074; x_wconf 87' lang='lat' dir='ltr'>nomine</span> <span class='ocrx_word' id='word_1_671' title='bbox 1536 2054 1585 2073; x_wconf 91' lang='lat' dir='ltr'>se-</span> 
     </span>
     <span class='ocr_line' id='line_1_108' title="bbox 864 2086 1581 2128; baseline -0.006 -8"><span class='ocrx_word' id='word_1_672' title='bbox 864 2096 953 2120; x_wconf 91' lang='lat' dir='ltr'>natus</span> <span class='ocrx_word' id='word_1_673' title='bbox 969 2100 986 2119; x_wconf 91' lang='lat' dir='ltr'>a</span> <span class='ocrx_word' id='word_1_674' title='bbox 1009 2091 1112 2120; x_wconf 87' lang='lat' dir='ltr'>scriba</span> <span class='ocrx_word' id='word_1_675' title='bbox 1129 2088 1255 2128; x_wconf 88' lang='lat' dir='ltr'>publico</span> <span class='ocrx_word' id='word_1_676' title='bbox 1280 2086 1337 2116; x_wconf 87' lang='lat' dir='ltr'>tibi</span> <span class='ocrx_word' id='word_1_677' title='bbox 1360 2087 1509 2123; x_wconf 87' lang='lat' dir='ltr'>exhibita,</span> <span class='ocrx_word' id='word_1_678' title='bbox 1523 2087 1581 2116; x_wconf 88' lang='lat' dir='ltr'>im-</span> 
     </span>
     <span class='ocr_line' id='line_1_109' title="bbox 864 2130 1582 2174; baseline -0.006 -11"><span class='ocrx_word' id='word_1_679' title='bbox 864 2134 1015 2174; x_wconf 87' lang='lat' dir='ltr'>pertiatur</span> <span class='ocrx_word' id='word_1_680' title='bbox 1029 2144 1038 2171; x_wconf 65' lang='grc'><strong><em>3</em></strong></span> <span class='ocrx_word' id='word_1_681' title='bbox 1063 2137 1224 2173; x_wconf 85' lang='lat' dir='ltr'>postquam</span> <span class='ocrx_word' id='word_1_682' title='bbox 1238 2130 1355 2161; x_wconf 89' lang='lat' dir='ltr'>senatui</span> <span class='ocrx_word' id='word_1_683' title='bbox 1367 2130 1582 2167; x_wconf 85' lang='lat' dir='ltr'>brevilibello,</span> 
     </span>
     <span class='ocr_line' id='line_1_110' title="bbox 864 2174 1585 2215; baseline -0.006 -8"><span class='ocrx_word' id='word_1_684' title='bbox 864 2188 923 2215; x_wconf 88' lang='lat' dir='ltr'>qua</span> <span class='ocrx_word' id='word_1_685' title='bbox 938 2177 978 2207; x_wconf 89' lang='lat' dir='ltr'>de</span> <span class='ocrx_word' id='word_1_686' title='bbox 994 2187 1026 2206; x_wconf 90' lang='lat' dir='ltr'>re</span> <span class='ocrx_word' id='word_1_687' title='bbox 1043 2187 1111 2206; x_wconf 92' lang='lat' dir='ltr'>cum</span> <span class='ocrx_word' id='word_1_688' title='bbox 1134 2185 1225 2214; x_wconf 84' lang='lat' dir='ltr'>agere</span> <span class='ocrx_word' id='word_1_689' title='bbox 1241 2175 1352 2211; x_wconf 78' lang='lat' dir='ltr'>velles,</span> <span class='ocrx_word' id='word_1_690' title='bbox 1367 2174 1585 2213; x_wconf 86' lang='lat' dir='ltr'>exposuisses.</span> 
     </span>
     <span class='ocr_line' id='line_1_111' title="bbox 864 2218 1583 2259; baseline -0.006 -9"><span class='ocrx_word' id='word_1_691' title='bbox 864 2222 934 2259; x_wconf 78' lang='lat' dir='ltr'>Quo</span> <span class='ocrx_word' id='word_1_692' title='bbox 950 2222 1030 2250; x_wconf 87' lang='lat' dir='ltr'>facto</span> <span class='ocrx_word' id='word_1_693' title='bbox 1046 2220 1190 2254; x_wconf 87' lang='lat' dir='ltr'>Senatus,</span> <span class='ocrx_word' id='word_1_694' title='bbox 1207 2218 1232 2248; x_wconf 89' lang='lat' dir='ltr'>si</span> <span class='ocrx_word' id='word_1_695' title='bbox 1248 2227 1372 2248; x_wconf 87' lang='lat' dir='ltr'>causam</span> <span class='ocrx_word' id='word_1_696' title='bbox 1390 2218 1513 2257; x_wconf 84' lang='lat' dir='ltr'>dignam</span> <span class='ocrx_word' id='word_1_697' title='bbox 1528 2218 1583 2246; x_wconf 85' lang='grc'><strong>113-</strong></span> 
     </span>
     <span class='ocr_line' id='line_1_112' title="bbox 864 2261 1584 2303; baseline -0.006 -9"><span class='ocrx_word' id='word_1_698' title='bbox 864 2266 962 2300; x_wconf 86' lang='lat' dir='ltr'>beret,</span> <span class='ocrx_word' id='word_1_699' title='bbox 980 2264 1018 2293; x_wconf 90' lang='lat' dir='ltr'>de</span> <span class='ocrx_word' id='word_1_700' title='bbox 1034 2274 1093 2303; x_wconf 85' lang='lat' dir='ltr'>qua</span> <span class='ocrx_word' id='word_1_701' title='bbox 1109 2263 1145 2292; x_wconf 92' lang='lat' dir='ltr'>ad</span> <span class='ocrx_word' id='word_1_702' title='bbox 1169 2262 1315 2302; x_wconf 91' lang='lat' dir='ltr'>populum</span> <span class='ocrx_word' id='word_1_703' title='bbox 1331 2261 1511 2297; x_wconf 87' lang='lat' dir='ltr'>referretur,</span> <span class='ocrx_word' id='word_1_704' title='bbox 1528 2271 1584 2290; x_wconf 90' lang='lat' dir='ltr'>ve-</span> 
     </span>
     <span class='ocr_line' id='line_1_113' title="bbox 863 2304 1583 2347; baseline -0.006 -10"><span class='ocrx_word' id='word_1_705' title='bbox 863 2307 942 2337; x_wconf 88' lang='lat' dir='ltr'>uiam</span> <span class='ocrx_word' id='word_1_706' title='bbox 965 2308 1058 2337; x_wconf 85' lang='lat' dir='ltr'>dabat</span> <span class='ocrx_word' id='word_1_707' title='bbox 1080 2306 1211 2347; x_wconf 85' lang='lat' dir='ltr'>petenti,</span> <span class='ocrx_word' id='word_1_708' title='bbox 1229 2315 1298 2335; x_wconf 90' lang='lat' dir='ltr'>cum</span> <span class='ocrx_word' id='word_1_709' title='bbox 1320 2305 1435 2345; x_wconf 89' lang='lat' dir='ltr'>populo</span> <span class='ocrx_word' id='word_1_710' title='bbox 1459 2304 1583 2343; x_wconf 86' lang='lat' dir='ltr'>agendi,</span> 
     </span>
     <span class='ocr_line' id='line_1_114' title="bbox 864 2348 1582 2390; baseline -0.004 -10"><span class='ocrx_word' id='word_1_711' title='bbox 864 2351 1087 2390; x_wconf 87' lang='lat' dir='ltr'>delegabatque</span> <span class='ocrx_word' id='word_1_712' title='bbox 1103 2349 1286 2390; x_wconf 86' lang='lat' dir='ltr'>prohedros,</span> <span class='ocrx_word' id='word_1_713' title='bbox 1306 2348 1359 2387; x_wconf 85' lang='lat' dir='ltr'>qui</span> <span class='ocrx_word' id='word_1_714' title='bbox 1374 2358 1441 2378; x_wconf 89' lang='lat' dir='ltr'>eam</span> <span class='ocrx_word' id='word_1_715' title='bbox 1457 2357 1582 2378; x_wconf 87' lang='lat' dir='ltr'>causam</span> 
     </span>
     <span class='ocr_line' id='line_1_115' title="bbox 863 2394 1211 2434; baseline -0.006 -11"><span class='ocrx_word' id='word_1_716' title='bbox 863 2394 979 2434; x_wconf 91' lang='lat' dir='ltr'>populo</span> <span class='ocrx_word' id='word_1_717' title='bbox 994 2396 1211 2433; x_wconf 87' lang='lat' dir='ltr'>proponerent.</span> 
     </span>
    </p>

    <p class='ocr_par' dir='ltr' id='par_1_16' title="bbox 859 2433 1584 2771">
     <span class='ocr_line' id='line_1_116' title="bbox 906 2433 1583 2477; baseline -0.006 -10"><span class='ocrx_word' id='word_1_718' title='bbox 906 2439 981 2468; x_wconf 88' lang='grc'><strong>716.</strong></span> <span class='ocrx_word' id='word_1_719' title='bbox 1003 2440 1033 2468; x_wconf 89' lang='lat'>6.</span> <span class='ocrx_word' id='word_1_720' title='bbox 1056 2436 1154 2477; x_wconf 74' lang='grc' dir='ltr'><strong>Θεῖναι]</strong></span> <span class='ocrx_word' id='word_1_721' title='bbox 1179 2436 1256 2465; x_wconf 89' lang='lat' dir='ltr'>bene</span> <span class='ocrx_word' id='word_1_722' title='bbox 1278 2434 1380 2464; x_wconf 87' lang='lat' dir='ltr'>habet.</span> <span class='ocrx_word' id='word_1_723' title='bbox 1424 2433 1583 2464; x_wconf 78' lang='lat' dir='ltr'>Sententia</span> 
     </span>
     <span class='ocr_line' id='line_1_117' title="bbox 863 2477 1582 2520; baseline -0.006 -10"><span class='ocrx_word' id='word_1_724' title='bbox 863 2485 928 2510; x_wconf 87' lang='lat' dir='ltr'>est:</span> <span class='ocrx_word' id='word_1_725' title='bbox 953 2491 990 2510; x_wconf 90' lang='lat' dir='ltr'>eo</span> <span class='ocrx_word' id='word_1_726' title='bbox 1006 2481 1089 2520; x_wconf 88' lang='lat' dir='ltr'>quod</span> <span class='ocrx_word' id='word_1_727' title='bbox 1110 2480 1211 2518; x_wconf 85' lang='lat' dir='ltr'>legem</span> <span class='ocrx_word' id='word_1_728' title='bbox 1234 2483 1317 2508; x_wconf 87' lang='lat' dir='ltr'>tuam</span> <span class='ocrx_word' id='word_1_729' title='bbox 1333 2488 1393 2507; x_wconf 92' lang='lat' dir='ltr'>non</span> <span class='ocrx_word' id='word_1_730' title='bbox 1411 2478 1511 2507; x_wconf 90' lang='lat' dir='ltr'>modis</span> <span class='ocrx_word' id='word_1_731' title='bbox 1527 2477 1582 2507; x_wconf 90' lang='lat' dir='ltr'>ho-</span> 
     </span>
     <span class='ocr_line' id='line_1_118' title="bbox 862 2520 1582 2564; baseline -0.004 -11"><span class='ocrx_word' id='word_1_732' title='bbox 862 2524 959 2553; x_wconf 87' lang='lat' dir='ltr'>nestis</span> <span class='ocrx_word' id='word_1_733' title='bbox 975 2523 1184 2564; x_wconf 85' lang='lat' dir='ltr'>legitimisque</span> <span class='ocrx_word' id='word_1_734' title='bbox 1199 2523 1299 2561; x_wconf 90' lang='lat' dir='ltr'>palam</span> <span class='ocrx_word' id='word_1_735' title='bbox 1315 2520 1427 2555; x_wconf 90' lang='lat' dir='ltr'>tulisti,</span> <span class='ocrx_word' id='word_1_736' title='bbox 1441 2521 1496 2550; x_wconf 91' lang='lat' dir='ltr'>sed</span> <span class='ocrx_word' id='word_1_737' title='bbox 1509 2521 1582 2550; x_wconf 90' lang='lat' dir='ltr'>sub-</span> 
     </span>
     <span class='ocr_line' id='line_1_119' title="bbox 859 2564 1582 2607; baseline -0.006 -10"><span class='ocrx_word' id='word_1_738' title='bbox 859 2567 973 2607; x_wconf 80' lang='lat' dir='ltr'>jecisti.</span> <span class='ocrx_word' id='word_1_739' title='bbox 989 2567 1018 2597; x_wconf 80' lang='grc' dir='ltr'>Ιι.</span> <span class='ocrx_word' id='word_1_740' title='bbox 1035 2578 1062 2597; x_wconf 85' lang='lat' dir='ltr'>e.</span> <span class='ocrx_word' id='word_1_741' title='bbox 1077 2567 1107 2596; x_wconf 93' lang='lat' dir='ltr'>in</span> <span class='ocrx_word' id='word_1_742' title='bbox 1125 2572 1247 2596; x_wconf 85' lang='lat' dir='ltr'>veteres</span> <span class='ocrx_word' id='word_1_743' title='bbox 1265 2566 1378 2604; x_wconf 78' lang='lat' dir='ltr'>probas</span> <span class='ocrx_word' id='word_1_744' title='bbox 1393 2564 1481 2604; x_wconf 85' lang='lat' dir='ltr'>leges</span> <span class='ocrx_word' id='word_1_745' title='bbox 1499 2568 1582 2594; x_wconf 86' lang='lat' dir='ltr'>tuam</span> 
     </span>
     <span class='ocr_line' id='line_1_120' title="bbox 861 2607 1584 2649; baseline -0.004 -10"><span class='ocrx_word' id='word_1_746' title='bbox 861 2611 1010 2649; x_wconf 85' lang='lat' dir='ltr'>spuriam,</span> <span class='ocrx_word' id='word_1_747' title='bbox 1041 2608 1231 2644; x_wconf 82' lang='lat' dir='ltr'>ementitam,</span> <span class='ocrx_word' id='word_1_748' title='bbox 1257 2607 1451 2645; x_wconf 74' lang='lat' dir='ltr'>illegitimam</span> <span class='ocrx_word' id='word_1_749' title='bbox 1480 2607 1584 2646; x_wconf 87' lang='lat' dir='ltr'>inges-</span> 
     </span>
     <span class='ocr_line' id='line_1_121' title="bbox 862 2651 1582 2689; baseline -0.006 -6"><span class='ocrx_word' id='word_1_750' title='bbox 862 2654 954 2689; x_wconf 89' lang='lat' dir='ltr'>sisse,</span> <span class='ocrx_word' id='word_1_751' title='bbox 975 2654 1150 2687; x_wconf 87' lang='lat' dir='ltr'>intrusisse,</span> <span class='ocrx_word' id='word_1_752' title='bbox 1177 2652 1280 2682; x_wconf 84' lang='lat' dir='ltr'>l&#39;urtim</span> <span class='ocrx_word' id='word_1_753' title='bbox 1303 2651 1482 2681; x_wconf 89' lang='lat' dir='ltr'>immisisse.</span> <span class='ocrx_word' id='word_1_754' title='bbox 1526 2651 1582 2681; x_wconf 89' lang='lat' dir='ltr'>Ju-</span> 
     </span>
     <span class='ocr_line' id='line_1_122' title="bbox 861 2693 1583 2728; baseline -0.004 -2"><span class='ocrx_word' id='word_1_755' title='bbox 861 2697 947 2727; x_wconf 84' lang='lat' dir='ltr'>rinus</span> <span class='ocrx_word' id='word_1_756' title='bbox 964 2697 1098 2728; x_wconf 85' lang='lat' dir='ltr'>malebat</span> <span class='ocrx_word' id='word_1_757' title='bbox 1112 2694 1245 2726; x_wconf 65' lang='grc' dir='ltr'><strong>ἐκθεῖναι.</strong></span> <span class='ocrx_word' id='word_1_758' title='bbox 1258 2694 1310 2725; x_wconf 88' lang='grc'><strong>0111</strong></span> <span class='ocrx_word' id='word_1_759' title='bbox 1326 2704 1414 2725; x_wconf 89' lang='lat' dir='ltr'>nemo</span> <span class='ocrx_word' id='word_1_760' title='bbox 1430 2693 1520 2724; x_wconf 83' lang='lat' dir='ltr'>facile</span> <span class='ocrx_word' id='word_1_761' title='bbox 1533 2703 1583 2723; x_wconf 79' lang='lat' dir='ltr'>ac-</span> 
     </span>
     <span class='ocr_line' id='line_1_123' title="bbox 861 2741 963 2771; baseline 0.01 -1"><span class='ocrx_word' id='word_1_762' title='bbox 861 2741 963 2771; x_wconf 87' lang='lat' dir='ltr'>cedet.</span> 
     </span>
    </p>

    <p class='ocr_par' dir='ltr' id='par_1_17' title="bbox 862 2779 1581 2910">
     <span class='ocr_line' id='line_1_124' title="bbox 904 2779 1579 2822; baseline -0.012 -7"><span class='ocrx_word' id='word_1_763' title='bbox 904 2801 949 2806; x_wconf 93' lang='lat'>—-</span> <span class='ocrx_word' id='word_1_764' title='bbox 971 2785 1025 2814; x_wconf 70' lang='lat'>⁶24.</span> <span class='ocrx_word' id='word_1_765' title='bbox 1053 2781 1172 2822; x_wconf 74' lang='grc' dir='ltr'><strong>ἀνέγνω]</strong></span> <span class='ocrx_word' id='word_1_766' title='bbox 1201 2781 1270 2813; x_wconf 89' lang='lat' dir='ltr'>scil.</span> <span class='ocrx_word' id='word_1_767' title='bbox 1298 2781 1401 2812; x_wconf 88' lang='lat' dir='ltr'>scriba</span> <span class='ocrx_word' id='word_1_768' title='bbox 1424 2779 1579 2818; x_wconf 87' lang='lat' dir='ltr'>publicus.</span> 
     </span>
     <span class='ocr_line' id='line_1_125' title="bbox 862 2822 1581 2865; baseline -0.01 -8"><span class='ocrx_word' id='word_1_769' title='bbox 862 2827 966 2857; x_wconf 86' lang='lat' dir='ltr'>malim</span> <span class='ocrx_word' id='word_1_770' title='bbox 982 2831 1081 2857; x_wconf 89' lang='lat' dir='ltr'>tamen</span> <span class='ocrx_word' id='word_1_771' title='bbox 1102 2827 1147 2856; x_wconf 79' lang='grc' dir='ltr'>ἇνε</span> <span class='ocrx_word' id='word_1_772' title='bbox 1142 2824 1228 2864; x_wconf 56' lang='grc' dir='ltr'>’γνωω</span> <span class='ocrx_word' id='word_1_773' title='bbox 1244 2825 1326 2865; x_wconf 90' lang='lat' dir='ltr'>quod</span> <span class='ocrx_word' id='word_1_774' title='bbox 1344 2834 1413 2855; x_wconf 83' lang='lat' dir='ltr'>cum</span> <span class='ocrx_word' id='word_1_775' title='bbox 1432 2832 1514 2852; x_wconf 81' lang='lat' dir='ltr'>more</span> <span class='ocrx_word' id='word_1_776' title='bbox 1536 2822 1581 2851; x_wconf 88' lang='lat' dir='ltr'>lo-</span> 
     </span>
     <span class='ocr_line' id='line_1_126' title="bbox 864 2865 1496 2914; baseline -0.011 -14"><span class='ocrx_word' id='word_1_777' title='bbox 864 2870 976 2910; x_wconf 88' lang='lat' dir='ltr'>quendi</span> <span class='ocrx_word' id='word_1_778' title='bbox 996 2869 1214 2901; x_wconf 87' lang='lat' dir='ltr'>Demosthenis</span> <span class='ocrx_word' id='word_1_779' title='bbox 1232 2869 1329 2914; x_wconf 75' lang='lat' dir='ltr'>magis</span> <span class='ocrx_word' id='word_1_780' title='bbox 1342 2865 1496 2896; x_wconf 74' lang='lat' dir='ltr'>convenit.</span> 
     </span>
    </p>

    <p class='ocr_par' dir='ltr' id='par_1_18' title="bbox 865 2908 1582 2987">
     <span class='ocr_line' id='line_1_127' title="bbox 915 2908 1582 2953; baseline -0.009 -11"><span class='ocrx_word' id='word_1_781' title='bbox 915 2915 992 2944; x_wconf 88' lang='grc'><strong>717.</strong></span> <span class='ocrx_word' id='word_1_782' title='bbox 1022 2916 1054 2944; x_wconf 84' lang='lat'>8.</span> <span class='ocrx_word' id='word_1_783' title='bbox 1085 2911 1152 2953; x_wconf 73' lang='grc' dir='ltr'>οἶδ]</span> <span class='ocrx_word' id='word_1_784' title='bbox 1184 2921 1240 2951; x_wconf 88' lang='lat' dir='ltr'>pro</span> <span class='ocrx_word' id='word_1_785' title='bbox 1270 2909 1299 2940; x_wconf 75' lang='grc' dir='ltr'>εὖ</span> <span class='ocrx_word' id='word_1_786' title='bbox 1328 2923 1351 2941; x_wconf 84' lang='grc' dir='ltr'><strong><em>ο</em></strong></span> <span class='ocrx_word' id='word_1_787' title='bbox 1341 2908 1392 2939; x_wconf 78' lang='grc' dir='ltr'><strong>”“’.δ</strong></span> <span class='ocrx_word' id='word_1_788' title='bbox 1422 2908 1467 2938; x_wconf 80' lang='lat' dir='ltr'>sio</span> <span class='ocrx_word' id='word_1_789' title='bbox 1499 2916 1582 2948; x_wconf 79' lang='lat' dir='ltr'>saepe</span> 
     </span>
     <span class='ocr_line' id='line_1_128' title="bbox 865 2957 990 2987; baseline -0.009 0"><span class='ocrx_word' id='word_1_790' title='bbox 865 2957 990 2987; x_wconf 88' lang='lat' dir='ltr'>Noster.</span> 
     </span>
    </p>

    <p class='ocr_par' dir='ltr' id='par_1_19' title="bbox 867 2994 1584 3079">
     <span class='ocr_line' id='line_1_129' title="bbox 907 2994 1579 3039; baseline -0.012 -9"><span class='ocrx_word' id='word_1_791' title='bbox 907 3017 951 3023; x_wconf 93' lang='lat'>--</span> <span class='ocrx_word' id='word_1_792' title='bbox 967 3000 1021 3031; x_wconf 86' lang='lat'>15.</span> <span class='ocrx_word' id='word_1_793' title='bbox 1037 2999 1096 3039; x_wconf 79' lang='grc' dir='ltr'>περὶ</span> <span class='ocrx_word' id='word_1_794' title='bbox 1112 2997 1232 3037; x_wconf 74' lang='grc' dir='ltr'><strong>τούτων]</strong></span> <span class='ocrx_word' id='word_1_795' title='bbox 1252 2997 1340 3025; x_wconf 80' lang='lat' dir='ltr'>abest</span> <span class='ocrx_word' id='word_1_796' title='bbox 1356 2995 1393 3024; x_wconf 83' lang='lat' dir='ltr'>ab</span> <span class='ocrx_word' id='word_1_797' title='bbox 1410 2994 1489 3032; x_wconf 81' lang='lat' dir='ltr'>Aug.</span> <span class='ocrx_word' id='word_1_798' title='bbox 1507 3003 1579 3032; x_wconf 84' lang='lat' dir='ltr'>pos-</span> 
     </span>
     <span class='ocr_line' id='line_1_130' title="bbox 867 3037 1584 3079; baseline -0.011 -5"><span class='ocrx_word' id='word_1_799' title='bbox 867 3043 909 3074; x_wconf 90' lang='lat' dir='ltr'>sit</span> <span class='ocrx_word' id='word_1_800' title='bbox 928 3043 1055 3074; x_wconf 85' lang='lat' dir='ltr'>defendi</span> <span class='ocrx_word' id='word_1_801' title='bbox 1079 3043 1149 3073; x_wconf 86' lang='lat' dir='ltr'>loco</span> <span class='ocrx_word' id='word_1_802' title='bbox 1172 3040 1277 3075; x_wconf 87' lang='lat' dir='ltr'>simili,</span> <span class='ocrx_word' id='word_1_803' title='bbox 1293 3039 1345 3079; x_wconf 89' lang='lat' dir='ltr'>qui</span> <span class='ocrx_word' id='word_1_804' title='bbox 1369 3042 1418 3069; x_wconf 86' lang='lat' dir='ltr'>est</span> <span class='ocrx_word' id='word_1_805' title='bbox 1441 3037 1522 3067; x_wconf 82' lang='grc'><strong>11110</strong></span> <span class='ocrx_word' id='word_1_806' title='bbox 1515 3047 1584 3076; x_wconf 70' lang='lat' dir='ltr'>ipsa</span> 
     </span>
    </p>
   </div>
  </div>
 </body>
</html>
