<?xml version="1.0" encoding="UTF-8"?>
<!DOCTYPE html PUBLIC "-//W3C//DTD XHTML 1.0 Transitional//EN"
    "http://www.w3.org/TR/xhtml1/DTD/xhtml1-transitional.dtd">
<html xmlns="http://www.w3.org/1999/xhtml" xml:lang="en" lang="en">
 <head>
  <title>
</title>
<meta http-equiv="Content-Type" content="text/html;charset=utf-8" />
  <meta name='ocr-system' content='tesseract 3.04.00' />
  <meta name='ocr-capabilities' content='ocr_page ocr_carea ocr_par ocr_line ocrx_word'/>
</head>
<body>
  <div class='ocr_page' id='page_1' title='image "./oratoresatticie09dobs/oratoresatticie09dobs_0405.png"; bbox 0 0 1931 3322; ppageno 0'>
   <div class='ocr_carea' id='block_1_1' title="bbox 456 188 1289 236">
    <p class='ocr_par' dir='ltr' id='par_1_1' title="bbox 456 188 1289 236">
     <span class='ocr_line' id='line_1_1' title="bbox 456 188 1289 236; baseline -0.002 0"><span class='ocrx_word' id='word_1_1' title='bbox 456 194 521 236; x_wconf 88' lang='lat' dir='ltr'><strong>IN</strong></span> <span class='ocrx_word' id='word_1_2' title='bbox 556 188 963 236; x_wconf 83' lang='lat' dir='ltr'>PHILIPPICAM</span> <span class='ocrx_word' id='word_1_3' title='bbox 999 190 1083 231; x_wconf 92' lang='lat' dir='ltr'><strong>DE</strong></span> <span class='ocrx_word' id='word_1_4' title='bbox 1116 190 1289 234; x_wconf 89' lang='lat' dir='ltr'><strong>PACE.</strong></span> 
     </span>
    </p>
   </div>
   <div class='ocr_carea' id='block_1_2' title="bbox 183 302 853 420">
    <p class='ocr_par' dir='ltr' id='par_1_2' title="bbox 183 302 853 420">
     <span class='ocr_line' id='line_1_2' title="bbox 183 302 853 342; baseline -0.006 -8"><span class='ocrx_word' id='word_1_5' title='bbox 183 302 323 334; x_wconf 88' lang='lat' dir='ltr'><strong>“Diluis</strong></span> <span class='ocrx_word' id='word_1_6' title='bbox 349 303 517 334; x_wconf 82' lang='lat' dir='ltr'>elleborum</span> <span class='ocrx_word' id='word_1_7' title='bbox 542 307 627 333; x_wconf 89' lang='lat' dir='ltr'><strong>certo</strong></span> <span class='ocrx_word' id='word_1_8' title='bbox 655 310 853 342; x_wconf 85' lang='lat' dir='ltr'><strong>compescere</strong></span> 
     </span>
     <span class='ocr_line' id='line_1_3' title="bbox 309 351 422 385; baseline 0 -9"><span class='ocrx_word' id='word_1_9' title='bbox 309 351 422 385; x_wconf 88' lang='lat' dir='ltr'><strong>puncto</strong></span> 
     </span>
     <span class='ocr_line' id='line_1_4' title="bbox 218 389 530 420; baseline 0 -1"><span class='ocrx_word' id='word_1_10' title='bbox 218 389 353 420; x_wconf 82' lang='lat' dir='ltr'><strong>Nescius</strong></span> <span class='ocrx_word' id='word_1_11' title='bbox 369 389 530 420; x_wconf 53' lang='lat' dir='ltr'><strong>examen?</strong></span> 
     </span>
    </p>
   </div>
   <div class='ocr_carea' id='block_1_3' title="bbox 135 454 851 496">
    <p class='ocr_par' dir='ltr' id='par_1_3' title="bbox 135 454 851 496">
     <span class='ocr_line' id='line_1_5' title="bbox 135 454 851 496; baseline -0.003 -11"><span class='ocrx_word' id='word_1_12' title='bbox 135 456 320 496; x_wconf 80' lang='lat' dir='ltr'><strong>Lycophron</strong></span> <span class='ocrx_word' id='word_1_13' title='bbox 333 456 428 496; x_wconf 88' lang='lat' dir='ltr'><strong>igitur</strong></span> <span class='ocrx_word' id='word_1_14' title='bbox 439 461 525 487; x_wconf 86' lang='lat' dir='ltr'><strong>notat</strong></span> <span class='ocrx_word' id='word_1_15' title='bbox 536 456 696 486; x_wconf 85' lang='lat' dir='ltr'><strong>avaritiam</strong></span> <span class='ocrx_word' id='word_1_16' title='bbox 706 454 809 484; x_wconf 85' lang='lat' dir='ltr'>herois</span> <span class='ocrx_word' id='word_1_17' title='bbox 821 458 851 484; x_wconf 87' lang='lat' dir='ltr'><strong>et</strong></span> 
     </span>
    </p>
   </div>
   <div class='ocr_carea' id='block_1_4' title="bbox 108 498 850 541">
    <p class='ocr_par' dir='ltr' id='par_1_4' title="bbox 108 498 850 541">
     <span class='ocr_line' id='line_1_6' title="bbox 108 498 850 541; baseline -0.003 -13"><span class='ocrx_word' id='word_1_18' title='bbox 108 513 113 515; x_wconf 58' lang='lat'>&gt;</span> <span class='ocrx_word' id='word_1_19' title='bbox 135 498 290 528; x_wconf 84' lang='lat' dir='ltr'><strong>sordidam</strong></span> <span class='ocrx_word' id='word_1_20' title='bbox 305 499 498 541; x_wconf 71' lang='grc' dir='ltr'><strong>μικρολογίαν,</strong></span> <span class='ocrx_word' id='word_1_21' title='bbox 511 501 563 539; x_wconf 90' lang='lat' dir='ltr'><strong>qui</strong></span> <span class='ocrx_word' id='word_1_22' title='bbox 575 500 606 530; x_wconf 91' lang='lat' dir='ltr'><strong>in</strong></span> <span class='ocrx_word' id='word_1_23' title='bbox 619 498 767 529; x_wconf 88' lang='lat' dir='ltr'><strong>Hectoris</strong></span> <span class='ocrx_word' id='word_1_24' title='bbox 783 508 850 527; x_wconf 89' lang='lat' dir='ltr'><strong>cor-</strong></span> 
     </span>
    </p>
   </div>
   <div class='ocr_carea' id='block_1_5' title="bbox 127 539 850 1016">
    <p class='ocr_par' dir='ltr' id='par_1_5' title="bbox 127 539 850 1016">
     <span class='ocr_line' id='line_1_7' title="bbox 133 539 849 581; baseline -0.004 -9"><span class='ocrx_word' id='word_1_25' title='bbox 133 551 210 581; x_wconf 82' lang='lat' dir='ltr'><strong>pore</strong></span> <span class='ocrx_word' id='word_1_26' title='bbox 226 543 387 581; x_wconf 84' lang='lat' dir='ltr'><strong>pendendo</strong></span> <span class='ocrx_word' id='word_1_27' title='bbox 402 554 475 574; x_wconf 93' lang='lat' dir='ltr'><strong>usus</strong></span> <span class='ocrx_word' id='word_1_28' title='bbox 487 551 536 573; x_wconf 84' lang='lat' dir='ltr'><strong>est</strong></span> <span class='ocrx_word' id='word_1_29' title='bbox 545 542 744 573; x_wconf 83' lang='lat' dir='ltr'><strong>exactissima</strong></span> <span class='ocrx_word' id='word_1_30' title='bbox 758 539 849 570; x_wconf 81' lang='lat' dir='ltr'><strong>tluti-</strong></span> 
     </span>
     <span class='ocr_line' id='line_1_8' title="bbox 133 584 850 627; baseline -0.013 -6"><span class='ocrx_word' id='word_1_31' title='bbox 133 594 186 620; x_wconf 71' lang='grc' dir='ltr'><strong>ΠΒ»</strong></span> <span class='ocrx_word' id='word_1_32' title='bbox 211 584 289 625; x_wconf 79' lang='lat' dir='ltr'><strong>Troy</strong></span> <span class='ocrx_word' id='word_1_33' title='bbox 304 587 433 627; x_wconf 80' lang='lat' dir='ltr'><strong>weights.</strong></span> <span class='ocrx_word' id='word_1_34' title='bbox 477 587 558 617; x_wconf 91' lang='lat' dir='ltr'><strong>Nam</strong></span> <span class='ocrx_word' id='word_1_35' title='bbox 579 585 738 616; x_wconf 83' lang='lat' dir='ltr'><strong>aurificum</strong></span> <span class='ocrx_word' id='word_1_36' title='bbox 756 588 850 613; x_wconf 86' lang='lat' dir='ltr'><strong>state-</strong></span> 
     </span>
     <span class='ocr_line' id='line_1_9' title="bbox 132 628 850 669; baseline -0.001 -12"><span class='ocrx_word' id='word_1_37' title='bbox 132 637 198 658; x_wconf 78' lang='lat' dir='ltr'><strong>ram</strong></span> <span class='ocrx_word' id='word_1_38' title='bbox 220 628 304 659; x_wconf 88' lang='lat' dir='ltr'><strong>idem</strong></span> <span class='ocrx_word' id='word_1_39' title='bbox 323 630 522 669; x_wconf 83' lang='lat' dir='ltr'><strong>Hispalensis</strong></span> <span class='ocrx_word' id='word_1_40' title='bbox 544 634 767 659; x_wconf 72' lang='lat' dir='ltr'><strong>momentariam</strong></span> <span class='ocrx_word' id='word_1_41' title='bbox 795 637 850 666; x_wconf 87' lang='lat' dir='ltr'><strong>ap-</strong></span> 
     </span>
     <span class='ocr_line' id='line_1_10' title="bbox 131 671 849 712; baseline -0.001 -11"><span class='ocrx_word' id='word_1_42' title='bbox 131 671 228 710; x_wconf 88' lang='lat' dir='ltr'><strong>pellat</strong></span> <span class='ocrx_word' id='word_1_43' title='bbox 252 672 411 708; x_wconf 81' lang='lat' dir='ltr'><strong>trutinam,</strong></span> <span class='ocrx_word' id='word_1_44' title='bbox 441 673 524 712; x_wconf 87' lang='lat' dir='ltr'><strong>quod</strong></span> <span class='ocrx_word' id='word_1_45' title='bbox 552 672 664 711; x_wconf 90' lang='lat' dir='ltr'><strong>quovis</strong></span> <span class='ocrx_word' id='word_1_46' title='bbox 693 675 849 702; x_wconf 86' lang='lat' dir='ltr'><strong>momento</strong></span> 
     </span>
     <span class='ocr_line' id='line_1_11' title="bbox 129 713 850 755; baseline 0.001 -12"><span class='ocrx_word' id='word_1_47' title='bbox 129 713 222 744; x_wconf 86' lang='lat' dir='ltr'><strong>facile</strong></span> <span class='ocrx_word' id='word_1_48' title='bbox 237 715 419 755; x_wconf 81' lang='lat' dir='ltr'>impellitur.</span> <span class='ocrx_word' id='word_1_49' title='bbox 463 716 583 746; x_wconf 87' lang='lat' dir='ltr'><strong>Taurus</strong></span> <span class='ocrx_word' id='word_1_50' title='bbox 604 715 785 745; x_wconf 85' lang='lat' dir='ltr'><strong>interfectus</strong></span> <span class='ocrx_word' id='word_1_51' title='bbox 802 718 850 744; x_wconf 85' lang='lat' dir='ltr'><strong>est</strong></span> 
     </span>
     <span class='ocr_line' id='line_1_12' title="bbox 132 757 848 798; baseline 0 -11"><span class='ocrx_word' id='word_1_52' title='bbox 132 757 216 797; x_wconf 84' lang='lat' dir='ltr'><strong>apud</strong></span> <span class='ocrx_word' id='word_1_53' title='bbox 231 758 467 798; x_wconf 81' lang='lat' dir='ltr'><strong>Lycophronem</strong></span> <span class='ocrx_word' id='word_1_54' title='bbox 481 760 610 789; x_wconf 77' lang='lat' dir='ltr'><strong>Hector.</strong></span> <span class='ocrx_word' id='word_1_55' title='bbox 635 758 713 793; x_wconf 74' lang='grc' dir='ltr'>δάνος</span> <span class='ocrx_word' id='word_1_56' title='bbox 728 758 848 794; x_wconf 81' lang='lat' dir='ltr'><strong>donum,</strong></span> 
     </span>
     <span class='ocr_line' id='line_1_13' title="bbox 127 800 848 843; baseline 0 -13"><span class='ocrx_word' id='word_1_57' title='bbox 127 801 272 839; x_wconf 78' lang='lat' dir='ltr'><strong>pretium.</strong></span> <span class='ocrx_word' id='word_1_58' title='bbox 295 801 409 843; x_wconf 56' lang='lat' dir='ltr'><strong>cns-53*</strong></span> <span class='ocrx_word' id='word_1_59' title='bbox 388 815 408 842; x_wconf 75' lang='grc' dir='ltr'><em>ῳ</em></span> <span class='ocrx_word' id='word_1_60' title='bbox 423 803 570 841; x_wconf 75' lang='grc' dir='ltr'><strong>ταλάντῳ,</strong></span> <span class='ocrx_word' id='word_1_61' title='bbox 583 801 705 842; x_wconf 63' lang='grc' dir='ltr'>ἀκριβεῖ,</span> <span class='ocrx_word' id='word_1_62' title='bbox 715 800 848 842; x_wconf 67' lang='grc' dir='ltr'>σκεθρῶς,</span> 
     </span>
     <span class='ocr_line' id='line_1_14' title="bbox 129 815 848 900; baseline -0.006 -22"><span class='ocrx_word' id='word_1_63' title='bbox 129 843 253 884; x_wconf 51' lang='lat' dir='ltr'><strong>chetei?</strong></span> <span class='ocrx_word' id='word_1_64' title='bbox 274 846 357 884; x_wconf 81' lang='lat' dir='ltr'><strong>apud</strong></span> <span class='ocrx_word' id='word_1_65' title='bbox 373 815 575 900; x_wconf 67' lang='grc' dir='ltr'><strong>ξΔΞειιΙῃῙιιιιί.</strong></span> <span class='ocrx_word' id='word_1_66' title='bbox 608 845 713 886; x_wconf 60' lang='lat' dir='ltr'><strong>anseg&amp;</strong></span> <span class='ocrx_word' id='word_1_67' title='bbox 739 843 848 881; x_wconf 80' lang='grc' dir='ltr'>δίαιτα,</span> 
     </span>
     <span class='ocr_line' id='line_1_15' title="bbox 129 884 848 929; baseline 0.004 -14"><span class='ocrx_word' id='word_1_68' title='bbox 129 884 244 927; x_wconf 62' lang='grc' dir='ltr'><strong>ἆκςιὲἡς</strong></span> <span class='ocrx_word' id='word_1_69' title='bbox 269 888 410 919; x_wconf 84' lang='lat' dir='ltr'><strong>medicis.</strong></span> <span class='ocrx_word' id='word_1_70' title='bbox 451 890 522 920; x_wconf 87' lang='lat' dir='ltr'><strong>Jam</strong></span> <span class='ocrx_word' id='word_1_71' title='bbox 546 887 698 929; x_wconf 81' lang='grc' dir='ltr'>ἦρτημένος</span> <span class='ocrx_word' id='word_1_72' title='bbox 719 889 848 918; x_wconf 85' lang='lat' dir='ltr'><strong>verbnm</strong></span> 
     </span>
     <span class='ocr_line' id='line_1_16' title="bbox 132 931 848 973; baseline 0.003 -14"><span class='ocrx_word' id='word_1_73' title='bbox 132 934 182 959; x_wconf 87' lang='lat' dir='ltr'><strong>est</strong></span> <span class='ocrx_word' id='word_1_74' title='bbox 219 931 454 969; x_wconf 75' lang='lat' dir='ltr'><strong>Demosthenis,</strong></span> <span class='ocrx_word' id='word_1_75' title='bbox 487 942 651 973; x_wconf 81' lang='lat' dir='ltr'><strong>suspensus</strong></span> <span class='ocrx_word' id='word_1_76' title='bbox 686 931 848 963; x_wconf 75' lang='lat' dir='ltr'><strong>Juvenalis</strong></span> 
     </span>
     <span class='ocr_line' id='line_1_17' title="bbox 132 973 433 1016; baseline 0.007 -12"><span class='ocrx_word' id='word_1_77' title='bbox 132 973 214 1014; x_wconf 82' lang='lat' dir='ltr'><strong>[Sat.</strong></span> <span class='ocrx_word' id='word_1_78' title='bbox 228 975 287 1004; x_wconf 90' lang='lat' dir='ltr'><strong>VI.</strong></span> <span class='ocrx_word' id='word_1_79' title='bbox 299 977 374 1007; x_wconf 82' lang='lat'><strong>435.</strong></span> <span class='ocrx_word' id='word_1_80' title='bbox 390 974 433 1016; x_wconf 89' lang='lat' dir='ltr'><strong>s.]</strong></span> 
     </span>
    </p>
   </div>
   <div class='ocr_carea' id='block_1_6' title="bbox 173 1033 850 1196">
    <p class='ocr_par' dir='ltr' id='par_1_6' title="bbox 173 1033 850 1196">
     <span class='ocr_line' id='line_1_18' title="bbox 173 1033 849 1076; baseline 0 -10"><span class='ocrx_word' id='word_1_81' title='bbox 173 1033 198 1052; x_wconf 90' lang='lat'><strong>“</strong></span> <span class='ocrx_word' id='word_1_82' title='bbox 214 1035 387 1066; x_wconf 86' lang='lat' dir='ltr'><strong>Committit</strong></span> <span class='ocrx_word' id='word_1_83' title='bbox 401 1041 502 1073; x_wconf 86' lang='lat' dir='ltr'><strong>vates,</strong></span> <span class='ocrx_word' id='word_1_84' title='bbox 525 1040 557 1066; x_wconf 86' lang='lat' dir='ltr'><strong>et</strong></span> <span class='ocrx_word' id='word_1_85' title='bbox 575 1040 754 1076; x_wconf 80' lang='lat' dir='ltr'><strong>comparat3</strong></span> <span class='ocrx_word' id='word_1_86' title='bbox 776 1035 849 1066; x_wconf 87' lang='lat' dir='ltr'><strong>inde</strong></span> 
     </span>
     <span class='ocr_line' id='line_1_19' title="bbox 304 1080 477 1116; baseline 0 -7"><span class='ocrx_word' id='word_1_87' title='bbox 304 1080 477 1116; x_wconf 87' lang='lat' dir='ltr'><strong>Maronem,</strong></span> 
     </span>
     <span class='ocr_line' id='line_1_20' title="bbox 209 1121 850 1163; baseline 0 -11"><span class='ocrx_word' id='word_1_88' title='bbox 209 1121 312 1162; x_wconf 86' lang='lat' dir='ltr'><strong>Atque</strong></span> <span class='ocrx_word' id='word_1_89' title='bbox 327 1123 389 1153; x_wconf 89' lang='lat' dir='ltr'><strong>alia</strong></span> <span class='ocrx_word' id='word_1_90' title='bbox 404 1128 492 1162; x_wconf 86' lang='lat' dir='ltr'><strong>parte</strong></span> <span class='ocrx_word' id='word_1_91' title='bbox 507 1123 539 1152; x_wconf 88' lang='lat' dir='ltr'><strong>iu</strong></span> <span class='ocrx_word' id='word_1_92' title='bbox 553 1122 671 1153; x_wconf 87' lang='lat' dir='ltr'><strong>trutina</strong></span> <span class='ocrx_word' id='word_1_93' title='bbox 686 1122 850 1163; x_wconf 82' lang='lat' dir='ltr'><strong>suspendit</strong></span> 
     </span>
     <span class='ocr_line' id='line_1_21' title="bbox 301 1165 509 1196; baseline 0 0"><span class='ocrx_word' id='word_1_94' title='bbox 301 1165 509 1196; x_wconf 83' lang='lat' dir='ltr'><strong>Homerum.”</strong></span> 
     </span>
    </p>
   </div>
   <div class='ocr_carea' id='block_1_7' title="bbox 127 1223 850 1396">
    <p class='ocr_par' dir='ltr' id='par_1_7' title="bbox 127 1223 850 1396">
     <span class='ocr_line' id='line_1_22' title="bbox 129 1223 850 1265; baseline 0.001 -11"><span class='ocrx_word' id='word_1_95' title='bbox 129 1223 274 1264; x_wconf 81' lang='lat' dir='ltr'><strong>Denique</strong></span> <span class='ocrx_word' id='word_1_96' title='bbox 289 1225 340 1256; x_wconf 83' lang='lat' dir='ltr'><strong>bic</strong></span> <span class='ocrx_word' id='word_1_97' title='bbox 354 1226 496 1256; x_wconf 72' lang='grc' dir='ltr'>τάλαντον</span> <span class='ocrx_word' id='word_1_98' title='bbox 511 1225 711 1265; x_wconf 84' lang='lat' dir='ltr'><strong>Lycophroni</strong></span> <span class='ocrx_word' id='word_1_99' title='bbox 727 1236 786 1255; x_wconf 89' lang='lat' dir='ltr'><strong>nou</strong></span> <span class='ocrx_word' id='word_1_100' title='bbox 802 1230 850 1256; x_wconf 89' lang='lat' dir='ltr'><strong>est</strong></span> 
     </span>
     <span class='ocr_line' id='line_1_23' title="bbox 127 1268 849 1310; baseline 0.001 -13"><span class='ocrx_word' id='word_1_101' title='bbox 127 1268 264 1308; x_wconf 85' lang='lat' dir='ltr'><strong>pondus,</strong></span> <span class='ocrx_word' id='word_1_102' title='bbox 278 1269 464 1309; x_wconf 82' lang='lat' dir='ltr'><strong>sedjugum.</strong></span> <span class='ocrx_word' id='word_1_103' title='bbox 487 1268 591 1309; x_wconf 90' lang='lat' dir='ltr'><strong>itaque</strong></span> <span class='ocrx_word' id='word_1_104' title='bbox 601 1270 726 1299; x_wconf 86' lang='lat' dir='ltr'><strong>additur</strong></span> <span class='ocrx_word' id='word_1_105' title='bbox 741 1269 849 1310; x_wconf 77' lang='grc' dir='ltr'>τρυτά·</span> 
     </span>
     <span class='ocr_line' id='line_1_24' title="bbox 127 1311 847 1396; baseline 0.001 -55"><span class='ocrx_word' id='word_1_106' title='bbox 127 1321 204 1386; x_wconf 53' lang='grc' dir='ltr'>ἔοι-,9</span> <span class='ocrx_word' id='word_1_107' title='bbox 219 1311 266 1396; x_wconf 52' lang='lat' dir='ltr'><strong>{i}</strong></span> <span class='ocrx_word' id='word_1_108' title='bbox 295 1312 379 1353; x_wconf 88' lang='lat' dir='ltr'><strong>apud</strong></span> <span class='ocrx_word' id='word_1_109' title='bbox 403 1316 527 1352; x_wconf 83' lang='lat' dir='ltr'><strong>poetam</strong></span> <span class='ocrx_word' id='word_1_110' title='bbox 562 1312 696 1354; x_wconf 87' lang='lat' dir='ltr'><strong>[Iliados</strong></span> <span class='ocrx_word' id='word_1_111' title='bbox 727 1313 847 1344; x_wconf 87' lang='lat' dir='ltr'><strong>XXII.</strong></span> 
     </span>
    </p>
   </div>
   <div class='ocr_carea' id='block_1_8' title="bbox 201 1413 848 1544">
    <p class='ocr_par' dir='ltr' id='par_1_8' title="bbox 201 1413 848 1544">
     <span class='ocr_line' id='line_1_25' title="bbox 201 1413 848 1470; baseline 0.005 -26"><span class='ocrx_word' id='word_1_112' title='bbox 201 1414 251 1445; x_wconf 73' lang='grc' dir='ltr'><strong>και</strong></span> <span class='ocrx_word' id='word_1_113' title='bbox 265 1413 333 1446; x_wconf 81' lang='grc' dir='ltr'>τότε</span> <span class='ocrx_word' id='word_1_114' title='bbox 348 1416 379 1448; x_wconf 73' lang='grc' dir='ltr'><strong>δὴ</strong></span> <span class='ocrx_word' id='word_1_115' title='bbox 402 1416 527 1459; x_wconf 65' lang='grc' dir='ltr'>χρύσεια</span> <span class='ocrx_word' id='word_1_116' title='bbox 541 1427 639 1458; x_wconf 69' lang='grc' dir='ltr'>πατης</span> <span class='ocrx_word' id='word_1_117' title='bbox 653 1415 777 1470; x_wconf 74' lang='grc' dir='ltr'><strong>ἐτίταινε</strong></span> <span class='ocrx_word' id='word_1_118' title='bbox 792 1417 848 1447; x_wconf 76' lang='grc' dir='ltr'>τά·</span> 
     </span>
     <span class='ocr_line' id='line_1_26' title="bbox 302 1465 409 1490; baseline 0.021 -2"><span class='ocrx_word' id='word_1_119' title='bbox 302 1465 409 1490; x_wconf 71' lang='grc' dir='ltr'>λαντι·</span> 
     </span>
     <span class='ocr_line' id='line_1_27' title="bbox 203 1499 516 1544; baseline 0.01 -13"><span class='ocrx_word' id='word_1_120' title='bbox 203 1499 230 1531; x_wconf 81' lang='grc' dir='ltr'>ἓν</span> <span class='ocrx_word' id='word_1_121' title='bbox 243 1500 270 1531; x_wconf 75' lang='grc' dir='ltr'><strong>δ’</strong></span> <span class='ocrx_word' id='word_1_122' title='bbox 282 1500 368 1534; x_wconf 79' lang='grc' dir='ltr'>ἐτίθει</span> <span class='ocrx_word' id='word_1_123' title='bbox 383 1503 429 1534; x_wconf 78' lang='grc' dir='ltr'><strong>δύο</strong></span> <span class='ocrx_word' id='word_1_124' title='bbox 442 1514 516 1544; x_wconf 77' lang='grc' dir='ltr'>κηρε.</span> 
     </span>
    </p>
   </div>
   <div class='ocr_carea' id='block_1_9' title="bbox 121 1559 850 2642">
    <p class='ocr_par' dir='ltr' id='par_1_9' title="bbox 121 1559 850 2642">
     <span class='ocr_line' id='line_1_28' title="bbox 129 1559 848 1604; baseline 0.006 -14"><span class='ocrx_word' id='word_1_125' title='bbox 129 1559 202 1592; x_wconf 85' lang='lat' dir='ltr'><strong>Duo</strong></span> <span class='ocrx_word' id='word_1_126' title='bbox 217 1560 304 1604; x_wconf 84' lang='lat' dir='ltr'><strong>fata,</strong></span> <span class='ocrx_word' id='word_1_127' title='bbox 321 1563 472 1594; x_wconf 79' lang='lat' dir='ltr'><strong>Hectoris</strong></span> <span class='ocrx_word' id='word_1_128' title='bbox 491 1568 584 1603; x_wconf 89' lang='lat' dir='ltr'><strong>atque</strong></span> <span class='ocrx_word' id='word_1_129' title='bbox 608 1563 740 1594; x_wconf 86' lang='lat' dir='ltr'><strong>Achillis</strong></span> <span class='ocrx_word' id='word_1_130' title='bbox 759 1563 848 1594; x_wconf 89' lang='lat' dir='ltr'><strong>nimi-</strong></span> 
     </span>
     <span class='ocr_line' id='line_1_29' title="bbox 127 1606 848 1647; baseline 0.004 -13"><span class='ocrx_word' id='word_1_131' title='bbox 127 1614 208 1642; x_wconf 89' lang='lat' dir='ltr'><strong>rum,</strong></span> <span class='ocrx_word' id='word_1_132' title='bbox 224 1609 294 1636; x_wconf 89' lang='lat' dir='ltr'><strong>uter</strong></span> <span class='ocrx_word' id='word_1_133' title='bbox 307 1606 339 1636; x_wconf 88' lang='lat' dir='ltr'><strong>in</strong></span> <span class='ocrx_word' id='word_1_134' title='bbox 354 1607 463 1647; x_wconf 87' lang='lat' dir='ltr'><strong>praelio</strong></span> <span class='ocrx_word' id='word_1_135' title='bbox 478 1608 615 1638; x_wconf 88' lang='lat' dir='ltr'><strong>caderet.</strong></span> <span class='ocrx_word' id='word_1_136' title='bbox 659 1608 762 1647; x_wconf 88' lang='lat' dir='ltr'><strong>Atque</strong></span> <span class='ocrx_word' id='word_1_137' title='bbox 777 1618 848 1637; x_wconf 84' lang='lat' dir='ltr'><strong>ean-</strong></span> 
     </span>
     <span class='ocr_line' id='line_1_30' title="bbox 127 1648 850 1689; baseline 0.004 -12"><span class='ocrx_word' id='word_1_138' title='bbox 127 1648 200 1678; x_wconf 86' lang='lat' dir='ltr'><strong>dem</strong></span> <span class='ocrx_word' id='word_1_139' title='bbox 217 1654 346 1689; x_wconf 80' lang='lat' dir='ltr'><strong>utraque</strong></span> <span class='ocrx_word' id='word_1_140' title='bbox 364 1661 425 1681; x_wconf 85' lang='lat' dir='ltr'><strong>vox</strong></span> <span class='ocrx_word' id='word_1_141' title='bbox 439 1650 533 1680; x_wconf 86' lang='lat' dir='ltr'><strong>habet</strong></span> <span class='ocrx_word' id='word_1_142' title='bbox 547 1650 743 1680; x_wconf 84' lang='lat' dir='ltr'><strong>notationem.</strong></span> <span class='ocrx_word' id='word_1_143' title='bbox 786 1651 850 1680; x_wconf 88' lang='lat' dir='ltr'><strong>Eu-</strong></span> 
     </span>
     <span class='ocr_line' id='line_1_31' title="bbox 128 1691 848 1733; baseline 0.001 -12"><span class='ocrx_word' id='word_1_144' title='bbox 128 1692 275 1722; x_wconf 81' lang='lat' dir='ltr'><strong>stathius:</strong></span> <span class='ocrx_word' id='word_1_145' title='bbox 292 1692 400 1731; x_wconf 81' lang='grc' dir='ltr'>γίνεται</span> <span class='ocrx_word' id='word_1_146' title='bbox 412 1691 446 1723; x_wconf 72' lang='grc' dir='ltr'><strong>τὸ</strong></span> <span class='ocrx_word' id='word_1_147' title='bbox 453 1694 596 1724; x_wconf 80' lang='grc' dir='ltr'>τάλαντον</span> <span class='ocrx_word' id='word_1_148' title='bbox 608 1694 620 1724; x_wconf 80' lang='grc' dir='ltr'>ὅ</span> <span class='ocrx_word' id='word_1_149' title='bbox 630 1691 777 1733; x_wconf 73' lang='grc' dir='ltr'>σταθμὸς,</span> <span class='ocrx_word' id='word_1_150' title='bbox 789 1703 848 1722; x_wconf 75' lang='grc' dir='ltr'><strong>πα-</strong></span> 
     </span>
     <span class='ocr_line' id='line_1_32' title="bbox 128 1734 849 1777; baseline 0 -12"><span class='ocrx_word' id='word_1_151' title='bbox 128 1735 163 1775; x_wconf 79' lang='grc' dir='ltr'><strong>ριὶ</strong></span> <span class='ocrx_word' id='word_1_152' title='bbox 175 1734 210 1765; x_wconf 82' lang='grc' dir='ltr'><strong>τό</strong></span> <span class='ocrx_word' id='word_1_153' title='bbox 223 1735 332 1773; x_wconf 73' lang='grc' dir='ltr'>τάλας,</span> <span class='ocrx_word' id='word_1_154' title='bbox 345 1734 360 1766; x_wconf 69' lang='grc' dir='ltr'>ὃ</span> <span class='ocrx_word' id='word_1_155' title='bbox 374 1737 455 1768; x_wconf 74' lang='grc' dir='ltr'>δηλοῖ</span> <span class='ocrx_word' id='word_1_156' title='bbox 464 1735 511 1767; x_wconf 72' lang='grc' dir='ltr'>τὸν</span> <span class='ocrx_word' id='word_1_157' title='bbox 524 1736 691 1777; x_wconf 59' lang='grc' dir='ltr'>καρτερικόν.</span> <span class='ocrx_word' id='word_1_158' title='bbox 725 1737 849 1766; x_wconf 72' lang='grc' dir='ltr'>τοιοῦτον</span> 
     </span>
     <span class='ocr_line' id='line_1_33' title="bbox 127 1778 848 1820; baseline 0.003 -12"><span class='ocrx_word' id='word_1_159' title='bbox 127 1779 184 1818; x_wconf 62' lang='grc' dir='ltr'><strong>γὰρ</strong></span> <span class='ocrx_word' id='word_1_160' title='bbox 205 1778 218 1808; x_wconf 83' lang='grc' dir='ltr'>ὅ</span> <span class='ocrx_word' id='word_1_161' title='bbox 238 1779 391 1820; x_wconf 66' lang='grc' dir='ltr'>σταθμὸς,</span> <span class='ocrx_word' id='word_1_162' title='bbox 405 1780 442 1814; x_wconf 71' lang='grc' dir='ltr'><strong>ὥς</strong></span> <span class='ocrx_word' id='word_1_163' title='bbox 457 1779 656 1820; x_wconf 71' lang='grc' dir='ltr'>φορτιζόμενος</span> <span class='ocrx_word' id='word_1_164' title='bbox 670 1779 718 1809; x_wconf 76' lang='grc' dir='ltr'><strong>καὶ</strong></span> <span class='ocrx_word' id='word_1_165' title='bbox 739 1780 786 1810; x_wconf 71' lang='grc' dir='ltr'><strong>διὰ</strong></span> <span class='ocrx_word' id='word_1_166' title='bbox 806 1791 848 1810; x_wconf 83' lang='grc' dir='ltr'><strong>τα</strong></span> 
     </span>
     <span class='ocr_line' id='line_1_34' title="bbox 129 1820 847 1864; baseline 0.003 -14"><span class='ocrx_word' id='word_1_167' title='bbox 129 1820 201 1861; x_wconf 72' lang='grc' dir='ltr'>βάρη</span> <span class='ocrx_word' id='word_1_168' title='bbox 217 1820 381 1857; x_wconf 62' lang='grc' dir='ltr'>ἒπινοηθείς.</span> <span class='ocrx_word' id='word_1_169' title='bbox 408 1823 551 1863; x_wconf 68' lang='grc' dir='ltr'>σταθμὸς</span> <span class='ocrx_word' id='word_1_170' title='bbox 565 1825 620 1864; x_wconf 63' lang='grc' dir='ltr'><strong>γὰρ</strong></span> <span class='ocrx_word' id='word_1_171' title='bbox 634 1823 682 1852; x_wconf 81' lang='grc' dir='ltr'><strong>καὶ</strong></span> <span class='ocrx_word' id='word_1_172' title='bbox 694 1823 847 1859; x_wconf 80' lang='grc' dir='ltr'>τάλαντον,</span> 
     </span>
     <span class='ocr_line' id='line_1_35' title="bbox 126 1866 845 1906; baseline 0.001 -12"><span class='ocrx_word' id='word_1_173' title='bbox 126 1869 291 1905; x_wconf 77' lang='lat' dir='ltr'><strong>utrumque</strong></span> <span class='ocrx_word' id='word_1_174' title='bbox 308 1866 427 1904; x_wconf 80' lang='lat' dir='ltr'><strong>pondus</strong></span> <span class='ocrx_word' id='word_1_175' title='bbox 441 1870 470 1895; x_wconf 83' lang='lat' dir='ltr'><strong>et</strong></span> <span class='ocrx_word' id='word_1_176' title='bbox 481 1867 611 1906; x_wconf 80' lang='lat' dir='ltr'><strong>jugum,</strong></span> <span class='ocrx_word' id='word_1_177' title='bbox 638 1866 686 1906; x_wconf 90' lang='lat' dir='ltr'><strong>[p.</strong></span> <span class='ocrx_word' id='word_1_178' title='bbox 704 1869 778 1895; x_wconf 83' lang='lat'><strong>111.</strong></span> <span class='ocrx_word' id='word_1_179' title='bbox 795 1867 845 1896; x_wconf 89' lang='lat' dir='ltr'><strong>ed.</strong></span> 
     </span>
     <span class='ocr_line' id='line_1_36' title="bbox 130 1906 848 1949; baseline 0.004 -14"><span class='ocrx_word' id='word_1_180' title='bbox 130 1906 190 1949; x_wconf 87' lang='lat' dir='ltr'><strong>D.]</strong></span> <span class='ocrx_word' id='word_1_181' title='bbox 205 1906 240 1936; x_wconf 80' lang='grc' dir='ltr'><strong>τὸ</strong></span> <span class='ocrx_word' id='word_1_182' title='bbox 249 1909 370 1948; x_wconf 76' lang='grc' dir='ltr'>μετροῦν</span> <span class='ocrx_word' id='word_1_183' title='bbox 384 1908 433 1939; x_wconf 75' lang='grc' dir='ltr'><strong>καὶ</strong></span> <span class='ocrx_word' id='word_1_184' title='bbox 448 1908 482 1938; x_wconf 74' lang='grc' dir='ltr'><strong>τὸ</strong></span> <span class='ocrx_word' id='word_1_185' title='bbox 499 1909 699 1949; x_wconf 78' lang='grc' dir='ltr'><strong>μετρούμενον,</strong></span> <span class='ocrx_word' id='word_1_186' title='bbox 715 1914 750 1938; x_wconf 86' lang='grc' dir='ltr'><strong>ιιι</strong></span> <span class='ocrx_word' id='word_1_187' title='bbox 771 1909 848 1938; x_wconf 79' lang='lat' dir='ltr'><strong>libra</strong></span> 
     </span>
     <span class='ocr_line' id='line_1_37' title="bbox 128 1949 848 1992; baseline 0.003 -12"><span class='ocrx_word' id='word_1_188' title='bbox 128 1949 259 1980; x_wconf 79' lang='lat' dir='ltr'><strong>Latinis.</strong></span> <span class='ocrx_word' id='word_1_189' title='bbox 303 1952 400 1982; x_wconf 88' lang='lat' dir='ltr'><strong>Hom.</strong></span> <span class='ocrx_word' id='word_1_190' title='bbox 413 1951 483 1982; x_wconf 77' lang='grc' dir='ltr'>δέκα</span> <span class='ocrx_word' id='word_1_191' title='bbox 505 1951 534 1981; x_wconf 79' lang='grc' dir='ltr'><strong>δὲ</strong></span> <span class='ocrx_word' id='word_1_192' title='bbox 559 1953 678 1992; x_wconf 64' lang='grc' dir='ltr'>χρυσοῖο</span> <span class='ocrx_word' id='word_1_193' title='bbox 699 1952 848 1982; x_wconf 72' lang='grc' dir='ltr'>τάλαντα.</span> 
     </span>
     <span class='ocr_line' id='line_1_38' title="bbox 128 1993 846 2035; baseline 0.003 -12"><span class='ocrx_word' id='word_1_194' title='bbox 128 1993 200 2024; x_wconf 81' lang='lat' dir='ltr'><strong>Jam</strong></span> <span class='ocrx_word' id='word_1_195' title='bbox 215 1994 254 2024; x_wconf 91' lang='lat' dir='ltr'><strong>de</strong></span> <span class='ocrx_word' id='word_1_196' title='bbox 269 1994 365 2025; x_wconf 83' lang='lat' dir='ltr'><strong>altera</strong></span> <span class='ocrx_word' id='word_1_197' title='bbox 375 2005 453 2025; x_wconf 87' lang='lat' dir='ltr'><strong>voce</strong></span> <span class='ocrx_word' id='word_1_198' title='bbox 467 1994 551 2025; x_wconf 89' lang='lat' dir='ltr'><strong>idem</strong></span> <span class='ocrx_word' id='word_1_199' title='bbox 563 1994 763 2025; x_wconf 83' lang='lat' dir='ltr'><strong>Eustatbius:</strong></span> <span class='ocrx_word' id='word_1_200' title='bbox 779 2006 846 2035; x_wconf 83' lang='grc' dir='ltr'>τρυ-</span> 
     </span>
     <span class='ocr_line' id='line_1_39' title="bbox 127 2037 849 2078; baseline 0.003 -12"><span class='ocrx_word' id='word_1_201' title='bbox 127 2037 198 2068; x_wconf 74' lang='grc' dir='ltr'>τάνη</span> <span class='ocrx_word' id='word_1_202' title='bbox 214 2037 346 2077; x_wconf 80' lang='grc' dir='ltr'>λέγεται,</span> <span class='ocrx_word' id='word_1_203' title='bbox 361 2037 431 2068; x_wconf 75' lang='grc' dir='ltr'>διότι</span> <span class='ocrx_word' id='word_1_204' title='bbox 444 2049 505 2072; x_wconf 82' lang='grc' dir='ltr'>τοις</span> <span class='ocrx_word' id='word_1_205' title='bbox 521 2037 612 2076; x_wconf 77' lang='grc' dir='ltr'>ὄγκοις</span> <span class='ocrx_word' id='word_1_206' title='bbox 625 2037 753 2078; x_wconf 78' lang='grc' dir='ltr'>τρύεται,</span> <span class='ocrx_word' id='word_1_207' title='bbox 769 2049 849 2076; x_wconf 86' lang='grc' dir='ltr'>ηγουν</span> 
     </span>
     <span class='ocr_line' id='line_1_40' title="bbox 127 2080 846 2124; baseline 0.001 -14"><span class='ocrx_word' id='word_1_208' title='bbox 127 2081 347 2111; x_wconf 76' lang='grc' dir='ltr'>καταπονεῖται.</span> <span class='ocrx_word' id='word_1_209' title='bbox 363 2081 532 2122; x_wconf 85' lang='lat' dir='ltr'><strong>AEschylus</strong></span> <span class='ocrx_word' id='word_1_210' title='bbox 548 2080 765 2121; x_wconf 83' lang='lat' dir='ltr'><strong>[Prometheo‚</strong></span> <span class='ocrx_word' id='word_1_211' title='bbox 775 2083 846 2124; x_wconf 78' lang='lat'><strong>&gt;6.]</strong></span> 
     </span>
     <span class='ocr_line' id='line_1_41' title="bbox 125 2122 847 2166; baseline 0.004 -14"><span class='ocrx_word' id='word_1_212' title='bbox 125 2122 172 2154; x_wconf 77' lang='grc' dir='ltr'>ἀεί</span> <span class='ocrx_word' id='word_1_213' title='bbox 191 2135 227 2155; x_wconf 80' lang='grc' dir='ltr'><strong>σε</strong></span> <span class='ocrx_word' id='word_1_214' title='bbox 249 2126 300 2155; x_wconf 80' lang='grc' dir='ltr'><strong>τοῦ</strong></span> <span class='ocrx_word' id='word_1_215' title='bbox 321 2123 461 2166; x_wconf 73' lang='grc' dir='ltr'>ωαρόντος</span> <span class='ocrx_word' id='word_1_216' title='bbox 481 2123 610 2166; x_wconf 74' lang='grc' dir='ltr'>ἀχθηδὼν</span> <span class='ocrx_word' id='word_1_217' title='bbox 630 2126 718 2155; x_wconf 76' lang='grc' dir='ltr'>κακοῦ</span> <span class='ocrx_word' id='word_1_218' title='bbox 739 2125 847 2166; x_wconf 74' lang='grc' dir='ltr'>τρύσει,</span> 
     </span>
     <span class='ocr_line' id='line_1_42' title="bbox 127 2165 847 2207; baseline 0.003 -11"><span class='ocrx_word' id='word_1_219' title='bbox 127 2165 267 2198; x_wconf 74' lang='grc' dir='ltr'>τουτέστι</span> <span class='ocrx_word' id='word_1_220' title='bbox 282 2168 495 2199; x_wconf 58' lang='grc' dir='ltr'>καταπαύσει.</span> <span class='ocrx_word' id='word_1_221' title='bbox 524 2169 642 2198; x_wconf 88' lang='lat' dir='ltr'><strong>nullum</strong></span> <span class='ocrx_word' id='word_1_222' title='bbox 658 2168 761 2207; x_wconf 86' lang='lat' dir='ltr'><strong>aptius</strong></span> <span class='ocrx_word' id='word_1_223' title='bbox 778 2178 847 2198; x_wconf 87' lang='lat' dir='ltr'><strong>ver-</strong></span> 
     </span>
     <span class='ocr_line' id='line_1_43' title="bbox 127 2209 845 2253; baseline 0.003 -13"><span class='ocrx_word' id='word_1_224' title='bbox 127 2209 201 2240; x_wconf 91' lang='lat' dir='ltr'><strong>bum</strong></span> <span class='ocrx_word' id='word_1_225' title='bbox 223 2210 296 2241; x_wconf 86' lang='lat' dir='ltr'><strong>addi</strong></span> <span class='ocrx_word' id='word_1_226' title='bbox 312 2211 426 2251; x_wconf 89' lang='lat' dir='ltr'><strong>potuit.</strong></span> <span class='ocrx_word' id='word_1_227' title='bbox 444 2210 534 2253; x_wconf 80' lang='grc' dir='ltr'>ἄχθος</span> <span class='ocrx_word' id='word_1_228' title='bbox 550 2211 629 2242; x_wconf 83' lang='grc' dir='ltr'>ειιίιιι</span> <span class='ocrx_word' id='word_1_229' title='bbox 646 2222 732 2242; x_wconf 84' lang='lat' dir='ltr'><strong>onus.</strong></span> <span class='ocrx_word' id='word_1_230' title='bbox 754 2213 845 2242; x_wconf 89' lang='lat' dir='ltr'><strong>Dem.</strong></span> 
     </span>
     <span class='ocr_line' id='line_1_44' title="bbox 127 2252 847 2304; baseline 0.003 -21"><span class='ocrx_word' id='word_1_231' title='bbox 127 2252 184 2293; x_wconf 87' lang='lat' dir='ltr'><strong>[de</strong></span> <span class='ocrx_word' id='word_1_232' title='bbox 195 2254 371 2295; x_wconf 85' lang='lat' dir='ltr'><strong>Corona,p.</strong></span> <span class='ocrx_word' id='word_1_233' title='bbox 378 2257 453 2287; x_wconf 79' lang='lat'><strong>325.</strong></span> <span class='ocrx_word' id='word_1_234' title='bbox 455 2255 495 2304; x_wconf 82' lang='lat'><strong>]‘</strong></span> <span class='ocrx_word' id='word_1_235' title='bbox 483 2255 571 2296; x_wconf 76' lang='grc' dir='ltr'>ὥςπερ</span> <span class='ocrx_word' id='word_1_236' title='bbox 585 2254 612 2285; x_wconf 81' lang='grc' dir='ltr'>ἐν</span> <span class='ocrx_word' id='word_1_237' title='bbox 621 2255 742 2297; x_wconf 79' lang='grc' dir='ltr'>τρυτάνῃ</span> <span class='ocrx_word' id='word_1_238' title='bbox 758 2255 784 2297; x_wconf 79' lang='grc' dir='ltr'>ῥε</span> <span class='ocrx_word' id='word_1_239' title='bbox 773 2255 847 2286; x_wconf 79' lang='grc' dir='ltr'>ἑπων</span> 
     </span>
     <span class='ocr_line' id='line_1_45' title="bbox 128 2295 846 2354; baseline 0.001 -26"><span class='ocrx_word' id='word_1_240' title='bbox 128 2295 186 2328; x_wconf 70' lang='grc' dir='ltr'>ἔτη</span> <span class='ocrx_word' id='word_1_241' title='bbox 208 2296 242 2327; x_wconf 72' lang='grc' dir='ltr'><strong>τὸ</strong></span> <span class='ocrx_word' id='word_1_242' title='bbox 263 2299 326 2337; x_wconf 82' lang='grc' dir='ltr'><strong>λημ</strong></span> <span class='ocrx_word' id='word_1_243' title='bbox 299 2310 387 2339; x_wconf 87' lang='grc' dir='ltr'><strong>μ.μα</strong></span> <span class='ocrx_word' id='word_1_244' title='bbox 403 2299 467 2354; x_wconf 79' lang='lat' dir='ltr'><strong>qui</strong></span> <span class='ocrx_word' id='word_1_245' title='bbox 487 2299 575 2329; x_wconf 89' lang='lat' dir='ltr'><strong>locus</strong></span> <span class='ocrx_word' id='word_1_246' title='bbox 593 2299 669 2329; x_wconf 86' lang='lat' dir='ltr'><strong>huic</strong></span> <span class='ocrx_word' id='word_1_247' title='bbox 684 2298 846 2338; x_wconf 80' lang='lat' dir='ltr'><strong>gemellus.</strong></span> 
     </span>
     <span class='ocr_line' id='line_1_46' title="bbox 128 2339 846 2392; baseline 0.003 -22"><span class='ocrx_word' id='word_1_248' title='bbox 128 2339 177 2370; x_wconf 88' lang='lat' dir='ltr'><strong>sic</strong></span> <span class='ocrx_word' id='word_1_249' title='bbox 186 2340 283 2371; x_wconf 88' lang='lat' dir='ltr'><strong>Hom.</strong></span> <span class='ocrx_word' id='word_1_250' title='bbox 293 2339 416 2384; x_wconf 75' lang='grc' dir='ltr'>ῥέπεδ”’</span> <span class='ocrx_word' id='word_1_251' title='bbox 414 2348 534 2384; x_wconf 81' lang='grc' dir='ltr'>Ειιτορος</span> <span class='ocrx_word' id='word_1_252' title='bbox 543 2342 660 2382; x_wconf 80' lang='grc' dir='ltr'>αἴσιμον</span> <span class='ocrx_word' id='word_1_253' title='bbox 674 2354 765 2392; x_wconf 69' lang='grc' dir='ltr'>ημας,</span> <span class='ocrx_word' id='word_1_254' title='bbox 777 2353 846 2372; x_wconf 88' lang='lat' dir='ltr'><strong>cum</strong></span> 
     </span>
     <span class='ocr_line' id='line_1_47' title="bbox 128 2382 845 2425; baseline 0.004 -12"><span class='ocrx_word' id='word_1_255' title='bbox 128 2383 199 2414; x_wconf 88' lang='lat' dir='ltr'><strong>duae</strong></span> <span class='ocrx_word' id='word_1_256' title='bbox 214 2388 314 2415; x_wconf 86' lang='lat' dir='ltr'><strong>sortes</strong></span> <span class='ocrx_word' id='word_1_257' title='bbox 337 2382 485 2425; x_wconf 78' lang='lat' dir='ltr'><strong>conjectae</strong></span> <span class='ocrx_word' id='word_1_258' title='bbox 501 2390 572 2416; x_wconf 85' lang='lat' dir='ltr'><strong>sunt</strong></span> <span class='ocrx_word' id='word_1_259' title='bbox 587 2385 619 2415; x_wconf 87' lang='lat' dir='ltr'><strong>in</strong></span> <span class='ocrx_word' id='word_1_260' title='bbox 635 2386 793 2422; x_wconf 79' lang='lat' dir='ltr'><strong>trutinam,</strong></span> <span class='ocrx_word' id='word_1_261' title='bbox 806 2386 845 2416; x_wconf 90' lang='lat' dir='ltr'><strong>de</strong></span> 
     </span>
     <span class='ocr_line' id='line_1_48' title="bbox 127 2426 845 2469; baseline 0.003 -12"><span class='ocrx_word' id='word_1_262' title='bbox 127 2437 190 2466; x_wconf 87' lang='lat' dir='ltr'><strong>quo</strong></span> <span class='ocrx_word' id='word_1_263' title='bbox 206 2427 355 2459; x_wconf 82' lang='lat' dir='ltr'><strong>diximus.</strong></span> <span class='ocrx_word' id='word_1_264' title='bbox 376 2428 423 2461; x_wconf 82' lang='grc' dir='ltr'>Μ</span> <span class='ocrx_word' id='word_1_265' title='bbox 439 2426 560 2459; x_wconf 81' lang='lat' dir='ltr'><strong>Tullius</strong></span> <span class='ocrx_word' id='word_1_266' title='bbox 577 2428 633 2469; x_wconf 89' lang='lat' dir='ltr'><strong>[de</strong></span> <span class='ocrx_word' id='word_1_267' title='bbox 650 2429 782 2459; x_wconf 83' lang='lat' dir='ltr'><strong>Oratore</strong></span> <span class='ocrx_word' id='word_1_268' title='bbox 798 2430 845 2460; x_wconf 90' lang='grc' dir='ltr'><strong>ΙΙ.</strong></span> 
     </span>
     <span class='ocr_line' id='line_1_49' title="bbox 127 2471 846 2512; baseline 0.004 -12"><span class='ocrx_word' id='word_1_269' title='bbox 127 2481 157 2500; x_wconf 82' lang='lat' dir='ltr'><strong>c.</strong></span> <span class='ocrx_word' id='word_1_270' title='bbox 173 2471 244 2512; x_wconf 82' lang='lat'><strong>38.]</strong></span> <span class='ocrx_word' id='word_1_271' title='bbox 267 2471 362 2502; x_wconf 88' lang='lat' dir='ltr'><strong>“Sed</strong></span> <span class='ocrx_word' id='word_1_272' title='bbox 383 2472 451 2502; x_wconf 87' lang='lat' dir='ltr'><strong>haec</strong></span> <span class='ocrx_word' id='word_1_273' title='bbox 469 2477 574 2503; x_wconf 89' lang='lat' dir='ltr'><strong>nostra</strong></span> <span class='ocrx_word' id='word_1_274' title='bbox 592 2473 692 2502; x_wconf 87' lang='lat' dir='ltr'><strong>oratio</strong></span> <span class='ocrx_word' id='word_1_275' title='bbox 707 2472 846 2503; x_wconf 87' lang='lat' dir='ltr'><strong>multitu·</strong></span> 
     </span>
     <span class='ocr_line' id='line_1_50' title="bbox 121 2513 846 2552; baseline 0.006 -9"><span class='ocrx_word' id='word_1_276' title='bbox 121 2513 210 2544; x_wconf 79' lang='lat' dir='ltr'><strong>dinis</strong></span> <span class='ocrx_word' id='word_1_277' title='bbox 226 2519 274 2545; x_wconf 89' lang='lat' dir='ltr'><strong>est</strong></span> <span class='ocrx_word' id='word_1_278' title='bbox 286 2515 412 2546; x_wconf 82' lang='lat' dir='ltr'><strong>auribus</strong></span> <span class='ocrx_word' id='word_1_279' title='bbox 425 2516 693 2552; x_wconf 85' lang='lat' dir='ltr'><strong>accommodanda,</strong></span> <span class='ocrx_word' id='word_1_280' title='bbox 705 2517 744 2546; x_wconf 87' lang='lat' dir='ltr'><strong>ad</strong></span> <span class='ocrx_word' id='word_1_281' title='bbox 760 2517 846 2547; x_wconf 90' lang='lat' dir='ltr'><strong>oble-</strong></span> 
     </span>
     <span class='ocr_line' id='line_1_51' title="bbox 127 2557 846 2599; baseline 0.004 -12"><span class='ocrx_word' id='word_1_282' title='bbox 127 2557 257 2588; x_wconf 83' lang='lat' dir='ltr'><strong>ctandos</strong></span> <span class='ocrx_word' id='word_1_283' title='bbox 284 2558 413 2595; x_wconf 89' lang='lat' dir='ltr'><strong>animos,</strong></span> <span class='ocrx_word' id='word_1_284' title='bbox 436 2559 475 2589; x_wconf 79' lang='lat' dir='ltr'><strong>nd</strong></span> <span class='ocrx_word' id='word_1_285' title='bbox 500 2559 720 2599; x_wconf 84' lang='lat' dir='ltr'><strong>impellendos,</strong></span> <span class='ocrx_word' id='word_1_286' title='bbox 742 2561 781 2590; x_wconf 91' lang='lat' dir='ltr'><strong>ad</strong></span> <span class='ocrx_word' id='word_1_287' title='bbox 810 2570 846 2590; x_wconf 86' lang='lat' dir='ltr'><strong>ea</strong></span> 
     </span>
     <span class='ocr_line' id='line_1_52' title="bbox 125 2602 846 2642; baseline 0.003 -11"><span class='ocrx_word' id='word_1_288' title='bbox 125 2602 295 2641; x_wconf 83' lang='lat' dir='ltr'><strong>probanda,</strong></span> <span class='ocrx_word' id='word_1_289' title='bbox 321 2612 389 2642; x_wconf 91' lang='lat' dir='ltr'><strong>quae</strong></span> <span class='ocrx_word' id='word_1_290' title='bbox 409 2612 470 2632; x_wconf 92' lang='grc' dir='ltr'>ιιοιι</span> <span class='ocrx_word' id='word_1_291' title='bbox 491 2602 626 2633; x_wconf 80' lang='lat' dir='ltr'><strong>aurificis</strong></span> <span class='ocrx_word' id='word_1_292' title='bbox 647 2607 773 2640; x_wconf 86' lang='lat' dir='ltr'><strong>statera,</strong></span> <span class='ocrx_word' id='word_1_293' title='bbox 789 2603 846 2634; x_wconf 90' lang='lat' dir='ltr'><strong>sed</strong></span> 
     </span>
    </p>
   </div>
   <div class='ocr_carea' id='block_1_10' title="bbox 126 2644 845 2730">
    <p class='ocr_par' dir='ltr' id='par_1_10' title="bbox 126 2644 845 2730">
     <span class='ocr_line' id='line_1_53' title="bbox 126 2644 845 2685; baseline 0.001 -10"><span class='ocrx_word' id='word_1_294' title='bbox 126 2645 258 2684; x_wconf 82' lang='lat' dir='ltr'><strong>quadam</strong></span> <span class='ocrx_word' id='word_1_295' title='bbox 280 2644 425 2685; x_wconf 85' lang='lat' dir='ltr'><strong>populari</strong></span> <span class='ocrx_word' id='word_1_296' title='bbox 444 2646 560 2676; x_wconf 88' lang='lat' dir='ltr'><strong>trutina</strong></span> <span class='ocrx_word' id='word_1_297' title='bbox 581 2650 653 2676; x_wconf 90' lang='lat' dir='ltr'><strong>sunt</strong></span> <span class='ocrx_word' id='word_1_298' title='bbox 670 2647 845 2678; x_wconf 84' lang='lat' dir='ltr'><strong>examinan-</strong></span> 
     </span>
     <span class='ocr_line' id='line_1_54' title="bbox 128 2687 609 2730; baseline 0.002 -12"><span class='ocrx_word' id='word_1_299' title='bbox 128 2687 201 2719; x_wconf 79' lang='lat' dir='ltr'><strong>da.”</strong></span> <span class='ocrx_word' id='word_1_300' title='bbox 224 2688 354 2719; x_wconf 82' lang='lat' dir='ltr'><strong>Persius</strong></span> <span class='ocrx_word' id='word_1_301' title='bbox 370 2688 452 2730; x_wconf 88' lang='lat' dir='ltr'><strong>[Sat.</strong></span> <span class='ocrx_word' id='word_1_302' title='bbox 464 2689 492 2719; x_wconf 85' lang='grc' dir='ltr'><strong>Ι.</strong></span> <span class='ocrx_word' id='word_1_303' title='bbox 503 2691 534 2721; x_wconf 86' lang='grc'><strong>5.</strong></span> <span class='ocrx_word' id='word_1_304' title='bbox 550 2689 609 2730; x_wconf 90' lang='grc' dir='ltr'>εε.]</span> 
     </span>
    </p>
   </div>
   <div class='ocr_carea' id='block_1_11' title="bbox 203 2747 848 2917">
    <p class='ocr_par' dir='ltr' id='par_1_11' title="bbox 307 2747 769 2787">
     <span class='ocr_line' id='line_1_55' title="bbox 307 2747 769 2787; baseline 0.002 -9"><span class='ocrx_word' id='word_1_305' title='bbox 307 2751 328 2766; x_wconf 88' lang='grc'><strong><em>“</em></strong></span> <span class='ocrx_word' id='word_1_306' title='bbox 339 2758 398 2778; x_wconf 87' lang='grc' dir='ltr'>ιιοιι</span> <span class='ocrx_word' id='word_1_307' title='bbox 416 2747 519 2787; x_wconf 88' lang='lat' dir='ltr'><strong>siquid</strong></span> <span class='ocrx_word' id='word_1_308' title='bbox 532 2748 656 2779; x_wconf 87' lang='lat' dir='ltr'><strong>turbida</strong></span> <span class='ocrx_word' id='word_1_309' title='bbox 668 2749 769 2779; x_wconf 85' lang='lat' dir='ltr'><strong>Roma</strong></span> 
     </span>
    </p>

    <p class='ocr_par' dir='ltr' id='par_1_12' title="bbox 203 2790 848 2870">
     <span class='ocr_line' id='line_1_56' title="bbox 203 2790 848 2832; baseline 0.002 -11"><span class='ocrx_word' id='word_1_310' title='bbox 203 2790 331 2828; x_wconf 80' lang='lat' dir='ltr'><strong>Elevet‚</strong></span> <span class='ocrx_word' id='word_1_311' title='bbox 361 2792 506 2829; x_wconf 74' lang='lat' dir='ltr'><strong>accedas,</strong></span> <span class='ocrx_word' id='word_1_312' title='bbox 535 2802 705 2824; x_wconf 81' lang='lat' dir='ltr'><strong>examenve</strong></span> <span class='ocrx_word' id='word_1_313' title='bbox 731 2792 848 2832; x_wconf 87' lang='lat' dir='ltr'><strong>impro-</strong></span> 
     </span>
     <span class='ocr_line' id='line_1_57' title="bbox 301 2835 494 2870; baseline 0 -5"><span class='ocrx_word' id='word_1_314' title='bbox 301 2836 376 2870; x_wconf 86' lang='lat' dir='ltr'><strong>bum</strong></span> <span class='ocrx_word' id='word_1_315' title='bbox 388 2835 424 2867; x_wconf 82' lang='lat' dir='ltr'><strong>in</strong></span> <span class='ocrx_word' id='word_1_316' title='bbox 440 2835 494 2865; x_wconf 87' lang='lat' dir='ltr'><strong>illa</strong></span> 
     </span>
    </p>

    <p class='ocr_par' dir='ltr' id='par_1_13' title="bbox 205 2876 511 2917">
     <span class='ocr_line' id='line_1_58' title="bbox 205 2876 511 2917; baseline 0.007 -10"><span class='ocrx_word' id='word_1_317' title='bbox 205 2876 351 2917; x_wconf 75' lang='lat' dir='ltr'><strong>Castiges</strong></span> <span class='ocrx_word' id='word_1_318' title='bbox 363 2878 511 2910; x_wconf 73' lang='lat' dir='ltr'><strong>trutina-&#39;¹</strong></span> 
     </span>
    </p>
   </div>
   <div class='ocr_carea' id='block_1_12' title="bbox 129 2935 852 3022">
    <p class='ocr_par' dir='ltr' id='par_1_14' title="bbox 129 2935 852 3022">
     <span class='ocr_line' id='line_1_59' title="bbox 129 2935 850 2980; baseline 0.007 -15"><span class='ocrx_word' id='word_1_319' title='bbox 129 2935 352 2976; x_wconf 73' lang='lat' dir='ltr'><strong>Aristophanes</strong></span> <span class='ocrx_word' id='word_1_320' title='bbox 369 2937 416 2979; x_wconf 84' lang='lat' dir='ltr'><strong>[iu</strong></span> <span class='ocrx_word' id='word_1_321' title='bbox 432 2938 542 2975; x_wconf 80' lang='lat' dir='ltr'><strong>Ranis,</strong></span> <span class='ocrx_word' id='word_1_322' title='bbox 555 2941 631 2971; x_wconf 80' lang='lat'><strong>¹797.</strong></span> <span class='ocrx_word' id='word_1_323' title='bbox 635 2938 649 2980; x_wconf 94' lang='lat'>]</span> <span class='ocrx_word' id='word_1_324' title='bbox 676 2938 704 2968; x_wconf 84' lang='grc' dir='ltr'><strong>οὐ</strong></span> <span class='ocrx_word' id='word_1_325' title='bbox 723 2940 778 2980; x_wconf 71' lang='grc' dir='ltr'><strong>γᾶς</strong></span> <span class='ocrx_word' id='word_1_326' title='bbox 793 2951 850 2970; x_wconf 80' lang='grc' dir='ltr'><strong>τα-</strong></span> 
     </span>
     <span class='ocr_line' id='line_1_60' title="bbox 131 2978 852 3022; baseline 0.008 -15"><span class='ocrx_word' id='word_1_327' title='bbox 131 2978 226 3019; x_wconf 69' lang='grc' dir='ltr'>λάντῳ</span> <span class='ocrx_word' id='word_1_328' title='bbox 241 2982 366 3019; x_wconf 69' lang='grc' dir='ltr'>μουσικὴ</span> <span class='ocrx_word' id='word_1_329' title='bbox 381 2980 573 3022; x_wconf 54' lang='lat' dir='ltr'><strong>emesan„</strong></span> <span class='ocrx_word' id='word_1_330' title='bbox 582 2982 710 3013; x_wconf 75' lang='lat' dir='ltr'><strong>musicae</strong></span> <span class='ocrx_word' id='word_1_331' title='bbox 726 2993 788 3014; x_wconf 88' lang='lat' dir='ltr'><strong>non</strong></span> <span class='ocrx_word' id='word_1_332' title='bbox 803 2987 852 3013; x_wconf 87' lang='lat' dir='ltr'><strong>est</strong></span> 
     </span>
    </p>
   </div>
   <div class='ocr_carea' id='block_1_13' title="bbox 132 3023 854 3097">
    <p class='ocr_par' dir='ltr' id='par_1_15' title="bbox 132 3023 854 3097">
     <span class='ocr_line' id='line_1_61' title="bbox 132 3023 854 3066; baseline 0.01 -15"><span class='ocrx_word' id='word_1_333' title='bbox 132 3031 262 3052; x_wconf 80' lang='lat' dir='ltr'><strong>examen</strong></span> <span class='ocrx_word' id='word_1_334' title='bbox 287 3023 442 3064; x_wconf 76' lang='grc' dir='ltr'>τάλαντον,</span> <span class='ocrx_word' id='word_1_335' title='bbox 464 3027 549 3066; x_wconf 86' lang='lat' dir='ltr'><strong>quod</strong></span> <span class='ocrx_word' id='word_1_336' title='bbox 578 3026 694 3058; x_wconf 76' lang='lat' dir='ltr'><strong>trutina</strong></span> <span class='ocrx_word' id='word_1_337' title='bbox 719 3031 769 3058; x_wconf 90' lang='lat' dir='ltr'><strong>est</strong></span> <span class='ocrx_word' id='word_1_338' title='bbox 798 3027 854 3058; x_wconf 79' lang='lat' dir='ltr'><strong>illa</strong></span> 
     </span>
     <span class='ocr_line' id='line_1_62' title="bbox 177 3075 308 3097; baseline 0 -1"><span class='ocrx_word' id='word_1_339' title='bbox 177 3075 256 3097; x_wconf 75' lang='lat' dir='ltr'><strong>vo1..</strong></span> <span class='ocrx_word' id='word_1_340' title='bbox 276 3076 308 3096; x_wconf 86' lang='lat' dir='ltr'><strong>v.</strong></span> 
     </span>
    </p>
   </div>
   <div class='ocr_carea' id='block_1_14' title="bbox 203 2764 292 2771">
    <p class='ocr_par' dir='ltr' id='par_1_16' title="bbox 203 2764 292 2771">
     <span class='ocr_line' id='line_1_63' title="bbox 203 2764 292 2771; baseline 0 0"><span class='ocrx_word' id='word_1_341' title='bbox 203 2764 292 2771; x_wconf 95' lang='lat' dir='ltr'><strong> </strong></span> 
     </span>
    </p>
   </div>
   <div class='ocr_carea' id='block_1_15' title="bbox 1519 193 1603 235">
    <p class='ocr_par' dir='ltr' id='par_1_17' title="bbox 1519 193 1603 235">
     <span class='ocr_line' id='line_1_64' title="bbox 1519 193 1603 235; baseline 0.012 -1"><span class='ocrx_word' id='word_1_342' title='bbox 1519 193 1603 235; x_wconf 87' lang='lat'><strong>393</strong></span> 
     </span>
    </p>
   </div>
   <div class='ocr_carea' id='block_1_16' title="bbox 879 296 1605 3067">
    <p class='ocr_par' dir='ltr' id='par_1_18' title="bbox 885 296 1603 427">
     <span class='ocr_line' id='line_1_65' title="bbox 885 296 1603 340; baseline 0.008 -15"><span class='ocrx_word' id='word_1_343' title='bbox 885 296 1056 337; x_wconf 76' lang='lat' dir='ltr'><strong>populariS,</strong></span> <span class='ocrx_word' id='word_1_344' title='bbox 1072 303 1103 328; x_wconf 86' lang='lat' dir='ltr'><strong>et</strong></span> <span class='ocrx_word' id='word_1_345' title='bbox 1119 300 1247 330; x_wconf 81' lang='lat' dir='ltr'><strong>verbum</strong></span> <span class='ocrx_word' id='word_1_346' title='bbox 1262 299 1422 330; x_wconf 86' lang='lat' dir='ltr'><strong>Ciceronis</strong></span> <span class='ocrx_word' id='word_1_347' title='bbox 1440 300 1603 340; x_wconf 76' lang='lat' dir='ltr'><strong>aptissime</strong></span> 
     </span>
     <span class='ocr_line' id='line_1_66' title="bbox 886 340 1601 383; baseline 0.007 -14"><span class='ocrx_word' id='word_1_348' title='bbox 886 340 1023 380; x_wconf 86' lang='lat' dir='ltr'><strong>positum</strong></span> <span class='ocrx_word' id='word_1_349' title='bbox 1039 341 1138 370; x_wconf 87' lang='lat' dir='ltr'><strong>vides.</strong></span> <span class='ocrx_word' id='word_1_350' title='bbox 1168 348 1251 373; x_wconf 71' lang='lat' dir='ltr'><strong>vetat</strong></span> <span class='ocrx_word' id='word_1_351' title='bbox 1267 344 1347 374; x_wconf 89' lang='lat' dir='ltr'><strong>enim</strong></span> <span class='ocrx_word' id='word_1_352' title='bbox 1365 348 1469 383; x_wconf 84' lang='lat' dir='ltr'><strong>poeta</strong></span> <span class='ocrx_word' id='word_1_353' title='bbox 1478 344 1601 383; x_wconf 86' lang='lat' dir='ltr'><strong>judicio</strong></span> 
     </span>
     <span class='ocr_line' id='line_1_67' title="bbox 885 383 1601 427; baseline 0.006 -13"><span class='ocrx_word' id='word_1_354' title='bbox 885 383 993 424; x_wconf 84' lang='lat' dir='ltr'><strong>populi</strong></span> <span class='ocrx_word' id='word_1_355' title='bbox 1010 384 1219 422; x_wconf 84' lang='lat' dir='ltr'><strong>acquiescere,</strong></span> <span class='ocrx_word' id='word_1_356' title='bbox 1233 398 1300 425; x_wconf 76' lang='lat' dir='ltr'><strong>quae</strong></span> <span class='ocrx_word' id='word_1_357' title='bbox 1317 387 1429 417; x_wconf 87' lang='lat' dir='ltr'><strong>Lesbia</strong></span> <span class='ocrx_word' id='word_1_358' title='bbox 1445 392 1493 417; x_wconf 86' lang='lat' dir='ltr'><strong>est</strong></span> <span class='ocrx_word' id='word_1_359' title='bbox 1508 398 1601 427; x_wconf 87' lang='lat' dir='ltr'><strong>regu-</strong></span> 
     </span>
    </p>

    <p class='ocr_par' dir='ltr' id='par_1_19' title="bbox 884 426 1600 469">
     <span class='ocr_line' id='line_1_68' title="bbox 884 426 1600 469; baseline 0.007 -14"><span class='ocrx_word' id='word_1_360' title='bbox 884 428 915 456; x_wconf 92' lang='lat' dir='ltr'><strong>la</strong></span> <span class='ocrx_word' id='word_1_361' title='bbox 931 426 981 456; x_wconf 72' lang='grc' dir='ltr'><strong>καὶ</strong></span> <span class='ocrx_word' id='word_1_362' title='bbox 998 427 1046 456; x_wconf 74' lang='grc' dir='ltr'><strong>οὐκ</strong></span> <span class='ocrx_word' id='word_1_363' title='bbox 1059 427 1194 466; x_wconf 65' lang='grc' dir='ltr'><strong>ἀσφαλὲς</strong></span> <span class='ocrx_word' id='word_1_364' title='bbox 1209 430 1221 458; x_wconf 85' lang='lat'><strong>0‘</strong></span> <span class='ocrx_word' id='word_1_365' title='bbox 1235 431 1330 465; x_wconf 59' lang='grc' dir='ltr'>κανών,</span> <span class='ocrx_word' id='word_1_366' title='bbox 1346 430 1445 469; x_wconf 88' lang='lat' dir='ltr'><strong>inquit</strong></span> <span class='ocrx_word' id='word_1_367' title='bbox 1457 430 1600 461; x_wconf 89' lang='lat' dir='ltr'><strong>Philoso-</strong></span> 
     </span>
    </p>

    <p class='ocr_par' dir='ltr' id='par_1_20' title="bbox 882 470 1604 1117">
     <span class='ocr_line' id='line_1_69' title="bbox 884 470 1600 512; baseline 0.008 -14"><span class='ocrx_word' id='word_1_368' title='bbox 884 470 976 509; x_wconf 88' lang='lat' dir='ltr'><strong>phus.</strong></span> <span class='ocrx_word' id='word_1_369' title='bbox 1021 471 1119 500; x_wconf 89' lang='lat' dir='ltr'><strong>Porro</strong></span> <span class='ocrx_word' id='word_1_370' title='bbox 1135 470 1221 501; x_wconf 87' lang='lat' dir='ltr'><strong>locus</strong></span> <span class='ocrx_word' id='word_1_371' title='bbox 1236 474 1332 502; x_wconf 81' lang='lat' dir='ltr'><strong>Persii</strong></span> <span class='ocrx_word' id='word_1_372' title='bbox 1348 474 1497 509; x_wconf 85' lang='lat' dir='ltr'><strong>declarat,</strong></span> <span class='ocrx_word' id='word_1_373' title='bbox 1514 473 1600 512; x_wconf 91' lang='lat' dir='ltr'><strong>judi-</strong></span> 
     </span>
     <span class='ocr_line' id='line_1_70' title="bbox 884 513 1600 552; baseline 0.007 -10"><span class='ocrx_word' id='word_1_374' title='bbox 884 513 934 543; x_wconf 90' lang='lat' dir='ltr'><strong>cia</strong></span> <span class='ocrx_word' id='word_1_375' title='bbox 954 523 1056 543; x_wconf 83' lang='lat' dir='ltr'><strong>rerum</strong></span> <span class='ocrx_word' id='word_1_376' title='bbox 1071 518 1161 552; x_wconf 82' lang='lat' dir='ltr'><strong>atque</strong></span> <span class='ocrx_word' id='word_1_377' title='bbox 1180 515 1399 546; x_wconf 65' lang='lat' dir='ltr'><strong>aestimationes</strong></span> <span class='ocrx_word' id='word_1_378' title='bbox 1416 518 1600 547; x_wconf 77' lang='lat' dir='ltr'><strong>trutinarum</strong></span> 
     </span>
     <span class='ocr_line' id='line_1_71' title="bbox 884 556 1602 599; baseline 0.007 -14"><span class='ocrx_word' id='word_1_379' title='bbox 884 556 1165 586; x_wconf 78' lang='lat' dir='ltr'><strong>examinationibus</strong></span> <span class='ocrx_word' id='word_1_380' title='bbox 1180 559 1351 597; x_wconf 80' lang='lat' dir='ltr'><strong>comparari</strong></span> <span class='ocrx_word' id='word_1_381' title='bbox 1365 570 1371 588; x_wconf 93' lang='lat'>:</span> <span class='ocrx_word' id='word_1_382' title='bbox 1394 566 1428 589; x_wconf 88' lang='lat' dir='ltr'><strong>ut</strong></span> <span class='ocrx_word' id='word_1_383' title='bbox 1438 560 1512 589; x_wconf 89' lang='lat' dir='ltr'><strong>nibil</strong></span> <span class='ocrx_word' id='word_1_384' title='bbox 1526 571 1602 599; x_wconf 89' lang='lat' dir='ltr'><strong>pos-</strong></span> 
     </span>
     <span class='ocr_line' id='line_1_72' title="bbox 884 601 1600 642; baseline 0.006 -13"><span class='ocrx_word' id='word_1_385' title='bbox 884 604 933 629; x_wconf 90' lang='lat' dir='ltr'><strong>set</strong></span> <span class='ocrx_word' id='word_1_386' title='bbox 945 601 1205 630; x_wconf 82' lang='lat' dir='ltr'><strong>accommodatius</strong></span> <span class='ocrx_word' id='word_1_387' title='bbox 1217 602 1388 640; x_wconf 62' lang='lat' dir='ltr'><strong>excog‘itari</strong></span> <span class='ocrx_word' id='word_1_388' title='bbox 1399 603 1455 632; x_wconf 83' lang='lat' dir='ltr'><strong>hac</strong></span> <span class='ocrx_word' id='word_1_389' title='bbox 1468 603 1600 642; x_wconf 86' lang='lat' dir='ltr'><strong>imagine</strong></span> 
     </span>
     <span class='ocr_line' id='line_1_73' title="bbox 884 643 1598 676; baseline 0.004 -4"><span class='ocrx_word' id='word_1_390' title='bbox 884 643 1114 674; x_wconf 81' lang='lat' dir='ltr'><strong>Demosthenis.</strong></span> <span class='ocrx_word' id='word_1_391' title='bbox 1157 645 1256 675; x_wconf 84' lang='lat' dir='ltr'><strong>Vetus</strong></span> <span class='ocrx_word' id='word_1_392' title='bbox 1269 645 1456 675; x_wconf 85' lang='lat' dir='ltr'><strong>Scholiastes</strong></span> <span class='ocrx_word' id='word_1_393' title='bbox 1471 647 1508 675; x_wconf 86' lang='lat' dir='ltr'><strong>ad</strong></span> <span class='ocrx_word' id='word_1_394' title='bbox 1522 648 1598 676; x_wconf 85' lang='lat' dir='ltr'><strong>Per-</strong></span> 
     </span>
     <span class='ocr_line' id='line_1_74' title="bbox 885 686 1599 728; baseline 0.001 -12"><span class='ocrx_word' id='word_1_395' title='bbox 885 686 975 723; x_wconf 87' lang='lat' dir='ltr'><strong>sium,</strong></span> <span class='ocrx_word' id='word_1_396' title='bbox 1001 692 1022 704; x_wconf 91' lang='lat'><em>“</em></span> <span class='ocrx_word' id='word_1_397' title='bbox 1036 688 1171 717; x_wconf 85' lang='lat' dir='ltr'><strong>Examen</strong></span> <span class='ocrx_word' id='word_1_398' title='bbox 1195 692 1243 717; x_wconf 92' lang='lat' dir='ltr'><strong>est</strong></span> <span class='ocrx_word' id='word_1_399' title='bbox 1263 689 1378 728; x_wconf 89' lang='lat' dir='ltr'><strong>lingua,</strong></span> <span class='ocrx_word' id='word_1_400' title='bbox 1398 689 1446 717; x_wconf 81' lang='lat' dir='ltr'><strong>vel</strong></span> <span class='ocrx_word' id='word_1_401' title='bbox 1469 689 1599 728; x_wconf 86' lang='lat' dir='ltr'><strong>lignum,</strong></span> 
     </span>
     <span class='ocr_line' id='line_1_75' title="bbox 883 731 1600 773; baseline 0.001 -13"><span class='ocrx_word' id='word_1_402' title='bbox 883 731 965 769; x_wconf 86' lang='lat' dir='ltr'><strong>quod</strong></span> <span class='ocrx_word' id='word_1_403' title='bbox 978 731 1108 761; x_wconf 86' lang='lat' dir='ltr'><strong>mediam</strong></span> <span class='ocrx_word' id='word_1_404' title='bbox 1119 731 1234 761; x_wconf 87' lang='lat' dir='ltr'><strong>hastam</strong></span> <span class='ocrx_word' id='word_1_405' title='bbox 1247 731 1398 773; x_wconf 88' lang='lat' dir='ltr'><strong>(Hastam</strong></span> <span class='ocrx_word' id='word_1_406' title='bbox 1411 732 1462 761; x_wconf 90' lang='lat' dir='ltr'><strong>alii</strong></span> <span class='ocrx_word' id='word_1_407' title='bbox 1473 742 1600 770; x_wconf 88' lang='lat' dir='ltr'><strong>scapum</strong></span> 
     </span>
     <span class='ocr_line' id='line_1_76' title="bbox 884 774 1600 814; baseline 0.001 -11"><span class='ocrx_word' id='word_1_408' title='bbox 884 779 1006 810; x_wconf 77' lang='lat' dir='ltr'><strong>vocant,</strong></span> <span class='ocrx_word' id='word_1_409' title='bbox 1022 774 1105 814; x_wconf 82' lang='lat' dir='ltr'><strong>quod</strong></span> <span class='ocrx_word' id='word_1_410' title='bbox 1121 775 1334 814; x_wconf 82' lang='lat' dir='ltr'><strong>Lycophronis</strong></span> <span class='ocrx_word' id='word_1_411' title='bbox 1347 779 1405 810; x_wconf 88' lang='lat' dir='ltr'><strong>est,</strong></span> <span class='ocrx_word' id='word_1_412' title='bbox 1418 780 1452 805; x_wconf 89' lang='lat' dir='ltr'><strong>ut</strong></span> <span class='ocrx_word' id='word_1_413' title='bbox 1465 775 1600 810; x_wconf 88' lang='lat' dir='ltr'><strong>videtur,</strong></span> 
     </span>
     <span class='ocr_line' id='line_1_77' title="bbox 883 818 1604 859; baseline 0.001 -13"><span class='ocrx_word' id='word_1_414' title='bbox 883 818 1055 859; x_wconf 81' lang='grc' dir='ltr'>τάλαντον.)</span> <span class='ocrx_word' id='word_1_415' title='bbox 1079 818 1119 848; x_wconf 89' lang='lat' dir='ltr'><strong>ad</strong></span> <span class='ocrx_word' id='word_1_416' title='bbox 1141 819 1280 858; x_wconf 87' lang='lat' dir='ltr'><strong>pondera</strong></span> <span class='ocrx_word' id='word_1_417' title='bbox 1295 819 1484 857; x_wconf 72' lang='lat' dir='ltr'><strong>adaequanda</strong></span> <span class='ocrx_word' id='word_1_418' title='bbox 1505 823 1604 848; x_wconf 86' lang='lat' dir='ltr'><strong>tenet.</strong></span> 
     </span>
     <span class='ocr_line' id='line_1_78' title="bbox 883 860 1604 901; baseline -0.001 -10"><span class='ocrx_word' id='word_1_419' title='bbox 883 860 1044 901; x_wconf 86' lang='lat' dir='ltr'><strong>Castigare</strong></span> <span class='ocrx_word' id='word_1_420' title='bbox 1060 866 1160 891; x_wconf 85' lang='lat' dir='ltr'><strong>autem</strong></span> <span class='ocrx_word' id='word_1_421' title='bbox 1180 867 1230 892; x_wconf 90' lang='lat' dir='ltr'><strong>est</strong></span> <span class='ocrx_word' id='word_1_422' title='bbox 1246 861 1347 901; x_wconf 90' lang='lat' dir='ltr'><strong>digito</strong></span> <span class='ocrx_word' id='word_1_423' title='bbox 1367 862 1477 892; x_wconf 90' lang='lat' dir='ltr'><strong>libram</strong></span> <span class='ocrx_word' id='word_1_424' title='bbox 1494 871 1604 901; x_wconf 86' lang='lat' dir='ltr'><strong>percu-</strong></span> 
     </span>
     <span class='ocr_line' id='line_1_79' title="bbox 883 905 1602 944; baseline 0.001 -11"><span class='ocrx_word' id='word_1_425' title='bbox 883 909 960 939; x_wconf 84' lang='lat' dir='ltr'><strong>tere,</strong></span> <span class='ocrx_word' id='word_1_426' title='bbox 992 909 1024 934; x_wconf 82' lang='lat' dir='ltr'><strong>ut</strong></span> <span class='ocrx_word' id='word_1_427' title='bbox 1050 909 1252 944; x_wconf 87' lang='lat' dir='ltr'><strong>temperetur,</strong></span> <span class='ocrx_word' id='word_1_428' title='bbox 1282 910 1314 935; x_wconf 90' lang='lat' dir='ltr'><strong>et</strong></span> <span class='ocrx_word' id='word_1_429' title='bbox 1340 915 1406 944; x_wconf 84' lang='lat' dir='ltr'><strong>prae</strong></span> <span class='ocrx_word' id='word_1_430' title='bbox 1433 905 1602 944; x_wconf 86' lang='lat' dir='ltr'><strong>agitatione</strong></span> 
     </span>
     <span class='ocr_line' id='line_1_80' title="bbox 882 948 1601 987; baseline 0.001 -11"><span class='ocrx_word' id='word_1_431' title='bbox 882 951 955 986; x_wconf 88' lang='lat' dir='ltr'><strong>post</strong></span> <span class='ocrx_word' id='word_1_432' title='bbox 981 957 1099 986; x_wconf 78' lang='lat' dir='ltr'><strong>aequum</strong></span> <span class='ocrx_word' id='word_1_433' title='bbox 1124 948 1330 987; x_wconf 87' lang='lat' dir='ltr'><strong>conquiescat.</strong></span> <span class='ocrx_word' id='word_1_434' title='bbox 1375 949 1503 978; x_wconf 80' lang='lat' dir='ltr'><strong>Trutina</strong></span> <span class='ocrx_word' id='word_1_435' title='bbox 1526 958 1601 978; x_wconf 84' lang='lat' dir='ltr'><strong>vero</strong></span> 
     </span>
     <span class='ocr_line' id='line_1_81' title="bbox 883 990 1602 1030; baseline 0.003 -11"><span class='ocrx_word' id='word_1_436' title='bbox 883 994 931 1019; x_wconf 89' lang='lat' dir='ltr'><strong>est</strong></span> <span class='ocrx_word' id='word_1_437' title='bbox 946 990 1092 1026; x_wconf 81' lang='lat' dir='ltr'><strong>foramen,</strong></span> <span class='ocrx_word' id='word_1_438' title='bbox 1104 990 1184 1020; x_wconf 82' lang='lat' dir='ltr'><strong>intra</strong></span> <span class='ocrx_word' id='word_1_439' title='bbox 1195 992 1277 1030; x_wconf 90' lang='lat' dir='ltr'><strong>quod</strong></span> <span class='ocrx_word' id='word_1_440' title='bbox 1289 995 1336 1020; x_wconf 88' lang='lat' dir='ltr'><strong>est</strong></span> <span class='ocrx_word' id='word_1_441' title='bbox 1346 990 1474 1030; x_wconf 78' lang='lat' dir='ltr'><strong>lmouta</strong></span> <span class='ocrx_word' id='word_1_442' title='bbox 1486 992 1524 1021; x_wconf 89' lang='lat' dir='ltr'><strong>de</strong></span> <span class='ocrx_word' id='word_1_443' title='bbox 1541 1001 1602 1030; x_wconf 87' lang='lat' dir='ltr'><strong>qua</strong></span> 
     </span>
     <span class='ocr_line' id='line_1_82' title="bbox 884 1032 1602 1085; baseline 0.003 -23"><span class='ocrx_word' id='word_1_444' title='bbox 884 1034 1073 1063; x_wconf 85' lang='lat' dir='ltr'><strong>examinatio</strong></span> <span class='ocrx_word' id='word_1_445' title='bbox 1096 1032 1165 1063; x_wconf 63' lang='lat' dir='ltr'><strong>est)</strong></span> <span class='ocrx_word' id='word_1_446' title='bbox 1169 1032 1248 1074; x_wconf 90' lang='lat' dir='ltr'><strong>’[p.</strong></span> <span class='ocrx_word' id='word_1_447' title='bbox 1266 1037 1337 1065; x_wconf 71' lang='lat'><strong>112.</strong></span> <span class='ocrx_word' id='word_1_448' title='bbox 1355 1036 1405 1065; x_wconf 88' lang='lat' dir='ltr'><strong>ed.</strong></span> <span class='ocrx_word' id='word_1_449' title='bbox 1420 1035 1478 1085; x_wconf 93' lang='lat' dir='ltr'><strong>D.]</strong></span> <span class='ocrx_word' id='word_1_450' title='bbox 1524 1036 1602 1073; x_wconf 84' lang='lat' dir='ltr'><strong>Quae</strong></span> 
     </span>
     <span class='ocr_line' id='line_1_83' title="bbox 884 1075 1602 1117; baseline 0.003 -11"><span class='ocrx_word' id='word_1_451' title='bbox 884 1077 911 1106; x_wconf 90' lang='lat' dir='ltr'><strong>si</strong></span> <span class='ocrx_word' id='word_1_452' title='bbox 927 1087 1001 1107; x_wconf 86' lang='lat' dir='ltr'><strong>vera</strong></span> <span class='ocrx_word' id='word_1_453' title='bbox 1023 1082 1103 1112; x_wconf 87' lang='lat' dir='ltr'><strong>sunt,</strong></span> <span class='ocrx_word' id='word_1_454' title='bbox 1127 1078 1282 1107; x_wconf 86' lang='lat' dir='ltr'><strong>Eustathii</strong></span> <span class='ocrx_word' id='word_1_455' title='bbox 1303 1075 1480 1117; x_wconf 79' lang='grc' dir='ltr'>ἐτυμολογία</span> <span class='ocrx_word' id='word_1_456' title='bbox 1504 1078 1602 1108; x_wconf 87' lang='lat' dir='ltr'><strong>labat.</strong></span> 
     </span>
    </p>

    <p class='ocr_par' dir='ltr' id='par_1_21' title="bbox 884 1118 1604 1162">
     <span class='ocr_line' id='line_1_84' title="bbox 884 1118 1604 1162; baseline 0.001 -12"><span class='ocrx_word' id='word_1_457' title='bbox 884 1120 943 1150; x_wconf 84' lang='lat' dir='ltr'><strong>Est</strong></span> <span class='ocrx_word' id='word_1_458' title='bbox 958 1120 1039 1150; x_wconf 86' lang='lat' dir='ltr'><strong>euim</strong></span> <span class='ocrx_word' id='word_1_459' title='bbox 1054 1118 1113 1150; x_wconf 76' lang='grc' dir='ltr'><strong>ἀπὸ</strong></span> <span class='ocrx_word' id='word_1_460' title='bbox 1135 1121 1185 1149; x_wconf 81' lang='grc' dir='ltr'><strong>τοῦ</strong></span> <span class='ocrx_word' id='word_1_461' title='bbox 1203 1120 1324 1161; x_wconf 69' lang='grc' dir='ltr'>τρυπᾷν,</span> <span class='ocrx_word' id='word_1_462' title='bbox 1336 1120 1461 1162; x_wconf 80' lang='lat' dir='ltr'><strong>forare,</strong></span> <span class='ocrx_word' id='word_1_463' title='bbox 1484 1126 1514 1151; x_wconf 90' lang='lat' dir='ltr'><strong>et</strong></span> <span class='ocrx_word' id='word_1_464' title='bbox 1537 1120 1604 1161; x_wconf 82' lang='grc' dir='ltr'>τρύ-</span> 
     </span>
    </p>

    <p class='ocr_par' dir='ltr' id='par_1_22' title="bbox 883 1163 1604 1421">
     <span class='ocr_line' id='line_1_85' title="bbox 883 1163 1602 1204; baseline 0.001 -11"><span class='ocrx_word' id='word_1_465' title='bbox 883 1173 980 1199; x_wconf 74' lang='grc' dir='ltr'>πανον,</span> <span class='ocrx_word' id='word_1_466' title='bbox 997 1163 1157 1200; x_wconf 78' lang='lat' dir='ltr'><strong>terebrum,</strong></span> <span class='ocrx_word' id='word_1_467' title='bbox 1182 1164 1196 1194; x_wconf 77' lang='grc' dir='ltr'>ἦ</span> <span class='ocrx_word' id='word_1_468' title='bbox 1216 1165 1348 1204; x_wconf 56' lang='grc' dir='ltr'>τρυτάνη.</span> <span class='ocrx_word' id='word_1_469' title='bbox 1394 1165 1457 1195; x_wconf 92' lang='lat' dir='ltr'><strong>Sed</strong></span> <span class='ocrx_word' id='word_1_470' title='bbox 1480 1169 1510 1194; x_wconf 92' lang='lat' dir='ltr'><strong>et</strong></span> <span class='ocrx_word' id='word_1_471' title='bbox 1536 1165 1602 1194; x_wconf 87' lang='lat' dir='ltr'><strong>haec</strong></span> 
     </span>
     <span class='ocr_line' id='line_1_86' title="bbox 883 1206 1604 1248; baseline 0.003 -13"><span class='ocrx_word' id='word_1_472' title='bbox 883 1208 981 1236; x_wconf 86' lang='lat' dir='ltr'><strong>verba</strong></span> <span class='ocrx_word' id='word_1_473' title='bbox 1008 1207 1143 1236; x_wconf 85' lang='lat' dir='ltr'><strong>derivari</strong></span> <span class='ocrx_word' id='word_1_474' title='bbox 1170 1212 1303 1246; x_wconf 84' lang='lat' dir='ltr'><strong>possunt</strong></span> <span class='ocrx_word' id='word_1_475' title='bbox 1331 1206 1398 1237; x_wconf 74' lang='grc' dir='ltr'>ἐιωδ</span> <span class='ocrx_word' id='word_1_476' title='bbox 1427 1209 1477 1238; x_wconf 80' lang='grc' dir='ltr'><strong>τοῦ</strong></span> <span class='ocrx_word' id='word_1_477' title='bbox 1504 1207 1604 1248; x_wconf 85' lang='grc' dir='ltr'>τρύειν.</span> 
     </span>
     <span class='ocr_line' id='line_1_87' title="bbox 883 1250 1603 1287; baseline 0 -7"><span class='ocrx_word' id='word_1_478' title='bbox 883 1250 986 1280; x_wconf 88' lang='lat' dir='ltr'><strong>Multa</strong></span> <span class='ocrx_word' id='word_1_479' title='bbox 1001 1251 1040 1280; x_wconf 84' lang='lat' dir='ltr'><strong>ad</strong></span> <span class='ocrx_word' id='word_1_480' title='bbox 1055 1251 1135 1280; x_wconf 81' lang='lat' dir='ltr'><strong>huno</strong></span> <span class='ocrx_word' id='word_1_481' title='bbox 1149 1250 1250 1280; x_wconf 89' lang='lat' dir='ltr'><strong>locum</strong></span> <span class='ocrx_word' id='word_1_482' title='bbox 1272 1251 1375 1281; x_wconf 88' lang='lat' dir='ltr'><strong>Persii</strong></span> <span class='ocrx_word' id='word_1_483' title='bbox 1390 1251 1603 1287; x_wconf 85' lang='lat' dir='ltr'><strong>Casanbonus,</strong></span> 
     </span>
     <span class='ocr_line' id='line_1_88' title="bbox 884 1294 1601 1334; baseline 0.001 -11"><span class='ocrx_word' id='word_1_484' title='bbox 884 1304 974 1333; x_wconf 91' lang='lat' dir='ltr'><strong>quem</strong></span> <span class='ocrx_word' id='word_1_485' title='bbox 998 1294 1083 1330; x_wconf 86' lang='lat' dir='ltr'><strong>vide,</strong></span> <span class='ocrx_word' id='word_1_486' title='bbox 1107 1294 1134 1324; x_wconf 88' lang='lat' dir='ltr'><strong>si</strong></span> <span class='ocrx_word' id='word_1_487' title='bbox 1158 1294 1270 1334; x_wconf 87' lang='lat' dir='ltr'><strong>placet.</strong></span> <span class='ocrx_word' id='word_1_488' title='bbox 1318 1295 1386 1324; x_wconf 88' lang='lat' dir='ltr'><strong>Nos</strong></span> <span class='ocrx_word' id='word_1_489' title='bbox 1407 1295 1488 1324; x_wconf 87' lang='lat' dir='ltr'><strong>enim</strong></span> <span class='ocrx_word' id='word_1_490' title='bbox 1510 1294 1601 1324; x_wconf 82' lang='lat' dir='ltr'><strong>nimis</strong></span> 
     </span>
     <span class='ocr_line' id='line_1_89' title="bbox 883 1336 1603 1377; baseline 0.003 -11"><span class='ocrx_word' id='word_1_491' title='bbox 883 1337 934 1366; x_wconf 86' lang='lat' dir='ltr'><strong>hic</strong></span> <span class='ocrx_word' id='word_1_492' title='bbox 956 1338 1053 1368; x_wconf 88' lang='lat' dir='ltr'><strong>multa</strong></span> <span class='ocrx_word' id='word_1_493' title='bbox 1077 1336 1131 1368; x_wconf 76' lang='grc' dir='ltr'><strong>ὑπὸ</strong></span> <span class='ocrx_word' id='word_1_494' title='bbox 1152 1337 1221 1377; x_wconf 79' lang='grc' dir='ltr'>μίαν</span> <span class='ocrx_word' id='word_1_495' title='bbox 1243 1337 1371 1373; x_wconf 82' lang='grc' dir='ltr'>Μύκονον,</span> <span class='ocrx_word' id='word_1_496' title='bbox 1397 1339 1480 1377; x_wconf 84' lang='lat' dir='ltr'><strong>quod</strong></span> <span class='ocrx_word' id='word_1_497' title='bbox 1506 1338 1603 1368; x_wconf 88' lang='lat' dir='ltr'><strong>aiunt.</strong></span> 
     </span>
     <span class='ocr_line' id='line_1_90' title="bbox 883 1381 1499 1421; baseline -0.002 -10"><span class='ocrx_word' id='word_1_498' title='bbox 883 1382 934 1411; x_wconf 89' lang='lat' dir='ltr'><strong>De</strong></span> <span class='ocrx_word' id='word_1_499' title='bbox 950 1392 1009 1420; x_wconf 86' lang='lat' dir='ltr'><strong>quo</strong></span> <span class='ocrx_word' id='word_1_500' title='bbox 1027 1381 1194 1421; x_wconf 80' lang='lat' dir='ltr'><strong>proverbio</strong></span> <span class='ocrx_word' id='word_1_501' title='bbox 1211 1382 1283 1411; x_wconf 88' lang='lat' dir='ltr'><strong>vide</strong></span> <span class='ocrx_word' id='word_1_502' title='bbox 1298 1381 1499 1421; x_wconf 86' lang='lat' dir='ltr'><strong>Stephanum.</strong></span> 
     </span>
    </p>

    <p class='ocr_par' dir='ltr' id='par_1_23' title="bbox 882 1423 1604 1638">
     <span class='ocr_line' id='line_1_91' title="bbox 925 1423 1603 1466; baseline -0.003 -11"><span class='ocrx_word' id='word_1_503' title='bbox 925 1442 970 1447; x_wconf 82' lang='grc'><strong>--</strong></span> <span class='ocrx_word' id='word_1_504' title='bbox 986 1428 1017 1456; x_wconf 90' lang='grc'><strong>6.</strong></span> <span class='ocrx_word' id='word_1_505' title='bbox 1039 1424 1107 1455; x_wconf 68' lang='grc' dir='ltr'>ὅταν</span> <span class='ocrx_word' id='word_1_506' title='bbox 1119 1443 1163 1447; x_wconf 91' lang='lat'><strong>—-</strong></span> <span class='ocrx_word' id='word_1_507' title='bbox 1177 1424 1299 1466; x_wconf 67' lang='grc' dir='ltr'>ἀργύριον</span> <span class='ocrx_word' id='word_1_508' title='bbox 1322 1423 1521 1466; x_wconf 69' lang='grc' dir='ltr'>προσενέγκῃς]</span> <span class='ocrx_word' id='word_1_509' title='bbox 1548 1423 1603 1454; x_wconf 88' lang='lat' dir='ltr'><strong>Fi-</strong></span> 
     </span>
     <span class='ocr_line' id='line_1_92' title="bbox 884 1466 1603 1509; baseline -0.001 -11"><span class='ocrx_word' id='word_1_510' title='bbox 884 1478 959 1507; x_wconf 86' lang='lat' dir='ltr'><strong>gura</strong></span> <span class='ocrx_word' id='word_1_511' title='bbox 974 1468 1113 1504; x_wconf 84' lang='lat' dir='ltr'><strong>honesta,</strong></span> <span class='ocrx_word' id='word_1_512' title='bbox 1125 1469 1223 1508; x_wconf 85' lang='lat' dir='ltr'><strong>inquit</strong></span> <span class='ocrx_word' id='word_1_513' title='bbox 1233 1468 1373 1504; x_wconf 85' lang='lat' dir='ltr'><strong>Servius,</strong></span> <span class='ocrx_word' id='word_1_514' title='bbox 1384 1470 1492 1509; x_wconf 68' lang='grc' dir='ltr'>σχῆμα</span> <span class='ocrx_word' id='word_1_515' title='bbox 1504 1466 1603 1500; x_wconf 76' lang='grc' dir='ltr'>εὐειδὲς</span> 
     </span>
     <span class='ocr_line' id='line_1_93' title="bbox 882 1511 1601 1553; baseline 0 -13"><span class='ocrx_word' id='word_1_516' title='bbox 882 1512 946 1541; x_wconf 79' lang='grc' dir='ltr'>ἀντὶ</span> <span class='ocrx_word' id='word_1_517' title='bbox 958 1513 1008 1541; x_wconf 77' lang='grc' dir='ltr'><strong>τοῦ</strong></span> <span class='ocrx_word' id='word_1_518' title='bbox 1017 1511 1186 1553; x_wconf 58' lang='lat' dir='ltr'><strong>oreore-timp</strong></span> <span class='ocrx_word' id='word_1_519' title='bbox 1195 1523 1249 1547; x_wconf 85' lang='grc' dir='ltr'>τις.</span> <span class='ocrx_word' id='word_1_520' title='bbox 1267 1512 1328 1542; x_wconf 90' lang='lat' dir='ltr'><strong>Sed</strong></span> <span class='ocrx_word' id='word_1_521' title='bbox 1340 1511 1400 1541; x_wconf 84' lang='lat' dir='ltr'><strong>hoc</strong></span> <span class='ocrx_word' id='word_1_522' title='bbox 1410 1512 1507 1541; x_wconf 88' lang='lat' dir='ltr'><strong>rarius</strong></span> <span class='ocrx_word' id='word_1_523' title='bbox 1518 1511 1601 1550; x_wconf 87' lang='lat' dir='ltr'><strong>apud</strong></span> 
     </span>
     <span class='ocr_line' id='line_1_94' title="bbox 884 1555 1604 1595; baseline -0.001 -11"><span class='ocrx_word' id='word_1_524' title='bbox 884 1555 1021 1591; x_wconf 76' lang='lat' dir='ltr'><strong>Graecos,</strong></span> <span class='ocrx_word' id='word_1_525' title='bbox 1037 1556 1158 1585; x_wconf 89' lang='lat' dir='ltr'><strong>Latinis</strong></span> <span class='ocrx_word' id='word_1_526' title='bbox 1174 1556 1328 1594; x_wconf 82' lang='lat' dir='ltr'><strong>frequens.</strong></span> <span class='ocrx_word' id='word_1_527' title='bbox 1357 1555 1546 1595; x_wconf 72' lang='lat' dir='ltr'><strong>(Argentum</strong></span> <span class='ocrx_word' id='word_1_528' title='bbox 1559 1555 1604 1584; x_wconf 83' lang='lat' dir='ltr'><strong>fa-</strong></span> 
     </span>
     <span class='ocr_line' id='line_1_95' title="bbox 883 1596 1560 1638; baseline -0.001 -11"><span class='ocrx_word' id='word_1_529' title='bbox 883 1598 986 1634; x_wconf 86' lang='lat' dir='ltr'><strong>cit,ne</strong></span> <span class='ocrx_word' id='word_1_530' title='bbox 1004 1598 1099 1628; x_wconf 84' lang='lat' dir='ltr'><strong>simus</strong></span> <span class='ocrx_word' id='word_1_531' title='bbox 1114 1599 1194 1638; x_wconf 84' lang='lat' dir='ltr'><strong>aequi</strong></span> <span class='ocrx_word' id='word_1_532' title='bbox 1211 1609 1311 1628; x_wconf 88' lang='lat' dir='ltr'><strong>rerum</strong></span> <span class='ocrx_word' id='word_1_533' title='bbox 1327 1596 1560 1637; x_wconf 71' lang='lat' dir='ltr'><strong>aestimatores.)</strong></span> 
     </span>
    </p>

    <p class='ocr_par' dir='ltr' id='par_1_24' title="bbox 879 1640 1605 2328">
     <span class='ocr_line' id='line_1_96' title="bbox 925 1640 1603 1682; baseline 0 -12"><span class='ocrx_word' id='word_1_534' title='bbox 925 1659 969 1664; x_wconf 84' lang='lat'><em>-</em></span> <span class='ocrx_word' id='word_1_535' title='bbox 980 1641 1057 1671; x_wconf 86' lang='lat' dir='ltr'><strong>ibid.</strong></span> <span class='ocrx_word' id='word_1_536' title='bbox 1068 1641 1182 1682; x_wconf 77' lang='grc' dir='ltr'>οῗχεται</span> <span class='ocrx_word' id='word_1_537' title='bbox 1194 1641 1284 1682; x_wconf 78' lang='grc' dir='ltr'>φέρον]</span> <span class='ocrx_word' id='word_1_538' title='bbox 1301 1641 1422 1680; x_wconf 76' lang='lat' dir='ltr'><strong>Saepius</strong></span> <span class='ocrx_word' id='word_1_539' title='bbox 1436 1640 1603 1681; x_wconf 85' lang='lat' dir='ltr'><strong>participio</strong></span> 
     </span>
     <span class='ocr_line' id='line_1_97' title="bbox 883 1684 1604 1723; baseline 0 -10"><span class='ocrx_word' id='word_1_540' title='bbox 883 1684 1019 1714; x_wconf 87' lang='lat' dir='ltr'><strong>cohaeret</strong></span> <span class='ocrx_word' id='word_1_541' title='bbox 1049 1685 1110 1714; x_wconf 83' lang='lat' dir='ltr'><strong>hoc</strong></span> <span class='ocrx_word' id='word_1_542' title='bbox 1139 1686 1281 1720; x_wconf 88' lang='lat' dir='ltr'><strong>verbum,</strong></span> <span class='ocrx_word' id='word_1_543' title='bbox 1311 1688 1346 1714; x_wconf 86' lang='lat' dir='ltr'><strong>ut</strong></span> <span class='ocrx_word' id='word_1_544' title='bbox 1377 1690 1446 1714; x_wconf 87' lang='lat' dir='ltr'><strong>aute</strong></span> <span class='ocrx_word' id='word_1_545' title='bbox 1474 1685 1604 1723; x_wconf 60' lang='grc' dir='ltr'>ἀπάγων</span> 
     </span>
     <span class='ocr_line' id='line_1_98' title="bbox 883 1726 1604 1768; baseline 0 -12"><span class='ocrx_word' id='word_1_546' title='bbox 883 1726 988 1768; x_wconf 74' lang='grc' dir='ltr'>ᾤχετο.</span> <span class='ocrx_word' id='word_1_547' title='bbox 1018 1727 1130 1756; x_wconf 84' lang='lat' dir='ltr'><strong>Plato:</strong></span> <span class='ocrx_word' id='word_1_548' title='bbox 1150 1726 1232 1757; x_wconf 78' lang='grc' dir='ltr'>ποίαν</span> <span class='ocrx_word' id='word_1_549' title='bbox 1246 1727 1328 1766; x_wconf 71' lang='grc' dir='ltr'>αὐτῷ</span> <span class='ocrx_word' id='word_1_550' title='bbox 1347 1726 1473 1756; x_wconf 78' lang='grc' dir='ltr'>παιδείαν</span> <span class='ocrx_word' id='word_1_551' title='bbox 1496 1727 1604 1757; x_wconf 72' lang='grc' dir='ltr'>ἰδιωτι-</span> 
     </span>
     <span class='ocr_line' id='line_1_99' title="bbox 881 1768 1604 1810; baseline 0 -11"><span class='ocrx_word' id='word_1_552' title='bbox 881 1773 930 1801; x_wconf 73' lang='grc' dir='ltr'>κῆν</span> <span class='ocrx_word' id='word_1_553' title='bbox 950 1768 1069 1809; x_wconf 73' lang='grc' dir='ltr'>ἀνθέξειν</span> <span class='ocrx_word' id='word_1_554' title='bbox 1083 1768 1217 1810; x_wconf 82' lang='grc' dir='ltr'>νομίζεις,</span> <span class='ocrx_word' id='word_1_555' title='bbox 1237 1773 1279 1809; x_wconf 83' lang='grc' dir='ltr'>μῆ</span> <span class='ocrx_word' id='word_1_556' title='bbox 1297 1770 1326 1799; x_wconf 84' lang='grc' dir='ltr'><strong>οὐ</strong></span> <span class='ocrx_word' id='word_1_557' title='bbox 1341 1770 1604 1800; x_wconf 63' lang='grc' dir='ltr'>κατακλυσθεῖσαν</span> 
     </span>
     <span class='ocr_line' id='line_1_100' title="bbox 882 1811 1602 1867; baseline -0.001 -24"><span class='ocrx_word' id='word_1_558' title='bbox 882 1825 936 1844; x_wconf 75' lang='grc' dir='ltr'><strong>υπο</strong></span> <span class='ocrx_word' id='word_1_559' title='bbox 959 1813 1085 1844; x_wconf 81' lang='grc' dir='ltr'>τοιούτου</span> <span class='ocrx_word' id='word_1_560' title='bbox 1108 1812 1199 1852; x_wconf 68' lang='grc' dir='ltr'>ψόγου</span> <span class='ocrx_word' id='word_1_561' title='bbox 1225 1812 1258 1867; x_wconf 48' lang='grc' dir='ltr'><strong>ἢτ</strong></span> <span class='ocrx_word' id='word_1_562' title='bbox 1268 1811 1400 1850; x_wconf 71' lang='grc' dir='ltr'>εωαίνου,</span> <span class='ocrx_word' id='word_1_563' title='bbox 1425 1813 1602 1854; x_wconf 64' lang='grc' dir='ltr'>οἶχητεσὲαι</span> 
     </span>
     <span class='ocr_line' id='line_1_101' title="bbox 882 1855 1602 1898; baseline 0.003 -13"><span class='ocrx_word' id='word_1_564' title='bbox 882 1855 1032 1896; x_wconf 57' lang='grc' dir='ltr'>φερομένην</span> <span class='ocrx_word' id='word_1_565' title='bbox 1050 1859 1130 1886; x_wconf 72' lang='grc' dir='ltr'>κατὰ</span> <span class='ocrx_word' id='word_1_566' title='bbox 1149 1857 1216 1897; x_wconf 80' lang='grc' dir='ltr'>ῥοῦν,</span> <span class='ocrx_word' id='word_1_567' title='bbox 1240 1869 1254 1896; x_wconf 76' lang='grc' dir='ltr'><em>ῃ</em></span> <span class='ocrx_word' id='word_1_568' title='bbox 1281 1856 1314 1886; x_wconf 73' lang='grc' dir='ltr'>ἂν</span> <span class='ocrx_word' id='word_1_569' title='bbox 1333 1856 1419 1891; x_wconf 71' lang='grc' dir='ltr'>αυτὸς</span> <span class='ocrx_word' id='word_1_570' title='bbox 1435 1857 1520 1898; x_wconf 72' lang='grc' dir='ltr'>φέρῃ·</span> <span class='ocrx_word' id='word_1_571' title='bbox 1513 1881 1521 1895; x_wconf 89' lang='grc'>,</span> <span class='ocrx_word' id='word_1_572' title='bbox 1546 1856 1602 1897; x_wconf 87' lang='lat' dir='ltr'><strong>[de</strong></span> 
     </span>
     <span class='ocr_line' id='line_1_102' title="bbox 882 1899 1605 1939; baseline 0.003 -11"><span class='ocrx_word' id='word_1_573' title='bbox 882 1901 992 1938; x_wconf 86' lang='lat' dir='ltr'><strong>repub.</strong></span> <span class='ocrx_word' id='word_1_574' title='bbox 1009 1899 1085 1939; x_wconf 91' lang='lat' dir='ltr'><strong>v1]</strong></span> <span class='ocrx_word' id='word_1_575' title='bbox 1131 1900 1201 1929; x_wconf 85' lang='lat' dir='ltr'><strong>Non</strong></span> <span class='ocrx_word' id='word_1_576' title='bbox 1220 1899 1301 1929; x_wconf 87' lang='lat' dir='ltr'><strong>enim</strong></span> <span class='ocrx_word' id='word_1_577' title='bbox 1324 1899 1425 1929; x_wconf 87' lang='lat' dir='ltr'><strong>minus</strong></span> <span class='ocrx_word' id='word_1_578' title='bbox 1442 1910 1527 1939; x_wconf 80' lang='lat' dir='ltr'><strong>saepe</strong></span> <span class='ocrx_word' id='word_1_579' title='bbox 1549 1901 1605 1930; x_wconf 85' lang='lat' dir='ltr'><strong>de-</strong></span> 
     </span>
     <span class='ocr_line' id='line_1_103' title="bbox 882 1942 1601 1984; baseline 0.003 -14"><span class='ocrx_word' id='word_1_580' title='bbox 882 1942 989 1978; x_wconf 79' lang='lat' dir='ltr'><strong>clarat,</strong></span> <span class='ocrx_word' id='word_1_581' title='bbox 1013 1945 1121 1981; x_wconf 83' lang='lat' dir='ltr'><strong>perire,</strong></span> <span class='ocrx_word' id='word_1_582' title='bbox 1143 1943 1276 1972; x_wconf 62' lang='lat' dir='ltr'><strong>interne.</strong></span> <span class='ocrx_word' id='word_1_583' title='bbox 1322 1943 1472 1978; x_wconf 88' lang='lat' dir='ltr'><strong>Basilius,</strong></span> <span class='ocrx_word' id='word_1_584' title='bbox 1489 1942 1601 1984; x_wconf 81' lang='grc' dir='ltr'>οἴχεται</span> 
     </span>
     <span class='ocr_line' id='line_1_104' title="bbox 882 1984 1603 2027; baseline 0 -12"><span class='ocrx_word' id='word_1_585' title='bbox 882 1985 897 2015; x_wconf 79' lang='grc' dir='ltr'>ἦ</span> <span class='ocrx_word' id='word_1_586' title='bbox 921 1984 1061 2025; x_wconf 70' lang='grc' dir='ltr'>σεμνὸτης</span> <span class='ocrx_word' id='word_1_587' title='bbox 1087 1985 1223 2027; x_wconf 78' lang='grc' dir='ltr'>ἷερατικῆ.</span> <span class='ocrx_word' id='word_1_588' title='bbox 1271 1985 1368 2015; x_wconf 80' lang='lat' dir='ltr'><strong>Periit</strong></span> <span class='ocrx_word' id='word_1_589' title='bbox 1394 1987 1527 2027; x_wconf 79' lang='lat' dir='ltr'><strong>dignitas</strong></span> <span class='ocrx_word' id='word_1_590' title='bbox 1551 1986 1603 2017; x_wconf 85' lang='lat' dir='ltr'><strong>vel</strong></span> 
     </span>
     <span class='ocr_line' id='line_1_105' title="bbox 879 2028 1603 2069; baseline 0.001 -11"><span class='ocrx_word' id='word_1_591' title='bbox 879 2030 1015 2069; x_wconf 77' lang='lat' dir='ltr'><strong>gravitas</strong></span> <span class='ocrx_word' id='word_1_592' title='bbox 1042 2029 1239 2059; x_wconf 80' lang='lat' dir='ltr'><strong>sacerdotalis.</strong></span> <span class='ocrx_word' id='word_1_593' title='bbox 1288 2029 1416 2059; x_wconf 87' lang='lat' dir='ltr'><strong>Plautus</strong></span> <span class='ocrx_word' id='word_1_594' title='bbox 1444 2028 1603 2069; x_wconf 90' lang='lat' dir='ltr'><strong>[Trinum-</strong></span> 
     </span>
     <span class='ocr_line' id='line_1_106' title="bbox 881 2071 1603 2114; baseline 0.003 -13"><span class='ocrx_word' id='word_1_595' title='bbox 881 2071 949 2113; x_wconf 89' lang='lat' dir='ltr'><strong>mo]</strong></span> <span class='ocrx_word' id='word_1_596' title='bbox 980 2072 1095 2102; x_wconf 88' lang='lat' dir='ltr'><strong>“ratio</strong></span> <span class='ocrx_word' id='word_1_597' title='bbox 1117 2078 1251 2107; x_wconf 87' lang='lat' dir='ltr'><strong>constat,</strong></span> <span class='ocrx_word' id='word_1_598' title='bbox 1272 2077 1432 2111; x_wconf 83' lang='lat' dir='ltr'><strong>argentum</strong></span> <span class='ocrx_word' id='word_1_599' title='bbox 1455 2072 1603 2114; x_wconf 82' lang='grc' dir='ltr'>οἴχεται.”</span> 
     </span>
     <span class='ocr_line' id='line_1_107' title="bbox 882 2115 1600 2157; baseline 0.001 -12"><span class='ocrx_word' id='word_1_600' title='bbox 882 2115 949 2145; x_wconf 84' lang='lat' dir='ltr'><strong>Cic.</strong></span> <span class='ocrx_word' id='word_1_601' title='bbox 989 2116 1045 2157; x_wconf 86' lang='lat' dir='ltr'><strong>[ad</strong></span> <span class='ocrx_word' id='word_1_602' title='bbox 1074 2116 1213 2147; x_wconf 85' lang='lat' dir='ltr'><strong>Atticum</strong></span> <span class='ocrx_word' id='word_1_603' title='bbox 1242 2116 1302 2145; x_wconf 86' lang='lat' dir='ltr'><strong>VI.</strong></span> <span class='ocrx_word' id='word_1_604' title='bbox 1332 2115 1424 2155; x_wconf 89' lang='lat' dir='ltr'><strong>epist.</strong></span> <span class='ocrx_word' id='word_1_605' title='bbox 1454 2117 1482 2145; x_wconf 95' lang='lat' dir='ltr'><strong>I.</strong></span> <span class='ocrx_word' id='word_1_606' title='bbox 1515 2116 1600 2156; x_wconf 91' lang='lat' dir='ltr'><strong>init.]</strong></span> 
     </span>
     <span class='ocr_line' id='line_1_108' title="bbox 881 2158 1602 2201; baseline -0.001 -12"><span class='ocrx_word' id='word_1_607' title='bbox 881 2162 903 2176; x_wconf 90' lang='lat'><strong>‘¹</strong></span> <span class='ocrx_word' id='word_1_608' title='bbox 894 2158 1020 2195; x_wconf 86' lang='lat' dir='ltr'><strong>‘Quare</strong></span> <span class='ocrx_word' id='word_1_609' title='bbox 1040 2170 1100 2189; x_wconf 89' lang='lat' dir='ltr'><strong>non</strong></span> <span class='ocrx_word' id='word_1_610' title='bbox 1121 2159 1233 2201; x_wconf 82' lang='grc' dir='ltr'>οἴχεται</span> <span class='ocrx_word' id='word_1_611' title='bbox 1255 2163 1309 2189; x_wconf 84' lang='lat' dir='ltr'><strong>tua</strong></span> <span class='ocrx_word' id='word_1_612' title='bbox 1331 2159 1496 2193; x_wconf 86' lang='lat' dir='ltr'><strong>industria,</strong></span> <span class='ocrx_word' id='word_1_613' title='bbox 1519 2161 1602 2198; x_wconf 88' lang='lat' dir='ltr'><strong>quod</strong></span> 
     </span>
     <span class='ocr_line' id='line_1_109' title="bbox 883 2202 1601 2242; baseline 0.001 -10"><span class='ocrx_word' id='word_1_614' title='bbox 883 2203 1013 2239; x_wconf 82' lang='lat' dir='ltr'><strong>vereris,</strong></span> <span class='ocrx_word' id='word_1_615' title='bbox 1029 2203 1085 2233; x_wconf 87' lang='lat' dir='ltr'><strong>sed</strong></span> <span class='ocrx_word' id='word_1_616' title='bbox 1101 2203 1250 2242; x_wconf 86' lang='lat' dir='ltr'><strong>praeclare</strong></span> <span class='ocrx_word' id='word_1_617' title='bbox 1263 2202 1407 2242; x_wconf 85' lang='lat' dir='ltr'><strong>ponitur:</strong></span> <span class='ocrx_word' id='word_1_618' title='bbox 1432 2202 1458 2232; x_wconf 90' lang='lat' dir='ltr'><strong>si</strong></span> <span class='ocrx_word' id='word_1_619' title='bbox 1475 2203 1601 2242; x_wconf 89' lang='lat' dir='ltr'><strong>quidem</strong></span> 
     </span>
     <span class='ocr_line' id='line_1_110' title="bbox 881 2246 1602 2286; baseline 0.001 -11"><span class='ocrx_word' id='word_1_620' title='bbox 881 2246 913 2275; x_wconf 86' lang='lat' dir='ltr'><strong>id</strong></span> <span class='ocrx_word' id='word_1_621' title='bbox 929 2246 1034 2285; x_wconf 86' lang='lat' dir='ltr'><strong>egisti,</strong></span> <span class='ocrx_word' id='word_1_622' title='bbox 1055 2252 1089 2276; x_wconf 91' lang='lat' dir='ltr'><strong>ut</strong></span> <span class='ocrx_word' id='word_1_623' title='bbox 1107 2256 1166 2286; x_wconf 88' lang='lat' dir='ltr'><strong>ego</strong></span> <span class='ocrx_word' id='word_1_624' title='bbox 1185 2247 1367 2276; x_wconf 83' lang='lat' dir='ltr'><strong>delectarer.</strong></span> <span class='ocrx_word' id='word_1_625' title='bbox 1412 2247 1494 2276; x_wconf 87' lang='lat' dir='ltr'><strong>Nam</strong></span> <span class='ocrx_word' id='word_1_626' title='bbox 1516 2246 1602 2276; x_wconf 84' lang='lat' dir='ltr'><strong>nulla</strong></span> 
     </span>
     <span class='ocr_line' id='line_1_111' title="bbox 881 2288 1333 2328; baseline -0.002 -9"><span class='ocrx_word' id='word_1_627' title='bbox 881 2299 914 2319; x_wconf 85' lang='lat' dir='ltr'><strong>re</strong></span> <span class='ocrx_word' id='word_1_628' title='bbox 930 2300 996 2319; x_wconf 87' lang='lat' dir='ltr'><strong>sum</strong></span> <span class='ocrx_word' id='word_1_629' title='bbox 1012 2290 1188 2320; x_wconf 84' lang='lat' dir='ltr'><strong>delectatus</strong></span> <span class='ocrx_word' id='word_1_630' title='bbox 1203 2288 1333 2328; x_wconf 75' lang='lat' dir='ltr'><strong>magis.’&#39;</strong></span> 
     </span>
    </p>

    <p class='ocr_par' dir='ltr' id='par_1_25' title="bbox 880 2331 1604 3067">
     <span class='ocr_line' id='line_1_112' title="bbox 923 2331 1600 2373; baseline -0.003 -10"><span class='ocrx_word' id='word_1_631' title='bbox 923 2333 1060 2364; x_wconf 80' lang='lat' dir='ltr'><strong>—ibid.</strong></span> <span class='ocrx_word' id='word_1_632' title='bbox 1089 2333 1139 2363; x_wconf 75' lang='grc' dir='ltr'><strong>καὶ</strong></span> <span class='ocrx_word' id='word_1_633' title='bbox 1166 2331 1343 2363; x_wconf 44' lang='lat' dir='ltr'><strong>mesonma</strong></span> <span class='ocrx_word' id='word_1_634' title='bbox 1372 2331 1419 2362; x_wconf 73' lang='grc' dir='ltr'>τόν</span> <span class='ocrx_word' id='word_1_635' title='bbox 1444 2331 1600 2373; x_wconf 72' lang='grc' dir='ltr'>λογισμὲν]</span> 
     </span>
     <span class='ocr_line' id='line_1_113' title="bbox 881 2374 1602 2407; baseline 0 -1"><span class='ocrx_word' id='word_1_636' title='bbox 881 2376 1070 2407; x_wconf 87' lang='lat' dir='ltr'><strong>Perseverat</strong></span> <span class='ocrx_word' id='word_1_637' title='bbox 1085 2377 1116 2406; x_wconf 88' lang='lat' dir='ltr'><strong>iu</strong></span> <span class='ocrx_word' id='word_1_638' title='bbox 1133 2377 1240 2406; x_wconf 85' lang='lat' dir='ltr'><strong>eadem</strong></span> <span class='ocrx_word' id='word_1_639' title='bbox 1255 2376 1464 2406; x_wconf 87' lang='lat' dir='ltr'><strong>translatione.</strong></span> <span class='ocrx_word' id='word_1_640' title='bbox 1510 2374 1602 2406; x_wconf 80' lang='grc' dir='ltr'>ἕλκειν</span> 
     </span>
     <span class='ocr_line' id='line_1_114' title="bbox 880 2418 1602 2460; baseline 0 -11"><span class='ocrx_word' id='word_1_641' title='bbox 880 2421 934 2460; x_wconf 72' lang='grc' dir='ltr'>γὰρ</span> <span class='ocrx_word' id='word_1_642' title='bbox 949 2419 998 2450; x_wconf 77' lang='grc' dir='ltr'><strong>καὶ</strong></span> <span class='ocrx_word' id='word_1_643' title='bbox 1014 2420 1092 2459; x_wconf 78' lang='grc' dir='ltr'>ἄγειν</span> <span class='ocrx_word' id='word_1_644' title='bbox 1105 2419 1152 2449; x_wconf 79' lang='grc' dir='ltr'><strong>ἐπὶ</strong></span> <span class='ocrx_word' id='word_1_645' title='bbox 1170 2423 1226 2451; x_wconf 72' lang='grc' dir='ltr'><strong>τῶν</strong></span> <span class='ocrx_word' id='word_1_646' title='bbox 1242 2419 1391 2459; x_wconf 64' lang='grc' dir='ltr'>σταθμῶν</span> <span class='ocrx_word' id='word_1_647' title='bbox 1407 2418 1550 2457; x_wconf 77' lang='grc' dir='ltr'>λέγονται,</span> <span class='ocrx_word' id='word_1_648' title='bbox 1566 2419 1602 2449; x_wconf 83' lang='lat' dir='ltr'><strong>de</strong></span> 
     </span>
     <span class='ocr_line' id='line_1_115' title="bbox 881 2461 1600 2502; baseline 0 -10"><span class='ocrx_word' id='word_1_649' title='bbox 881 2464 1064 2494; x_wconf 72' lang='lat' dir='ltr'><strong>libramentis</strong></span> <span class='ocrx_word' id='word_1_650' title='bbox 1086 2464 1262 2502; x_wconf 78' lang='lat' dir='ltr'><strong>ponderum.</strong></span> <span class='ocrx_word' id='word_1_651' title='bbox 1279 2463 1465 2492; x_wconf 81' lang='lat' dir='ltr'><strong>Aristoteles</strong></span> <span class='ocrx_word' id='word_1_652' title='bbox 1486 2461 1600 2502; x_wconf 81' lang='lat' dir='ltr'><strong>[Rhet.</strong></span> 
     </span>
     <span class='ocr_line' id='line_1_116' title="bbox 880 2505 1600 2546; baseline -0.001 -10"><span class='ocrx_word' id='word_1_653' title='bbox 880 2507 946 2537; x_wconf 82' lang='lat'><strong>111.</strong></span> <span class='ocrx_word' id='word_1_654' title='bbox 968 2517 996 2537; x_wconf 92' lang='lat' dir='ltr'><strong>c.</strong></span> <span class='ocrx_word' id='word_1_655' title='bbox 1013 2505 1087 2546; x_wconf 92' lang='lat' dir='ltr'><strong>IV.]</strong></span> <span class='ocrx_word' id='word_1_656' title='bbox 1112 2506 1165 2542; x_wconf 88' lang='lat' dir='ltr'><strong>ait,</strong></span> <span class='ocrx_word' id='word_1_657' title='bbox 1191 2506 1420 2536; x_wconf 80' lang='lat' dir='ltr'><strong>laudatissimus</strong></span> <span class='ocrx_word' id='word_1_658' title='bbox 1439 2505 1509 2535; x_wconf 84' lang='lat' dir='ltr'><strong>illas</strong></span> <span class='ocrx_word' id='word_1_659' title='bbox 1529 2516 1600 2536; x_wconf 88' lang='lat' dir='ltr'><strong>esse</strong></span> 
     </span>
     <span class='ocr_line' id='line_1_117' title="bbox 880 2547 1602 2590; baseline 0 -11"><span class='ocrx_word' id='word_1_660' title='bbox 880 2550 995 2585; x_wconf 78' lang='grc' dir='ltr'>εἰκόνας,</span> <span class='ocrx_word' id='word_1_661' title='bbox 1008 2560 1076 2590; x_wconf 87' lang='lat' dir='ltr'><strong>quae</strong></span> <span class='ocrx_word' id='word_1_662' title='bbox 1088 2550 1242 2580; x_wconf 87' lang='lat' dir='ltr'><strong>ducuntur</strong></span> <span class='ocrx_word' id='word_1_663' title='bbox 1255 2548 1286 2579; x_wconf 80' lang='grc' dir='ltr'><strong>ἐκ</strong></span> <span class='ocrx_word' id='word_1_664' title='bbox 1298 2550 1348 2580; x_wconf 78' lang='grc' dir='ltr'><strong>τοῦ</strong></span> <span class='ocrx_word' id='word_1_665' title='bbox 1357 2547 1506 2587; x_wconf 74' lang='grc' dir='ltr'>ἀναλόγου,</span> <span class='ocrx_word' id='word_1_666' title='bbox 1518 2548 1602 2588; x_wconf 77' lang='lat' dir='ltr'><strong>quod</strong></span> 
     </span>
     <span class='ocr_line' id='line_1_118' title="bbox 882 2592 1601 2632; baseline -0.003 -9"><span class='ocrx_word' id='word_1_667' title='bbox 882 2594 933 2623; x_wconf 88' lang='lat' dir='ltr'><strong>hic</strong></span> <span class='ocrx_word' id='word_1_668' title='bbox 959 2594 1112 2624; x_wconf 84' lang='lat' dir='ltr'><strong>videmus.</strong></span> <span class='ocrx_word' id='word_1_669' title='bbox 1144 2592 1286 2632; x_wconf 68' lang='grc' dir='ltr'>λογισμὸς</span> <span class='ocrx_word' id='word_1_670' title='bbox 1309 2597 1357 2623; x_wconf 89' lang='lat' dir='ltr'><strong>est</strong></span> <span class='ocrx_word' id='word_1_671' title='bbox 1380 2593 1508 2629; x_wconf 86' lang='lat' dir='ltr'><strong>trutina,</strong></span> <span class='ocrx_word' id='word_1_672' title='bbox 1532 2603 1601 2632; x_wconf 87' lang='lat' dir='ltr'><strong>quae</strong></span> 
     </span>
     <span class='ocr_line' id='line_1_119' title="bbox 880 2636 1603 2676; baseline -0.003 -9"><span class='ocrx_word' id='word_1_673' title='bbox 880 2647 983 2667; x_wconf 90' lang='lat' dir='ltr'><strong>rerum</strong></span> <span class='ocrx_word' id='word_1_674' title='bbox 1013 2641 1169 2667; x_wconf 86' lang='lat' dir='ltr'><strong>momenta</strong></span> <span class='ocrx_word' id='word_1_675' title='bbox 1198 2636 1375 2676; x_wconf 85' lang='lat' dir='ltr'><strong>perpendit.</strong></span> <span class='ocrx_word' id='word_1_676' title='bbox 1426 2637 1522 2674; x_wconf 58' lang='lat' dir='ltr'><strong>‘Quod</strong></span> <span class='ocrx_word' id='word_1_677' title='bbox 1554 2641 1603 2665; x_wconf 90' lang='lat' dir='ltr'><strong>est</strong></span> 
     </span>
     <span class='ocr_line' id='line_1_120' title="bbox 881 2678 1600 2720; baseline -0.004 -10"><span class='ocrx_word' id='word_1_678' title='bbox 881 2681 976 2720; x_wconf 83' lang='lat' dir='ltr'><strong>igitur</strong></span> <span class='ocrx_word' id='word_1_679' title='bbox 990 2680 1020 2711; x_wconf 90' lang='lat' dir='ltr'><strong>in</strong></span> <span class='ocrx_word' id='word_1_680' title='bbox 1037 2681 1152 2710; x_wconf 82' lang='lat' dir='ltr'><strong>trutina</strong></span> <span class='ocrx_word' id='word_1_681' title='bbox 1168 2684 1366 2715; x_wconf 88' lang='lat' dir='ltr'><strong>momentum,</strong></span> <span class='ocrx_word' id='word_1_682' title='bbox 1380 2679 1438 2709; x_wconf 85' lang='lat' dir='ltr'><strong>hoc</strong></span> <span class='ocrx_word' id='word_1_683' title='bbox 1453 2680 1482 2708; x_wconf 88' lang='lat' dir='ltr'><strong>in</strong></span> <span class='ocrx_word' id='word_1_684' title='bbox 1499 2678 1600 2708; x_wconf 83' lang='lat' dir='ltr'><strong>auimo</strong></span> 
     </span>
     <span class='ocr_line' id='line_1_121' title="bbox 882 2721 1602 2763; baseline -0.006 -9"><span class='ocrx_word' id='word_1_685' title='bbox 882 2724 1012 2754; x_wconf 88' lang='lat' dir='ltr'><strong>lucrum.</strong></span> <span class='ocrx_word' id='word_1_686' title='bbox 1058 2725 1230 2763; x_wconf 90' lang='lat' dir='ltr'><strong>Utrumque</strong></span> <span class='ocrx_word' id='word_1_687' title='bbox 1251 2723 1332 2753; x_wconf 85' lang='lat' dir='ltr'><strong>enim</strong></span> <span class='ocrx_word' id='word_1_688' title='bbox 1351 2722 1488 2752; x_wconf 86' lang='lat' dir='ltr'><strong>inclinat.</strong></span> <span class='ocrx_word' id='word_1_689' title='bbox 1533 2721 1602 2750; x_wconf 88' lang='lat' dir='ltr'><strong>Sal-</strong></span> 
     </span>
     <span class='ocr_line' id='line_1_122' title="bbox 882 2765 1601 2817; baseline -0.006 -20"><span class='ocrx_word' id='word_1_690' title='bbox 882 2767 995 2797; x_wconf 90' lang='lat' dir='ltr'><strong>lustius</strong></span> <span class='ocrx_word' id='word_1_691' title='bbox 1011 2767 1063 2817; x_wconf 68' lang='lat' dir='ltr'><strong>[iu</strong></span> <span class='ocrx_word' id='word_1_692' title='bbox 1075 2769 1226 2807; x_wconf 85' lang='lat' dir='ltr'><strong>conjurat.</strong></span> <span class='ocrx_word' id='word_1_693' title='bbox 1241 2766 1332 2796; x_wconf 83' lang='lat' dir='ltr'><strong>Catil.</strong></span> <span class='ocrx_word' id='word_1_694' title='bbox 1335 2766 1375 2807; x_wconf 87' lang='lat'><strong>]‘</strong></span> <span class='ocrx_word' id='word_1_695' title='bbox 1381 2765 1528 2796; x_wconf 81' lang='lat' dir='ltr'><strong>‘Omneis</strong></span> <span class='ocrx_word' id='word_1_696' title='bbox 1546 2765 1601 2794; x_wconf 88' lang='lat' dir='ltr'><strong>ho-</strong></span> 
     </span>
     <span class='ocr_line' id='line_1_123' title="bbox 882 2807 1601 2850; baseline -0.006 -10"><span class='ocrx_word' id='word_1_697' title='bbox 882 2810 995 2847; x_wconf 88' lang='lat' dir='ltr'><strong>mines,</strong></span> <span class='ocrx_word' id='word_1_698' title='bbox 1011 2810 1066 2850; x_wconf 81' lang='lat' dir='ltr'><strong>qui</strong></span> <span class='ocrx_word' id='word_1_699' title='bbox 1078 2811 1118 2841; x_wconf 89' lang='lat' dir='ltr'><strong>de</strong></span> <span class='ocrx_word' id='word_1_700' title='bbox 1131 2811 1226 2841; x_wconf 87' lang='lat' dir='ltr'><strong>rebus</strong></span> <span class='ocrx_word' id='word_1_701' title='bbox 1240 2807 1346 2840; x_wconf 85' lang='lat' dir='ltr'><strong>dubiis</strong></span> <span class='ocrx_word' id='word_1_702' title='bbox 1359 2808 1546 2844; x_wconf 76' lang='lat' dir='ltr'><strong>consultant,</strong></span> <span class='ocrx_word' id='word_1_703' title='bbox 1562 2808 1601 2837; x_wconf 86' lang='lat' dir='ltr'><strong>ab</strong></span> 
     </span>
     <span class='ocr_line' id='line_1_124' title="bbox 883 2851 1603 2893; baseline -0.004 -9"><span class='ocrx_word' id='word_1_704' title='bbox 883 2854 968 2890; x_wconf 88' lang='lat' dir='ltr'><strong>odio,</strong></span> <span class='ocrx_word' id='word_1_705' title='bbox 980 2854 1128 2889; x_wconf 79' lang='lat' dir='ltr'><strong>amicitia,</strong></span> <span class='ocrx_word' id='word_1_706' title='bbox 1144 2855 1200 2891; x_wconf 78' lang='lat' dir='ltr'><strong>ira,</strong></span> <span class='ocrx_word' id='word_1_707' title='bbox 1216 2858 1307 2893; x_wconf 80' lang='lat' dir='ltr'><strong>atque</strong></span> <span class='ocrx_word' id='word_1_708' title='bbox 1322 2851 1534 2882; x_wconf 79' lang='lat' dir='ltr'><strong>misericordia</strong></span> <span class='ocrx_word' id='word_1_709' title='bbox 1550 2860 1603 2880; x_wconf 81' lang='lat' dir='ltr'><strong>va-</strong></span> 
     </span>
     <span class='ocr_line' id='line_1_125' title="bbox 883 2893 1602 2938; baseline -0.007 -10"><span class='ocrx_word' id='word_1_710' title='bbox 883 2907 960 2928; x_wconf 88' lang='lat' dir='ltr'><strong>cuos</strong></span> <span class='ocrx_word' id='word_1_711' title='bbox 981 2908 1050 2928; x_wconf 86' lang='lat' dir='ltr'><strong>esse</strong></span> <span class='ocrx_word' id='word_1_712' title='bbox 1073 2899 1174 2928; x_wconf 85' lang='lat' dir='ltr'><strong>decet.</strong></span> <span class='ocrx_word' id='word_1_713' title='bbox 1199 2897 1247 2938; x_wconf 89' lang='lat' dir='ltr'><strong>[p.</strong></span> <span class='ocrx_word' id='word_1_714' title='bbox 1266 2898 1338 2926; x_wconf 77' lang='lat'><strong>113.</strong></span> <span class='ocrx_word' id='word_1_715' title='bbox 1353 2895 1402 2924; x_wconf 86' lang='lat' dir='ltr'><strong>ed.</strong></span> <span class='ocrx_word' id='word_1_716' title='bbox 1419 2893 1477 2934; x_wconf 90' lang='lat' dir='ltr'><strong>D]</strong></span> <span class='ocrx_word' id='word_1_717' title='bbox 1505 2894 1602 2923; x_wconf 84' lang='lat' dir='ltr'><strong>Haud</strong></span> 
     </span>
     <span class='ocr_line' id='line_1_126' title="bbox 884 2936 1602 2978; baseline -0.008 -7"><span class='ocrx_word' id='word_1_718' title='bbox 884 2941 975 2971; x_wconf 74' lang='lat' dir='ltr'><strong>facile</strong></span> <span class='ocrx_word' id='word_1_719' title='bbox 991 2941 1111 2972; x_wconf 82' lang='lat' dir='ltr'><strong>animus</strong></span> <span class='ocrx_word' id='word_1_720' title='bbox 1122 2950 1229 2971; x_wconf 86' lang='lat' dir='ltr'><strong>verum</strong></span> <span class='ocrx_word' id='word_1_721' title='bbox 1245 2938 1402 2978; x_wconf 84' lang='lat' dir='ltr'><strong>providet,</strong></span> <span class='ocrx_word' id='word_1_722' title='bbox 1420 2937 1472 2966; x_wconf 85' lang='lat' dir='ltr'><strong>ubi</strong></span> <span class='ocrx_word' id='word_1_723' title='bbox 1488 2936 1541 2966; x_wconf 91' lang='lat' dir='ltr'><strong>illa</strong></span> <span class='ocrx_word' id='word_1_724' title='bbox 1556 2937 1602 2967; x_wconf 84' lang='lat' dir='ltr'><strong>of-</strong></span> 
     </span>
     <span class='ocr_line' id='line_1_127' title="bbox 885 2980 1604 3015; baseline -0.008 0"><span class='ocrx_word' id='word_1_725' title='bbox 885 2984 1003 3015; x_wconf 77' lang='lat' dir='ltr'><strong>ficiunt.</strong></span> <span class='ocrx_word' id='word_1_726' title='bbox 1006 2984 1026 2998; x_wconf 86' lang='lat'><strong>&#39;&#39;</strong></span> <span class='ocrx_word' id='word_1_727' title='bbox 1070 2983 1231 3015; x_wconf 86' lang='lat' dir='ltr'><strong>Potuisset</strong></span> <span class='ocrx_word' id='word_1_728' title='bbox 1253 2982 1359 3012; x_wconf 80' lang='lat' dir='ltr'><strong>Caesar</strong></span> <span class='ocrx_word' id='word_1_729' title='bbox 1373 2981 1421 3010; x_wconf 89' lang='lat' dir='ltr'><strong>his</strong></span> <span class='ocrx_word' id='word_1_730' title='bbox 1438 2981 1551 3010; x_wconf 83' lang='lat' dir='ltr'><strong>addere</strong></span> <span class='ocrx_word' id='word_1_731' title='bbox 1573 2980 1604 3010; x_wconf 90' lang='lat' dir='ltr'><strong>in</strong></span> 
     </span>
     <span class='ocr_line' id='line_1_128' title="bbox 884 3024 1603 3067; baseline -0.007 -9"><span class='ocrx_word' id='word_1_732' title='bbox 884 3027 994 3067; x_wconf 84' lang='lat' dir='ltr'><strong>primis</strong></span> <span class='ocrx_word' id='word_1_733' title='bbox 1020 3027 1190 3062; x_wconf 78' lang='lat' dir='ltr'><strong>avaritiam,</strong></span> <span class='ocrx_word' id='word_1_734' title='bbox 1218 3026 1271 3056; x_wconf 87' lang='lat' dir='ltr'><strong>sed</strong></span> <span class='ocrx_word' id='word_1_735' title='bbox 1299 3025 1339 3056; x_wconf 75' lang='lat' dir='ltr'><strong>ad</strong></span> <span class='ocrx_word' id='word_1_736' title='bbox 1362 3024 1518 3064; x_wconf 81' lang='lat' dir='ltr'><strong>negotium</strong></span> <span class='ocrx_word' id='word_1_737' title='bbox 1542 3034 1603 3054; x_wconf 88' lang='lat' dir='ltr'><strong>uon</strong></span> 
     </span>
    </p>
   </div>
   <div class='ocr_carea' id='block_1_17' title="bbox 887 3072 945 3103">
    <p class='ocr_par' dir='ltr' id='par_1_26' title="bbox 887 3072 945 3103">
     <span class='ocr_line' id='line_1_129' title="bbox 887 3072 945 3103; baseline 0.017 -1"><span class='ocrx_word' id='word_1_738' title='bbox 887 3072 945 3103; x_wconf 64' lang='lat' dir='ltr'><strong>3ss</strong></span> 
     </span>
    </p>
   </div>
  </div>
 </body>
</html>
