1931 3322
284 210 365 252 AD
397 208 765 251 ORATIONEM
800 208 864 249 IN
896 208 1388 254 ARISTOCRATEM.

135 319 232 352 esset,
259 320 290 347 et
317 316 400 353 ideo,
426 315 509 355 quod
537 314 565 344 is
594 314 686 345 vobis
714 313 845 344 infestus

134 363 218 388 esset.
228 359 242 388 ’ἕ

178 403 253 433 692.
271 404 301 432 2.
316 398 480 442 ἀποκτείνῃ]
496 405 567 440 post
582 399 740 442 ἀποκτείνῃ
757 400 844 430 vide-

134 447 184 473 tur
197 442 313 483 γράψας
327 445 448 473 deesse.

174 503 218 508 —
238 487 292 537 ²13.
316 485 484 537 ἐνεγκόντι]
500 486 623 517 correxi
652 484 841 524 ἐπενεγκόντι.

131 534 199 558 nam
213 528 225 558 ὁ
235 527 348 566 ἐνεγκων
357 532 406 561 τὴν
421 530 482 560 αἰτ-
484 541 516 559 αν
528 535 587 564 est,
603 539 676 559 reus
692 529 843 565 criminis,

132 571 184 610 qui
214 572 359 602 facinoris
389 573 597 607 insimulatur,
626 571 777 610 arguitur.
810 572 841 601 id

130 614 212 652 quod
235 624 253 644 a
275 615 336 645 loci
358 616 446 655 hujus
463 616 613 646 sententia
635 619 684 645 est
700 613 842 646 alienum.

129 657 218 686 Sed‘
206 669 219 686 ο
233 655 384 696 ἐπενεγκὼν
397 664 456 694 est,
469 663 638 689 accusator.

171 717 215 723 —
230 701 282 732 15.
306 701 378 732 οὐδὲν
392 702 531 743 ὑπειπὼν]
555 702 637 732 nulla
657 711 730 731 usus
746 711 842 732 exce-

129 742 250 782 ptione.

170 803 215 809 —
237 788 288 816 19.
311 783 349 816 ων
376 786 462 823 aim-033·
491 786 579 828 ἀξίω]
614 786 699 822 αὖτός
726 787 842 817 delevi.

129 829 289 859 Sententia
302 831 478 866 verborum,
495 830 553 862 οὔτ’
567 830 653 866 αὐτὸς
668 831 763 866 εἰπὼν,
779 831 842 861 οὔτε

128 871 196 912 ‘nug'
216 868 253 902 οἷν
274 872 351 912 ἀξιοῖ
370 874 469 907 λαβεῖν
489 874 625 909 αἰτήσας,
644 874 732 914 plana
749 879 796 904 est
811 878 844 904 et

126 916 304 955 perspicua,
320 917 385 946 haec
398 923 486 956 puta:
511 918 632 947 tametsi
645 928 744 957 neque
757 928 842 947 men-

127 958 242 989 tionem
254 959 504 999 habendijudicii
514 961 641 990 fecisset
652 961 681 990 in
695 962 764 999 lege
777 971 843 997 sua,

127 1012 227 1041 neque
250 1012 304 1032 eos
329 1004 526 1040 nominasset,
549 1015 566 1033 a
589 1004 699 1043 quibus
715 1004 840 1042 dignum

129 1050 254 1075 censeat
263 1055 347 1076 reum
360 1046 490 1086 primum
501 1047 611 1087 repeti,
621 1052 651 1077 et
661 1047 706 1077 sic
718 1048 841 1077 demum

127 1088 285 1127 impetrari
298 1089 348 1119 vel
361 1090 494 1119 aufferri.

169 1149 214 1154 —
230 1134 282 1162 20.
304 1131 356 1172 ιιᾷν
369 1143 415 1166 τις
430 1132 599 1173 ἀφαιρῆται]
617 1132 685 1163 scil.
699 1131 748 1163 ’τόν
759 1132 842 1172 ἄγον-

1512 214 1589 256 163

880 311 1022 352 eripitur,
1032 314 1216 349 nominatur,
1228 315 1287 345 iste
1298 317 1385 352 alter,
1398 316 1450 356 qui
1462 319 1592 358 rapitur,

879 356 1037 391 reticetur,
1054 357 1125 395 quia
1140 358 1230 387 facile
1247 364 1344 396 paret,
1364 360 1433 399 quis
1448 361 1593 400 designe-

878 403 940 434 tur,
956 409 972 428 e
988 399 1110 438 praemis
1106 410 1147 429 so
1162 400 1173 428 ὅ
1187 401 1480 440 Spain-ac.1ntegrum
1492 405 1591 434 soret:

877 441 924 472 ἐὰν
940 440 968 471 δέ
985 453 1036 492 τις.
1046 441 1192 482 ἀφέληται
1202 442 1248 472 τὸν
1260 444 1366 480 ἄγοντα
1378 456 1423 474 τον
1435 446 1593 485 δράσαντα.

877 485 910 514 Si
927 486 994 524 quis
1010 485 1049 521 ei,
1062 486 1114 525 qui
1131 490 1333 525 peremtorem
1349 488 1522 518 Charidemi
1538 492 1591 520 ah-

877 529 971 558 ducat
988 529 1029 564 vi,
1046 534 1249 568 peremtorem
1267 529 1387 568 eripiat.

918 589 962 594 ·——
979 572 1035 601 ult.
1060 572 1145 611 κύριον
1155 591 1197 595 —-
1207 573 1333 613 ἄναιξῶν]
1357 572 1457 602 malim
1472 581 1524 605 aut
1539 587 1590 604 κυ-

876 615 1007 655 ριώτερον,
1023 619 1075 644 aut
1088 617 1216 656 ἀναιςοῦν.
1233 616 1304 645 dedi
1321 617 1360 645 de
1377 626 1445 645 meo
1461 617 1591 658 ἀναιξουν,

877 663 910 688 nt
927 659 963 687 ad
982 656 1128 698 ψῆφισμα
1145 660 1262 689 redeat.

920 703 993 732 693.
1015 703 1047 732 3.
1069 702 1181 744 αὐτοῖς]
1206 701 1388 732 Αιίείοοιιιῑί
1411 706 1486 742 puta
1510 704 1591 742 ejus-

876 755 935 785 que
952 745 1124 775 advocatis.

918 804 962 811 —-
976 790 1008 818 4.
1029 788 1171 830 γὲγξαφε]
1191 788 1259 818 scil.
1275 788 1493 819 Aristocrates.

919 849 962 854 —
982 833 1012 861 8.
1035 831 1183 873 πεποίηκε]
1208 832 1277 862 scil.
1300 831 1346 861 τὸν
1368 830 1453 872 φόνον.
1475 833 1498 862 si
1521 842 1591 862 san-

875 874 959 904 xisset
973 876 1004 904 in
1027 875 1087 915 lege
1097 885 1150 905 sua
1163 878 1199 905 de
1211 886 1240 905 eo
1256 875 1419 905 habendum
1423 876 1593 914 judicium,

873 919 1090 957 perpetraritne
1100 924 1167 948 reus
1181 919 1297 954 coedem,
1313 928 1365 948 nec
1380 928 1427 948 ue.

919 978 963 983 ——
981 964 1030 991 10.
1053 960 1139 1000 ὄνομα
1155 961 1226 992 αὐτὸ
1241 959 1371 1002 γράψας]
1396 971 1453 1000 pro
1469 962 1593 1000 post1·e-'

876 1014 925 1033 ma
953 1015 1027 1034 voce
1055 1005 1128 1035 dedi
1155 1004 1335 1045 ὑπογράψας.
1365 1015 1432 1034 cum
1453 1005 1591 1043 praescri-

872 1048 981 1084 psisset,
996 1048 1043 1076 vel
1054 1050 1245 1087 proemisisset.
1260 1049 1312 1088 qui
1326 1047 1450 1078 codices
1463 1048 1520 1077 hoc
1535 1059 1591 1078 ex-

876 1090 991 1126 hibent,
1012 1091 1035 1120 ii
1056 1092 1188 1121 mediam
1212 1102 1318 1122 vocem
1343 1091 1408 1121 fere
1431 1091 1590 1127 omittunt,

875 1144 963 1172 quam
976 1135 1155 1164 servandam
1167 1134 1325 1164 existimo.
1339 1144 1464 1169 merum,
1473 1134 1591 1164 nudum

126 1185 168 1204 τα.
187 1173 237 1204 τὸν
257 1173 450 1217 ἀπαχθέντα.
472 1177 561 1206 etiam
585 1177 610 1205 si
631 1177 696 1216 quis
719 1182 841 1207 conetur
865 1176 1019 1217 jocinoris
1034 1188 1155 1214 nomen,
1171 1178 1257 1208 nulla
1268 1179 1373 1208 addita
1384 1178 1590 1213 restrictione,

125 1217 284 1248 abduc-enti
296 1219 502 1248 abducendum
517 1220 636 1258 eripere.

169 1277 213 1284 —
224 1263 277 1291 24.
291 1261 339 1291 τὸν
349 1262 471 1302 ἄγοντα]
489 1263 619 1292 subaudi
631 1261 677 1292 τὸν
691 1260 840 1304 ἀπαχθέν-

126 1315 178 1339 τα,
191 1309 229 1333 ut
244 1305 334 1334 modo
349 1306 418 1335 dixi
433 1306 470 1335 ad
489 1316 518 1336 v.
535 1308 587 1336 20.
604 1310 649 1341 ut,
661 1306 744 1355 quod
761 1307 840 1345 Tay-

124 1347 173 1377 lor
188 1348 266 1384 vult,
278 1347 325 1378 τόν
338 1347 445 1387 ἄγοντα.
459 1350 647 1389 expellatur,
665 1350 791 1388 ejusque
808 1350 839 1378 in

125 1390 224 1420 locum
240 1391 405 1421 sufficiatur
416 1391 463 1422 τὸν
475 1392 622 1434 ἀχθέντα,
633 1402 712 1431 opus
725 1392 767 1422 nil
782 1397 838 1421 est.

126 1443 194 1463 nam
213 1433 405 1474 ἀφαιρεῖσθαί
425 1436 489 1465 τινα
505 1447 535 1466 τι
551 1442 728 1474 usurpatur.
745 1436 840 1465 alicui

126 1476 243 1517 aliquid
257 1478 379 1518 eripere.
422 1478 487 1509 Hic
501 1479 554 1509 ille
567 1478 772 1514 solummodo,
788 1478 839 1508 cui

875 1224 927 1250 aut
943 1221 1132 1251 conditione.

917 1280 960 1286 ——
977 1267 1029 1295 15.
1045 1263 1185 1306 ὑπερβὰς]
1208 1264 1333 1294 videtur
1347 1267 1398 1293 aut
1413 1262 1475 1298 hic,
1491 1267 1542 1293 aut
1559 1274 1589 1293 v.

875 1309 927 1336 11.
943 1307 1117 1344 delendum,
1132 1307 1192 1337 nisi
1208 1308 1349 1337 volumus
1362 1307 1423 1336 vim
1439 1307 1589 1345 quandam

874 1355 906 1379 et
930 1350 1077 1380 orationis
1102 1351 1329 1380 contentionem
1353 1350 1384 1379 in
1410 1350 1466 1379 hoc
1492 1351 1588 1379 verbo

874 1392 986 1423 iterato
1002 1394 1112 1424 inesse.
1129 1394 1210 1433 quod
1224 1394 1366 1433 equidem
1380 1392 1469 1422 facile
1481 1393 1591 1432 patiar,

875 1435 902 1465 si
919 1437 978 1466 sint
994 1436 1046 1476 qui
1064 1437 1220 1467 affirment.

332 1611 418 1653 AD
452 1611 821 1655 ORATIONEM
852 1612 916 1654 IN
948 1611 1378 1655 TIMOCRATEM.

165 1727 292 1767 Scripta
314 1731 363 1758 est
385 1728 521 1767 ejusdem
550 1727 685 1758 Diodori
706 1729 841 1765 nomine,

124 1772 213 1811 cujus
225 1776 273 1801 est
287 1771 488 1801 Androtiana.
505 1782 536 1801 v.
548 1782 580 1811 p.
595 1774 670 1801 ¹721.
687 1774 740 1801 10.

168 1817 244 1845 700.
262 1817 314 1844 11.
338 1813 387 1844 οὐκ.
401 1812 623 1854 ἀποτρέψομαι]
641 1814 709 1844 scil.
726 1815 777 1844 τοῦ
792 1813 842 1844 λέ-

125 1868 191 1896 γειν.
205 1857 284 1887 haud
294 1857 393 1896 patiar
403 1868 451 1887 me
465 1858 589 1893 abduci,
599 1857 649 1887 vel
662 1858 841 1894 absterreri,

126 1900 288 1938 quominus
303 1899 336 1930 id
351 1900 486 1940 eloquar.
497 1900 549 1930 alii
565 1901 688 1931 codices
705 1902 778 1930 dant
793 1901 841 1930 οὐκ

125 1941 344 1982 ἀποκρύψομαι.
354 1954 443 1982 quam
459 1944 621 1974 lectionem
631 1944 752 1974 tametsi
762 1955 841 1983 prae-

126 1984 187 2016 sert
202 1985 327 2025 Taylur,
342 1991 373 2016 et
387 1985 529 2016 usitatior
547 1987 670 2026 quidem
686 1992 746 2023 est,
762 1987 839 2016 baud

126 2028 207 2058 enim
225 2028 387 2065 infitiabor,
407 2030 503 2059 nihilo
524 2033 623 2059 tamen
643 2034 692 2060 est
705 2030 842 2069 vulgata,

124 2081 224 2111 neque
239 2072 386 2107 deterior,
401 2082 499 2112 neque
514 2072 633 2102 melior.

166 2132 211 2138 —-
226 2117 278 2146 13.
303 2115 394 2157 ποιεῖ]
420 2116 545 2146 ποιεῖται
564 2115 682 2146 mavult
704 2115 840 2146 Jurinus.

123 2168 185 2188 non
200 2158 292 2189 video
307 2169 372 2188 cur.
387 2160 516 2189 ποιεῖται
532 2163 582 2189 est
597 2158 681 2190 habet
696 2169 752 2198 pro
767 2170 840 2189 con-

124 2202 299 2232 temnenda.
314 2201 369 2232 sed
383 2203 461 2237 ποιεῖ’
472 2206 521 2232 est
534 2202 633 2233 reddit
643 2207 841 2233 contemnen-

123 2244 206 2274 dam.
218 2244 252 2274 id
267 2245 350 2286 quod
367 2246 434 2275 vult
448 2250 562 2276 orator.

166 2305 211 2310 —
223 2298 294 2327 pen.
318 2288 346 2318 οὐ
370 2287 510 2330 πξότερον]
534 2288 601 2319 scil.
624 2287 640 2320 ἢ
662 2287 732 2329 ‘nae'
749 2289 842 2319 αὐτῶν

121 2329 220 2371 εἴληφε
233 2329 267 2360 τό
281 2331 412 2371 ἀργῦξιον.
429 2342 490 2362 non
507 2332 606 2371 prius,
620 2343 708 2372 quam
725 2334 762 2363 ab
777 2332 841 2363 illis

123 2373 285 2413 pecuniam
298 2375 485 2414 impetravit.

166 2419 241 2447 701.
249 2419 302 2448 23.
313 2418 502 2460 πράγματος]
517 2418 638 2449 Citath.
650 2419 672 2449 l.
685 2419 839 2458 Harpoer.

123 2470 156 2490 v.
180 2458 240 2490 ἀπὸ
253 2461 304 2491 τοῦ
317 2462 503 2502 πράγματος.
527 2463 580 2492 sed
604 2472 709 2492 errore
725 2472 839 2492 memo-

122 2502 189 2540 riae,
202 2514 263 2543 quo
279 2513 361 2543 saepe
373 2504 454 2544 lapsi
467 2509 539 2535 sunt
553 2509 673 2535 veteres
689 2516 724 2545 gr
727 2515 839 2536 amma-

123 2545 189 2582 tioi,
203 2546 422 2577 Androtianam
435 2558 491 2587 pro
500 2547 838 2579 Timocraiealaudans.

164 2607 210 2612 -
224 2590 307 2621 Ibid.
320 2588 375 2628 ἐγὼ
390 2590 463 2631 γὰρ]
481 2591 554 2620 nihil
570 2591 621 2621 hic
636 2591 737 2628 deest,
754 2593 837 2632 quod

122 2632 259 2663 Wolfius
275 2633 448 2675 suspicatus
463 2639 520 2670 est,
531 2644 590 2664 non
607 2635 769 2665 attendens
784 2636 838 2666 ille

123 2675 163 2705 ad
179 2685 268 2712 usum
289 2677 449 2716 particulae
473 2679 539 2718 γὰς,
561 2677 614 2717 qui
637 2677 687 2708 hic
709 2678 838 2710 obtinet.

123 2727 236 2757 nempe,
250 2720 532 2755 scilicetmimirum.

168 2763 244 2793 ¹702.
256 2764 288 2793 3.
312 2761 519 2801 αἰτιασάμενος
538 2765 593 2804 γάρ
613 2775 654 2803 με
668 2763 728 2805 —]
752 2775 783 2795 v.
807 2775 838 2804 p.

123 2804 261 2836 593.11.
275 2805 329 2836 ubi
340 2806 428 2837 locus
441 2807 615 2848 hiolegitur
626 2817 713 2847 paene
727 2807 837 2838 iisdem

126 2847 241 2878 verbis.

166 2907 211 2913 -—-
223 2891 274 2922 15.
289 2890 355 2942 και]
370 2892 456 2923 uncis
470 2893 590 2923 inclusi.
602 2903 633 2923 v.
647 2905 680 2934 p.
695 2895 770 2925 703
786 2896 837 2924 12.

123 2935 267 2972 utraeque
283 2935 364 2966 enim
383 2936 446 2966 illae
470 2937 606 2976 pecuniae
623 2937 769 2977 publicae,
784 2948 839 2968 seu

125 2975 219 3012 urbis,
244 2982 338 3009 crant.
382 2979 540 3010 Sententia
561 2985 626 3010 est:
649 2981 760 3011 multas
787 2981 839 3010 ha-

122 3018 213 3049 bente
225 3028 251 3050 r
275 3021 434 3061 pecunias,
463 3027 524 3054 tam
551 3023 715 3060 Minervae,
746 3033 837 3064 qnam

875 1728 1048 1768 Eponymis
1071 1738 1187 1764 sacras,
1203 1739 1271 1768 quae
1295 1729 1391 1759 ambae
1408 1734 1479 1759 sunt
1498 1729 1593 1764 urbis,

875 1781 974 1813 eoque
992 1773 1091 1802 aerarii
1105 1772 1223 1811 publici
1238 1772 1383 1811 propriae.

916 1832 960 1836 —
976 1817 1029 1846 23.
1043 1814 1092 1846 ἐπὶ
1105 1814 1215 1849 τούτοις
1227 1815 1337 1855 αὐτοῖς]
1356 1825 1415 1845 non
1427 1814 1526 1845 otiosa
1543 1819 1592 1844 est

874 1862 1029 1897 postrema
1050 1869 1122 1888 vox.
1143 1868 1229 1898 super
1250 1858 1295 1888 his
1314 1859 1381 1898 ipsis
1399 1859 1495 1895 rebus,
1515 1859 1545 1888 b.
1563 1869 1592 1887 e.

875 1901 958 1937 unis,
974 1902 1061 1932 solis.

918 1946 993 1975 703.
1016 1947 1048 1975 3.
1078 1944 1128 1974 τοῦ
1153 1942 1346 1984 δικαστηξίου]
1374 1945 1451 1973 bene
1475 1943 1590 1973 habere

874 1992 962 2025 puto,
977 1987 1100 2017 tametsi
1120 1989 1211 2025 paulo
1233 1993 1303 2017 ante
1322 1997 1352 2026 p.
1367 1989 1443 2017 70¹2.
1461 1989 1513 2018 24.
1542 1986 1591 2015 di-

875 2029 974 2059 xisset
989 2029 1060 2060 δυοῖν
1070 2028 1261 2070 δικαστηρίοιν.
1279 2029 1418 2069 quamvis
1429 2030 1508 2059 enim
1522 2030 1590 2059 He-

874 2073 955 2108 liaea,
972 2083 989 2103 e
1002 2073 1076 2103 viris
1087 2083 1148 2103 uno
1160 2080 1190 2103 et
1205 2073 1288 2103 mille
1305 2078 1423 2109 coacta,
1437 2083 1453 2102 e
1466 2072 1590 2102 duobus

869 2115 998 2155 judiciis
1014 2116 1190 2151 coaluisset,
1206 2127 1333 2156 quorum
1350 2116 1590 2155 unumquodque

874 2169 891 2188 e
910 2159 1085 2199 quingentis
1108 2165 1274 2194 constaret,
1296 2169 1386 2189 unum
1404 2164 1504 2189 tamen
1524 2162 1590 2189 erat

869 2202 1033 2241 judicium.
1055 2207 1086 2232 et
1104 2203 1147 2232 sic
1164 2213 1285 2242 quoque
1307 2203 1333 2232 si
1357 2212 1373 2231 e
1396 2201 1480 2232 mille
1501 2202 1590 2241 quin-

875 2245 973 2285 gentis
989 2246 1088 2276 coiret
1104 2246 1237 2281 Heliaea,
1256 2246 1315 2275 hoc
1331 2251 1377 2275 est
1394 2256 1410 2275 e
1427 2245 1526 2275 tribus
1538 2247 1590 2284 ju·

873 2289 976 2325 diciis,
991 2299 1047 2328 pro
1064 2299 1124 2319 uuo
1141 2294 1240 2319 tamen
1253 2288 1372 2327 judicio
1389 2289 1568 2318 habebatur.

916 2351 960 2355 —
976 2335 1027 2364 13.
1045 2332 1111 2373 πρὸς
1133 2331 1263 2373 τούτους]
1288 2333 1344 2361 hos
1361 2336 1435 2370 puta
1451 2331 1589 2371 ζητητὰς,

873 2375 1055 2414 quaesitores
1082 2377 1241 2406 furtorum.
1269 2375 1392 2405 videtur
1418 2375 1516 2405 Wolf
1542 2374 1591 2405 hos

873 2429 1030 2454 exarasse,
1052 2429 1111 2449 non
1139 2429 1197 2455 vos,
1227 2419 1311 2458 quod
1335 2417 1464 2449 Jurinus
1492 2423 1590 2453 taxat,

873 2463 976 2502 operis
1007 2463 1039 2492 id
1069 2462 1172 2501 potius
1196 2461 1427 2502 typographicis
1453 2461 1591 2492 tribuen-

872 2505 959 2536 dum.
988 2505 1113 2535 Scilicet
1128 2505 1221 2544 digna
1236 2506 1302 2535 haec
1313 2510 1406 2541 erant,
1417 2514 1515 2544 neque
1530 2505 1590 2535 alia

872 2549 1025 2588 digniora,
1042 2559 1109 2588 quae
1123 2552 1350 2578 annotarentur.

915 2610 958 2615 ——-
976 2595 1027 2622 14.
1042 2591 1206 2633 ’Λςχὲβιον]
1229 2591 1418 2622 Villoisonus
1435 2590 1474 2620 ad
1491 2590 1588 2630 Apol-

872 2635 948 2665 lonii
963 2635 1103 2665 Lexicon
1120 2635 1324 2665 Homericum
1340 2644 1371 2673 p.
1383 2637 1415 2665 2.
1440 2634 1589 2673 Prolego-

871 2689 1029 2708 menorum
1055 2679 1223 2714 contendit,
1247 2678 1391 2708 vitiosam
1418 2677 1494 2707 lianc
1520 2687 1587 2706 esse

872 2721 1083 2761 scriptionem,
1097 2722 1254 2751 meliorem
1269 2719 1421 2762 Ἀρχέβιον.

913 2782 957 2787 —-
967 2767 1018 2796 23.
1029 2764 1188 2806 ἄνθρωποι]
1202 2765 1324 2795 videtur
1336 2762 1507 2794 addendum
1519 2772 1589 2791 esse

872 2807 1036 2846 Αἶγῦπτιοι.

914 2869 958 2874 -
973 2854 1025 2883 24.
1049 2849 1331 2893 ἐπεχειροτονήσατε]
1351 2848 1470 2880 correxi
1493 2848 1587 2888 ἀπεχ.

873 2904 974 2924 sermo
998 2895 1076 2924 enim
1104 2900 1152 2925 est
1175 2896 1214 2924 de
1238 2892 1484 2924 condemnatione.
1533 2891 1589 2920 Est

872 2943 974 2968 autem
991 2939 1220 2980 ἀωοχειροτονεῗν
1233 2936 1403 2966 sementiam
1416 2938 1517 2963 contra
1533 2934 1589 2962 ali-

873 2992 955 3022 quem
969 2982 1053 3011 dmue

918 3043 959 3048 -—
975 3027 1026 3056 25.
1053 3022 1117 3054 τότ’
1134 3021 1310 3063 ἀνέμνησεν
1306 3021 1383 3062 ,μᾶς
1399 3031 1464 3055 τους
1482 3017 1591 3060 νόμους,
