1948 3322
415 197 500 239 AD
535 193 899 239 ORATIONEM
939 193 1060 235 PRO
1098 193 1366 236 CORONA.

159 303 213 338 οὗν,
225 303 294 334 κινεῖ
305 314 366 339 πως
379 303 428 334 καὶ
441 303 531 345 γοργὸν
546 305 620 336 ποιεῖ
631 304 678 334 τὸν
691 303 779 342 λόγον.
814 303 865 332 Ob

161 347 342 377 vocabulum
357 347 490 387 πξοξενεῖν
503 348 577 377 citat
594 348 623 378 h.
635 348 657 377 l.
673 349 806 377 Thomas
818 347 864 375 M.

202 406 246 412 ——
258 399 329 428 pen.
343 389 373 419 οὗ
386 391 470 420 τοίνυν
484 390 540 431 --]
557 391 639 420 idem
654 398 712 427 est,
727 400 762 419 ac
778 391 803 419 si
821 390 865 419 di-

159 431 258 462 xisset
269 442 278 460 :
304 433 334 462 οὐ
355 430 440 462 τοίνυν
453 434 559 464 τούτων
575 433 645 474 [τῶν
659 435 718 468 τοῖς
732 434 867 473 τυξάννοις

158 475 474 518 πεπραγματευμὲνων]
499 476 629 518 ἐπράχθη
649 476 732 512 οὐδὲν,
760 487 865 506 eorum

158 518 290 548 omnium
315 519 391 549 nibil
420 521 581 556 confiebat,
604 521 633 550 οὔ
664 520 708 549 διὰ
734 519 781 555 σὲ,
807 531 867 549 non

157 570 217 598 quo
232 564 263 590 tu
280 562 465 598 obstifisscs,
481 564 561 593 ἀλλὰ
581 562 616 593 δι’
629 562 696 602 ἐμὲ,
712 564 766 592 sed
784 563 866 602 quod

155 612 214 654 ego
229 604 350 642 obstiti,
366 605 435 646 ωεξὶ
456 603 485 635 οὗ
507 607 545 637 σὺ
566 604 749 647 Ελασφημῶν
764 606 867 645 λέγεις,

154 656 198 674 οτι
212 663 265 676 -.

198 690 272 720 253.
288 693 319 720 1.
336 690 408 721 ἄλλ’
422 691 502 722 obbo
513 692 561 733 γε]
585 692 653 722 scil.
673 691 794 732 σιωπᾷς
814 698 867 721 λα-

153 731 220 767 ficia,
235 732 305 772 Βοᾷς
316 733 515 769 &drahel-5223.
538 735 691 774 quomodo
708 740 740 764 tu
757 746 805 765 me
822 736 867 765 ais

151 774 267 805 facere.

195 835 240 842 —
255 819 287 848 3.
302 818 436 860 τήμερον]
452 820 514 861 περὶ
529 820 562 850 τὸ
579 821 666 860 Βὶῐμα
690 820 788 861 [quod
814 832 868 851 ne-

152 865 206 899 gat
225 861 376 901 Taylorus
396 873 430 892 se
451 864 650 905 intelligere],
667 866 748 904 quod
765 865 866 895 codex

151 913 243 940 unus,
264 915 362 944 neque
382 905 410 935 is
433 907 558 947 optimae
580 913 670 943 notae,
695 909 734 938 ad
749 909 868 948 τήμερον

149 947 250 995 addit,
267 948 392 979 dubium
406 955 463 985 est,
480 952 622 983 oratoris.
635 961 672 980 an
694 952 867 982 scholiastae

152 994 206 1020 snt.
249 992 468 1032 Cujuscunque
481 1000 541 1030 est,
557 994 655 1024 voluit
670 995 708 1030 is,
723 996 775 1034 qui
791 995 867 1024 scri-

150 1033 228 1072 psit,
242 1034 287 1064 ita
305 1036 400 1066 dare:
423 1037 550 1078 τῆμερον,
566 1040 810 1078 nagivia-soffia
833 1037 868 1068 τὸ

150 1075 247 1117 Βΐίμα.
263 1088 331 1117 quae
352 1079 415 1109 sint
429 1081 520 1110 verba
538 1081 745 1110 Demosthene
761 1082 866 1121 ntique

150 1129 211 1148 non
226 1120 352 1161 indigna
367 1123 477 1152 futura.
494 1123 554 1153 nisi
570 1124 600 1153 hi
616 1124 740 1162 jndices
757 1129 799 1160 te,
821 1124 867 1154 in-

150 1162 242 1192 famia
251 1169 398 1200 notatum,
407 1165 500 1196 hodie
511 1171 621 1205 cogant
630 1166 677 1206 [id
689 1172 747 1204 est,
755 1173 868 1207 cogant

149 1206 248 1244 ajam
270 1217 349 1238 nnnc
369 1208 599 1249 imposterum]¹
621 1211 764 1243 omittere
785 1221 866 1250 quae·

149 1253 243 1286 stum,
265 1261 354 1289 quem
377 1252 476 1282 adbuc
491 1253 650 1288 factitasti,
666 1254 734 1284 scil.
753 1265 866 1294 sugge-

149 1295 229 1322 stum
245 1295 409 1325 oratorium
425 1296 683 1326 circumlatrandi.

191 1353 236 1384 .—-
249 1339 281 1366 4.
293 1335 342 1368 ἔπὶ
356 1338 483 1379 τούτοις]
498 1340 580 1379 quod
597 1351 655 1379 ego
673 1340 820 1371 Clitarchi
836 1346 867 1371 et

150 1378 326 1427 Ifhilistidae
351 1381 475 1412 fraudes
495 1383 670 1421 elusissem‚
695 1384 797 1415 irritas
821 1385 866 1414 fe·

149 1431 273 1452 eissem.
291 1435 320 1454 v.
336 1434 430 1455 versu
445 1428 498 1457 19.

174 1482 237 1513 ⁸—
249 1467 282 1496 7.
303 1467 420 1508 τούτου]
442 1470 548 1508 procul
567 1469 663 1500 dubio
682 1471 722 1500 ad
746 1480 864 1510 praeco-

150 1517 236 1538 mum
257 1509 328 1546 hoc,
347 1511 386 1540 de
409 1522 469 1551 quo
497 1523 576 1543 nunc
599 1518 745 1549 certatur,
763 1514 863 1544 ctesi-

151 1551 317 1590 phontenm
343 1555 544 1585 referendum.
589 1557 671 1595 Quia
689 1559 753 1595 jam
776 1563 865 1587 antea

151 1595 259 1632 semel,
279 1602 402 1627 auctore
422 1599 600 1629 Aristonico
623 1601 712 1636 sacto,
729 1601 864 1640 populus

149 1647 292 1668 coronam
307 1650 429 1670 auream
443 1642 515 1672 mihi
533 1643 689 1673 decretam
701 1644 731 1673 in
745 1645 864 1674 theatro

148 1690 205 1719 per
216 1691 389 1720 praeconem
406 1685 657 1726 promulgandam
675 1689 806 1723 curavit,
825 1698 863 1717 ex

149 1734 188 1773 eo
213 1724 261 1774 fit,
294 1731 327 1756 nt
357 1727 422 1757 haec
447 1729 668 1769 Ctesiphontea
697 1731 864 1761 auctoritas

147 1767 221 1797 mihi
241 1771 430 1808 pra-:conium
454 1772 595 1809 alterurn,
610 1785 679 1804 cum
695 1774 790 1806 altera
813 1786 865 1805 co—

145 1819 232 1846 rona,
248 1815 414 1852 pepererit.

190 1855 266 1886 254.
283 1858 313 1886 2.
333 1857 485 1900 αἰσχύνην]
511 1860 711 1891 Marcellinus
727 1861 765 1890 ad
784 1862 865 1890 Her-

147 1906 229 1936 mog.
244 1909 276 1938 p.
287 1902 363 1932 316.
374 1902 528 1941 κξάτιφτον
540 1903 596 1943 μὲν
608 1902 651 1934 οὖν
665 1904 714 1933 καὶ
728 1903 771 1940 τδ,
787 1904 865 1943 δόξαν

147 1942 211 1970 τινὰ
230 1945 358 1982 χςηστῆν
372 1944 561 1976 ἐποδεικνῦναι
584 1950 734 1987 πεςιποιεῖν
753 1947 815 1977 τόδε
832 1948 865 1977 τὸ

148 1985 277 2036 ’,π’ξᾷῖμξ
291 1987 442 2028 πραχθέν.
460 1988 482 2018 εἰ
499 1989 528 2019 δὲ
542 1991 585 2028 μὴ
601 1992 686 2020 τοῦτο
702 1990 863 2029 δυνάμεθα,

147 2036 187 2055 επ
207 2037 291 2058 εκεινο
299 2029 450 2070 τρεπτέον,
463 2030 506 2062 ὅτι
518 2032 588 2063 ἀλλ’
598 2032 653 2064 οὐδ’
662 2033 798 2075 αἰσχύνην
813 2045 863 2064 πε-

146 2070 280 2121 maronia-st
298 2072 338 2114 τῇ
355 2073 446 2104 πόλει.
467 2074 628 2116 δριμυτάτη
645 2079 700 2117 75⁶3
716 2078 729 2107 ἦ
746 2077 863 2109 τοιαύτη

144 2113 280 2166 μεὲοθος,
299 2112 318 2167 ’ἶ
341 2116 390 2146 καὶ
411 2118 598 2158 Δημοσθένης
617 2119 772 2161 ἐχρήσατο.
797 2122 864 2150 ἅνα-

145 2166 224 2193 γνους
236 2160 290 2198 γὰρ
307 2170 333 2188 εν
347 2159 392 2198 τῷ
401 2162 462 2200 περὶ
471 2163 614 2201 Στεφάνου
623 2164 654 2193 τὸ
667 2163 771 2204 γραφὲν
785 2165 866 2204 αὐτῷ

144 2202 225 2231 κατὰ
238 2203 302 2237 τοὺς
315 2202 480 2243 impos-Ger
489 2205 599 2246 χρόνους
614 2207 735 2247 περὶτοῦ
751 2209 863 2247 Στεφά-

145 2251 188 2272 νου
202 2242 359 2285 ψήφισμα,
376 2245 471 2279 ἐπειδὴ
494 2253 613 2290 φανερῶς
630 2251 677 2280 οὐκ
692 2249 768 2292 εῖχεν
781 2252 863 2281 ἀτενο-

145 2284 246 2325 δεῖξαι,
265 2287 308 2318 ὅτι
322 2289 370 2320 καὶ
394 2290 474 2330 δόξαν
493 2296 555 2323 τινὰ,
579 2293 618 2324 ‘rii
637 2293 717 2324 πόλει
739 2305 862 2334 περιπε-

145 2328 268 2366 ποίηκεν,
278 2331 326 2362 ἐπὶ
341 2333 375 2363 τὸ
390 2332 478 2375 ἕτερον
491 2327 651 2375 μετῆλὲεν.
667 2336 711 2371 τίς
726 2335 768 2367 σ’ῧν
784 2339 862 2376 ὑμῶν

145 2370 212 2404 οἶδεν
224 2373 344 2426 ἵέλοοτα
360 2375 375 2408 ἢ
385 2379 556 2419 χλευασμὸν
569 2379 616 2410 διαὶ
635 2382 720 2410 τοῦτο
731 2379 862 2422 συμέἁν-

145 2426 187 2444 τα
201 2428 237 2458 τῃ
253 2424 346 2448 πολει.

168 2502 175 2508 .
188 2476 239 2509 —.
248 2462 339 2511 93¹⁰·
353 2462 466 2505 χρόνων]
478 2465 551 2497 licet
561 2467 744 2498 vocabulum
756 2466 861 2509 χρόνος,

145 2501 258 2551 brebis
269 2509 422 2543 iteratum,
435 2508 461 2538 si
470 2510 625 2548 volumus,
638 2512 759 2551 gemino
770 2512 861 2542 modo

145 2555 299 2595 accipere,
321 2553 357 2579 ut
379 2560 488 2591 nempe
512 2563 604 2584 versu
629 2557 659 2585 9.
687 2565 861 2585 mensuram

143 2595 310 2637 spatiorum
326 2592 479 2633 designet,
492 2606 559 2635 qnae
571 2597 701 2628 humana
712 2604 797 2634 aetas,
809 2610 863 2638 per

145 2632 226 2668 dies,
246 2644 379 2671 menses,
394 2647 488 2669 annos
511 2641 684 2679 procedens
708 2642 860 2673 emetitur.

144 2685 237 2706 versu
250 2680 300 2707 10.
309 2685 408 2710 antem
421 2682 607 2714 fortunarum
618 2684 861 2722 vicissitudines,

146 2721 347 2752 secundarum
363 2724 634 2767 adversarumque.

173 2781 230 2815 '-—
245 2766 296 2795 20.
321 2766 384 2806 ὄςαῖν
405 2767 450 2808 δὲ]
471 2772 620 2800 sententia
640 2772 778 2811 postulat
800 2773 861 2813 ὁρῶν

144 2815 207 2846 γαρ.
221 2817 288 2838 nam
310 2809 494 2850 interceptio
510 2820 576 2843 erat
592 2815 668 2844 alter
684 2815 794 2845 modus
810 2827 859 2845 ur-

145 2848 216 2879 bem
233 2851 342 2882 Athen.
360 2854 444 2885 vetut
457 2857 599 2896 apposito
615 2859 748 2898 quodam
765 2860 801 2888 ad
816 2859 860 2888 la-

146 2895 197 2940 tus
211 2895 339 2926 castello
349 2901 563 2938 compescendi
580 2907 610 2931 et
626 2903 656 2931 in
673 2901 773 2931 officio
787 2912 860 2932 con-

145 2937 273 2968 tmendi.

171 2979 263 3027 '2552
273 2983 304 3013 3.
315 2982 605 3035 Χἀννιιλλον-ςιωθῐὶνειι]
630 2988 699 3018 scil.
721 2990 772 3021 τῆς
788 2989 860 3028 ὑμε-

146 3029 265 3061 Τέρᾱςτε
276 3035 323 3055 και
336 3027 388 3061 τῆς
395 3030 449 3058 riv
462 3029 557 3061 ἄλλων
565 3030 703 3063 ‘rixam
713 3031 858 3066 πολιτείας

1559 193 1615 234 69

898 300 947 331 καὶ
963 299 1105 334 κοινωνίας.
1119 302 1241 339 praetnli
1265 303 1341 332 hanc
1366 299 1527 331 tectionem
1547 299 1616 329 vul-

899 344 964 385 gari
980 343 1214 383 ἀλλοτξιωθῆναι.

942 405 984 410 —-
1002 390 1054 418 18.
1077 386 1109 416 ἐκ.
1123 386 1244 427 τούτων]
1270 387 1448 423 secundnm,
1465 391 1548 426 post,
1565 385 1615 416 vel

900 432 938 461 ob
952 431 1018 460 haec
1032 430 1170 469 ingentia
1186 434 1289 459 vestra
1304 429 1342 458 de
1360 430 1436 468 ipsis
1453 430 1572 460 merita.

942 493 985 497 -—
1003 476 1053 505 19.
1067 479 1236 504 ΨΗΦΙΣΜΑ
1254 473 1487 513 ΒΥΖΑΝΤΙΩΝ]
1504 473 1615 503 decre·

900 523 963 548 tum
979 518 1039 547 hoc
1057 517 1276 556 Byzantiorum
1303 525 1320 544 a
1341 522 1386 544 tot
1408 515 1484 544 viris
1501 516 1616 551 doctis,

899 566 983 590 tanta
999 571 1067 590 cum
1080 560 1241 599 diligentia
1252 563 1415 588 tractatum
1432 563 1492 592 est,
1507 563 1539 587 ut
1554 560 1619 598 spi-

900 604 1044 643 cilegium
1061 603 1210 642 exiguum
1225 602 1299 631 mihi
1315 602 1539 640 relinquerent;
1555 602 1617 631 Va-

900 648 1006 683 lesius,
1020 648 1084 677 Van
1103 647 1212 680 Dalen,
1232 646 1280 675 vir
1307 646 1418 674 doctus
1442 645 1616 679 Britannus,

901 691 952 729 qui
974 691 1031 720 sub
1056 690 1143 730 siglis
1159 690 1193 718 T.
1213 689 1253 718 R.
1270 689 1364 718 latere
1381 687 1479 717 voluit
1502 687 1532 717 in
1558 688 1617 716 Mi-

901 734 1061 764 scellaneis
1076 733 1298 764 Amstelodam.
1315 731 1386 760 vol.
1404 731 1447 760 II.
1464 741 1479 760 a
1495 741 1527 769 p.
1543 732 1617 761 354.
1659 749 1663 754 ·

901 778 939 807 ad
969 779 1042 808 357.
1073 776 1256 812 Dorvillius‚
1293 780 1325 805 et
1354 773 1515 814 Taylorus.
1548 784 1617 803 nam

901 821 1049 850 Dorvillii
1065 830 1187 854 nomen,
1202 830 1260 849 non
1280 818 1457 853 Burmanni,
1473 818 1562 846 litera
1579 818 1617 846 Β.

900 864 1054 894 indicatur
1076 863 1106 893 in
1123 863 1185 893 illis
1200 861 1421 892 Miscellaneis.
1469 862 1618 890 Burman-

902 918 957 937 nus
981 907 1083 937 seuior
1106 906 1313 936 additamenta
1336 915 1391 934 sua
1411 904 1502 934 litera
1519 904 1558 935 A.
1571 903 1618 933 di-

902 951 1021 981 stinxit.
1069 951 1223 980 Praeterea
1249 948 1468 979 succurrebant
1496 957 1617 986 quoque

901 994 1025 1024 codices
1039 993 1114 1023 Msti
1130 993 1292 1023 Demosth.
1314 997 1350 1021 ut
1373 991 1448 1021 satis
1464 991 1552 1021 facile
1569 1001 1618 1020 es-

901 1043 960 1072 set,
975 1036 1120 1072 maculas,
1136 1047 1203 1075 quae
1219 1036 1249 1065 in
1267 1035 1433 1066 Lutetiana
1447 1039 1519 1065 sunt
1540 1034 1619 1064 mul-

900 1084 939 1109 tae
955 1080 1120 1119 foedaeque,
1136 1080 1250 1109 eluere.

944 1140 987 1146 ·—
1001 1125 1052 1153 20.
1081 1120 1225 1163 ἐντεαλίςι]
1250 1121 1373 1152 correxi
1391 1119 1418 1150 ἐν
1439 1120 1479 1161 τᾷ
1497 1119 1566 1161 ἁλίᾳ
1586 1120 1618 1150 in

900 1165 1058 1196 concione.
1073 1165 1144 1194 ἱιλία
1160 1172 1207 1195 est
1223 1164 1423 1204 congregatio
1447 1164 1619 1194 multitudi-

900 1210 959 1245 nis,
976 1209 1139 1239 multitudo
1159 1214 1356 1248 congregata,
1374 1214 1405 1237 et
1427 1209 1511 1237 locus
1526 1212 1617 1246 atque

899 1257 1021 1291 tempus
1034 1252 1292 1291 congregationis.
1337 1252 1438 1281 Multa
1453 1256 1533 1286 sunt,
1549 1262 1617 1289 quae

899 1298 936 1326 ab
947 1297 1017 1330 ἁλῇς
1027 1297 1196 1330 confertus,
1205 1296 1334 1330 densus,
1343 1295 1532 1324 derivantur.
1540 1295 1617 1329 ἅλις,

898 1338 1014 1379 ἁλίζειν,
1030 1344 1061 1369 et
1077 1339 1137 1368 alia
1152 1339 1237 1368 talia.
1282 1340 1376 1368 Error
1392 1338 1558 1367 scribarum
1571 1338 1616 1366 sic

899 1387 988 1412 natus
1016 1389 1074 1413 est.
1119 1383 1155 1412 In
1180 1383 1243 1411 illis
1266 1381 1491 1411 vetustioribus
1515 1381 1617 1415 libris,

899 1426 951 1465 qui
972 1426 1073 1456 literis
1089 1426 1206 1455 exarati
1222 1430 1308 1455 erant
1321 1424 1494 1454 uncialibus
1510 1424 1616 1458 dictis,

898 1469 1000 1499 omnia
1029 1471 1124 1499 verba
1159 1469 1239 1499 inter
1270 1479 1303 1498 se
1330 1468 1471 1497 continue
1502 1468 1618 1506 scripta

898 1518 996 1548 erant,
1020 1518 1051 1542 ut
1066 1512 1176 1552 peritia
1189 1517 1219 1542 et
1236 1522 1289 1542 usu
1304 1512 1400 1540 multo
1422 1511 1450 1540 ei
1475 1521 1553 1549 opus
1569 1522 1617 1540 es-

899 1560 956 1591 set,
973 1557 1024 1595 qui
1037 1557 1141 1595 legere
1156 1555 1260 1585 vellet.
1278 1555 1389 1585 deiude
1406 1554 1525 1584 literam
1542 1554 1616 1590 iota,

899 1609 988 1638 quum
1019 1600 1143 1629 additur
1174 1599 1212 1628 ad
1241 1598 1435 1628 indicandum
1467 1598 1616 1633 dativum,

899 1653 988 1682 quam
1006 1654 1062 1672 nos
1078 1642 1169 1672 hodie
1191 1642 1220 1671 in
1245 1642 1332 1672 libris
1349 1641 1462 1671 nostris
1486 1652 1546 1671 non
1562 1642 1616 1671 ad-

900 1686 1076 1722 scribimus,
1092 1687 1147 1715 sed
1171 1685 1393 1715 subscribimus
1411 1690 1524 1723 puncto
1539 1684 1616 1714 assi-

899 1730 1054 1764 mulatam,
1077 1730 1115 1759 ad
1139 1729 1218 1758 latus
1234 1729 1280 1758 illi
1305 1729 1540 1764 adscribebant3
1564 1728 1616 1767 qui

898 1783 966 1803 mos
981 1784 1077 1813 usque
1093 1773 1130 1802 ad
1149 1773 1253 1802 secula
1274 1772 1447 1802 recentiora
1469 1772 1618 1811 perdura-

900 1817 955 1847 vit.
999 1818 1034 1846 In
1049 1816 1158 1846 codice
1189 1815 1407 1846 Demosthenis
1436 1815 1616 1855 Augustauo

898 1860 1012 1900 primo,
1041 1860 1095 1890 illo
1122 1861 1213 1894 bono,
1240 1869 1363 1898 semper
1387 1871 1394 1888 ι
1419 1864 1483 1888 erat
1499 1859 1616 1888 adscri-

899 1909 998 1943 ptum,
1008 1908 1042 1934 ut
1059 1903 1120 1933 ταίἰ
1136 1903 1296 1943 ἀνθρώπω.
1309 1913 1366 1942 pro
1378 1912 1437 1941 quo
1455 1913 1510 1931 nos
1523 1902 1615 1931 hodie

900 1948 1065 1977 scribimus
1099 1946 1142 1986 τῷ
1171 1945 1314 1986 &vegim-7.
1359 1945 1507 1975 Dativum
1541 1956 1615 1984 ergo

901 1991 1048 2020 Doricum
1059 1991 1236 2028 expressuri
1247 1990 1422 2019 scribebant
1433 1988 1490 2028 τα””ι
1501 1999 1554 2028 pro
1564 1989 1615 2029 τᾷ.

898 2034 972 2063 Tria
984 2044 1058 2072 ergo
1074 2033 1127 2064 illa
1142 2033 1291 2062 vocabula
1306 2031 1332 2061 ἐν
1346 2032 1386 2072 τᾷ
1401 2030 1470 2070 ἁλία
1494 2034 1525 2061 in
1549 2043 1616 2061 con-

898 2077 979 2107 cione
995 2077 1171 2106 scribebant
1186 2076 1231 2105 sic
1248 2081 1472 2106 ENTAIAAIAI.
1485 2076 1548 2113 jam
1561 2075 1615 2115 qui

899 2120 1065 2156 nescirent,
1090 2120 1164 2160 quid
1188 2120 1245 2149 hoc
1263 2118 1406 2149 vocabuli
1427 2124 1521 2154 esset,
1547 2119 1616 2157 opi-

899 2164 1057 2199 nabantur,
1070 2170 1135 2193 TAI
1151 2163 1242 2192 etiam
1258 2173 1350 2201 posse
1361 2161 1454 2192 scribi
1471 2168 1526 2191 TE.
1544 2162 1616 2201 qnia

897 2218 925 2235 αι
935 2212 964 2236 et
978 2218 989 2236 ε
1005 2217 1099 2246 penes
1113 2207 1255 2236 librarios
1267 2207 1393 2236 Graecos
1405 2215 1530 2244 prorsus
1542 2217 1615 2245 pro-

897 2251 1013 2280 miscue
1030 2251 1188 2280 habentur.
1233 2250 1414 2280 Scribebant
1430 2259 1504 2287 ergo
1519 2248 1616 2279 ἔντεα-

897 2291 957 2323 λία.
1002 2294 1054 2323 Sic
1079 2300 1149 2323 nata
1172 2298 1219 2323 est
1241 2293 1335 2323 lectio
1355 2292 1489 2330 vulgata.
1536 2294 1614 2331 Quae

897 2337 1035 2367 Doribus
1059 2336 1128 2367 ἁλία
1148 2343 1225 2372 erat,
1241 2348 1277 2366 ea
1292 2342 1358 2366 erat
1374 2335 1614 2366 Atheniensibus

897 2381 911 2410 ἦ
925 2380 1033 2416 ἡλιαία,
1049 2392 1107 2411 non
1122 2391 1138 2410 a
1155 2380 1232 2416 sale,
1250 2381 1304 2410 sed
1324 2380 1362 2410 ab
1384 2379 1536 2414 ἁλεῖσθαι,
1550 2379 1614 2409 ἁλί-

896 2423 1009 2463 ζεσθαι,
1019 2425 1159 2459 coeundo,
1171 2423 1215 2453 sic
1232 2424 1326 2453 dicta.
1342 2422 1366 2452 ὲν
1377 2423 1417 2463 τᾷ
1429 2421 1497 2462 ἁλίᾳ
1511 2433 1615 2453 corre—

897 2467 946 2497 xit
963 2469 1052 2498 etiam
1071 2468 1099 2498 h.
1117 2469 1138 2497 l.
1153 2467 1259 2505 Scipio
1282 2467 1417 2497 Maffeus
1438 2465 1467 2495 in
1491 2467 1613 2496 Musaeo

897 2511 1067 2541 Veronensi
1084 2522 1114 2551 p.
1127 2510 1346 2541 CCCXXXI.
1364 2509 1486 2541 Citath.
1498 2510 1518 2539 l.
1532 2510 1614 2540 Har-

895 2555 1055 2595 pocration
1073 2565 1103 2584 v.
1118 2553 1328 2595 Ἰερομνῆμονες.

938 2616 981 2621 —
1008 2601 1061 2629 ⁰21.
1093 2597 1126 2628 ἐκ
1153 2600 1208 2632 τᾶς
1241 2598 1341 2631 βωλᾶς
1375 2595 1472 2629 λαβὼν
1498 2596 1611 2638 fibo-pm]

895 2646 1095 2681 posteaquam
1121 2652 1138 2671 a
1164 2650 1271 2671 senatu
1296 2641 1414 2671 veniam
1440 2640 1496 2669 hac
1523 2640 1562 2669 de
1578 2650 1611 2669 re

894 2695 962 2715 cum
980 2685 1095 2724 populo
1111 2685 1223 2724 agendi
1238 2684 1420 2723 accepisset.
1436 2683 1533 2723 ῥύη-ξαν
1546 2683 1575 2711 h.
1592 2684 1614 2713 l.

894 2735 942 2759 est
963 2731 1011 2760 τῆν
1031 2727 1156 2767 ἐξουσίαν
1175 2730 1225 2758 τοῦ
1240 2729 1336 2758 εἰπεῖν.
1353 2739 1411 2757 non
1426 2726 1503 2756 male
1520 2727 1611 2755 inter-

893 2777 1032 2811 pretatur
1055 2773 1236 2801 scholiastes
1261 2770 1527 2801 Meermannianus
1554 2770 1612 2799 hoc

896 2816 1077 2845 vocabulum
1093 2826 1148 2855 per
1157 2818 1268 2854 γνώμην
1279 2813 1429 2854 ἐνδόσιμον,
1440 2814 1578 2841 sententia
1585 2823 1611 2841 ηι

893 2860 1091 2889 concessivum.

936 2921 980 2925 —
988 2905 1039 2934 ‘23-
1046 2903 1162 2936 καὶτοῖς
1169 2900 1361 2943 συμμάχοις]
1369 2899 1498 2929 subaudi
1507 2898 1608 2929 αὐτῶν.

937 2948 1011 2978 256.
1027 2948 1058 2977 5.
1082 2945 1230 2986 δεδόχθω]
1249 2944 1368 2984 praetuti
1385 2942 1534 2984 δεδέχθαι.
1555 2942 1609 2981 qni

892 2988 1061 3020 infinitivus
1077 2994 1168 3029 aptus
1189 2991 1247 3019 erit
1269 2999 1310 3018 ex
1335 2986 1423 3026 ἔλεξεν
1445 2985 1532 3015 initio
1554 2985 1609 3015 de-

893 3033 980 3063 creti.
1027 3034 1190 3072 Damaget.
1212 3033 1243 3062 in
1268 3031 1415 3061 concione
1435 3034 1542 3060 auctor
1565 3029 1609 3058 sa-
