1948 3322
389 207 474 250 AD
506 205 606 248 ΟΒ.
639 203 761 246 PRO
794 201 1390 245 MEGALOPOLITANIS.

158 316 239 348 τοῦτ’
259 315 356 357 εἶναι]
381 315 439 344 hoo
463 318 543 344 metu
566 311 626 342 sibi
645 321 749 341 carere
777 313 867 341 autu-

157 366 251 396 mant,
267 369 320 390 seu
335 357 377 387 nil
394 367 473 392 esse,
487 366 542 386 cur
552 355 613 394 ipsi
627 360 791 394 propterea
804 364 865 383 me-

158 408 258 439 tuant,
274 406 324 432 aut
340 401 397 430 hoc
413 400 471 430 sibi
491 409 550 429 non
572 408 641 428 esse
660 396 866 428 formidabile.

203 447 276 477 210.
300 445 330 473 8.
353 442 417 484 ἤδη]
440 453 508 482 quae
533 441 580 472 vis
609 442 638 471 h.
661 441 682 470 i.
707 439 867 480 particulae

158 489 218 526 ἤδη,
230 497 287 517 non
303 486 378 516 satis
395 485 545 525 percipio.
589 484 747 514 Sententia
761 488 867 523 postu-

158 533 220 562 lare
236 529 358 561 videtur
372 529 468 560 δοκεῖν.
489 526 613 577 ὑπάρξει
630 527 716 557 δοκειν
729 525 866 557 σωθῆναι.

159 573 348 605 videbuntur
361 583 418 612 per
428 582 485 602 vos
497 571 592 601 exitio
608 581 677 600 esse
693 569 803 609 erepti.

199 632 243 640 —-
259 618 289 647 9.
311 615 528 656 συμβησόμενον
537 613 585 643 καὶ
600 613 646 643 τὸν
661 626 690 643 τ.
706 625 733 643 κ.
749 612 795 653 λ.]
812 623 868 652 pro

157 659 370 698 conjunctione
393 658 442 688 καὶ
473 657 581 688 suffeci
609 657 647 687 de
677 667 746 686 meo
777 666 869 686 sensu

160 701 409 742 praepositionem
425 701 514 731 κατά.
534 700 566 730 id
583 700 664 739 quod
685 699 764 734 exit,
785 699 869 729 exsi-

159 746 214 776 stit
235 756 253 775 e
275 744 405 780 calculo,
421 744 449 774 si
469 742 694 783 magnitudines
715 742 869 772 discrimi-

157 799 230 818 num
241 798 276 818 ac.
291 788 426 817 calculos
442 792 474 818 et
485 786 726 826 comparationes
741 786 822 815 inter
837 794 870 815 se

156 841 347 862 revocemus.

199 892 242 900 --
260 877 312 905 10.
334 872 572 915 μετενεγκόντες]
615 871 697 902 idem
723 876 773 902 est
799 871 874 902 acsi

1555 203 1612 244 55

899 308 1046 339 dixisset:
1061 308 1275 348 μετενεγκόντες
1287 308 1345 339 ἀπὸ
1355 312 1410 340 τῶν
1418 309 1558 350 Ἀρκάδων
1567 309 1614 351 [iu

899 352 1012 393 quibus
1025 352 1171 381 utramvis
1185 352 1216 381 in
1229 358 1347 390 partem
1361 358 1508 383 eventura
1522 354 1615 383 modo

900 395 1134 435 proposuimus]
1145 393 1192 424 ἐπὶ
1204 396 1269 428 τοὺς
1280 393 1424 431 Θηςαίους,
1436 397 1483 426 καὶ
1493 396 1541 426 ἐπὶ
1550 398 1616 432 τοὺς

901 436 1143 479 Λακεδαιμονίους,
1161 440 1313 477 σκοπῶμεν
1328 438 1375 467 καὶ
1398 438 1513 469 τούτων.
1528 442 1616 470 etiam

900 483 934 512 in
950 481 1003 512 his.

944 543 987 548 —-
1004 527 1055 555 1⁵7.
1072 524 1165 558 τῶνδε,
1181 523 1229 553 καὶ
1248 523 1282 554 δι’
1295 524 1386 565 ἡμᾶς]
1404 523 1476 554 dedi
1493 525 1532 554 de
1547 536 1616 556 meo

901 569 997 605 τῶνδε,
1013 570 1069 597 τῶν
1083 568 1129 597 καὶ
1153 566 1186 596 δι’
1208 568 1296 606 ἡμᾶς.
1321 567 1422 597 etiam'
1438 567 1486 596 his
1509 568 1617 598 foederi

903 617 1006 641 nostro
1021 611 1206 650 aggregatis,
1221 611 1336 650 quippe
1347 611 1397 648 qui
1415 621 1470 649 per
1484 621 1539 640 nos
1553 622 1617 641 ser-

905 656 965 685 vati
981 660 1092 684 essent.
1109 654 1273 694 postremis
1291 654 1338 683 his
1353 654 1432 683 inest
1448 663 1552 689 causa,
1563 665 1618 683 eux:

903 698 1042 728 Arcades
1065 698 1103 727 ad
1129 697 1230 727 soedus
1258 696 1489 728 Atheniensium
1514 707 1618 727 acces-

905 741 1027 772 sissent.

947 801 990 807 —-
1004 786 1058 814 18.
1076 784 1153 813 ὥστε
1169 784 1316 824 πανταχῆ
1331 781 1471 823 συμφέρει
1481 783 1539 824 -]
1558 782 1618 812 1οοὶ

907 828 994 866 hujus
1009 827 1190 857 sententiam
1205 827 1310 857 retulit
1325 827 1545 863 adumbratam,
1560 836 1621 855 non

906 872 1000 901 verba
1014 870 1170 906 recitavit,
1188 870 1400 909 Hermogenes
1415 881 1445 911 p.
1461 872 1514 901 90.

234 1017 319 1059 AD
353 1017 531 1060 ORAT.
565 1016 649 1058 DE
681 1014 946 1058 FOEDERE
979 1015 1112 1058 CUM
1149 1014 1548 1057 ALEXANDRO.

206 1127 280 1155 211.
295 1128 325 1155 1.
347 1123 421 1164 ἄξιον
434 1121 630 1165 ἀποδέχεσθαι
639 1122 697 1163 -]
714 1123 796 1153 citat
808 1123 873 1153 11.1.

160 1167 291 1198 Thomas
305 1168 350 1198 M.
366 1178 396 1198 v.
412 1166 616 1208 ἀποδέχομαι.

204 1213 278 1242 212.
293 1213 325 1240 7.
348 1209 362 1242 ἢ
378 1209 567 1251 προελόμενοι]
580 1209 739 1240 Sententia
749 1209 874 1239 videtur

160 1253 265 1294 potius
287 1252 303 1285 ἢ
316 1255 360 1294 μὴ
377 1253 552 1294 προελόμενοι
569 1252 718 1291 flagitare,
735 1258 798 1288 aut,
813 1262 872 1282 non

161 1297 386 1337 praetendentes
396 1299 447 1337 jus
458 1301 490 1327 et
505 1297 550 1327 fas
562 1297 654 1326 rebus
665 1295 805 1325 omnibus
820 1305 873 1325 an-

162 1340 275 1370 teferre
300 1339 370 1380 [sed
383 1350 473 1388 'saepe
496 1350 617 1379 quoque
635 1339 873 1369 emolumentum

160 1382 259 1423 sequi,
274 1383 363 1424 eique
376 1382 429 1424 jus
448 1393 567 1422 aequum
582 1382 799 1423 postponere]‚
814 1381 874 1412 uti-

162 1425 239 1457 mini
255 1427 317 1466 jam
338 1437 388 1462 eo,
413 1427 497 1466 quod
522 1426 661 1465 expedit,
683 1425 746 1455 sine
769 1427 874 1464 cujus-

162 1479 252 1509 quam
282 1469 528 1509 reprehensione.
577 1469 641 1499 Ubi
668 1469 749 1499 enim
778 1468 874 1498 semel

161 1514 241 1543 inter
259 1523 364 1542 omnes
391 1511 572 1547 constiterit,
599 1522 655 1541 vos
679 1511 873 1542 commodum

164 1556 314 1586 honestati
326 1556 519 1591 antehabere,
528 1566 618 1585 nemo
627 1556 690 1593 jam
701 1554 873 1591 mirabitur,

161 1609 260 1638 neque
281 1604 437 1638 queretur,
459 1609 514 1629 vos
534 1598 693 1628 commoda
708 1603 812 1629 vestra
826 1608 873 1628 se-

161 1646 291 1677 uiantes,
300 1641 355 1683 jus
371 1652 490 1682 aequum
505 1642 594 1671 flocci
609 1641 731 1671 fecisse.

204 1703 248 1709 ——
262 1687 292 1715 8.
315 1684 509 1725 ἀνεγκλήτως]
540 1690 592 1715 aut
613 1685 644 1714 11.
658 1685 680 1714 Ι.
706 1689 760 1715 aut
781 1684 873 1715 aliurn

161 1727 306 1764 similem,
321 1728 374 1758 ubi
395 1739 425 1758 v,
443 1728 621 1767 ἀνεγκλήτως
637 1728 782 1764 occurrit,
799 1728 874 1758 cita-

160 1771 208 1801 vit
223 1771 336 1802 Pollux
353 1774 384 1801 8.
401 1774 453 1803 69.

202 1832 246 1838 --
262 1818 316 1846 12.
329 1813 440 1854 ἔξεστιν
450 1814 514 1845 ἰδεῖν
525 1814 588 1856 ἤδη]
600 1815 720 1845 docebo
734 1825 789 1844 vos
804 1815 874 1845 bre-

160 1857 252 1894 viter,
268 1863 302 1888 ut
317 1858 357 1888 de
373 1859 466 1889 rebus
482 1859 614 1898 magnis,
636 1858 666 1888 11.
680 1869 708 1888 e.
724 1868 760 1887 ea
773 1858 874 1888 brevi-

159 1907 234 1936 tate,
248 1912 317 1941 quae
333 1902 433 1932 locum
451 1902 540 1930 habet
555 1902 585 1932 in
601 1905 687 1931 tanta
701 1900 874 1939 argumenti

160 1944 362 1983 amplitudine
383 1949 415 1974 et
435 1944 586 1978 ubertate,
602 1949 692 1983 atque
709 1944 871 1982 gravitate.

159 1987 331 2027 respective
343 1987 490 2023 breviter,
505 1986 564 2016 etsi
578 1997 636 2016 non
648 1996 703 2026 per
718 1997 761 2023 se,
775 1997 874 2026 neque

159 2030 321 2061 destricte.

202 2091 247 2097 —
260 2074 312 2105 15.
333 2073 499 2115 ἀναγκάζοι]
517 2078 589 2112 post
605 2072 698 2103 verba
711 2072 736 2102 εἴ
748 2083 793 2106 τις
807 2073 874 2102 ἀνα-

159 2116 262 2156 γκάζοι
291 2116 324 2146 ἂν
345 2117 434 2147 deest
452 2116 561 2156 procul
587 2116 681 2146 dubio
703 2115 874 2146 infinitivus

159 2158 387 2201 παραδέχεσθαι,
403 2165 455 2190 aut
469 2157 704 2200 καταδέχεσθαι,
723 2159 873 2199 recipere,

160 2204 228 2234 scil.
244 2203 472 2239 Pisistratidas,
483 2203 537 2242 qui
549 2203 650 2233 statim
663 2202 694 2232 in
705 2203 872 2233 continenti

160 2246 363 2278 nominantur.

201 2307 246 2314 --
260 2292 313 2321 18.
335 2290 524 2330 ἁρπάσαντας
544 2289 576 2319 iv
596 2287 689 2329 ὑμᾶς]
706 2288 840 2319 subaudi
856 2299 873 2319 e

159 2333 327 2373 praemissis
342 2333 446 2373 οἴομαι.
469 2337 498 2363 et
521 2333 606 2374 [hinc
621 2332 733 2372 incipit
746 2333 874 2362 alterum

159 2377 260 2407 colum
275 2377 366 2415 hujus
382 2375 532 2417 periodi],
547 2376 573 2406 si
589 2376 659 2415 quis
675 2386 728 2405 eos
744 2385 800 2414 per
811 2376 874 2406 vim

159 2424 191 2450 et
205 2420 381 2451 violentiam
397 2420 544 2451 reducere
567 2419 597 2449 in
615 2419 720 2449 urbem
736 2424 875 2455 conetur,

158 2463 309 2494 videmini
323 2463 409 2499 mihi,
432 2462 527 2502 raptis
548 2462 651 2499 armis,
674 2462 790 2493 nullum
815 2473 873 2493 non

158 2507 326 2538 discrimen
342 2507 513 2538 toleraturi.

172 2575 174 2577 ,
202 2567 247 2574 --
275 2552 328 2581 20.
356 2549 406 2580 καὶ
433 2548 560 2588 τοσούτῳ
589 2549 721 2590 μᾶλλον]
754 2548 875 2580 scilicet

158 2603 250 2634 spero
272 2603 326 2624 vos
343 2593 373 2623 id
391 2594 537 2629 facturos,
553 2603 607 2623 seu
623 2592 737 2622 nullum
753 2593 874 2633 pericu-

157 2637 221 2668 lum
232 2647 289 2677 pro
304 2637 445 2667 libertate
461 2641 565 2666 vestra
578 2639 775 2666 recusaturos
792 2646 872 2667 esse.

205 2682 279 2712 213.
295 2683 325 2710 1.
349 2680 378 2710 οὔ
395 2680 425 2711 δὴ
449 2679 512 2721 δεῖ]
536 2678 658 2709 correxi
682 2678 722 2708 de
744 2690 824 2716 meo,
845 2680 877 2710 οὗ

158 2722 190 2755 δὴ
214 2723 302 2754 δεινόν.
317 2734 377 2754 non
404 2723 498 2763 igitur
520 2726 567 2752 est
589 2732 639 2752 res
665 2727 750 2752 atrox
775 2728 807 2753 et
828 2723 875 2753 in-

159 2766 254 2806 digna
266 2766 330 2796 —-?
367 2765 401 2796 Si
416 2766 485 2805 quis
501 2766 612 2795 audeat
627 2775 681 2795 vos
697 2765 820 2804 quidem
835 2767 874 2796 ad

158 2810 213 2840 has
227 2810 426 2850 indignitates
438 2809 636 2849 perferendas
653 2809 789 2847 adigere,
805 2809 836 2839 h.
846 2820 874 2839 e.

159 2852 267 2883 invitis
288 2853 376 2883 vobis
400 2857 561 2892 tyrannum
579 2856 715 2882 vestrum
735 2852 874 2883 exsulem

161 2897 288 2927 reducat
304 2895 474 2935 vestrisque
498 2895 674 2925 cervicibus
699 2895 874 2936 imponant;

161 2943 225 2969 tum
248 2949 302 2969 vos
325 2940 355 2970 id
380 2938 540 2979 aegerrime
560 2939 656 2976 [ειη-ες
681 2939 750 2968 aliis
775 2944 874 2969 autem

162 2985 268 3014 eadem
277 2985 380 3014 oblata
394 2981 518 3021 injuria,
528 2982 610 3012 lente
626 2986 657 3011 et
673 2992 761 3022 aequo
774 2982 875 3013 animo

162 3039 218 3060 vos
238 3029 270 3060 id
291 3029 384 3065 serre,
406 3030 497 3066 atque
522 3024 714 3065 ignoratione
730 3025 875 3057 dissimu-

906 1123 981 1160 lare,
998 1141 1039 1146 —
1054 1128 1087 1153 et
1102 1134 1201 1154 nonne
1222 1135 1271 1155 res
1294 1123 1396 1162 gravis
1411 1128 1442 1154 et
1464 1124 1545 1153 foeda
1561 1129 1621 1156 est.

907 1177 977 1197 esse
990 1167 1049 1202 hio,
1067 1168 1120 1206 qui
1135 1178 1203 1197 cum
1218 1177 1272 1197 nos
1285 1168 1323 1197 ad
1334 1167 1574 1206 permanendum
1590 1167 1621 1196 iu

907 1210 966 1240 fide
981 1210 1148 1245 hortentur,
1164 1215 1226 1240 tum
1242 1210 1312 1240 aliis
1328 1210 1446 1240 veniam
1462 1215 1620 1249 pactorum

907 1253 1116 1284 violandorum
1133 1253 1219 1284 dent.

950 1315 993 1319 -—
1007 1298 1039 1327 7.
1063 1295 1203 1337 ἐξουσίαν]
1228 1296 1276 1327 Ad
1300 1295 1407 1326 ταύτην
1428 1297 1477 1327 τὴν
1497 1294 1623 1334 ἐξουσίαν

907 1339 986 1370 adde
997 1339 1088 1371 tacita
1102 1340 1288 1380 cogitatione
1304 1340 1353 1370 τοῦ
1365 1340 1430 1373 τοὺς
1444 1339 1536 1380 ἕρκους
1548 1340 1624 1369 ἀναι-

923 1394 969 1413 ειν.

908 1395 920 1424 ξ
950 1444 994 1449 -
1010 1428 1063 1456 22.
1085 1425 1187 1468 μηδὲν]
1211 1426 1336 1456 videtur
1357 1425 1526 1456 tollendum
1542 1435 1624 1455 esse.

908 1470 990 1509 apud
1006 1470 1192 1500 Messeniam
1207 1479 1282 1500 vero
1298 1468 1388 1499 aliam
1412 1479 1481 1499 esse
1501 1469 1548 1499 rei
1571 1478 1626 1498 na-

908 1517 1019 1549 turam,
1030 1512 1399 1549 existimare,difficultate
1409 1512 1515 1542 eadem
1529 1511 1625 1542 utrin-

909 1567 967 1596 que
975 1567 1037 1587 rem
1048 1561 1217 1597 premente.
1234 1557 1330 1586 Nefas
1340 1555 1432 1586 sinon
1443 1555 1513 1591 fuit,
1522 1560 1626 1595 tyran-

908 1600 1010 1629 nidem
1027 1599 1057 1629 in
1075 1600 1191 1639 oppido
1204 1610 1360 1634 exercere,
1377 1610 1432 1629 cur
1448 1598 1567 1638 tyranni
1584 1609 1625 1628 ex

908 1643 1032 1673 Antissa
1041 1648 1072 1673 et
1083 1644 1181 1674 Ereso
1194 1643 1287 1682 ejecti
1298 1647 1370 1672 sunt
1380 1644 1418 1672 ab
1432 1641 1624 1673 Alexandro?

908 1687 1005 1716 Nefas
1019 1687 1044 1716 si
1060 1691 1118 1723 est,
1131 1686 1287 1717 civitatem
1298 1687 1437 1716 Graecam
1454 1696 1470 1715 a
1486 1685 1626 1725 tyrannis

908 1730 1055 1770 opprimi,
1079 1741 1134 1760 cur
1155 1730 1305 1761 Philiadae
1328 1729 1421 1760 liberi
1443 1728 1474 1758 iu
1504 1730 1627 1759 Messe-

908 1773 989 1803 niam
1012 1774 1137 1804 reducti
1161 1773 1252 1804 sunt?
1309 1774 1352 1803 At
1374 1773 1406 1802 hi
1432 1777 1501 1802 ante
1525 1772 1626 1802 soedns

909 1816 1064 1847 conditum
1080 1817 1124 1848 ibi
1137 1816 1325 1856 regnabant?
1341 1815 1528 1846 occurrit—.
1541 1816 1625 1845 Num

909 1860 1066 1890 Antissani
1083 1866 1114 1890 et
1127 1860 1230 1891 Eresii
1246 1859 1368 1890 minus?
1414 1859 1532 1890 Eadem
1548 1858 1626 1889 diffi-

909 1902 1006 1933 cultas
1023 1903 1165 1943 utrinque
1180 1904 1336 1939 oceurrit3
1358 1913 1425 1942 quae
1442 1902 1626 1931 documento

909 1950 956 1976 est
977 1946 1163 1986 iniquitatis,
1185 1956 1245 1985 qua
1258 1946 1437 1975 Alexander
1461 1945 1491 1974 in
1513 1945 1627 1975 tuenda

907 1998 985 2027 paee
1003 1990 1109 2019 utitur.
1123 1989 1280 2027 vulgatam
1296 1989 1460 2018 defendere
1477 1987 1504 2017 si
1523 1987 1628 2028 juvet,

909 2031 1073 2061 dicendum
1093 2032 1163 2067 erit,
1183 2030 1271 2071 μηδὲν
1290 2029 1422 2072 διαφέρειν
1442 2030 1627 2069 significare,

908 2084 973 2104 rem
995 2085 1065 2105 esse
1088 2074 1328 2110 indifferentem,
1352 2084 1411 2103 nou
1437 2074 1538 2113 magni
1562 2084 1627 2103 mo-

908 2118 1016 2153 menti,
1047 2119 1135 2156 cnjus
1166 2128 1264 2157 neque
1299 2117 1493 2148 commodum
1525 2128 1626 2156 neque

908 2161 1050 2191 damnum
1073 2161 1111 2191 sit
1126 2160 1248 2200 ingens,
1264 2161 1331 2191 sive
1346 2161 1409 2196 fiat,
1424 2160 1490 2190 sive
1504 2161 1626 2192 omitta-

908 2209 968 2240 tur,
983 2215 1081 2244 eoque
1098 2204 1343 2243 reprehensionis
1359 2214 1497 2234 vacuam.

952 2251 1025 2279 214.
1043 2249 1074 2279 5.
1087 2246 1155 2278 ποτ’
1170 2247 1297 2290 ἰσχύειν]
1311 2247 1438 2278 brevius
1451 2247 1496 2277 sic
1509 2246 1627 2278 dictum

908 2297 968 2325 est,
991 2293 1071 2331 qnod
1087 2290 1208 2331 plenius
1225 2296 1255 2321 et
1277 2291 1399 2330 planius
1414 2291 1452 2320 ad
1467 2290 1550 2320 hunc
1564 2301 1629 2321 mo-

909 2335 981 2365 dum
992 2335 1142 2365 dixisset:
1153 2332 1241 2368 οὕτως
1252 2334 1372 2376 ἰσχύειν,
1382 2339 1500 2364 tantum
1514 2333 1629 2370 valere,

908 2378 985 2409 ὥστε
1006 2378 1167 2419 βιάζεσθαι
1191 2378 1280 2419 hyac,
1309 2383 1342 2408 ut
1371 2382 1461 2417 cogat
1484 2387 1549 2413 noa,
1580 2378 1629 2407 καὶ

909 2421 971 2452 ἄνευ
986 2423 1035 2452 τοῦ
1049 2420 1152 2452 δικαίου
1165 2427 1225 2452 etc.

952 2483 994 2488 —
1011 2468 1040 2496 6.
1066 2465 1117 2496 νυνὶ
1134 2464 1156 2495 δ’
1172 2464 1215 2494 ὅτ’
1230 2464 1268 2499 εἷς
1282 2462 1390 2506 *rafae-i]
1416 2463 1489 2494 dedi
1505 2464 1544 2493 de
1561 2474 1629 2494 meo

911 2519 1005 2539 sensu
1020 2509 1073 2539 νυνὶ
1099 2507 1123 2538 δ’
1139 2509 1180 2544 οὗ,
1203 2518 1282 2538 nune
1305 2513 1407 2538 autem
1421 2517 1481 2537 non
1497 2525 1539 2530 -—
1555 2508 1584 2537 h.
1602 2518 1630 2537 e.

910 2563 981 2582 num
1000 2551 1162 2592 putabitiS,
1179 2551 1422 2591 opportunitatis
1438 2555 1552 2581 tantam
1567 2551 1629 2580 vim

909 2596 969 2625 hoc
994 2600 1134 2636 tempore
1161 2606 1222 2626 non
1247 2605 1328 2630 esse,
1352 2605 1413 2634 quo
1436 2599 1574 2634 ternpore
1599 2595 1630 2624 in

909 2639 991 2670 iden
1008 2643 1194 2670 concurrunt
1205 2640 1257 2677 jus
1275 2643 1306 2667 et
1321 2639 1379 2674 sas,
1399 2643 1431 2668 et
1449 2637 1630 2677 opportuni-

910 2687 968 2718 tas,
986 2687 1018 2712 et
1034 2682 1149 2712 utilitas
1164 2686 1279 2712 nostra.

952 2728 1027 2758 215.
1044 2728 1097 2756 12.
1120 2724 1245 2765 ἀτόπου]
1269 2735 1328 2754 non
1349 2722 1473 2754 memini
1490 2724 1628 2753 Graecum

909 2780 980 2800 esse
996 2769 1105 2803 ἄτοπος
1126 2767 1235 2808 μέγας,
1254 2778 1312 2807 pro
1328 2766 1554 2797 incredibiliter
1570 2777 1630 2795 ma·

910 2823 999 2851 gnus.
1012 2823 1104 2852 qnare
1115 2812 1255 2853 μεγάλης
1266 2811 1430 2840 notandum
1442 2809 1525 2843 duxi,
1535 2810 1630 2839 veluti

909 2856 1089 2891 tollendum,
1100 2861 1154 2886 aut
1170 2855 1196 2885 si
1211 2859 1363 2889 servetur,
1376 2853 1537 2893 legendum
1549 2853 1631 2882 arbi-

909 2905 973 2929 tror
990 2898 1098 2929 άτόπου
1113 2900 1148 2933 ὡς
1166 2899 1308 2939 μεγάλης.
1326 2907 1407 2932 nam,
1425 2896 1450 2925 si
1469 2897 1545 2925 bene
1567 2906 1630 2926 me-

910 2942 996 2979 mini,
1006 2942 1111 2972 ἄτοπον
1121 2943 1156 2976 ὡς
1166 2940 1249 2982 μέγα
1262 2945 1435 2978 usurpatur.
1450 2938 1630 2970 incredibile

910 2990 969 3022 est,
987 2997 1076 3025 quam
1092 2995 1235 3024 magnum
1246 2985 1305 3013 hoe
1321 2983 1371 3012 sit.

954 3047 995 3053 —
1014 3030 1065 3060 15.
1090 3028 1159 3069 μὲν]
1183 3028 1285 3059 malim
1301 3027 1420 3056 abesse.
