1931 3323
332 187 415 228 442

331 292 420 323 τεύειν
434 292 481 323 ἐπὶ
497 293 561 326 τοὺς
569 292 719 325 Ἕλληνας.
744 292 854 330 Neque
870 290 1043 320 accuratius

331 336 398 366 haec
408 337 551 375 cognosci
563 339 692 375 possunt
704 345 743 364 ex
755 335 904 370 Diodoro,
914 333 1042 373 quiqui-

333 379 432 409 deml.
445 380 576 410 xime.
591 381 642 414 252.
660 380 821 408 Persarum
832 382 994 416 apparatus
1012 377 1041 405 in

334 423 486 452 Graeciam
507 423 692 452 mentionem
716 421 801 457 fecit,
829 431 888 459 quo
907 425 1044 458 tempore

334 466 459 501 Chares,
474 470 589 505 praetor
618 464 859 499 Atheniensium,
887 464 1045 502 ignorante

333 509 462 548 populo,
480 509 640 548 suppetias
658 508 730 537 tulit
742 509 907 542 Artabazo,
924 506 975 544 qui
992 506 1045 535 de-

333 553 449 581 fecerat
471 563 487 581 a
507 563 597 591 rege:
621 561 727 581 verum
750 551 815 581 11100
831 556 967 588 tempora
987 559 1043 578 non

335 595 410 624 satis
431 595 502 624 hnic
521 595 661 625 Orationi
691 594 885 623 conveniunt.
932 593 1046 621 Chares

333 638 418 676 regis
445 638 551 678 copias
577 638 693 667 vicerat
713 637 835 676 Olymp.
867 635 933 665 CV.
962 646 989 664 a.
1016 638 1046 665 4.

335 682 437 720 Quum
455 692 526 711 vero
539 692 595 711 rex
612 682 689 710 hano
706 680 844 718 injuriam
862 678 980 707 ulturus
1000 678 1045 707 vi-

335 725 470 760 deretur,
483 725 682 754 Athenienses
696 725 761 761 ejus
779 721 867 751 minis
881 720 1048 760 perterriti,

334 778 443 807 pacem
459 772 697 807 composuerunt
716 776 783 795 011111
802 763 964 798 insulanis,
981 763 1045 802 qui-

334 811 464 840 buscum
480 816 542 840 tres
556 820 650 839 anuos
666 809 828 838 continuos
846 807 961 836 bellum
978 817 1047 845 ges-

336 859 449 889 serant,
476 854 557 892 quod
589 853 681 890 vulgo
704 852 807 881 sociale
834 850 949 879 dictum
980 850 1046 879 fuit.

334 898 444 936 Neque
461 897 555 935 igitur
577 895 811 925 existimandum
829 894 962 928 videtur,
977 897 1048 930 post

334 945 450 969 tantum
476 940 596 968 demum
620 938 767 977 temporis
789 937 983 967 intervallum
1009 937 1048 966 de

334 983 383 1012 his
416 982 549 1012 Persicis
582 983 673 1011 rebus
706 981 737 1010 in
764 981 912 1010 concione
946 983 1048 1008 actum

334 1026 449 1055 fuisse:
475 1027 520 1055 sic
541 1025 622 1054 enim
637 1024 869 1063 quadriennium
890 1023 954 1052 fere
970 1023 1050 1051 inter

334 1069 476 1098 Charetis
504 1068 735 1107 expeditionem
761 1072 792 1097 et
817 1065 1049 1096 Atheniensium

333 1112 372 1142 de
389 1113 471 1141 bello
487 1112 617 1142 Persico
634 1111 886 1141 deliberationem
903 1110 1050 1139 interces-

335 1155 438 1185 sisset.
470 1156 538 1185 Imo
556 1166 641 1191 vero,
660 1154 711 1184 vix
728 1158 857 1193 accepto
874 1154 957 1192 regis
973 1163 1049 1182 uun-

332 1199 390 1235 tio,
404 1199 579 1237 auditisque
601 1200 667 1237 ejus
683 1197 786 1234 minis,
805 1202 918 1227 tantum
938 1196 977 1225 iis
996 1195 1050 1224 tri-

334 1243 480 1277 buerunt,
503 1248 546 1277 ut,
575 1242 669 1277 bello,
698 1241 748 1270 cui
776 1240 920 1280 impliciti
951 1245 1050 1274 erant,

335 1285 393 1314 fine
419 1285 577 1325 imposito,
602 1295 635 1314 se
660 1285 829 1323 paratiores
853 1284 982 1313 reddere
999 1292 1051 1311 co-

334 1333 479 1358 narentur
501 1328 650 1358 adversus
666 1329 791 1364 Persas,
811 1337 908 1365 neque
930 1327 995 1355 haec
1012 1325 1051 1354 ad

330 1371 457 1401 tertium
473 1377 654 1410 quartumve
670 1381 780 1401 annum
795 1370 966 1400 differenda
982 1378 1052 1399 esse

333 1414 557 1445 existimarent.

378 1459 426 1488 Ad
453 1458 530 1487 alios
556 1458 650 1496 igitur
674 1457 862 1486 recentiores
884 1457 1052 1485 Persarum

333 1505 499 1540 apparatus
514 1501 581 1531 haec
602 1500 710 1530 Oratio
726 1499 835 1529 referri
851 1500 955 1534 debet,
977 1510 1052 1538 quo-

333 1554 403 1574 rum
421 1549 519 1574 tamen
536 1544 620 1573 nulla
634 1544 752 1573 diserta
774 1542 887 1572 mentio
907 1543 988 1581 apud
1007 1542 1052 1571 hi-

335 1587 470 1617 storicos
489 1587 634 1617 occurrit.
664 1587 707 1617 Et
723 1590 890 1625 potuerunt
914 1596 987 1614 sane
1007 1586 1050 1615 fa-

335 1631 395 1660 cile
412 1641 466 1660 eos
483 1630 637 1667 omittere,
663 1629 816 1668 siquidem
834 1629 973 1664 eosdem,
991 1628 1051 1658 etsi

334 1674 449 1714 53011105
463 1674 625 1713 repetitos,
643 1674 759 1703 nullum
781 1672 895 1702 bellum
913 1676 1051 1701 secutum

335 1722 394 1747 est.
439 1717 531 1746 Certe
552 1727 610 1746 non
630 1717 726 1746 multo
746 1720 817 1754 post
838 1711 911 1744 belli
934 1714 1051 1744 Persici

335 1765 437 1790 metus
453 1760 564 1790 iterum
581 1759 665 1799 cepit
681 1759 895 1794 Athenienses,
910 1768 1004 1796 quum
1020 1757 1052 1786 hi

336 1803 478 1833 Rhodios
494 1804 532 1832 ab
548 1803 721 1832 Artemisiae
745 1801 952 1832 dominatione
968 1801 999 1829 111
1015 1800 1052 1829 11-

334 1847 485 1877 bertatem
502 1846 658 1875 vindicare
677 1846 857 1878 studerent3
883 1854 950 1882 quae
972 1843 1052 1872 acci-

335 1889 459 1924 derunt,
472 1894 507 1919 ut
517 1889 607 1918 modo
623 1889 804 1923 monuimus,
818 1886 1053 1925 olymp-CVII.

334 1943 363 1962 a.
375 1935 407 1963 2.
429 1932 478 1962 Cf.
493 1931 711 1962 Demosthenis
727 1932 766 1961 de
781 1941 817 1960 ea
832 1940 866 1959 re
876 1929 1052 1959 Orationem

337 1980 369 2006 et
395 1986 462 2015 quae
490 1975 636 2006 disseruit
660 1976 687 2004 Ι.
718 1975 755 2004 Τ.
782 1975 993 2012 Bergmannus
1022 1972 1052 2001 iu

337 2020 480 2049 Annotat.
510 2019 549 2049 ad
577 2017 725 2048 Isocratis
756 2017 911 2055 Areopag.
940 2027 972 2055 p.
1001 2017 1053 2045 80.

338 2065 411 2093 190.
458 2063 585 2098 Verum,
599 2073 660 2101 quo
677 2060 797 2091 facilius
817 2061 865 2089 hae
882 2059 1052 2089 simultates

339 2105 529 2145 sopirentur,
552 2106 652 2135 fecere
675 2115 745 2134 011111
768 2104 836 2134 aliae
859 2113 972 2138 causae,
989 2107 1052 2131 tum

336 2149 489 2188 imprimis
507 2148 630 2188 utrique
646 2147 815 2177 communis
831 2152 931 2177 metus
946 2146 1052 2184 ingru-

337 2192 419 2222 entis
436 2191 574 2232 Philippi
592 2191 770 2221 Macedonis
793 2190 949 2230 potentiae,
965 2190 1053 2228 cujus

336 2234 422 2266 vires
449 2235 537 2265 brevi
562 2245 622 2264 11011
653 2238 769 2264 tantum
801 2232 1053 2268 Atheniensibus,

336 2288 446 2308 verum
460 2277 520 2318 ipsi
531 2278 622 2308 etiam
637 2279 801 2307 Persarum
817 2276 884 2316 regi
900 2279 1054 2315 suspectae

337 2331 407 2352 esse
423 2326 594 2361 coeperunt.
630 2321 777 2360 TempuS,
794 2331 854 2359 quo
868 2321 948 2349 sacta
963 2319 1055 2348 fuerit

337 2365 403 2394 haec
425 2364 613 2400 conciliatio,
638 2369 780 2394 accurate
801 2363 888 2394 nobis
904 2362 1054 2392 indicavit

337 2408 504 2447 Philippus
535 2407 566 2437 in
604 2407 744 2446 Epistola
779 2407 817 2436 ad
847 2406 1054 2436 Athenienses

339 2452 467 2490 scripta,
497 2462 565 2490 quae
597 2456 720 2481 servata
750 2455 800 2479 est
829 2451 909 2479 inter
940 2451 1056 2479 Demo·

338 2494 477 2523 sthenica
505 2504 611 2532 opera,
641 2506 672 2534 p.
701 2496 773 2524 160.
795 2496 825 2523 8.
846 2493 895 2523 καῖ
918 2491 989 2532 ’πρὸς
1009 2491 1056 2522 τᾶν

337 2536 446 2576 Πέρσην
469 2537 684 2567 ἀπεστάλκατε
705 2535 863 2571 πείσοντας
885 2535 970 2566 αὐτὸν
989 2534 1055 2575 ἐμοὶ

339 2580 486 2619 πολεμεῖν·
503 2578 516 2608 8
530 2581 671 2619 μάλιστα
688 2580 720 2610 ἄν
739 2591 785 2613 τις
801 2579 978 2620 θαυμάσειε.
1003 2578 1054 2619 πρὸ

336 2621 393 2662 μὲν
407 2624 461 2662 γὰρ
480 2623 530 2651 τοῦ
548 2621 645 2653 λαξεῖν
661 2622 744 2653 αὐτὸν
757 2623 902 2661 Αἴγυπτον
924 2623 972 2652 καὶ
993 2628 1053 2653 Φοι-

337 2665 408 2696 νίκην
435 2664 636 2705 ἐψηφίσασθε,
667 2666 699 2696 ἂν
721 2665 819 2700 ἐκεῖνός
844 2678 871 2696 τι
898 2664 1052 2706 νεωτερίσῃ,

337 2710 514 2749 παρακαλεῖν
527 2708 627 2747 ὁμοίως
646 2708 701 2747 ἐμὲ
719 2710 767 2739 καὶ
783 2711 848 2743 τοὺς
863 2709 969 2742 ἄλλους
981 2707 1053 2738 ‘'Ex-

337 2758 423 2786 ληνας
448 2752 582 2786 ἅπαντας
602 2751 640 2785 εἷς
669 2752 762 2783 αὐτόν·
794 2754 836 2782 νῦν
863 2752 892 2782 δὲ
921 2753 1053 2783 τοσοῦτον

338 2796 407 2835 ὑμῖν
437 2793 565 2835 περίεστι
592 2796 642 2824 τοῦ
669 2794 734 2836 πρὸς
765 2794 819 2835 ἐμὲ
843 2795 956 2830 μίσους,
982 2795 1051 2829 ὥςτε

338 2837 405 2878 πρὸς
420 2837 514 2868 ἐκεῖνον
527 2836 711 2876 διαλέγεσθαι
729 2839 790 2878 περὶ
807 2839 858 2873 τῆς
874 2837 1051 2878 ἐπισυμμα-

337 2881 417 2923 χίας.
461 2882 523 2911 1113
549 2886 649 2911 31110111
670 2881 799 2921 AEgypti
824 2882 1051 2921 Phoeniciaeque

338 2924 527 2965 expugnatio
536 2924 616 2955 facta
630 2926 810 2964 estOlyrnp.
820 2925 923 2955 CVII.
937 2936 963 2955 3.
978 2927 997 2955 2
1010 2943 1050 2948 —

337 2971 369 2998 4.
385 2969 433 2998 Cf.
452 2968 545 2998 Diod.
563 2967 627 2999 Sic.
636 2969 730 2999 XVI.
745 2970 898 2999 40-52,
940 2970 1049 3007 Itaque

338 3012 375 3041 ab
391 3022 428 3042 eo
445 3010 518 3042 inde
537 3008 823 3052 tempore'.arctiori
844 3011 1013 3042 communis
1033 3022 1050 3041 a

533 185 586 227 H.
622 181 1131 225 AMERSFOORDTII
1168 181 1588 224 INTRODUCTIO

1078 290 1222 331 Philippo
1235 290 1406 321 formidinis
1423 290 1546 321 vinculo
1557 289 1658 330 juncti
1668 290 1790 321 fuerunt

1079 334 1185 364 Persae
1224 338 1313 372 atque
1345 334 1558 369 Athenienses,
1597 333 1670 373 quin
1698 333 1790 363 etiam

1078 382 1214 417 apertum
1240 377 1354 407 bellum
1381 381 1487 406 contra
1513 376 1694 416 Philippum
1723 387 1790 406 sus-

1079 421 1163 459 cepit
1179 430 1247 456 rex,
1263 430 1355 459 quum
1369 419 1419 449 hic
1436 419 1614 450 Perinthum
1630 419 1791 449 obsidione

1079 464 1228 502 cingeret,
1253 464 1377 501 Olymp.
1401 463 1494 493 CIX.
1516 473 1544 492 a.
1565 465 1594 493 4.
1616 462 1713 492 Diod.
1728 462 1792 492 Sic.

1079 506 1169 536 XVI.
1187 508 1240 537 75.
1284 507 1399 536 Verum
1411 507 1474 545 jam
1491 510 1579 535 antea
1593 506 1681 535 faotae
1696 505 1792 535 fnisse

1079 550 1239 579 censendae
1268 556 1337 579 sunt
1368 548 1571 590 Demostheni
1608 549 1668 578 illae
1700 548 1793 586 largi-

1080 593 1179 622 tiones
1203 603 1220 622 a
1237 593 1401 623 Persarum
1419 602 1505 631 rege,
1522 591 1633 631 quibus
1648 591 1792 621 incensus

1080 636 1228 674 Philippo
1245 636 1276 665 in
1292 636 1360 675 ipsa
1381 635 1501 665 Graecia
1516 635 1596 664 bella
1612 634 1792 669 concitaret,

1080 679 1118 708 de
1136 679 1246 717 quibus
1271 683 1302 709 et
1326 679 1376 708 alii
1400 679 1616 718 prodiderunt,
1641 677 1794 716 imprimis

1081 725 1182 751 autem
1207 722 1372 751 AEschines
1395 722 1425 751 in
1444 722 1530 751 Orat.
1552 732 1580 751 c.
1601 721 1794 760 Ctesiphont.

1080 764 1194 803 passim
1211 769 1242 793 et
1263 765 1420 794 Diodorus
1436 765 1497 795 Sic.
1515 764 1627 794 XVII.
1651 766 1680 793 4.
1695 765 1794 795 πολλὰ

1080 810 1135 846 γὰρ
1149 807 1295 848 χρήματα
1310 815 1396 847 φασιν
1407 807 1491 837 abach
1508 807 1552 847 [h.
1565 818 1592 837 e.
1611 806 1794 847 Δημοσθένη]

1081 849 1223 890 εἰληφέναι
1239 852 1327 890 ’.παρὰ
1341 851 1464 891 Περσῶν,
1479 848 1522 880 ἵνα
1538 850 1726 880 πολιτεύηται
1741 861 1795 879 κα-

1081 895 1122 923 τὰ
1139 894 1307 923 Μακεδόνων.
1332 893 1518 924 Plutarchus
1531 893 1562 922 in
1577 893 1615 922 V.
1628 893 1793 922 Demosth.

1082 947 1112 976 p.
1131 939 1204 967 851.
1232 937 1273 967 D.
1297 934 1389 966 Mchv
1411 935 1440 966 δὲ
1464 937 1515 969 τῆς
1537 935 1684 970 πολιτείας
1709 938 1796 967 καλὴν

1082 979 1218 1010 ὑπόθεσιν
1231 982 1278 1010 τὴν
1294 978 1367 1020 πρός
1382 978 1530 1010 Φίλιωπον
1541 978 1609 1018 ὑπὲρ
1625 982 1680 1008 τῶν
1693 979 1796 1009 Ἑλλή-

1081 1034 1129 1052 νων
1160 1021 1345 1062 δικαιολογίαν
1359 1039 1402 1046 --
1419 1024 1517 1063 ταχὺ
1551 1021 1630 1061 δόξαν
1660 1021 1734 1064 ἔσχε
1752 1039 1796 1046 --

1082 1066 1151 1100 ὣςτε
1165 1083 1208 1089 ——-
1219 1065 1429 1107 θεραπεύεσθαι
1448 1065 1502 1096 ὑπὸ
1520 1066 1570 1095 τοῦ
1584 1065 1718 1105 μεγάλου
1739 1065 1794 1098 Βα-

1083 1109 1196 1143 σιλέως.
1228 1115 1258 1139 01
1284 1120 1316 1149 p.
1342 1111 1418 1141 852.
1444 1109 1480 1139 C.
1506 1108 1798 1148 Δημοσθένης-τῷ

1083 1152 1182 1183 ἄνωθεν
1207 1152 1240 1183 ἐκ
1260 1152 1368 1183 Σούσων
1391 1152 1439 1182 καὶ
1459 1151 1640 1185 Ἐκβατάνων
1659 1151 1799 1186 ἐπιβατὸς

1082 1195 1192 1236 χρυσίῳ
1206 1198 1321 1235 γεγονὼς
1334 1196 1383 1225 καὶ
1396 1194 1676 1234 κατακεκλυσμένος.
1698 1206 1729 1234 p.
1743 1205 1798 1224 au-

1084 1245 1145 1269 tem
1174 1242 1246 1270 887.
1279 1240 1316 1270 Ε.
1345 1240 1460 1270 dicitur
1489 1237 1649 1272 διαβληθεὶς
1670 1237 1725 1279 μὲν
1749 1237 1798 1268 ἐπὶ

1085 1283 1144 1316 τοῖς
1165 1283 1329 1317 βασιλικοῖς
1356 1283 1514 1324 χρήμασιν.
1558 1282 1669 1321 Neque
1697 1285 1800 1311 tamen

1086 1326 1289 1356 Demostheni
1316 1327 1372 1356 soli
1396 1327 1461 1356 haec
1479 1326 1557 1355 dona
1577 1325 1801 1360 tribuebantur,

1086 1379 1193 1399 verum
1220 1369 1311 1400 etiam
1332 1369 1460 1409 reliquis
1485 1367 1669 1404 oratoribus,
1692 1369 1800 1398 Mace-

1085 1412 1199 1443 donum
1223 1412 1363 1443 factionis
1388 1411 1587 1443 adversariis.
1631 1411 1679 1441 Cf.
1694 1410 1801 1441 Philo-

1087 1460 1202 1486 stratus
1226 1456 1266 1485 de
1292 1456 1334 1487 V.
1359 1455 1495 1495 Sophist.
1516 1456 1538 1485 l.
1560 1456 1588 1484 I.
1614 1454 1746 1484 XVIII.
1766 1465 1799 1494 p.

1086 1500 1161 1530 507.
1180 1500 1283 1539 ibique
1306 1500 1451 1529 Olearius
1474 1503 1506 1529 et
1528 1498 1619 1537 impr.
1644 1500 1681 1528 A.
1701 1498 1745 1527 H.
1762 1498 1800 1528 L.

1087 1543 1264 1578 Heerenus,
1280 1542 1329 1573 vir
1352 1543 1498 1578 eximius,
1522 1542 1551 1572 in
1566 1541 1691 1581 egregio
1705 1551 1800 1580 opere

1086 1586 1270 1616 Germanico
1293 1586 1333 1615 de
1365 1587 1458 1616 rebus
1485 1584 1631 1626 politicis,
1657 1585 1696 1614 de
1718 1589 1800 1614 com-

1086 1629 1203 1659 mercio
1234 1633 1266 1659 et
1292 1634 1462 1659 mercatura
1499 1628 1723 1668 praecipuarum
1760 1638 1800 1657 ex

1085 1672 1231 1710 gentibus
1261 1672 1396 1711 antiquis
1425 1671 1539 1713 (Ideen
1568 1671 1640 1701 ‘iiber
1670 1671 1718 1701 dte
1744 1670 1801 1701 Po-

1086 1715 1164 1751 litik,
1183 1715 1239 1744 den
1272 1714 1400 1751 Verkehr
1428 1715 1492 1744 und
1521 1715 1580 1743 ‹len
1604 1713 1727 1744 Handel
1748 1714 1802 1743 der

1091 1757 1199 1788 Vtilker
1225 1758 1260 1788 de
1286 1758 1367 1787 alten
1394 1756 1496 1797 Welt)
1523 1756 1594 1787 Vol.
1617 1757 1684 1787 ΙΙΙ.
1715 1758 1750 1786 Ρ.
1772 1758 1801 1786 Ι.

1086 1811 1118 1839 p.
1145 1803 1220 1830 411.
1245 1811 1310 1839 sqq.
1355 1801 1433 1830 Post
1455 1801 1536 1830 illam
1554 1800 1657 1835 etiam,
1685 1799 1725 1829 de
1741 1810 1802 1838 qua

1087 1853 1181 1882 supra
1198 1842 1345 1879 diximus,
1357 1843 1488 1883 AEgypti
1506 1843 1732 1881 Phoeniciaeque
1745 1853 1801 1872 ex-

1086 1885 1304 1925 pugnationem
1346 1897 1405 1916 non
1440 1886 1589 1916 abstinuit
1618 1887 1803 1916 Demosthe-

1087 1939 1153 1964 nes,
1178 1940 1239 1969 quo
1259 1929 1359 1959 minus
1383 1929 1484 1968 palam
1506 1929 1622 1969 populo
1648 1930 1802 1965 suaderet,

1089 1977 1121 2002 ut
1152 1973 1318 2003 Persarum
1357 1983 1449 2012 opem
1480 1976 1587 2002 contra
1618 1971 1801 2012 Philippum

1087 2016 1297 2054 implorarent.
1343 2016 1380 2046 In
1403 2017 1491 2046 Orat.
1513 2015 1652 2055 Philipp.
1677 2016 1743 2046 111.
1769 2026 1801 2056 p.

1090 2062 1162 2091 1⁶29.
1191 2063 1219 2090 8.
1245 2061 1294 2090 ed.
1321 2060 1431 2090 Reisk.
1457 2069 1524 2098 quae
1551 2058 1655 2089 habita
1679 2058 1803 2089 videtur

1089 2102 1216 2142 Olymp.
1232 2103 1323 2133 CIX.
1338 2114 1366 2132 a.
1383 2105 1414 2132 3.
1435 2102 1500 2132 haec
1524 2106 1595 2132 sunt
1610 2103 1676 2141 ejus
1688 2103 1800 2132 verba:

1088 2144 1290 2186 ἐκπέμπωμεν
1317 2144 1447 2186 πρὲσξεις
1475 2147 1642 2186 πανταχοῦ,
1677 2145 1717 2179 εἷς
1746 2151 1802 2175 Πε-

1088 2188 1260 2224 λοπόννησον,
1287 2189 1325 2224 εἶς
1346 2188 1445 2224 Ῥόδον,
1467 2189 1506 2223 εἷς
1529 2187 1602 2224 Χίον,
1624 2189 1660 2221 ὥς
1676 2186 1801 2218 Εασιλὲα

1088 2230 1177 2270 λέγω·
1199 2232 1258 2262 οὐδὲ
1274 2234 1329 2273 γὰρ
1344 2234 1399 2262 τῶν
1413 2230 1502 2270 ἐκείνῳ
1515 2230 1715 2271 συμφερόντων
1730 2231 1802 2271 ἀφέ·

1088 2287 1177 2306 στηκε
1203 2275 1236 2305 τὸ
1265 2277 1307 2316 μὴ
1336 2276 1435 2306 τοῦτον
1472 2274 1685 2315 [Philippum]
1716 2273 1803 2305 ἐᾶσαι

1089 2319 1188 2349 πάντα
1203 2317 1485 2359 καταστρέψασθαι.
1508 2318 1621 2357 1111111115
1639 2317 1712 2348 addi
1727 2328 1800 2357 pos-

1089 2366 1136 2392 set
1151 2362 1291 2402 Philipp.
1306 2363 1364 2392 IV.
1379 2372 1411 2401 p.
1427 2363 1500 2393 139.
1513 2364 1566 2392 21.
1583 2361 1621 2390 ad
1634 2364 1708 2392 140.
1724 2364 1754 2391 1.
1772 2366 1803 2392 et

1089 2415 1120 2444 p.
1136 2406 1209 2436 145.
1225 2407 1256 2436 5.
1273 2405 1332 2435 nisi
1348 2405 1440 2444 hujus
1457 2404 1616 2435 Orationis
1633 2404 1800 2435 auctoritas

1089 2453 1120 2478 et
1143 2453 1231 2478 311103
1259 2459 1277 2478 3
1303 2448 1408 2479 multis
1438 2452 1523 2478 esset
1551 2448 1742 2487 impugnata,
1771 2452 1803 2478 et

1088 2501 1186 2531 nuper
1205 2492 1326 2522 idoneis
1356 2490 1545 2522 orationibus
1564 2492 1680 2530 rejecta
1704 2501 1721 2520 a
1742 2490 1801 2522 W.

1088 2536 1131 2565 H.
1149 2535 1332 2574 Versteegio
1362 2536 1394 2565 in
1423 2535 1556 2575 Specirn.
1584 2535 1715 2564 Literar.
1741 2544 1801 2573 quo

1089 2578 1268 2618 Philippica
1291 2579 1353 2609 IV.
1370 2576 1572 2608 Demostheni
1597 2577 1800 2616 abjudicatur,

1087 2623 1295 2658 Gron.,1818.
1310 2623 1358 2652 De
1376 2621 1537 2651 obsidione
1549 2620 1691 2650 Perinthi
1708 2629 1802 2659 supra

1081 2666 1147 2704 jam
1163 2664 1280 2695 dictum
1299 2669 1364 2701 est,
1378 2675 1446 2704 quae
1462 2669 1495 2694 ut
1512 2664 1692 2699 solveretur,
1708 2663 1805 2693 Athe-

1086 2708 1207 2739 nienses
1223 2718 1242 2738 a
1263 2708 1366 2738 Persis
1391 2707 1489 2746 adjuti
1510 2707 1625 2736 bellum
1642 2716 1709 2736 cum
1729 2706 1804 2736 Ρ111-

1086 2751 1172 2790 lippo
1192 2752 1401 2782 instaurarunt
1426 2750 1485 2792 (cf.
1499 2750 1594 2780 Diod.
1611 2748 1673 2779 Sic.
1690 2749 1710 2778 l.
1729 2749 1756 2779 I.
1772 2760 1802 2780 c.

1085 2795 1158 2836 ¹77),
1174 2795 1338 2833 instigante
1354 2805 1407 2824 eos
1422 2793 1530 2824 eodem
1545 2792 1753 2823 Demosthene
1770 2793 1802 2823 in

1086 2839 1174 2868 Orat.
1185 2838 1222 2868 ad
1241 2837 1382 2877 Philippi
1399 2837 1490 2876 epist.
1504 2847 1536 2875 p.
1550 2836 1624 2866 153.
1641 2838 1692 2866 20.
1710 2846 1777 2875 sqq.

1128 2882 1237 2921 Neque
1264 2891 1340 2911 vero
1365 2889 1503 2919 maguam
1531 2879 1593 2909 vim
1617 2879 1730 2908 habere
1755 2879 1800 2908 vi-

1084 2924 1177 2955 detur
1192 2927 1414 2964 argumentum,
1429 2922 1511 2962 quod
1524 2921 1678 2962 Dionysio
1693 2922 1801 2952 Halic.

1084 2968 1161 2998 hanc
1177 2968 1354 2998 Orationem
1367 2967 1406 2997 ad
1422 2965 1549 3006 Olymp.
1561 2965 1644 2995 cvl.
1659 2976 1687 2996 a.
1704 2966 1737 2995 3.
1752 2975 1800 2994 re-

1084 3010 1194 3042 ferenti
1215 3021 1342 3050 03131100
1366 3010 1495 3051 primam
1512 3008 1736 3039 Demosthenis
1751 3007 1799 3038 δη-
