1997 3323
396 202 448 241 64
775 201 808 243 Ι.
831 201 866 244 l.
892 202 1114 246 REISKE
1150 203 1473 246 ANNOTATA

437 324 479 330 -—
496 310 545 338 16.
570 306 678 350 ὤχετο]
702 309 803 340 Dictio
820 310 914 352 ᾠχετο
930 312 1029 344 αὐτοὺς
1051 317 1104 340 λα-

394 349 449 381 &de
468 356 528 380 tam
552 354 658 383 crebro
679 353 791 392 legitur
813 354 893 392 apud
923 355 1105 383 Demosthe-

394 404 461 423 nem
475 394 622 435 aliosque.
635 400 667 425 ut
678 396 786 426 mirum
802 397 852 430 sit,
866 397 1003 433 potuisse
1021 396 1104 427 viros

394 436 527 466 doctos·
519 447 549 467 m
565 449 600 468 ea
616 449 726 468 errare.
772 438 928 468 Sententia
951 440 1018 477 ejus
1039 440 1103 469 haec

394 483 458 508 est:
487 481 674 521 Progressus
703 486 750 510 est
777 480 939 521 Philippus
965 482 1104 512 ulterius.

393 522 555 553 Thebanos
571 524 808 563 Thessalosque,
828 524 911 554 velut
932 525 1017 554 turbo
1040 536 1104 555 om-

394 566 443 595 nia
459 576 558 596 coram
575 577 608 596 se
624 578 729 605 agens,
752 567 939 605 propellens,
960 577 1050 598 ruens
1073 573 1103 598 et

393 614 507 645 rotans,
534 610 606 648 egit,
638 620 696 647 quo
722 609 830 644 voluit,
861 611 981 640 obtorto
1011 611 1102 646 οοΙΙο,

392 653 581 691 praecipsses,
590 658 772 689 occoecatos,
785 653 986 689 (lementatos,
996 659 1028 684 ut
1039 665 1102 684 ma-

392 696 489 724 lorum
508 695 565 725 sibi
588 695 805 725 imminentium
825 696 867 724 nil
883 697 1101 735 praeviderent,

395 749 423 769 v.
440 748 471 777 p.
489 740 562 769 347.
581 741 629 768 10.
651 743 703 768 aut
725 744 773 769 est
797 739 894 769 simile
916 741 1039 770 ductum
1062 741 1101 770 de

394 791 440 813 eo,
458 782 507 819 qui
525 782 638 818 subito,
654 792 707 821 per
722 782 782 811 vim
801 788 985 821 correptum,
1001 784 1100 813 subla-

394 824 556 863 tumquein
573 824 715 854 humeros
729 825 847 860 auffert,
861 836 919 864 quo
935 827 1010 862 vult,
1025 826 1102 856 invi—

394 874 455 896 tum
473 872 502 896 et
520 867 745 898 vociferantem.

434 926 477 932 —-
502 911 553 940 ⁰26.
576 910 652 941 δῆλον
679 913 744 950 γὰρ,
773 910 813 939 ὅτι
833 910 891 951 -]
916 911 996 942 Citat
1023 912 1053 941 h.

393 953 568 982 Alexander
598 954 636 983 de
664 954 781 993 figurss,
806 955 906 993 capite
937 955 975 984 ‹le
1005 955 1102 985 ironia

390 1006 419 1034 p.
438 998 490 1026 44.

435 1040 506 1069 940.
523 1041 554 1069 2.
577 1039 618 1073 οὓς
631 1038 735 1070 αὐτίκα
750 1041 864 1080 μᾶλλον
878 1039 998 1079 ἆξμόσ-ει
1013 1039 1102 1078 λέγειν

391 1081 472 1122 ἴσως]
497 1083 621 1121 praetuli
645 1083 725 1113 hunc
749 1083 904 1113 ordinem:
931 1083 974 1118 οὓς
997 1082 1100 1113 αὐτίκα

390 1124 478 1162 μάλα
501 1125 567 1158 ἴσως
593 1125 712 1166 ἁρμόσει
735 1125 834 1163 λέγειν.
857 1126 978 1156 mallem
1001 1132 1099 1157 tamen

390 1178 470 1196 nunc
485 1169 599 1207 μᾶλλον
617 1179 635 1198 a
655 1179 703 1199 me
723 1180 780 1199 non
804 1179 870 1199 esse
896 1169 1097 1209 repudiatum.

389 1215 525 1249 poteram
545 1211 590 1240 sio
614 1213 706 1242 dare:
729 1211 771 1246 οὓς
792 1210 896 1243 αὐτίκα
920 1213 1009 1251 μάλα
1034 1212 1101 1247 ἴσως

389 1255 506 1292 μᾶλλον
519 1254 590 1294 ἁρμ.
607 1262 635 1285 λ.

432 1314 475 1320 —-
498 1300 548 1327 10.
571 1297 661 1336 φίλον,
686 1297 837 1339 εὐεργέτην,
864 1297 993 1338 σωτῆρα]
1018 1298 1101 1328 Citat

391 1339 420 1368 b.
440 1340 462 1369 l.
483 1340 656 1371 Alexander
672 1341 789 1371 Rhetm-
809 1352 840 1380 p.
863 1344 914 1371 2⁹8.
944 1342 974 1370 in
999 1341 1100 1380 capite

390 1382 450 1422 περὶ
468 1381 612 1422 ἐπιμονῆς.
633 1390 663 1414 ct
679 1384 895 1415 Phoebammon
912 1394 943 1423 p.
961 1385 1034 1415 132.
1050 1384 1101 1423 qui

390 1435 487 1462 genus
510 1428 688 1467 tautologiae
712 1428 804 1457 facit:
836 1427 951 1467 διάφορα
974 1426 1101 1468 ὀνόματα

389 1467 562 1507 σημαίνοντα
576 1482 624 1501 την
636 1471 721 1501 αὐτὴν
735 1470 887 1506 διάνοιαν,
877 1472 930 1500 υπὸ
945 1469 973 1500 δὲ
989 1472 1037 1501 την
1051 1471 1102 1500 αὐ-

390 1522 437 1541 την
453 1514 582 1549 πτῶσιν,
603 1526 639 1547 ως
656 1513 700 1543 τό·
723 1512 811 1552 φίλον,
822 1512 972 1553 εὐεργέτην,
987 1515 1100 1554 σωτῆρα

389 1555 510 1592 ἦγοῦντο.

430 1615 473 1619 -
491 1599 543 1628 07,
565 1599 594 1628 αἱ
608 1596 635 1628 δὲ
648 1598 743 1633 πόλεις
752 1598 871 1652 ἐνόσουν]
889 1600 1101 1639 Hermogenes

389 1649 420 1679 p.
437 1642 510 1672 243.
533 1640 561 1670 ai
577 1641 700 1681 μετρίως
720 1641 776 1681 μὲν
797 1654 839 1672 ουν
859 1642 978 1684 ἔχουσαι
999 1643 1102 1684 τροπαὶ

387 1682 521 1713 τοιαυταί
534 1684 610 1714 εἶσιν·
629 1685 651 1714 εἶ
668 1684 691 1714 δ’
705 1685 852 1731 υπερβαιέν
867 1697 896 1716 τι
911 1698 961 1716 του
973 1685 1101 1727 μετρίου,

388 1725 612 1768 τραχύνουσιτόν
626 1727 713 1765 λόγον.
725 1731 782 1758 οἷον·
796 1730 824 1758 αῖ
841 1727 869 1759 δὲ
883 1728 1101 1763 πόλειςενόσουν.

388 1768 426 1799 διδ
440 1769 489 1799 και
504 1769 657 1808 ἐξηγήσεως
680 1771 759 1810 αὐτῷ’
777 1770 883 1807 ἐδέησε,
905 1773 938 1804 τὸ
962 1773 1025 1813 γάρ·
1049 1775 1102 1803 τῶν

387 1811 443 1851 μὲν
459 1811 485 1842 ἔν
497 1813 539 1853 τῷ
550 1812 747 1844 πολιτεύεσθαι
763 1814 810 1844 καὶ
824 1816 978 1855 «πράττειν,
993 1815 1103 1856 δωροδο-

389 1855 517 1893 κούντων,
529 1855 574 1885 καὶ
590 1858 630 1888 τοὶ
644 1856 715 1896 ἑξῆς·
729 1868 777 1886 του
794 1856 895 1888 ἐνόσουν
910 1857 989 1889 ἐστὶν
1004 1857 1103 1898 ἐξηγη-

385 1900 467 1928 erana.

432 1944 506 1973 9241.
524 1946 553 1972 1.
576 1944 631 1972 τῶν
651 1941 675 1972 δ
697 1942 809 1974 ἰδιωτῶν
829 1943 877 1973 καὶ
901 1945 1027 1987 πολλῶν]
1054 1945 1101 1975 di-

389 1984 472 2015 versi
485 1990 553 2015 sunt
567 1986 589 2016 οῖ
603 1985 712 2017 ἰδιῶται
724 1990 755 2017 et
767 1986 790 2016 οἳ
801 1988 912 2018 πολλοί.
937 1989 1101 2027 Magistra-

389 2032 439 2058 tus
460 2028 511 2068 qui
527 2034 702 2067 gesserunt,
721 2029 810 2060 etiam
833 2030 958 2068 multos,
979 2036 1031 2061 aut
1045 2041 1101 2070 ge-

391 2076 470 2107 rent,
486 2082 564 2102 nunc
580 2077 691 2109 tamen,
708 2083 775 2103 cum
792 2077 879 2103 extra
901 2074 1101 2111 functionem,

388 2113 447 2144 hoc
462 2119 521 2151 est,
544 2115 657 2154 privati
677 2121 759 2153 sunt,
783 2120 813 2146 et
829 2116 976 2153 otiantur,
991 2117 1099 2148 ἰδιῶται

388 2162 470 2193 sunt,
491 2158 612 2188 tametsi
636 2169 696 2189 non
714 2164 877 2199 propterea
891 2161 951 2195 τοῖς
965 2162 1102 2198 πολλοῖς,

387 2199 483 2239 plebi,
499 2201 886 2239 miscellaneae,inconditae
898 2203 1100 2241 multitudini,

386 2243 514 2283 popello
530 2245 711 2275 accensendi
729 2251 810 2276 sunt.
835 2246 857 2276 oi
874 2245 975 2277 πολλοὶ
999 2251 1100 2277 autem

386 2296 548 2326 numquam
560 2292 631 2318 sunt
646 2288 766 2325 ἰδιῶται,
781 2299 881 2328 neque
893 2294 992 2326 erunt,
1001 2300 1100 2328 neque

386 2335 520 2368 possunt
532 2340 611 2366 esse,
623 2332 695 2368 qnia
713 2332 815 2361 nullos
829 2332 960 2358 honores
978 2334 1100 2368 gerunt,

387 2372 561 2412 nullamque
575 2375 694 2411 partem
715 2373 795 2412 reip.
811 2372 974 2411 attingunt,
989 2372 1048 2402 nisi
1067 2373 1099 2403 in

387 2415 546 2451 concione,
561 2415 696 2445 ferendis
717 2415 883 2455 suffragiis.

430 2475 471 2481 —
483 2460 534 2488 20.
547 2457 739 2500 ἀποδομένων]
753 2458 873 2499 praetuli
885 2457 1101 2498 ἀποδεδομένων,

385 2500 578 2537 existimans,
592 2501 766 2542 ἀποδέδομαι
781 2501 954 2541 significare
969 2503 1099 2532 vendidi.

388 2544 470 2582 quod
500 2548 655 2577 rectumne
678 2545 729 2580 sit,
756 2556 792 2575 an
819 2545 914 2574 falsus
945 2546 1098 2575 memoriae

388 2586 509 2622 fuerim,
522 2587 601 2617 haud
613 2588 687 2617 licet
703 2588 838 2618 definire.
857 2587 923 2617 fieri
939 2588 1051 2627 possit,
1066 2592 1100 2618 ut

388 2630 487 2659 Graeci
503 2630 648 2660 aoristum
664 2632 829 2661 secundum
850 2630 983 2660 medium
999 2630 1099 2662 ἀπεδό-

386 2683 444 2712 μην
458 2677 489 2702 et
504 2672 673 2712 ἀποδόμενος
695 2674 851 2713 alligarint
866 2674 904 2703 ad
928 2674 1100 2713 significan-

388 2716 459 2745 dum
472 2716 601 2750 vendidi,
613 2721 644 2745 et
657 2716 695 2752 is,
711 2719 761 2756 qui
772 2717 913 2747 vendidit.
926 2716 1099 2754 ἀποδέδομαι

388 2762 488 2788 autem
519 2761 551 2788 et
580 2758 779 2799 ἀποδεδομένος
802 2759 840 2789 ad
866 2760 1097 2799 significandum

387 2801 522 2832 venditus
541 2811 617 2837 sum,
641 2807 672 2831 et
698 2801 777 2832 homo
798 2803 942 2833 venditus.
987 2803 1099 2833 Retra-

387 2848 473 2874 ctans
488 2853 567 2875 nunc
590 2845 681 2884 longo
702 2849 840 2885 tempore
865 2850 934 2885 post
958 2845 1010 2874 illa
1031 2856 1098 2876 mea

387 2896 461 2918 ausa
478 2888 725 2923 Demostheniea,
746 2888 859 2927 incipio
875 2898 1096 2927 nonnumquam

389 2930 500 2965 vereri,
526 2941 561 2960 ne
585 2931 737 2961 festinatio
761 2942 808 2961 me
830 2931 942 2969 passim
960 2931 1095 2962 locorum

387 2973 577 3012 praecipitem
602 2975 709 3014 egerit.

431 3018 539 3047 ——Qan
568 3017 658 3059 μέχρι
686 3017 786 3047 τούτου
813 3016 929 3058 Λασθ]
962 3017 1096 3047 Hermo·

1139 320 1231 347 genes
1249 322 1278 350 p.
1296 314 1369 342 266.
1387 316 1415 342 3.
1436 314 1508 343 citat
1532 313 1561 342 h.
1577 313 1596 342 l.
1615 317 1643 343 et
1661 324 1693 353 p.
1709 316 1782 345 ⁶295.
1798 315 1850 344 ubi

1138 353 1177 381 de
1192 353 1369 383 discrimine
1385 358 1434 388 τῆς
1446 356 1628 396 παρισώσεως
1640 363 1669 386 et
1683 358 1733 390 τῆς
1746 355 1850 388 ἐπανα-

1138 397 1222 434 φορᾶς
1238 397 1384 435 loquum,
1400 397 1434 427 αἶ’
1444 410 1477 429 τε
1495 403 1535 428 οὐν
1548 400 1718 440 ’παρισώσεις
1733 407 1849 429 καλλω-

1139 437 1283 477 ’ω’ίζουσιν,
1297 440 1390 479 ὥσπερ
1407 439 1550 480 ἐλέγομεν,
1563 442 1612 471 καὶ
1626 443 1655 472 αἱ
1671 442 1750 473 κατὰ
1766 445 1850 472 κῶλον

1137 479 1326 522 ἐωαναφοςαί.
1351 481 1409 513 οἷον
1432 482 1524 525 μέχρι
1538 484 1637 515 τούτου
1654 483 1793 520 Λασθένης
1808 503 1850 508 —-

1137 535 1228 565 μεχρι
1237 537 1338 556 τουτου
1349 525 1544 565 Τιμόλαος-.
1559 528 1674 558 Ponam
1687 528 1736 558 hic
1750 530 1848 559 locum

1138 577 1155 596 e
1177 568 1341 598 scholiasta
1363 569 1400 598 ad
1422 569 1627 609 Hermogenis
1646 571 1757 601 librum
1781 571 1851 611 weg?

1137 609 1220 644 ἰδεῶν,
1243 621 1300 640 non
1324 621 1385 650 quo
1405 611 1537 642 lectores
1553 623 1592 642 ex
1608 623 1645 643 eo
1659 613 1738 643 scitu
1757 614 1850 663 digua

1137 652 1269 690 discant,
1286 656 1341 684 sed
1357 665 1417 694 quo
1438 655 1610 705 intelligant
1629 656 1688 685 hoc
1712 666 1728 685 e
1749 657 1850 696 speci-

1137 696 1229 732 mine,
1249 707 1336 735 quam
1362 698 1482 728 miseiis
1506 703 1536 728 et
1557 708 1646 737 quam
1673 698 1850 729 difficilibus

1137 739 1225 778 nugis
1257 741 1352 770 bonus
1378 741 1593 781 Hermogenes
1624 746 1766 771 oneratus
1798 743 1849 772 sit.

1137 792 1315 822 quamquam
1353 783 1402 813 hic
1435 794 1603 824 anonymus
1636 784 1665 814 in
1696 785 1776 814 hunc
1810 786 1849 814 de

1136 826 1241 855 formis
1256 826 1366 856 librum
1382 827 1561 858 scholiastes
1581 828 1732 866 sequioris
1749 832 1779 858 et
1795 839 1848 869 ge-

1136 869 1219 898 neris
1241 874 1270 899 et
1291 869 1391 900 aetatis
1412 874 1472 904 est,
1497 871 1639 910 nulloque
1665 872 1755 900 modo
1780 881 1849 900 cum

1078 913 1099 941 l.
1137 911 1319 942 Marcellino
1355 913 1535 952 caeterisque
1566 913 1787 944 vetustioribus
1817 919 1848 943 et

1137 954 1315 984 melioribus
1346 957 1635 986 commentatoribus
1673 967 1847 995 comparan-

1137 997 1206 1027 dus.
1230 1008 1261 1036 p.
1278 999 1353 1029 397.
1379 1009 1454 1038 ergo
1475 1008 1545 1028 cum
1565 995 1679 1038 multis,
1704 1004 1734 1029 et
1759 1000 1850 1035 ultra,

1137 1049 1224 1078 quam
1242 1050 1296 1079 par
1313 1046 1407 1077 esset,
1423 1041 1578 1071 subtiliter
1594 1042 1794 1081 disputasset,
1810 1044 1850 1072 ad

1136 1093 1198 1112 rem
1215 1084 1447 1120 obscurandam,
1464 1094 1553 1124 quam
1567 1085 1605 1114 ad
1620 1084 1848 1115 illuminandam

1135 1127 1407 1161 accommodatius,
1423 1128 1453 1157 in
1467 1127 1521 1157 illo
1539 1127 1777 1158 Demosthenico
1792 1127 1850 1167 μὲ-

1133 1180 1183 1210 χρι
1197 1169 1296 1199 τούτου
1315 1168 1455 1204 Λασθένης
1479 1170 1616 1200 obtinere
1638 1171 1744 1210 ἀκμὴν,
1767 1181 1850 1201 com-

1134 1211 1267 1251 positam
1280 1223 1317 1242 ex
1331 1214 1429 1252 ἀκμης
1443 1214 1490 1242 καὶ
1502 1212 1716 1252 λαμπρότητος,
1725 1214 1848 1244 tandem

1134 1255 1260 1294 subjicit.
1274 1256 1358 1285 haec:
1381 1256 1465 1294 φησιν
1483 1259 1535 1291 οὐν,
1549 1255 1591 1286 ὅτι
1607 1256 1635 1286 οὗ
1653 1257 1739 1287 τοῦτο
1760 1254 1848 1295 λέγω,

1134 1297 1176 1327 δ’τι
1192 1298 1364 1339 λαμπςότης
1377 1298 1426 1328 καὶ
1439 1299 1520 1338 ἀκμὴ
1534 1296 1715 1329 συνελθοῦσαι
1727 1300 1849 1330 ποιοῦσιν

1134 1341 1238 1380 ἀκμην·
1254 1340 1286 1381 (η
1302 1343 1356 1381 γᾶς
1375 1342 1456 1380 ἀκμη
1476 1339 1547 1370 καθ’
1562 1342 1647 1371 αὐτὴν
1663 1341 1691 1371 οὔ
1712 1341 1850 1372 συνέστη-

1133 1384 1204 1424 κεν.)
1228 1383 1297 1413 ἀλλ’
1316 1382 1348 1414 ἐκ
1366 1382 1553 1425 σφοδρότητος
1565 1384 1613 1414 καὶ
1629 1383 1847 1425 λαμπρότητος,

1134 1426 1181 1456 καὶ
1202 1426 1383 1478 τραχύτητος
1398 1427 1558 1466 σύγκειται.
1579 1426 1655 1457 ὥστε
1669 1428 1725 1468 οὐχ
1738 1428 1849 1463 οἱωλῶς

1135 1470 1177 1499 δεῖ
1193 1469 1293 1508 λέγειν,
1316 1468 1348 1499 ἐκ
1369 1469 1582 1510 λαμπρότητος
1608 1481 1655 1500 και
1679 1471 1775 1510 ἄκμης
1798 1473 1848 1502 τὴν

1133 1513 1227 1552 ἅκμην
1242 1515 1421 1550 συνεστᾶναι,
1445 1514 1525 1543 ἀλλα
1547 1511 1680 1554 λαμπςον
1698 1512 1725 1543 ἐν
1749 1514 1850 1553 ταύτῷ

1133 1556 1182 1586 καὶ
1202 1557 1325 1596 ἀκμαῖον
1343 1556 1411 1587 εῖναι
1427 1556 1461 1586 τὸ
1475 1556 1567 1598 μέχρι
1582 1555 1683 1587 τούτου
1695 1555 1846 1592 Λασθένης.

1134 1600 1267 1640 λαμπρὸν
1278 1598 1332 1639 μὲν
1340 1600 1385 1631 διαὶ
1397 1600 1445 1630 τὴν
1457 1600 1597 1640 λαμπρὰν
1607 1598 1713 1635 ἐ’ννοιαν,
1725 1601 1850 1639 ἀκμαῖον

1135 1641 1163 1672 δὲ
1188 1642 1233 1672 διὰ
1252 1645 1307 1677 τὰς
1323 1655 1373 1677 της
1392 1642 1578 1695 σφοδρότητος
1596 1642 1645 1672 και
1665 1642 1848 1684 τραχύτητος

1135 1684 1242 1721 ἐννοίας,
1268 1685 1316 1715 καὶ
1334 1697 1385 1720 της
1397 1684 1610 1741 λαμπρότητος
1628 1686 1678 1717 την
1697 1697 1848 1740 μακροκω-

1135 1728 1206 1758 λίαν.
1227 1728 1259 1768 ἐξ
1282 1726 1319 1758 ὠν
1334 1742 1348 1760 η
1369 1730 1450 1770 ἀκμὴ
1465 1747 1509 1752 -—-
1523 1729 1546 1758 εἶ
1567 1730 1623 1769 7¹3⁶?
1643 1729 1733 1759 ἆωλη
1745 1732 1815 1758 οὐσα
1831 1742 1846 1760 η

1135 1770 1297 1813 ἐπαναφοςα
1319 1773 1425 1807 κάλλος
1441 1773 1517 1804 ποιεῖ’
1532 1772 1576 1811 τῷ
1593 1772 1668 1811 λόγῳ
1684 1770 1847 1811 [pulcritu-

1135 1814 1236 1845 dinem
1267 1815 1395 1845 orationi
1419 1826 1478 1855 per
1502 1825 1535 1845 se
1563 1814 1707 1845 conciliat
1737 1824 1847 1854 epana-

1135 1858 1242 1897 phora,
1266 1857 1384 1889 etiamsi
1403 1859 1485 1889 aliud
1503 1857 1578 1888 nihil
1595 1858 1634 1888 ad
1654 1868 1721 1888 eam
1742 1868 1848 1888 acces-

1135 1900 1244 1939 sisset;
1268 1906 1316 1931 est
1343 1905 1442 1932 autem
1467 1901 1670 1941 epanaphora,
1696 1900 1847 1940 particula

1132 1943 1224 1986 μέχρι
1248 1950 1296 1974 ter
1323 1944 1462 1986 iterata],
1485 1943 1593 1984 πολλῷ
1610 1945 1724 1984 μᾶλλον
1753 1944 1850 1975 διωλῖῖ

1134 1989 1213 2017 κατὰ
1233 1986 1368 2028 συζυγίαν
1390 1986 1518 2027 γενομένη
1550 1986 1678 2028 [quanto
1702 1987 1848 2026 majorem

1134 2031 1227 2061 addet
1252 2030 1490 2070 pulcritudinem
1512 2030 1670 2070 duplicata
1685 2040 1742 2069 per
1757 2041 1848 2070 syzy-

1134 2073 1225 2113 giam,
1236 2084 1287 2104 seu
1301 2074 1555 2114 conjugationem,
1566 2074 1851 2113 haecepnnaphora3

1133 2117 1191 2147 hoc
1208 2123 1254 2148 est
1268 2116 1360 2169 μέχρι
1375 2117 1467 2147 toties
1483 2126 1552 2147 curn
1575 2114 1627 2151 ἕως
1641 2116 1847 2170 copulatum]-

1133 2158 1167 2189 τὸ
1190 2162 1243 2200 γὰρ
1263 2159 1354 2201 μέχρι
1382 2160 1430 2190 καὶ
1452 2158 1555 2210 μέχρι,
1581 2158 1629 2188 και
1653 2157 1703 2193 ἕως
1729 2158 1778 2188 καὶ
1798 2157 1851 2193 ἕως

1133 2206 1211 2233 κατὰ
1237 2202 1371 2243 συζυγίαν
1393 2205 1443 2234 τὴν
1469 2201 1643 2243 ἒπαναφοςᾶν
1667 2200 1741 2242 ἔχει.
1766 2202 1851 2240 ejus·

1133 2245 1216 2276 modi
1243 2246 1479 2286 disputationes,
1507 2244 1641 2276 tenebris
1673 2244 1847 2275 seculorum

1133 2288 1384 2319 scholasticorum
1402 2289 1514 2326 dignae‚
1537 2290 1659 2326 captum
1680 2294 1778 2322 meum
1797 2295 1847 2316 sn—

1132 2334 1250 2367 perant.
1279 2328 1453 2358 Alexander
1472 2329 1587 2358 Rhetor
1601 2339 1633 2368 p.
1647 2330 1699 2360 62.
1713 2325 1847 2359 πεποίηκε

1133 2370 1162 2402 δὲ
1181 2370 1368 2412 Δημοσθένης
1389 2371 1437 2401 καὶ
1460 2371 1559 2402 διπλην
1578 2370 1771 2411 ἒωανοεφοραν,
1789 2369 1847 2402 {wi

1132 2425 1165 2444 τε
1184 2418 1240 2445 τῶν
1263 2413 1471 2455 προηγουμένων
1490 2415 1586 2444 κώλων
1605 2414 1639 2446 τδ
1662 2412 1733 2444 αὐτο
1754 2413 1847 2454 μόριον

1132 2457 1301 2510 λαμβάνων,
1328 2458 1376 2487 καὶ
1409 2456 1465 2488 ἐπεὶ
1496 2459 1550 2488 τῶν
1573 2455 1725 2497 ἑπομένων·
1754 2456 1845 2498 μέχρι

1132 2501 1233 2531 τούτου
1262 2508 1321 2531 etc.
1350 2503 1405 2530 τῶν
1432 2499 1487 2540 μὲν
1516 2502 1571 2539 γαρ
1604 2500 1720 2539 πρώτων
1752 2500 1847 2529 κώλων

1132 2543 1165 2573 τὸ
1188 2550 1297 2574 MEXPI
1314 2543 1396 2585 ἅςχει
1416 2543 1518 2584 μόριον,
1539 2553 1592 2572 των
1616 2542 1644 2572 δὲ
1670 2540 1797 2583 δευτέρων
1811 2541 1845 2572 τό

1134 2593 1218 2617 ΕΩΣ.

1175 2648 1218 2653 ——
1233 2631 1286 2661 27.
1310 2629 1436 2671 Εὔδικος]
1460 2628 1543 2658 Citat
1568 2628 1596 2657 Ιι.
1609 2628 1631 2658 l.
1657 2627 1845 2667 Harpocrat.

1133 2684 1164 2702 v.
1182 2672 1291 2707 Εὔδικος
1306 2678 1336 2703 et
1351 2672 1437 2713 Σιμος
1453 2677 1484 2702 et
1499 2669 1640 2711 Περίλλος
1659 2670 1706 2712 (v.
1722 2681 1753 2710 p.
1771 2673 1846 2702 242.

1134 2719 1163 2747 2.
1166 2715 1257 2756 )nam
1273 2715 1319 2746 sic
1336 2720 1491 2746 exaratum
1508 2714 1550 2744 ibi
1567 2713 1690 2753 legitur.

1177 2761 1249 2791 242.
1271 2761 1303 2789 ’7.
1325 2756 1445 2798 τούτων]
1471 2756 1593 2796 praetuli
1622 2756 1750 2790 τούτους.
1775 2765 1845 2795 per,

1134 2802 1181 2832 vel
1197 2808 1321 2841 propter
1334 2801 1401 2837 hos,
1417 2810 1493 2840 quos
1509 2810 1564 2840 per
1580 2803 1765 2830 contemtum
1780 2800 1846 2833 τοὺς

1132 2845 1263 2881 πολλοὺς,
1287 2844 1407 2884 plebem,
1433 2842 1635 2883 appellitatis,
1657 2841 1734 2873 salvi
1759 2841 1845 2877 estis,

1131 2898 1188 2927 per
1202 2888 1323 2927 plebem
1342 2886 1485 2922 Atticam,
1502 2891 1533 2916 et
1544 2895 1599 2926 per
1613 2895 1681 2920 nos,
1697 2888 1844 2920 oratores,

1132 2931 1240 2961 vestris
1257 2929 1528 2960 machinationibus
1547 2930 1715 2958 obstantes.

1173 2992 1215 2996 -—
1234 2975 1284 3004 13.
1308 2972 1510 3013 ἑωλοκρασίαν]
1533 2971 1615 3002 Citat
1630 2972 1659 3001 h.
1674 2971 1696 3001 l.
1723 2970 1843 3009 narpo-

1130 3021 1204 3046 crat.
1222 3027 1252 3047 v.
1266 3015 1448 3055 {canonque-la.
1740 3036 1743 3037 ν

1954 3288 1997 3323 »ἀι
