1931 3322
433 201 515 244 AD
548 200 914 244 ORATIONEM
949 199 1012 241 IN
1043 200 1334 244 NEAERAM.

168 310 283 341 fercula
300 310 414 345 inferri,
429 314 461 340 et
477 309 623 349 reliquias
644 310 759 349 dapum
781 309 876 339 devo-

167 363 264 389 rasse,
273 358 305 384 et
313 353 391 383 inter
403 363 455 383 eos
466 354 608 383 Neaeram
620 353 785 384 volutatam
797 362 876 382 esse.

209 413 252 419 -—
266 398 319 427 13.
333 395 533 436 Ξυπεταιῶνα]
552 401 604 426 aut
619 394 651 426 ἔκ
665 394 813 427 Ξυπετὲων
830 395 877 425 vi-

165 439 256 469 detur
270 439 331 478 leg.
356 444 408 469 aut
422 438 625 470 Ξυωεταιωνέα
649 450 667 469 a
690 438 877 469 nominativo

166 482 198 511 in
213 482 257 515 εὺς
270 487 413 512 exeunte.
430 483 511 522 qnod
526 483 606 513 idem
624 483 662 513 ad
676 493 707 513 v.
721 485 770 513 15.
786 482 876 512 etiam

166 526 461 556 accommodabitur.

208 584 250 591 -
267 569 319 600 25.
334 569 382 598 καὶ
397 569 452 610 οὐχ
465 569 501 603 ὡς
514 568 600 610 ᾤετο]
616 567 717 598 malim
730 578 736 596 :
753 567 801 597 καὶ
813 567 877 609 οὐχ,

166 610 202 644 ὡς
217 610 291 650 ἄξιον
305 610 367 651 [vel
382 612 449 653 δεῖν]
463 612 542 651 ᾤετο,
558 613 706 649 ἦγαπῖιτο.
721 621 810 651 neque
823 611 876 645 ita,

165 659 202 683 ut
221 660 349 693 oportere
371 655 560 690 existimabat,
584 662 747 684 amaretur.
774 664 879 693 quam-

166 706 254 734 quam
279 697 402 735 vulgata
425 709 545 738 quoque
566 698 691 728 defendi
712 703 828 736 potest,
851 697 878 726 si

165 737 277 777 μέλλον
291 741 501 772 subaudiatur.
521 746 557 771 ut
570 740 720 782 futuram
736 747 877 771 autuma-

165 788 260 812 verat.

210 826 307 856 1357.
321 830 353 858 4.
373 823 420 856 τὸν
434 824 548 868 ὕστερον
562 825 703 866 πολέμον]
723 826 878 865 posterius

165 868 282 899 bellum
296 869 373 899 dicit
383 875 528 908 respectu
542 870 666 909 prioris,
676 869 762 899 illius
777 870 880 908 magni

167 915 259 950 atque
275 912 410 942 diuturni
429 912 695 952 Peloponnesiaci.
711 924 741 943 v.
759 913 879 943 Simson

169 954 282 985 Chron.
300 957 339 986 ad
363 958 402 986 A.
416 956 463 986 M.
479 958 576 987 3631.
594 961 627 986 et
650 956 771 986 Corsini
797 958 880 987 Fast.

169 998 234 1028 Aa.
248 998 287 1028 ad
304 999 430 1039 Olymp.
445 1000 499 1029 CI.
516 1011 548 1038 p.
566 1003 597 1030 4.
611 999 699 1030 Tomi
717 1001 773 1029 IV.

212 1058 256 1064 —
270 1044 301 1072 8.
319 1044 486 1076 πολυτελὴς
500 1041 525 1072 δ’
537 1041 582 1083 ἦν]
600 1047 704 1082 potest
720 1043 770 1072 hic
786 1041 814 1072 δὲ
831 1052 883 1072 ac-

169 1083 242 1123 cipi,
261 1084 330 1115 sive
353 1085 383 1115 in
407 1090 553 1116 consueto
575 1086 881 1125 significatu,autem,

169 1127 236 1157 sive
245 1137 302 1166 pro
311 1130 378 1168 γὰρ,
390 1130 479 1164 enim,
491 1134 524 1158 ut
537 1137 633 1168 saepe‚
644 1139 824 1169 quamquam
837 1133 882 1158 ta·

169 1180 238 1200 men
253 1171 312 1200 hoc
326 1171 429 1201 malim
446 1172 476 1200 h.
491 1172 512 1200 Ι.
541 1182 544 1184 ·

211 1230 256 1236 ——
271 1216 323 1244 14.
339 1213 536 1255 Τιμανονίδου]
553 1216 675 1245 correxi
691 1214 882 1256 Τιμανορίδου.

211 1274 256 1279 ——-
269 1260 320 1288 17.
336 1259 351 1288 ἧ
365 1259 454 1299 μάχη
471 1259 485 1289 ἦ
497 1256 524 1287 ἐν
539 1257 700 1300 Λεύκτροις]
713 1269 743 1289 v.
758 1259 881 1289 Simson

170 1299 210 1330 ad
225 1301 264 1331 A.
279 1301 324 1331 M.
339 1303 437 1333 3634.

212 1361 255 1365 -—
273 1346 325 1375 21.
341 1343 495 1384 ἐπιδοῦσα]
522 1355 581 1374 non
606 1346 643 1374 ab
667 1344 741 1380 ἰδεῖν,
765 1346 821 1375 sed
845 1346 883 1374 ab

171 1384 322 1423 ἐπιδοῦναι,
347 1389 397 1417 vel
422 1387 571 1418 ἐπιδιδόναι
596 1393 643 1417 est
670 1389 883 1427 repetendum.

171 1439 240 1458 cum
263 1429 411 1461 obtulisset
433 1429 540 1460 Neaera
564 1431 710 1470 Stephano
735 1431 809 1461 bona
830 1442 884 1461 sna

171 1472 240 1505 fidei
255 1478 283 1502 et
293 1474 391 1504 tutele
401 1475 464 1512 ejus
474 1475 690 1504 committenda.
707 1476 886 1505 conveniret

171 1520 271 1545 tamen
288 1518 446 1547 sententiae
466 1518 575 1547 melius
589 1516 780 1554 ἐπιδεικνῦσι,
795 1524 886 1548 osten-

171 1558 253 1594 dens,
267 1560 478 1590 demonstrans.

214 1619 257 1624 ——
267 1604 319 1632 27.
331 1603 481 1643 φυεήσ-ας]
497 1613 557 1633 non
571 1603 714 1633 abhorret
730 1613 747 1632 a
764 1608 886 1633 senten-

172 1645 226 1681 tia,
243 1645 365 1685 alioque
379 1647 411 1676 in
426 1646 494 1676 loco
507 1646 576 1686 ipse
592 1647 805 1685 amplecterer.
823 1657 886 1676 ma-

171 1687 227 1717 lim
242 1692 342 1719 tamen
354 1689 383 1719 h.
394 1689 416 1719 l.
433 1689 538 1728 φήσας.
551 1700 620 1720 cum
636 1694 827 1720 asseverasset.

215 1733 312 1762 1358.
337 1735 390 1763 22.
414 1731 528 1774 'Ah-rm]
563 1733 668 1763 Αἰήτην
691 1733 775 1769 novi,
799 1738 830 1762 et
853 1732 886 1762 id

171 1779 322 1813 praeterea
336 1785 456 1814 quoque
479 1782 587 1805 nomen
605 1775 769 1816 poeticum.
793 1786 886 1815 quare

172 1818 212 1847 de
233 1816 344 1854 Ἀίιτην,
356 1824 390 1848 ut
404 1819 526 1848 nomine
540 1820 668 1858 proprio
685 1818 767 1848 virili
783 1819 886 1849 Attico

175 1860 372 1891 vehementer
386 1861 506 1891 dubito.

217 1905 313 1935 1359.
345 1906 396 1935 12.
433 1903 647 1945 μεμαθηκυῖα]
679 1903 705 1932 si
735 1909 888 1939 servatur,

175 1953 279 1985 aptum
302 1952 350 1977 est
371 1949 410 1977 ab
432 1946 544 1988 ἔχουσα
567 1944 665 1976 ἦλθεν.
688 1957 718 1976 v.
738 1950 787 1977 10.
812 1948 888 1977 alias

176 2000 236 2019 non
253 1989 399 2029 displicet
423 1992 600 2029 conjectura
618 1991 724 2020 Lamb.
742 1990 888 2030 μεμαθη-

175 2033 266 2069 κυῖαν,
280 2034 362 2072 quod
379 2033 529 2063 referetur
543 2033 581 2062 ad
597 2031 650 2062 δέοι
665 2032 751 2064 arv-riv
769 2045 796 2063 v.
816 2036 846 2064 9.

217 2093 261 2099 —
279 2078 329 2107 15.
355 2077 383 2106 οὗ
397 2077 452 2116 γάρ
467 2087 513 2106 πω
527 2074 556 2107 ἦν
571 2075 672 2116 ῥήτωρ]
700 2076 827 2116 colligas
848 2087 888 2106 ex

174 2119 324 2155 hocloco,
338 2120 476 2150 rhetoras
490 2130 542 2149 seu
561 2126 696 2149 oratores
711 2130 728 2149 a
740 2130 805 2159 rep.
817 2130 890 2149 cou-

174 2163 285 2193 ductos
315 2167 399 2193 certa
427 2163 569 2193 mercede
598 2163 703 2192 fuisse.
749 2164 811 2193 Sed
840 2163 890 2193 cui

173 2206 240 2236 rei'!
261 2205 335 2245 quid
360 2207 503 2236 acturos?
527 2216 587 2245 quo
605 2210 754 2245 tempore,
777 2206 889 2246 quibus

174 2249 205 2278 in
222 2249 324 2279 causis
345 2259 401 2288 pro
417 2249 564 2279 concione
580 2249 739 2278 dicturos?

218 2309 262 2314 —-
272 2294 322 2322 17.
333 2291 454 2333 μισθοῦ]
469 2293 609 2332 designat
621 2303 686 2328 eos,
697 2292 792 2331 quise
803 2296 890 2332 pate-

176 2339 356 2374 rentur,pro
368 2335 640 2374 mercedula,legis
651 2341 703 2366 aut
713 2336 783 2366 sciti
793 2337 889 2366 aliou-

170 2378 322 2417 jus,quod
332 2379 411 2408 alius
419 2384 525 2409 auctor
534 2379 626 2408 latum
636 2379 739 2414 vellet,
747 2384 889 2410 auctores

176 2421 282 2456 scribi,
297 2427 328 2451 et
342 2422 513 2460 praescribi:
540 2427 627 2452 erant
638 2423 729 2458 enim,
744 2423 808 2462 qui,
820 2433 889 2453 cum

176 2465 306 2494 suadere
322 2465 437 2503 populo
453 2465 566 2504 aliquid
584 2465 710 2502 vellent,
724 2466 888 2496 discrimen

177 2512 277 2538 tamen
290 2508 413 2537 mulctae
429 2512 482 2537 aut
496 2508 629 2538 infamiae
645 2509 849 2545 subeundum,
864 2510 889 2539 si

175 2551 227 2580 lex
236 2561 293 2581 sua
301 2550 536 2590 improbaretur,
547 2552 780 2582 reformidarent
793 2563 800 2589 ;
817 2563 888 2592 qua-

176 2600 305 2634 propter
327 2594 415 2630 alius,
438 2595 549 2634 quibus
570 2604 706 2633 opesque
731 2596 832 2631 nullae,
858 2601 889 2626 et

175 2637 265 2668 famae
288 2647 351 2667 saae
375 2637 459 2667 nulla
483 2648 556 2667 cura
575 2643 666 2673 esset,
688 2639 835 2668 obscuros
858 2645 889 2669 et

176 2690 329 2720 pauperes
344 2681 491 2720 quosdam
510 2681 647 2710 homines
671 2682 888 2717 subornabant,

177 2723 230 2762 qui
250 2728 429 2763 paterentur
450 2735 482 2754 se
502 2723 532 2753 iu
555 2724 706 2762 ejusmodi
727 2725 816 2764 legis,
837 2731 888 2755 aut

179 2766 248 2797 sciti
263 2767 361 2797 fronte
378 2777 434 2806 pro
450 2766 628 2797 auctoribus
644 2767 749 2797 scribi.

219 2812 325 2841 -23,
343 2810 390 2840 οὐκ
410 2809 544 2850 ἐλάττω]
567 2810 597 2839 id
619 2815 678 2845 est,
695 2810 723 2840 οὗ
743 2809 822 2849 μόνον
841 2811 888 2841 οὐκ

179 2851 308 2882 ἔλάττυ.

222 2913 265 2919 -—
279 2895 336 2926 ult.
353 2897 465 2938 τοῦτον]
486 2896 568 2926 redit
589 2897 625 2926 ad
648 2897 887 2927 Theomnestum

179 2943 324 2974 actorem,
339 2941 427 2978 eujus
452 2940 619 2970 advocatus
640 2939 816 2981 (συνήγοξος)
839 2951 890 2970 so-

179 2981 334 3011 lummodo
349 2987 415 3012 erat
428 2983 648 3022 Apollodorus.
664 2983 778 3019 effecit,
793 2987 827 3013 ut
839 2984 888 3013 hic

178 3025 399 3056 Theomnestus
413 3030 445 3057 et
459 3025 559 3066 ipsum
579 3027 782 3067 (Stephanum
798 3030 889 3069 puta)

1540 204 1623 247 285

912 312 943 338 et
957 307 1033 336 hanc
1050 307 1189 338 Neaeram
1206 310 1237 338 in
1249 309 1399 347 judicium
1414 316 1549 341 vocaret·

956 351 1050 379 1360.
1060 352 1090 380 7.
1106 351 1217 391 αὐτοῖς]
1231 352 1365 386 scita-ak
1374 352 1548 389 ἐπιτηδείοις.
1558 354 1623 389 sibi,

911 402 1019 423 amzczs.

953 453 997 459 —-
1013 438 1065 466 12.
1090 433 1115 464 ἐν
1130 436 1172 474 »τῷ
1192 436 1266 476 ἱερῷ]
1291 439 1412 468 Metroo
1435 439 1572 474 forsitan,
1592 439 1625 468 id

913 485 970 514 est,
989 480 1054 508 aede
1080 479 1188 509 Matris
1211 482 1322 516 Deum,
1345 482 1396 510 ubi
1415 483 1522 512 arbitri
1538 483 1626 513 sede-

916 523 1000 558 bant,
1017 522 1088 560 quia
1105 533 1199 562 prope
1217 524 1339 552 Curiam
1357 530 1433 553 erat.

954 565 1088 594 —ibid.
1113 565 1296 607 ἀμφοτέξων]
1327 567 1482 605 Phrynion
1506 577 1537 598 et
1556 569 1625 598 Ste-

914 608 1034 648 phanus
1047 609 1255 647 designantur.

961 654 1054 682 1361.
1075 654 1106 682 5.
1135 652 1300 693 διήλλαξαν]
1324 658 1395 691 post
1420 653 1478 682 hoc
1502 654 1627 684 verbum

915 694 1030 724 addunt
1051 695 1145 734 aliqui
1160 696 1261 731 αὐτοὺς
1280 706 1338 725 non
1360 696 1450 732 male,
1467 706 1566 735 neque
1582 703 1627 727 ta·

915 748 984 767 meu
1001 739 1186 768 necessario.

955 798 999 804 -—
1016 785 1065 810 11.
1084 780 1131 810 ἐπὶ
1147 782 1186 823 τῇ
1198 781 1288 823 διαίτῃ
1304 782 1350 813 καὶ
1364 783 1424 816 τοῖς
1440 782 1628 822 πράγμασιν]

914 835 982 854 cum
1018 825 1235 855 discessissent
1265 827 1298 862 ii,
1328 827 1380 865 qui
1407 827 1540 866 utrique,
1566 832 1629 856 tam

914 867 1082 906 Stephano,
1106 879 1195 907 quam
1222 869 1401 908 Phrynioni,
1428 869 1570 900 advocati
1597 869 1629 898 in

915 911 1074 946 arbitratu,
1087 917 1118 941 et
1131 913 1162 941 in
1177 917 1242 942 toto
1258 912 1311 942 itto
1327 914 1518 943 contentioso
1534 923 1630 952 nego-

915 954 959 983 tio
976 954 1115 984 fuissent.
1162 955 1233 985 Fuit
1249 961 1350 986 tamen
1364 957 1542 995 aliquando,
1559 966 1630 985 cum

916 997 1089 1036 suspicarer
1110 998 1170 1037 leg.
1198 1009 1286 1028 esse:
1310 999 1358 1028 καὶ
1386 1002 1447 1035 τοῖς
1471 1001 1629 1039 πράγμασι

915 1039 1112 1071 κατέστησαν.
1133 1042 1202 1071 scil.
1224 1042 1396 1081 Stephanus
1421 1048 1452 1073 et
1479 1042 1630 1082 Phrynio,

916 1094 984 1113 cum
1008 1085 1219 1114 contentiones
1243 1095 1347 1115 eorum
1371 1086 1632 1126 conquievissent,

916 1132 947 1156 et
962 1126 1000 1155 ad
1016 1127 1167 1166 liquidum
1185 1128 1359 1159 rediissent.

958 1187 1002 1192 -—
1017 1174 1068 1200 14.
1093 1170 1195 1211 ὁπότε]
1214 1172 1314 1201 malim
1333 1172 1466 1212 ὁπότερα.
1481 1178 1549 1203 uter
1564 1179 1631 1203 tan-

916 1213 980 1242 dem
989 1224 1101 1250 eorum,
1113 1214 1180 1244 sive
1191 1215 1374 1253 Stephanus,
1386 1217 1451 1246 sive
1463 1216 1633 1256 Phrynion,

917 1256 1033 1286 haberet
1048 1267 1143 1287 secum
1159 1256 1306 1288 Neaeram.

962 1302 1056 1331 1:36‘2.
1080 1303 1111 1331 6.
1135 1301 1311 1343 Στρυβήλην]
1338 1303 1441 1332 malim
1468 1301 1634 1343 Στξοξήλην,

917 1344 997 1382 quod
1023 1343 1116 1373 etiam
1144 1355 1176 1382 p.
1198 1347 1294 1375 1386.
1318 1348 1370 1375 11.
1399 1356 1504 1386 margo
1528 1348 1634 1376 Lutet.

917 1387 981 1419 dat,
998 1391 1049 1416 aut
1066 1385 1230 1428 Στςοξύλην,
1247 1388 1460 1428 τιστρέφεσθαι.
1492 1389 1636 1420 Strobilus

919 1434 949 1459 et
962 1429 1089 1460 Strobila
1101 1437 1170 1460 sunt
1184 1432 1304 1462 nomina
1319 1433 1454 1468 servilia,
1468 1438 1502 1462 ut
1513 1432 1635 1464 Dromo.

920 1483 1076 1503 servorum
1100 1480 1147 1504 est
1173 1480 1205 1504 et
1229 1475 1420 1512 ancillarum,
1445 1481 1478 1505 ut
1503 1476 1564 1507 sint
1591 1478 1634 1507 εὖ·

919 1517 1063 1557 στρεφεῖς,
1076 1517 1185 1556 agileS,
1204 1517 1377 1548 versatiles.

962 1577 1003 1581 --
1015 1564 1045 1591 8.
1056 1560 1196 1600 Αἰγιλιεῖ]
1209 1561 1343 1591 v.Vales.
1354 1562 1392 1590 ad
1406 1562 1559 1600 Harpocr.
1568 1572 1597 1601 p.
1607 1567 1639 1594 4.

963 1620 1007 1625 -—
1032 1606 1083 1632 10.
1114 1602 1237 1643 ἇκξιβῶς
1264 1604 1311 1635 τόν
1340 1602 1393 1634 Cim
1411 1605 1637 1646 συνειλεγμένον]

921 1646 973 1685 qui
1000 1647 1210 1676 substantiolae
1235 1647 1382 1686 quicquid
1411 1654 1503 1682 esset.
1527 1650 1640 1680 misera.

921 1698 990 1718 cum
1009 1689 1172 1728 diligentia
1191 1696 1221 1719 et
1237 1690 1422 1729 parsimonia
1447 1691 1638 1731 collegisset,

921 1733 1002 1771 quod
1021 1733 1074 1762 vix
1091 1733 1211 1762 tuendae
1230 1734 1301 1763 vitae
1317 1734 1459 1770 sufficiat,
1472 1741 1505 1764 ut
1518 1746 1641 1766 recrea-

922 1775 996 1804 tioni
1023 1780 1055 1805 et
1084 1776 1244 1815 elegantiae
1269 1777 1450 1817 deliciisque
1482 1779 1557 1808 nihil
1588 1789 1640 1809 su-

922 1819 1029 1857 persit.

965 1878 1007 1883 —
1024 1864 1075 1892 12.
1099 1860 1206 1902 ἐξῄτει]
1224 1863 1347 1893 correxi
1363 1861 1467 1903 ἐζήτει,
1482 1866 1639 1904 ᾳιιιενεὶιιιι,

922 1904 1116 1939 desiderabat,
1131 1905 1304 1935 sectabatur.

964 1964 1009 1968 ——
1025 1949 1075 1976 17.
1102 1946 1134 1975 τὸ
1159 1947 1215 1985 μὲν
1238 1951 1346 1987 πρῶτον
1367 1946 1548 1992 ἐξηπατήθη]
1571 1951 1638 1982 sine

923 1989 1016 2018 dubio
1026 2000 1132 2029 parum
1143 1990 1217 2028 quid
1228 1991 1279 2020 hic
1290 1992 1379 2021 deest
1389 1994 1562 2023 sententiae.
1575 2005 1639 2025 e.c.

922 2031 955 2062 τὸ
973 2032 1029 2072 μὲν
1045 2036 1158 2072 πρῶτον
1173 2032 1266 2073 ἑαυτῷ
1280 2033 1446 2075 ἐμέμφετο,
1467 2036 1513 2066 ὅτι
1533 2036 1640 2076 ἐξηπα-

923 2075 1009 2105 τήθη.
1027 2078 1155 2115 primum
1172 2078 1288 2117 quidem
1301 2079 1358 2117 ipse
1371 2079 1481 2109 sibimet
1497 2081 1639 2122 indigna-

923 2120 1021 2154 batur,
1048 2120 1096 2149 vel
1126 2121 1320 2156 succensebat,
1346 2123 1422 2160 quod
1451 2133 1551 2161 passus
1573 2131 1640 2155 esset

922 2172 976 2191 sese
993 2168 1055 2192 tum
1075 2163 1180 2202 decipi,
1203 2163 1246 2193 ὅτ’
1271 2165 1398 2203 ἠγγυᾶτο
1431 2165 1493 2206 [sic
1522 2167 1602 2197 enim
1623 2180 1640 2199 e

926 2206 1001 2235 Bav.
1027 2207 1160 2242 correxi,
1178 2206 1210 2236 id
1227 2214 1286 2243 est,
1308 2207 1383 2249 ὅτε],
1406 2219 1474 2238 cum
1495 2211 1528 2240 in
1545 2212 1640 2252 fidem

923 2258 1005 2279 suam
1018 2251 1168 2289 accepisset
1182 2261 1299 2280 uxorem
1314 2253 1367 2281 sibi
1386 2253 1537 2283 traditam.

966 2310 1009 2314 —
1026 2297 1076 2325 19.
1093 2295 1144 2326 τῆς
1160 2293 1290 2335 προικὸς]
1309 2295 1372 2324 haec
1395 2295 1458 2325 duo
1474 2298 1567 2326 verba
1582 2297 1637 2328 de-

923 2335 996 2371 levi,
1014 2346 1053 2366 ex
1067 2342 1168 2366 mente
1184 2337 1336 2368 Salmasii.
1364 2339 1482 2368 Praeter
1496 2345 1639 2371 auctores

924 2379 962 2407 ad
985 2379 1012 2408 h.
1038 2380 1059 2408 l.
1083 2379 1194 2409 citatos
1217 2391 1235 2410 a
1258 2382 1400 2420 Tayloro,
1425 2393 1455 2411 v.
1485 2383 1641 2423 Leopard.

924 2423 1087 2452 Emendat.
1103 2423 1168 2452 XI.
1185 2425 1235 2453 17.
1250 2429 1272 2453 t.
1291 2425 1353 2454 111.
1388 2425 1554 2465 Imnpadis
1569 2429 1638 2458 Cri-

924 2465 993 2495 ticae
1009 2467 1133 2495 Gruter.
1151 2476 1182 2504 p.
1199 2468 1272 2498 227.

967 2511 1062 2539 1363.
1088 2512 1139 2538 1⁶2.
1167 2510 1216 2538 καὶ
1245 2510 1312 2543 ταῖς
1342 2508 1489 2550 ἐσχάταις
1518 2512 1639 2553 ζημίαις

924 2552 1108 2592 περιπεσεῖν]
1135 2559 1185 2582 aut
1201 2552 1249 2581 καὶ
1266 2558 1313 2582 est
1327 2553 1504 2591 delendum,
1519 2564 1571 2587 aut
1586 2569 1639 2588 πε-

923 2597 1036 2634 ξιπεσεῖ
1048 2595 1077 2624 in
1093 2596 1183 2625 tertia
1204 2606 1336 2635 persona
1352 2596 1432 2635 sing.
1448 2599 1540 2630 futuri
1556 2601 1637 2631 indi-

923 2638 1029 2673 cativi,
1046 2638 1218 2677 legendum.
1235 2639 1322 2678 prius
1338 2640 1451 2670 malim.

969 2683 1062 2712 1364.
1080 2685 1130 2712 14.
1156 2681 1249 2713 ἔπειτ’
1272 2682 1334 2724 ἤδη]
1358 2684 1481 2714 correxi
1504 2686 1542 2715 de
1565 2696 1634 2717 meo

923 2734 1014 2754 sensu
1030 2722 1152 2754 ἐπείθετ’
1174 2726 1221 2766 [id
1237 2731 1297 2761 est,
1312 2725 1469 2768 ἐπείθετο]
1493 2728 1551 2758 ἤδη.
1578 2740 1635 2769 po-

923 2772 1003 2797 terat
1018 2779 1138 2808 quoque
1153 2767 1274 2799 ἐπείσὸη
1291 2769 1321 2800 δὴ
1334 2770 1412 2799 dari.

965 2828 1009 2833 —
1024 2815 1075 2843 18.
1091 2813 1179 2842 πάλιν
1191 2811 1306 2853 λαβεῖν]
1321 2813 1396 2842 nihil
1411 2812 1494 2843 aliud
1510 2813 1559 2843 hic
1572 2815 1634 2845 loci

923 2855 1010 2883 πάλιν
1024 2855 1187 2894 significat,
1205 2861 1296 2894 atque
1312 2856 1364 2884 ἀνὰ
1381 2857 1411 2884 in
1429 2854 1589 2887 ἀναλαςεῖν.
1605 2869 1634 2889 v.

923 2900 974 2928 23.
1001 2899 1146 2928 Plnrastor
1161 2909 1289 2938 puerum
1304 2908 1406 2928 secum
1423 2899 1568 2929 habuerat
1584 2909 1635 2930 an-

922 2946 972 2970 tea
995 2951 1157 2980 nunquam.
1186 2952 1245 2971 non
1270 2946 1391 2980 poterat
1414 2950 1487 2980 ergo
1509 2943 1636 2982 proprie

922 2984 984 3013 dici
1001 2985 1090 3014 πάλιν
1099 2983 1263 3025 λαμξίινειν.
1277 2984 1333 3013 sed
1346 2984 1433 3013 πάλιν
1446 2995 1504 3014 non
1515 2996 1637 3026 semper

923 3028 1130 3058 reversionem
1151 3028 1188 3057 ad
1209 3028 1308 3057 locum
1329 3027 1458 3068 priorem
1474 3029 1638 3068 significat,
