1948 3322
393 192 478 234 AD
512 187 881 233 ORATIONEM
916 186 1039 228 PRO
1074 187 1347 231 CORONA.
1543 188 1595 229 71

177 317 221 323 —
237 301 289 330 17.
315 296 386 328 ἀλλ’
412 297 488 336 ὑπὲρ
514 292 637 334 εὐδοξίας
652 294 710 335 —-]
749 293 850 323 locum

137 344 217 374 hunc
233 343 307 373 citat
321 341 461 372 Stobaens
475 350 507 380 p.
524 340 577 369 90.
594 340 625 369 5.

181 404 224 410 -
237 388 289 418 19.
310 383 396 425 πέρα-ς
409 382 465 423 μὲν
478 384 533 422 γὰρ
543 381 603 422 -—]
621 379 745 411 celeber
762 379 851 409 locus

137 427 319 464 eommunis,
338 431 503 466 usurpatus
519 423 712 464 Hermogeni
729 433 760 462 p.
777 425 851 453 240.

135 483 208 512 pen.
233 475 264 501 et
277 470 407 501 Aristidi
433 470 473 499 de
499 470 539 499 D.
554 468 591 499 C.
618 480 647 508 p.
666 468 738 497 168.
761 467 850 504 cujus

137 517 202 546 haeo
222 521 291 544 sunt
306 515 418 543 verba·
441 512 490 542 καὶ
509 514 549 541 τὰ
572 512 694 540 τοιαῦτα
711 509 850 549 σεμνότη-

137 568 184 592 τος
196 555 339 611 μετέχει,
348 555 416 586 ὅταν
427 555 490 596 πεςῖ
504 553 566 588 βίου
580 554 629 583 καὶ
642 553 770 583 θανάτου
779 552 851 592 διεξ-

137 600 219 643 έςχῃ.
211 597 283 630 ,rw
301 598 387 640 πέρας
399 599 453 639 μὲν
465 600 585 638 7223—-

178 661 221 667 -—
236 645 289 674 23.
307 640 576 683 συμβαλλομένους]
604 650 712 670 rursus
728 639 804 669 citat
821 639 849 668 h.

135 687 157 716 l.
179 687 368 726 Harpocrat.
383 697 414 716 v.
435 683 623 726 πξοβαιλλομὲ
625 695 693 718 νους,
715 687 747 712 et
770 683 852 712 Her-

135 740 218 771 mog.
227 741 259 770 p.
271 731 345 760 243.
361 730 449 769 cujus
464 730 530 758 baec
547 732 619 758 sunt
631 728 742 757 verba:
759 725 853 765 αῖμέν

134 775 188 814 γὰρ
213 771 337 813 μετξίως
364 771 484 814 ἔχουσαι
510 770 657 811 [τςοπικαῖ
683 768 775 809 λέξεις
803 769 852 822 1322

135 815 345 857 &noyn-amini]
364 826 472 846 ποιουσι
487 814 534 845 τὸν
552 814 633 852 λόγον
656 812 768 852 σεμνόν.
791 815 851 843 οἷον·

136 860 185 890 ‘niv
197 860 309 898 2725&
325 857 571 899 προβαλλομένους
590 855 739 894 ἒλπίδα,’
723 857 787 886 αντὶ
804 857 854 886 τοῦ

135 904 177 933 τὰ
191 900 288 942 ἀγαθὰ
303 901 481 943 ἐλπίζοντας.

187 963 231 969 ——-
251 948 304 977 25.
326 942 575 986 Λακεδαιμονίους]
615 944 751 974 cohaeret
785 952 855 972 cum

137 989 240 1019 ἀνελεῖν
270 999 362 1019 versu
388 989 571 1028 penultimo.
602 992 632 1018 et
664 987 855 1017 constructio

135 1032 204 1062 haeo
223 1037 290 1062 est:
313 1031 340 1062 οἳ
359 1031 552 1062 διεκωλύσατε
574 1028 719 1066 Θηέαίους,
743 1029 857 1071 ἐπιχει-

136 1076 248 1115 ροῦντας
260 1075 363 1106 ἀνελεῖν
377 1076 442 1110 τοὺς
451 1073 694 1114 Λακεδαιμονίους.
707 1074 856 1103 interces-

140 1118 225 1148 sistis
240 1118 406 1154 Thebanis,
422 1118 560 1148 funditus
575 1116 780 1147 exterminare
798 1117 856 1146 La·

139 1161 343 1193 eedaemonios
356 1161 548 1191 conantibus.

181 1221 224 1228 -—
239 1214 311 1244 pen.
331 1204 495 1246 Atrine-eote]
522 1203 605 1234 Citat
629 1203 660 1233 h.
683 1203 706 1233 l.
731 1203 857 1242 Harpo-

139 1251 217 1278 crat.
235 1258 266 1278 v.
282 1248 423 1288 Λεῦκτρα..

185 1290 259 1323 259.
285 1293 316 1322 2.
348 1288 570 1331 mammutium]
605 1288 735 1320 subaudi
768 1289 857 1330 ὑμᾶς.

140 1344 324 1374 quamquam
337 1334 443 1374 ntique
460 1334 581 1373 planius
603 1338 670 1363 erat
691 1333 749 1363 boc
772 1333 857 1362 addi.

141 1377 255 1417 quibus
278 1388 336 1417 pro
362 1377 548 1412 hominibus,
572 1387 663 1417 quam
690 1376 801 1406 infesta
827 1381 859 1405 et

142 1431 231 1460 qnam
246 1421 377 1451 nefanda
389 1421 420 1451 in
434 1425 555 1452 vosmet
570 1420 664 1456 ausis,
679 1424 771 1460 caput
788 1419 857 1449 sitis

143 1464 298 1503 objecturi
310 1464 468 1504 periculis.

186 1525 228 1529 —
245 1510 296 1538 10.
318 1505 493 1548 Θεμίσωνος]
516 1507 617 1537 locum
639 1507 671 1536 b.
687 1505 763 1536 citat
778 1505 859 1536 Har-

144 1555 252 1589 pocrat
265 1562 294 1581 v.
310 1549 390 1590 Θεμ’
410 1561 455 1580 ων.

187 1611 229 1616 -—
247 1596 296 1624 18.
320 1592 346 1624 ἐν
359 1605 398 1628 οις
413 1591 614 1634 ἐπιστεύθητε]
631 1603 692 1632 quo
709 1597 858 1631 tempore,

143 1640 197 1666 ant
210 1637 357 1676 quamdiu
369 1637 400 1667 in
415 1641 568 1676 potestate
584 1640 689 1666 vestra
702 1641 788 1666 erant
804 1646 860 1675 op-

142 1679 216 1718 pidu
237 1689 425 1720 corporaque
441 1679 673 1716 Euboeensium,
690 1679 761 1709 fidei
779 1683 859 1709 tute

143 1723 243 1762 laeque
260 1728 370 1754 vestrae
385 1723 514 1753 credita.

183 1783 229 1789 —
243 1769 296 1798 20.
315 1765 493 1809 ναυμαχίας,
515 1764 632 1805 ἐξόδους,
656 1765 748 1806 πεζὰς
768 1777 859 1805 erga-

142 1808 236 1851 τείάς]
264 1810 326 1840 tria
351 1821 426 1849 ergo
453 1814 535 1846 sunt,
561 1810 616 1840 sed
647 1810 728 1839 scire
754 1810 860 1846 velim,

142 1863 232 1892 quam
244 1853 380 1884 diversa.
391 1853 446 1894 qui
457 1853 604 1883 differunt
615 1853 645 1882 αἱ
657 1852 754 1892 ἔξοδοι,
766 1862 860 1893 egres-

142 1905 202 1932 sus,
217 1906 235 1926 a
250 1897 365 1935 praeliis
382 1897 554 1933 navalibus,
575 1901 606 1926 et
628 1907 645 1926 a
662 1896 861 1926 terrestribus

144 1939 415 1978 expeditionibus?
431 1940 536 1980 procul
549 1939 645 1970 dubio
659 1941 737 1970 male
750 1939 779 1969 iu
793 1940 860 1968 vul-

144 1982 224 2020 gaiis
242 1982 470 2022 interpunctum
485 1989 543 2013 est.
568 1983 697 2012 distinxi
721 1983 783 2014 sic:
799 1994 861 2012 ναυ-

143 2023 272 2065 μαχίας,
301 2026 382 2056 bella
418 2025 578 2062 maritima,
614 2024 718 2064 ἐξόδους
748 2025 860 2064 πεζὰς,

144 2068 359 2108 expeditiones
371 2073 543 2105 terrestres,
557 2069 701 2108 denique,
712 2073 748 2099 ut
760 2069 862 2098 omnia

143 2121 206 2141 uno
221 2112 318 2142 verbo
334 2112 534 2152 complectar,
548 2111 714 2153 στξατείας,
726 2112 864 2148 militias,

145 2154 212 2193 sive
223 2155 293 2185 illas
303 2155 455 2195 antiquas,
468 2155 534 2186 sive
551 2157 605 2186 has
620 2156 861 2185 recentissimas.

186 2215 230 2220 ·—
254 2201 307 2230 26.
334 2198 501 2240 συμβολῆς]
533 2199 656 2229 correxi
687 2197 861 2239 συμέουλῆς.

143 2240 243 2280 ἱρείας
259 2242 440 2282 reipublicae
455 2247 568 2272 nostrae
583 2242 667 2273 salus
690 2242 720 2272 in
743 2242 862 2272 delibe-

143 2284 292 2315 rationem
309 2296 377 2316 cnm
395 2285 524 2317 veniret.

188 2330 262 2358 260.
274 2332 306 2358 1.
321 2328 370 2358 καὶ
383 2329 427 2364 τίς
440 2329 488 2360 οὐκ
501 2329 535 2359 ἂν
545 2327 694 2359 ἀπέκτεινε
704 2329 762 2370 --]
780 2329 864 2361 Citat

145 2370 175 2401 h.
190 2370 212 2401 l.
227 2371 412 2402 Plutarchus
430 2373 458 2402 in
475 2373 587 2402 Moral.
604 2384 633 2413 p.
646 2373 723 2403 542.
736 2374 768 2403 3.

187 2430 230 2436 ——-
245 2416 276 2446 9.
287 2414 350 2455 ὁρῶν
363 2417 428 2456 γὰρ,
442 2412 468 2445 ὦ
479 2415 509 2446 ἄ.
521 2414 633 2456 'A.-—]
650 2415 733 2446 citat
749 2416 778 2446 h.
791 2416 813 2445 l.
832 2421 864 2446 et

145 2457 308 2488 artificium
332 2459 400 2498 ejus
419 2459 606 2490 rhetoricum
625 2469 710 2489 more
734 2469 790 2489 suo
809 2459 862 2490 de-

144 2505 295 2530 monstrat
311 2501 526 2542 Hermogenes
542 2513 574 2542 p.
591 2504 664 2534 276.
682 2505 756 2533 277.
781 2504 862 2533 Mar-

144 2543 273 2574 cellinus
296 2545 335 2574 ad
361 2544 510 2585 Hermog.
532 2556 563 2585 p.
579 2548 654 2577 343.
676 2545 741 2577 ἔστι
763 2545 791 2576 δὲ
814 2547 863 2576 καῖ

144 2585 235 2627 ἕτερος
255 2587 356 2627 τρόπος
373 2588 440 2630 [τῆς
456 2588 637 2630 συγκρίσεως,
658 2599 709 2620 res
724 2589 807 2620 inter
828 2601 862 2620 se

144 2631 360 2684 comparandi]
376 2631 435 2662 ἀπὸ
449 2634 504 2662 τῶν
517 2633 698 2672 κυρωσάντων
716 2632 798 2673 [scil.
815 2633 863 2664 τὸν

143 2672 238 2714 νόμον]
260 2675 296 2708 ὡς
310 2674 323 2704 ὅ
338 2674 538 2715 Δημοσθένης·
557 2688 593 2710 ως
607 2677 629 2706 οἶ
646 2674 774 2716 πρόγονοι
787 2675 861 2708 ἔθεν-

145 2727 178 2746 το
187 2734 231 2740 —-
241 2717 288 2747 και
300 2716 359 2748 ἀπὸ
369 2720 420 2753 τῆς
428 2717 534 2754 αἰτίας,
547 2718 603 2748 δι’
591 2731 619 2750 ην
631 2717 722 2750 ἒτεθη.
736 2720 772 2755 ὡς
783 2723 862 2761 παρὰ

145 2770 187 2788 τοι
202 2759 376 2799 Δημοσθένει
393 2760 566 2803 εὑρίσκομεν·
584 2763 630 2804 [p.
643 2764 716 2793 644.
729 2763 799 2804 24]
816 2770 861 2793 λο-

145 2802 282 2843 γιζόμενοί
294 2815 338 2840 τε,
353 2816 394 2835 οτι
408 2805 523 2846 puriga-
539 2804 675 2846 Ὀρέστης
690 2806 861 2843 ἀπεκτονὼς,

147 2843 210 2876 Θιᾶν
220 2845 359 2879 δικαστῶν
369 2850 477 2890 τυχων,
487 2849 695 2890 ἀποφυγγάνει.
705 2849 752 2879 καὶ
763 2850 861 2880 πάλιν·

149 2887 198 2928 [p
212 2891 286 2921 260.
303 2890 350 2932 9.]
371 2891 433 2932 ὁρῶν
446 2894 502 2933 γὰρ
516 2891 574 2931 ἐγὼ
592 2892 625 2923 τὸ
641 2892 767 2923 ναυτικὸν
784 2894 864 2933 ὑμῶν

147 2932 366 2981 malvium.
395 2936 515 2966 Horum
530 2937 611 2967 iuter
627 2947 660 2967 se
677 2947 786 2967 nexum
804 2948 862 2977 ego

148 2973 289 3013 equidem
302 2987 362 3008 non
379 2978 531 3019 intelligo.

191 3035 233 3040 —
251 3021 299 3050 1⁶7.
321 3023 470 3064 ναυτικὰς]
488 3023 604 3053 addidi.
623 3024 781 3053 constabat
796 3024 862 3063 qni-

883 292 954 321 dem
967 290 1044 321 satis
1060 302 1115 330 per
1131 303 1177 329 se,
1190 295 1273 333 quod
1291 304 1386 334 genus
1399 299 1601 335 apparatuum

882 335 934 365 hic
951 335 1178 374 designaretur.
1205 348 1263 366 non
1287 338 1358 368 ideo
1381 344 1481 368 tamen
1497 343 1603 369 coute-

884 379 1047 408 mnendnm
1060 379 1157 409 visum
1165 380 1224 409 suit
1235 380 1476 412 additamentum
1485 381 1603 412 codicis

885 422 1039 452 Bavarici.

927 483 970 488 —-
987 467 1038 495 18.
1055 465 1108 506 εἷς]
1127 465 1243 495 addidi.
1267 476 1337 495 reus
1361 466 1471 502 factus,
1494 468 1523 498 in
1544 468 1605 499 hoc

885 509 1011 547 quidem
1028 509 1205 545 certamine,
1225 510 1272 538 vel
1290 520 1346 549 pro
1364 510 1420 538 hoc
1437 516 1523 546 cert„
1538 522 1606 541 wa-

884 549 1019 591 ρανόμων,
1047 562 1102 582 seu
1131 553 1200 581 latae
1222 551 1301 592 legis
1329 553 1458 582 vetustis
1486 554 1606 593 legibus

885 596 1096 634 repugnantis,
1142 596 1212 634 Quo
1244 596 1325 633 enim
1349 596 1491 632 sciretur,
1519 599 1607 636 cujus

885 639 1007 677 generis
1020 644 1104 669 esset
1119 639 1274 678 objectum
1291 639 1420 675 crimen,
1434 649 1528 679 super
1545 651 1606 679 quo

880 681 1081 720 judicandum
1107 688 1200 718 esset,
1228 682 1361 712 adscribi
1384 683 1422 713 ad
1444 683 1607 714 formulam

886 725 1091 755 accusationis
1113 736 1240 756 necesse
1257 730 1331 763 erat,
1349 737 1410 764 qno
1427 726 1518 756 titulo
1533 737 1607 757 reus
1650 744 1655 749 -

886 769 1045 806 citaretur,
1060 780 1130 798 num
1143 767 1233 807 φόνου,
1246 779 1283 799 an
1299 767 1445 805 ἀσεβείας,
1461 780 1498 800 an
1516 780 1609 810 ‘napa-

886 811 976 851 νόμων
992 818 1052 842 etc.
1098 813 1194 842 Actor
1221 812 1252 842 in
1274 813 1332 843 hac
1358 823 1449 843 causa
1470 812 1528 843 fuit
1550 815 1608 843 Pa-

887 855 1013 886 trocles.
1027 867 1057 885 v.
1075 866 1104 895 p.
1120 858 1196 887 261.
1207 859 1260 887 18.

932 902 1006 931 261.
1023 903 1054 929 1.
1076 900 1126 928 τοῦ
1141 898 1212 940 ἐμοῦ
1227 899 1326 940 νόμου]
1348 899 1478 929 subaudi
1495 900 1545 929 τοῦ
1561 898 1610 930 λέ-

888 953 992 981 γοντος,
1010 943 1060 973 vel
1077 944 1127 972 τοῦ
1142 942 1308 976 κελεύοντος.
1326 944 1494 974 secuudum
1511 953 1610 973 meam

889 997 963 1016 vero
977 987 1086 1026 legem,
1100 997 1168 1026 quae
1183 986 1235 1016 lex
1248 986 1400 1027 praecipit,
1411 997 1611 1026 unumquem-

890 1039 949 1069 que
965 1040 1021 1069 pro
1038 1030 1129 1059 modo
1146 1030 1324 1060 facultatum
1337 1029 1542 1060 contribuere.

932 1090 974 1095 -—
991 1075 1021 1104 2.
1044 1072 1092 1102 καὶ
1107 1072 1193 1113 δυοῖν]
1218 1073 1285 1103 scil.
1311 1074 1446 1115 τριῆςεουν.
1460 1074 1513 1104 vel
1535 1074 1611 1103 dua-

890 1126 968 1145 rum.
991 1117 1029 1145 ad
1047 1117 1123 1145 duas
1142 1116 1221 1146 haud
1238 1127 1307 1146 raro
1329 1118 1479 1147 triremes.
1495 1119 1521 1147 ie
1535 1117 1613 1147 wohl

888 1169 948 1199 gar
961 1168 1054 1189 sween
1069 1158 1180 1200 Schiffe
1195 1169 1233 1189 zu
1249 1158 1428 1195 beschicken,
1449 1159 1533 1190 m'cht
1549 1171 1612 1191 nur

891 1204 939 1232 ein
959 1208 1079 1243 ganztes
1103 1202 1167 1243 [yes
1190 1212 1262 1233 even
1282 1209 1310 1233 to
1332 1206 1402 1234 send
1417 1210 1472 1234 two
1486 1203 1563 1243 ships
1580 1209 1613 1234 at

890 1256 909 1275 a
924 1246 1004 1281 time,
1020 1252 1071 1276 not
1087 1246 1157 1286 only
1172 1246 1252 1288 oneJ.

934 1307 977 1312 —
993 1293 1024 1320 4.
1047 1290 1225 1331 τριηράρχους
1251 1288 1456 1330 ἔωωνόμαζον]
1488 1290 1613 1328 praetuli

891 1344 937 1373 τς.
958 1331 1002 1362 ἔτ’
1017 1332 1168 1373 ὠνόμαζον.
1189 1344 1250 1364 non
1268 1335 1331 1372 jam
1360 1344 1393 1363 se
1414 1334 1613 1370 trierarchos,

893 1382 926 1406 ut
942 1376 1015 1406 olim
1036 1376 1181 1412 fecerant,
1203 1376 1438 1416 appellitabant‚
1461 1377 1517 1407 sed
1539 1387 1614 1406 eon-

894 1419 1076 1450 tributores.
1091 1419 1168 1450 citat
1181 1420 1212 1450 h.
1228 1420 1249 1450 1.
1267 1420 1454 1460 Harpocrat.
1472 1431 1501 1450 v.
1515 1430 1614 1450 συντε-

894 1463 962 1497 λεῖς.

936 1524 980 1529 --
996 1508 1027 1536 6.
1050 1505 1099 1535 οὖν.
1115 1503 1253 1547 ἐδίδοσαν]
1277 1506 1440 1536 Markland
1464 1506 1497 1536 ἂν
1519 1506 1615 1537 inter-

895 1550 986 1588 gerit,
1016 1550 1099 1588 quod
1129 1550 1203 1579 ferri
1230 1549 1342 1589 possit,
1366 1550 1391 1579 si
1417 1554 1533 1579 certum
1562 1551 1614 1588 sit,

895 1593 1068 1634 significare
1084 1602 1142 1622 non
1159 1593 1315 1623 dedissent.
1331 1594 1385 1622 sed
1401 1592 1497 1623 διδόναι
1517 1603 1616 1633 saepe-

895 1646 1020 1666 numero
1046 1635 1142 1665 nitito
1170 1636 1243 1675 plns
1267 1636 1430 1675 significat,
1456 1647 1545 1675 quam
1568 1636 1615 1678 of-

884 1676 986 1720 ferre.
1009 1679 1086 1709 nihil
1109 1689 1184 1718 ergo
1209 1689 1310 1709 causae
1337 1684 1397 1716 est,
1423 1690 1479 1709 cur
1509 1679 1542 1709 ἂν
1565 1671 1616 1710 liic

893 1723 1082 1752 intrudatur.
1107 1733 1167 1761 qua
1188 1723 1220 1752 in
1237 1722 1391 1762 particula
1414 1723 1616 1755 Marklandus

895 1766 1052 1796 cornicum
1076 1765 1183 1796 oculos
1206 1766 1358 1805 configere
1377 1767 1511 1796 voluisse
1527 1767 1617 1798 vide-

895 1813 955 1840 tur.
978 1814 1107 1850 quantas
1123 1810 1188 1839 aeris
1211 1820 1338 1840 summas
1359 1821 1418 1840 non
1435 1810 1617 1842 obtulemnt.

895 1853 928 1883 Si
945 1853 991 1883 sic
1007 1852 1156 1892 accipias,
1172 1852 1204 1883 ἂν
1219 1853 1320 1883 locum
1334 1863 1393 1883 non
1411 1853 1549 1884 habebit.

938 1914 981 1919 -—
998 1898 1050 1926 16.
1074 1895 1145 1926 καθ’
1166 1895 1193 1937 ὃ]
1225 1897 1347 1927 correxi
1373 1895 1444 1926 καθ’
1466 1895 1502 1933 ὃν,
1528 1902 1560 1927 et
1585 1896 1616 1927 in

895 1943 1068 1981 τξιηριιξχῶν
1081 1941 1196 1969 mutavi
1212 1945 1383 1970 accentum.
1396 1945 1499 1978 potest
1513 1941 1617 1980 utique

896 1983 975 2013 illud
989 1984 1127 2022 probari,
1153 1987 1187 2013 nt
1213 1994 1231 2013 a
1254 1983 1442 2013 nominativo
1469 1983 1617 2022 singulari

896 2026 1075 2067 τριηράξχης,
1099 2026 1206 2065 primae
1223 2026 1453 2061 declinationis,
1469 2027 1594 2057 ductum
1608 2039 1616 2065 3

898 2075 1107 2099 verumtamen
1136 2070 1208 2109 quia
1231 2072 1406 2111 τριὴξαξχος,
1437 2081 1453 2100 e
1481 2071 1618 2100 secunda

896 2112 1112 2147 declinatione,
1130 2114 1335 2144 Demostheni
1360 2113 1455 2142 multo
1482 2119 1530 2143 est
1554 2114 1617 2144 usi-

896 2155 1003 2193 tatius,
1029 2157 1100 2186 ideo
1130 2157 1318 2186 conformavi
1352 2157 1616 2187 accentuationem

896 2199 1025 2237 genitivi
1052 2200 1182 2239 pluralis
1211 2200 1284 2230 huic
1314 2200 1439 2230 modulo
1472 2200 1617 2231 secundae

895 2243 1008 2273 declin.
1027 2248 1057 2272 et
1073 2244 1185 2283 scripsi
1201 2244 1379 2285 τριηράρχων,
1397 2249 1560 2282 penacute.

938 2304 981 2309 ——
1001 2289 1053 2318 19.
1083 2285 1116 2316 τὸ
1145 2286 1244 2328 μέρος]
1281 2287 1455 2327 interposui
1493 2287 1616 2326 quidem

896 2341 1046 2371 πεμπτον,
1064 2335 1096 2360 ut
1112 2331 1187 2360 satis
1204 2330 1355 2360 munitum
1379 2330 1618 2360 auctoritatibus

895 2374 1056 2408 librorum,
1073 2373 1183 2403 inclusi
1200 2378 1299 2403 tamen
1315 2374 1396 2403 idem
1410 2373 1510 2410 uncis,
1523 2374 1618 2404 adin-

897 2417 1072 2452 dicandum,
1097 2427 1114 2446 a
1134 2417 1225 2447 libris
1253 2418 1377 2447 excusis
1404 2417 1562 2457 plerisque
1584 2417 1617 2447 id

897 2461 1018 2495 abesse,
1043 2465 1074 2490 et
1093 2461 1200 2491 abesse
1225 2461 1310 2490 salva
1335 2460 1488 2490 sententia
1511 2471 1617 2500 posse.

898 2515 964 2534 nam
982 2503 1016 2534 τδ
1029 2502 1114 2543 μέρος
1131 2504 1176 2533 sic
1193 2505 1274 2534 nude
1290 2505 1423 2543 positum
1437 2505 1617 2534 tantundem

897 2548 993 2583 valet,
1012 2552 1103 2586 atque
1127 2546 1160 2576 τὸ
1178 2545 1286 2576 τακτὸν
1303 2546 1398 2587 μέρος.
1445 2547 1619 2577 Dorvillius

897 2601 1019 2631 quoque
1036 2591 1074 2621 ad
1090 2591 1245 2621 Chariton.
1261 2601 1291 2630 p.
1307 2593 1383 2622 488.
1399 2589 1547 2631 πέμπτον
1563 2601 1619 2630 pro

898 2634 1015 2664 scholio
1030 2634 1212 2674 proscribit.

942 2680 1016 2710 262.
1035 2680 1065 2708 2.
1089 2689 1153 2712 τους
1183 2677 1365 2718 τριηράρχους
1374 2677 1432 2718 -]
1462 2677 1619 2707 Sententia

899 2722 962 2751 baec
973 2726 1036 2752 est:
1053 2721 1184 2751 Triremi
1201 2722 1311 2759 cuique
1328 2720 1517 2750 instruendae
1528 2726 1619 2759 atque

900 2764 1130 2795 sustentandae'
1122 2775 1153 2794 ln
1169 2774 1257 2794 unam
1276 2764 1415 2794 {estivam
1440 2763 1619 2803 expeditio-

900 2819 967 2838 nem
979 2808 1161 2838 maritimam
1174 2808 1282 2838 decem
1293 2808 1405 2837 talenta
1420 2807 1618 2846 imputantur.

899 2851 956 2881 Cui
973 2862 1046 2891 ergo
1062 2851 1171 2881 decem
1195 2851 1309 2881 talenta
1325 2851 1353 2880 in
1371 2850 1459 2880 bonis
1474 2854 1556 2885 sunt,
1573 2849 1619 2879 sic

901 2905 993 2925 censo
1006 2896 1036 2924 in
1051 2895 1164 2925 tabulis
1178 2894 1326 2934 publicis,
1339 2894 1385 2924 illi
1403 2904 1457 2923 sua
1470 2892 1558 2922 navis
1574 2892 1620 2922 in·

902 2939 1048 2968 struenda
1068 2943 1099 2968 et
1117 2937 1314 2968 sustentanda
1335 2937 1392 2967 soli
1411 2942 1467 2966 est.
1500 2935 1620 2975 Viginti

903 2982 1015 3012 talenta
1029 2982 1054 3011 si
1067 2981 1116 3011 cni
1127 2986 1207 3016 sunt,
1217 2982 1245 3010 ei
1261 2991 1315 3020 par
1329 2980 1497 3010 triremium
1512 2989 1622 3010 curan-

902 3025 974 3055 ‹lnrn
987 3030 1043 3055 est.
1060 3023 1200 3064 Triginta
1217 3025 1242 3054 si
1257 3025 1305 3053 cni
1323 3022 1442 3059 sunt,ei
1456 3022 1620 3061 obtingunt
