1931 3322
619 167 1111 212 ANNOTATIONES.

135 276 151 305 f
186 274 194 282 '
249 296 257 304 .

149 285 317 347 aoLlf-mibid.
340 317 504 358 ὑπερεῖχεν]
530 315 682 354 Eminuit,
704 317 849 354 excelluit,

139 360 221 391 sicut
237 360 388 400 Virgilius
401 361 439 390 de
457 361 565 397 Roma,

195 450 216 463 “
229 446 342 475 Verum
359 446 425 475 haec
440 450 556 476 tantum
572 446 647 476 alias
661 447 741 476 inter
757 450 852 485 caput

307 488 421 518 extulit
438 491 541 525 urbes,

237 532 391 569 Quantum
406 531 488 562 lenta
506 532 606 562 solent
627 532 707 562 inter
723 531 852 562 viburna

309 575 483 614 cupressi.”

179 676 223 682 —
237 661 268 689 6.
291 658 365 691 πολύ
379 671 410 689 τι
431 659 521 700 γένος]
547 659 684 690 Multum
707 659 852 700 quoddam

134 711 241 742 genus,
261 703 320 732 hoc
336 708 395 739 est,
412 713 470 733 non
487 714 582 742 parva
597 703 775 738 multitudo,
790 714 852 733 ma-

136 755 214 784 gnus
237 755 390 776 numerus.
409 746 559 785 Ulpianus
583 747 681 776 docet-
695 749 747 777 32.
765 748 852 776 Grae-

137 798 189 817 cas
217 789 310 819 urbes
340 789 515 819 Chalcidici
543 789 665 828 generis
693 790 790 820 fuisse
820 791 852 820 in

137 831 276 861 Thracia.

180 891 222 896 —
234 874 310 905 ibid.
324 874 458 911 Φιλίππῳ
471 874 516 915 δὲ]
533 875 613 912 Quia
624 875 653 906 δὲ
666 876 757 905 toties
770 876 852 915 apud

137 917 264 947 Latinos
285 917 351 948 sine
374 919 516 948 molestia
539 919 638 958 repeti
658 929 715 948 non
737 924 852 957 potest,

138 969 197 999 ego
224 971 282 1000 pro
309 967 420 997 autem,
444 962 536 1002 posui
563 967 638 1000 post.
686 962 852 1001 Philippus

138 1008 240 1033 autem
263 1005 363 1034 notior
388 1009 446 1040 est,
462 1015 552 1044 qnam
576 1010 610 1035 ut
629 1005 790 1044 quicquam
815 1005 852 1034 de

139 1056 177 1076 eo
193 1047 236 1076 sit
249 1047 456 1078 scribendum.
501 1049 604 1087 Atque
627 1048 675 1078 hic
691 1049 852 1077 Lectorem

140 1090 358 1120 Demosthenis
386 1091 532 1121 monitum
557 1091 662 1126 velim,
686 1091 853 1126 Justinum,

140 1132 313 1164 Diodorum
336 1133 486 1170 Siculum,
510 1134 679 1174 AEmylium
706 1135 853 1169 Probum,

139 1175 349 1212 Plutarchum,
370 1177 564 1213 Pausaniam,
580 1188 664 1216 saepe
686 1188 757 1207 esse
781 1188 854 1207 con-

140 1219 297 1249 sulendos.
342 1219 435 1257 Quod
459 1221 486 1250 si
508 1221 743 1260 Theopompum
760 1225 792 1250 et
813 1222 855 1250 E-

139 1263 270 1302 phorum
281 1262 476 1299 haberemus,
488 1264 584 1293 multa
598 1264 664 1293 loca
677 1265 853 1293 Graecorum

139 1305 322 1346 scriptorum
348 1307 438 1337 nobis
467 1312 572 1337 essent
598 1307 749 1347 planiora.
793 1307 854 1337 Sed

139 1359 233 1388 quum
257 1349 444 1380 testimoniis
471 1350 689 1380 historicorum
715 1349 855 1380 destitui-

140 1402 220 1428 mur,
229 1392 309 1432 ipsis
318 1394 495 1423 auctoribus
505 1395 664 1424 credamus
675 1394 748 1423 licet
756 1393 854 1435 (quod

140 1435 222 1466 idem
247 1440 278 1466 et
299 1436 331 1466 in
354 1437 514 1467 Ciceronis
530 1437 664 1467 lectione
681 1437 855 1467 faciendum

141 1478 206 1518 est)
226 1483 278 1509 aut
300 1480 371 1509 boni
392 1481 587 1510 consulamus
607 1485 742 1510 nostram
769 1480 856 1520 igno-

139 1522 279 1558 rantiam,
304 1523 479 1562 praesertim
501 1534 571 1557 cum
589 1533 640 1554 res
662 1523 775 1563 capitis
796 1534 855 1553 non

142 1570 262 1604 agatur.

184 1625 228 1630 —
242 1607 320 1638 ibid.
337 1607 533 1651 σρμμιιχίαν]
549 1611 597 1640 Ab
612 1620 675 1639 urm
688 1610 856 1649 pugnando

143 1651 178 1681 fit
200 1661 322 1687 nornen,
347 1656 378 1681 et
404 1657 466 1682 tam
492 1653 643 1683 inferendi
668 1663 758 1691 quam
784 1662 856 1690 pro-

141 1694 287 1733 pulsandi
316 1695 392 1725 belli
420 1695 598 1726 societatem
629 1695 855 1735 complectitur.

142 1735 305 1779 ἐπιμαχία,
334 1738 537 1779 propulsandi
559 1739 719 1775 duntaxat,
745 1743 780 1768 ut
803 1748 857 1777 ap-

142 1785 242 1820 paret,
258 1791 298 1810 ex
309 1781 501 1819 Thucydide.

185 1825 275 1853 -7.
298 1825 482 1863 ποιησάμενοι
504 1822 665 1863 Φιλίππῳ]
695 1824 758 1853 Pro
784 1822 859 1863 ’πρὸς

144 1863 298 1903 Φίλιππον,
314 1877 350 1896 eo
364 1866 520 1902 nimirum,
530 1878 567 1896 ne
583 1866 787 1896 Macedonem
805 1867 858 1895 110-

146 1912 224 1939 stem
257 1910 368 1938 babere
401 1915 596 1948 cogerentur,
621 1914 652 1939 et
680 1915 713 1938 ut
738 1910 858 1939 caeteris

145 1951 289 1982 hostibus
304 1951 424 1982 facilius
442 1953 632 1983 resisterent.
678 1952 756 1982 Sunt
778 1953 859 1982 enim

145 2000 260 2024 coactae
275 2005 358 2036 saepe
373 1996 483 2034 magis,
496 2006 585 2036 quam
601 1995 793 2032 voluntariae,
811 2005 861 2025 so-

147 2038 274 2068 cietates
291 2043 322 2068 et
336 2038 492 2068 amicitiae.

188 2097 232 2103 -—
245 2081 323 2112 ibid.
345 2083 536 2122 πολεμοῦντες
557 2080 628 2121 μετ’
652 2081 756 2122 αὐτοῦ]
780 2093 861 2121 συμ-

145 2125 311 2165 μαχοῦντες
325 2124 417 2164 αὐτῷ,
431 2125 464 2155 id
486 2130 545 2161 est,
564 2126 730 2164 conjunctis
748 2135 815 2155 curn
831 2135 862 2154 ευ

145 2168 268 2204 viribus,
292 2168 468 2206 adjuvantes
489 2179 557 2199 eum
587 2169 621 2198 in
651 2168 734 2198 bello.
780 2169 860 2198 Nam

143 2220 244 2252 gerere
255 2220 323 2241 cum
334 2211 434 2252 aliquo
447 2211 566 2248 bellum,
578 2216 626 2242 est
642 2211 780 2251 πολεμεῖν
795 2211 861 2247 τινὶ,

148 2254 198 2284 vel
215 2253 282 2295 πςός
292 2265 367 2285 τινα.

189 2314 234 2320 -
247 2298 324 2328 ibid.
340 2297 415 2339 ’τιτςός
425 2296 602 2339 Ἀθηναίους]
622 2297 744 2328 Contra.
762 2302 795 2328 ut
810 2297 863 2328 Ci-

147 2350 240 2371 cero:
265 2345 286 2359 “
298 2341 384 2372 Unus
398 2342 534 2372 furiosus
550 2341 713 2381 gladiator,
729 2351 798 2371 cum
816 2347 861 2371 te-

146 2383 342 2414 terrimarum
370 2384 522 2415 latronum
551 2395 641 2416 manu
671 2390 777 2414 contra
804 2395 861 2425 pa-

148 2427 251 2463 triam,
265 2426 322 2457 &c.
338 2428 418 2466 gerit
428 2426 576 2458 bellumss'

190 2487 234 2493 —-
248 2470 325 2500 ibid.
342 2470 376 2500 τὸ
388 2470 457 2501 κατ’
469 2471 578 2512 ἀρχὰς]
606 2470 736 2511 Capitur
751 2471 861 2500 adver-

147 2513 282 2551 bialiter,
299 2524 356 2553 pro
372 2512 398 2544 ἐν
413 2515 453 2556 τῇ
474 2514 561 2556 ἀρχῇ,
576 2524 694 2554 πρωτον.
737 2514 861 2544 Articu

146 2557 196 2586 lus
217 2569 263 2592 το,
284 2557 446 2596 elegantiae
462 2568 554 2587 causa
574 2567 614 2586 ex
631 2567 861 2596 supervacaneo

148 2600 278 2631 accedit.
323 2600 471 2637 Quaedam
487 2600 676 2639 exemplaria
689 2610 748 2630 uno
766 2601 861 2630 verbo

148 2646 180 2673 et
193 2648 332 2681 accentu,
347 2645 551 2685 τωιατειςχάςε
570 2644 600 2674 id
617 2644 722 2682 quod
714 2654 744 2673 10
757 2644 862 2674 multis

148 2687 272 2722 accidit,
289 2691 323 2717 ut
339 2687 387 2717 vel
403 2686 468 2727 ὑφὲν
484 2688 531 2717 vel
548 2684 688 2727 διαιρὲτως
699 2687 850 2725 legantur.

191 2747 234 2753 —
247 2730 324 2761 ibid.
340 2730 390 2760 καὶ
404 2731 489 2764 τοῦτο
502 2729 608 2770 μὲν-
623 2731 708 2759 τοῦτο
724 2729 768 2771 δὲ]
785 2729 862 2760 Par-

150 2773 215 2809 tim,
227 2779 305 2809 tum,
318 2774 404 2810 alias,
421 2773 514 2808 modo,
528 2783 621 2809 nunc,
633 2779 672 2809 et,
687 2777 779 2812 atque
795 2773 862 2803 aliae

150 2816 307 2854 ραι-11001111
323 2817 470 2856 geminari
486 2817 599 2852 solitae,
615 2826 689 2855 quas
705 2817 862 2856 suspensi-

150 2868 206 2888 vas
230 2860 428 2891 Grammatici
447 2858 569 2896 vocant,
586 2859 634 2890 1115
657 2859 796 2890 articulis
816 2870 863 2890 re-

153 2902 315 2941 spondent.

193 2961 237 2967 —-
253 2947 283 2975 8.
305 2944 519 2987 Ἀνθεμοῦντα]
547 2945 723 2995 Ἀνξὶεμέεις,
754 2944 863 2982 ὄωόεις,

150 2985 299 3026 ἆμαθόεις,
320 2989 575 3032 τςιιπεζόεις,(όεις
595 2989 627 3020 111
651 3001 695 3025 ους
711 2990 862 3020 contrahi-

1517 170 1600 211 319

883 273 950 315 tur)
974 275 1144 305 masculina
1166 273 1341 305 terminatio
1361 280 1420 307 est.
1466 275 1602 306 Ovidius

884 323 985 347 tamen
1001 317 1157 348 soeminino
1174 328 1288 357 genere
1304 318 1396 349 dixit.

898 407 919 420 “
931 420 972 425 —
983 401 1212 441 Gravidamque
1223 404 1410 434 Amathunta
1424 403 1588 434 metallis.''

884 488 994 517 Strabo
1009 487 1064 517 lib.
1075 490 1127 517 14.
1153 488 1275 518 Samum
1292 488 1421 519 insulam
1438 488 1604 529 Ἀνθεμοῦν-

883 542 924 560 τα
951 531 1048 560 fuisse
1071 531 1184 560 dictam
1211 531 1269 560 ait:
1303 533 1356 561 sed
1386 534 1453 567 hoc,
1481 535 1519 562 de
1543 543 1604 571 quo

884 584 964 603 nunc
978 573 1092 612 agitur,
1109 574 1271 614 oppidum,
1286 574 1366 604 sicut
1376 582 1405 605 et
1423 576 1603 611 Potidaeam,

884 617 916 646 in
930 617 1116 647 Macedonia
1128 623 1269 648 recenset
1284 618 1400 648 Plinius
1416 618 1471 648 lib.
1488 621 1517 648 4.
1536 629 1604 659 cap.

886 663 937 689 10.

927 720 971 725 -—
985 702 1061 733 ibid.
1079 702 1242 744 εἶληφότες]
1268 704 1407 742 Accepta,
1430 714 1497 733 cum
1522 713 1604 733 acce-

884 747 1006 784 pissent:
1031 746 1090 782 vel,
1107 747 1149 785 τῷ
1169 745 1323 785 εἰληφέναι,
1344 747 1389 776 διὰ
1405 746 1437 775 τὸ
1453 746 1605 784 εἰληφέναι,

886 790 918 818 ob
949 794 1109 828 acceptam,
1137 801 1167 819 eo
1193 790 1269 829 quad
1294 794 1474 827 acceperant.
1525 790 1604 819 Nam

887 843 969 871 saepe
982 842 1104 862 causam
1123 833 1296 869 significant
1313 832 1489 871 participia.

928 893 971 897 -—
986 876 1062 905 ibid.
1079 875 1358 916 ἀμφισβητήσιμον]
1373 873 1403 909 Ξς
1420 875 1544 914 ἑκάτεροι
1559 875 1606 903 ἀν-

886 920 1058 948 τεποιοῦντο.
1077 920 1111 948 de
1126 929 1184 959 qua
1206 920 1283 948 inter
1306 928 1349 948 ens
1367 920 1512 948 contentio
1528 922 1606 953 erat,

886 967 1107 997 controversam,
1136 973 1223 1001 quarn
1247 963 1368 1002 utrique
1390 962 1442 991 sibi
1469 961 1608 990 vendica-

887 1004 966 1034 bant.
1015 1005 1159 1034 Socrates
1181 1006 1406 1045 philosophiam
1434 1014 1518 1034 suam
1543 1005 1607 1042 ἆμ-

887 1045 1102 1088 φισέητήτιμον
1113 1046 1173 1089 ὄναρ
1189 1048 1363 1078 nominabat
1377 1058 1383 1076 :
1400 1048 1457 1077 hoc
1471 1052 1530 1083 est,
1546 1058 1608 1077 am-

888 1092 1010 1131 biguum
1027 1093 1182 1120 somnium.

931 1151 973 1155 —
991 1135 1019 1163 9.
1037 1132 1205 1175 Ποτίδαιαν]
1230 1134 1310 1164 Vide
1328 1134 1544 1173 Olynthiacam
1561 1144 1608 1163 se-

888 1176 1031 1206 cundum.

931 1237 974 1242 ——
990 1219 1067 1250 ibid.
1081 1231 1131 1262 exo
1121 1219 1244 1260 1’1ιτων]
1235 1218 1280 1249 ο’τε
1294 1218 1355 1261 εἶχε
1344 1231 1379 1250 ν.

932 1263 1065 1294 —ihid.
1094 1263 1249 1295 Ὀλυνθίοις
1276 1262 1418 1303 παρέδωκε
1420 1263 1448 1303 ν]
1485 1261 1537 1291 Sic
1563 1262 1609 1291 le-

889 1307 1021 1346 gendum
1038 1311 1098 1342 est,
1120 1317 1180 1337 uon
1194 1305 1362 1340 Ἀθηναίοις.
1381 1305 1541 1346 παρέδωκεν
1557 1315 1610 1335 au-

889 1356 962 1384 tern,
978 1348 1043 1379 ἀντὶ
1060 1351 1123 1385 τοῦ,
1142 1349 1310 1389 εδωξησιιτο.
1342 1351 1377 1379 In
1396 1350 1495 1388 prima
1511 1348 1608 1388 Olyn-

887 1393 988 1422 tbiaca
1004 1393 1172 1433 παραδοῦναι
1194 1393 1368 1423 deditionem
1387 1392 1551 1432 significat,
1575 1397 1610 1422 ut

889 1447 929 1466 ex
947 1437 1089 1476 Philippi
1105 1436 1237 1476 epistola
1253 1436 1425 1475 colligitur.

931 1495 975 1501 —-
993 1483 1043 1510 10.
1062 1479 1244 1520 ὑποπτεύειν]
1270 1479 1416 1513 ἐπόπταις
1440 1477 1514 1519 ωρὸς
1526 1476 1610 1507 αὐτ-ὂν

889 1521 976 1564 ἔχειν.

931 1583 976 1588 —-
990 1564 1067 1596 ibid.
1089 1567 1196 1596 πολλὴν
1217 1567 1267 1596 τὴν
1291 1564 1424 1606 affigam]
1454 1564 1521 1594 Nos
1548 1574 1609 1594 non

889 1609 1017 1638 multum
1031 1610 1256 1644 incrementum,
1277 1609 1334 1637 sed
1352 1608 1401 1638 vel
1418 1609 1545 1637 multum
1562 1609 1610 1637 in-

889 1652 1040 1686 crementi,
1056 1651 1105 1681 vel
1121 1662 1233 1691 magna
1247 1652 1425 1680 incrementa
1441 1651 1586 1680 dicimus.

933 1712 977 1716 —
993 1698 1045 1724 11.
1062 1693 1090 1723 οὗ
1103 1696 1210 1725 πιττῆν
1225 1693 1253 1724 δὲ
1269 1694 1312 1723 ν’ὖν
1327 1693 1454 1733 γνώμην]
1472 1693 1610 1723 Perfidia

891 1737 1031 1776 Philippi
1051 1737 1226 1775 exagitatur
1253 1737 1390 1767 secunda
1413 1736 1610 1776 Olynthiaca.

891 1781 1023 1810 Secutus
1041 1785 1089 1810 est
1104 1780 1271 1819 Philippus
1293 1781 1340 1820 (id
1359 1781 1440 1819 quod
1463 1780 1610 1809 usitatum

892 1828 940 1853 est
955 1823 1130 1853 hominibus
1147 1823 1321 1863 bellicosis)
1338 1823 1474 1852 Eteoclis
1489 1823 1612 1862 Euripi-

891 1867 943 1896 dei
955 1866 1152 1896 sententiam.-
1165 1866 1240 1906 εἶπες
1252 1868 1308 1905 γὰρ
1322 1867 1425 1895 ἀδικεῖν
1437 1868 1504 1907 χξῆ,
1515 1878 1614 1907 τυρανο

891 1908 957 1942 vido:
970 1909 1029 1950 πέρι
1042 1909 1202 1939 κάλλιστον
1213 1910 1328 1944 ἀδικεῖν,
1340 1907 1441 1938 τᾶλλα
1455 1909 1478 1938 δ’
1488 1909 1612 1941 εὐσεβεῖν

893 1951 990 1992 Χρὲων.
1035 1954 1122 1990 Quos
1147 1963 1255 1982 versus
1283 1952 1462 1982 Officiorum
1487 1956 1517 1982 1.
1539 1963 1613 1982 con-

894 1997 988 2025 vertit
1011 1995 1133 2025 Cicero.
1164 2000 1183 2013 “
1201 1997 1280 2025 Nam
1309 1996 1335 2025 si
1362 1994 1538 2025 violandum
1563 2000 1611 2025 est

890 2039 954 2077 jus,
971 2039 1118 2078 regnandi
1143 2039 1241 2077 gratia
1261 2038 1438 2069 violandum
1460 2043 1518 2074 est,
1541 2038 1611 2068 aliis

894 2083 988 2112 rebus
1025 2082 1172 2120 pietatem
1205 2081 1324 2112 colas?
1368 2082 1522 2111 Caeterum
1556 2083 1613 2110 ob-

895 2126 1077 2155 servandum
1097 2130 1146 2154 est
1169 2124 1345 2164 diligenter,
1369 2135 1437 2164 quae
1457 2125 1613 2163 adjectiva

895 2168 1004 2207 quibus
1022 2168 1223 2198 substantivis
1234 2168 1325 2208 jungi
1341 2169 1476 2198 soleant:
1495 2173 1528 2198 ut
1544 2168 1614 2205 γνώ-

894 2224 937 2252 μη
951 2211 1062 2249 ἀγαθὴ,
1077 2213 1161 2246 κακὴ,
1174 2211 1279 2242 πιστή.
1297 2216 1327 2242 et
1344 2213 1439 2242 forma
1452 2211 1613 2251 loquendi,

895 2257 973 2285 κατὰ
988 2255 1110 2295 γνώμην,
1125 2257 1205 2294 wag&
1219 2256 1341 2294 γνώμην.

937 2316 981 2322 -—
994 2298 1071 2329 ibid.
1089 2298 1307 2338 ἀποδημοῦντα]
1335 2298 1410 2328 Cum
1425 2297 1614 2327 observassent

895 2342 1048 2377 absentem,
1092 2351 1214 2382 peregre
1251 2341 1438 2382 profectuum
1482 2341 1515 2370 id
1553 2345 1614 2376 est,

896 2386 1061 2415 observata
1089 2386 1155 2424 ejus
1182 2385 1333 2419 absentia,
1358 2385 1454 2414 dilato
1483 2383 1613 2413 consilio

896 2439 952 2458 suo
981 2428 1080 2458 donec
1111 2438 1242 2468 peregre
1273 2428 1410 2458 abiisset.
1467 2427 1614 2466 Cogitate

896 2472 1060 2508 debebant,
1075 2482 1143 2501 euru
1160 2471 1211 2511 qui
1228 2472 1362 2505 abesset,
1382 2469 1484 2501 redire
1500 2481 1614 2510 posse:

895 2515 1001 2555 longas
1016 2515 1090 2545 item
1106 2525 1173 2544 esse
1194 2524 1301 2554 regum
1316 2524 1435 2550 uranus,
1453 2518 1485 2544 et
1499 2514 1613 2544 multos

896 2559 1017 2593 000105,
1035 2563 1127 2596 atque
1144 2567 1245 2587 aures.

939 2620 983 2625 —
1005 2601 1082 2631 ibid.
1117 2599 1293 2639 πέμψαντες
1324 2599 1482 2639 misem]
1515 2601 1613 2629 Recte

897 2645 1067 2675 Pausanias
1081 2654 1087 2673 t
1121 2643 1207 2677 οὐδεῒς
1236 2643 1324 2683 πόρος
1353 2643 1433 2673 ἐστὶν
1464 2642 1614 2682 ἄνθξώπῳ,

897 2687 1055 2728 neaeman
1070 2686 1104 2716 τὸ
1115 2686 1266 2718 ,casnm
1256 2698 1287 2716 εκ
1303 2687 1353 2716 τοῦ
1370 2685 1440 2716 Θεοῦ.
1486 2687 1615 2715 Frustra

897 2732 993 2771 igitur
1005 2731 1210 2770 suspicantur,
1226 2731 1338 2760 frustra
1353 2729 1442 2759 fidem
1457 2729 1613 2767 frangunt,

897 2775 1010 2804 frustra
1033 2775 1146 2804 bellum
1170 2779 1280 2813 parant
1300 2772 1437 2802 infelices
1461 2770 1614 2810 Olynthii,

898 2827 992 2858 quum
1010 2818 1157 2854 venisset,
1171 2821 1206 2847 nt
1218 2816 1370 2856 Virgilius
1387 2815 1440 2850 ait,

920 2908 940 2922 ‘⁴
953 2905 1123 2935 ——Snmrna
1133 2903 1201 2933 dies
1212 2908 1242 2933 et
1254 2900 1450 2932 ineluctabile
1466 2898 1593 2930 satum.’'

897 2990 950 3021 Sic
967 2991 1148 3022 Herodotus
1165 2990 1203 3022 de
1220 2987 1376 3019 Candaule
1391 2998 1397 3016 z
1422 2985 1474 3016 ἔδει
1493 2985 1546 3026 Ege
1561 2996 1615 3015 ua-
