1997 3323
374 211 429 251 56
491 209 524 250 I.
549 208 582 250 I.
605 205 830 250 REISKE
860 205 1187 249 ANNOTATA
1219 207 1302 249 AD
1335 206 1434 250 ΟΒ.
1467 206 1550 249 DE
1580 206 1832 253 FOED.&c.

417 331 461 338 —-
477 316 531 346 16.
552 313 655 356 μηδὲν]
678 314 778 344 malim
800 312 905 354 μηδένα
925 313 1023 354 μηδὲν.
1038 313 1088 343 1111-

376 361 484 388 ctenus
499 357 548 388 aio
561 358 774 388 necessitatem
785 357 814 387 in
830 357 931 397 pactis
946 367 1090 395 perseve-

373 401 461 431 randi
485 400 707 432 inculcantibus
723 400 991 430 obsecundandum
1007 409 1090 436 esse,

373 449 526 483 quatenus
548 454 613 474 eam
637 448 779 483 urgentes
803 453 861 472 uon
883 443 1023 482 captiose
1045 442 1090 471 lo-

373 491 519 526 quuntur,
542 487 599 517 hoc
616 493 660 517 est
676 498 736 516 non
753 485 925 516 excludunt
940 496 958 516 a
972 485 1089 524 cogita·

373 530 509 560 tionibus
545 532 608 560 suis
636 540 701 560 eam
730 534 888 568 pactorum
912 529 1088 565 clausulam,

374 584 442 614 quae
455 578 539 604 vetat
555 574 607 602 ulli
623 572 763 611 injuriam
780 572 871 602 ullam
889 572 1002 602 offerri.

417 618 490 646 216.
510 620 539 647 Q.
553 615 693 656 πεςιορᾷν]
705 616 835 645 subaudi
847 615 1023 654 προσιούσας,
1039 615 1086 644 vel

371 658 587 701 ἐπερχομένας,
610 660 658 689 vel
676 658 735 688 tale
755 659 839 698 quid.
856 658 939 688 redit
953 659 1033 688 enim
1048 658 1086 688 ad

372 703 572 734 calamitates.

415 764 458 768 —
473 746 548 775 ibid.
563 742 714 785 ἐπέταξεν]
738 743 859 783 praetuli
878 742 1031 782 ἐπέταξαν.
1056 743 1085 773 111

371 788 494 829 plurali.
523 788 584 827 ipsi
613 787 656 823 hi,
683 788 901 827 praedicatores
928 789 1086 817 servandae

372 832 470 872 pacis.

416 892 458 896 —-
473 875 525 904 ⁶23.
548 875 588 902 τα
602 872 631 903 δὲ
643 872 838 913 πράττουσιν]
850 877 988 912 poteram
1001 874 1041 903 τὰ
1057 872 1086 903 δὲ

373 917 611 957 1προστάττουσιν
631 917 804 945 emendare.
827 926 893 945 nam
915 916 1086 956 saepissime

372 960 403 990 in
415 959 501 989 libris
513 960 650 999 πράττειν
665 959 826 998 reperitur,
837 958 905 989 sive
915 969 1086 999 perperam,

373 1002 440 1032 sive
456 1013 511 1041 per
533 1003 748 1041 compendium
770 1001 905 1032 librariis
929 1002 1085 1038 usitatum,

371 1055 426 1085 pro
440 1045 634 1086 προστάττειν
647 1050 815 1075 exaratum.
824 1046 910 1083 cujus
924 1045 969 1075 rei
981 1056 1085 1075 exem-

371 1089 423 1127 pla
438 1089 595 1128 complura
611 1090 803 1127 postmodum
816 1088 905 1118 nobis
914 1094 1087 1119 occurrent.

371 1131 482 1161 Visum
497 1137 596 1161 tamen
613 1131 643 1161 11.
659 1132 680 1162 l.
703 1132 763 1161 suit
783 1131 975 1172 ταράττουσιν
996 1132 1083 1162 exhi-

370 1175 457 1211 bere,
471 1174 540 1204 scil.
557 1184 663 1213 pacem
680 1185 879 1204 communem.

416 1235 459 1241 —-
475 1219 526 1249 25.
542 1216 644 1257 οὕτως]
661 1223 695 1247 ut
709 1228 766 1257 ego
783 1219 843 1252 aio,
860 1218 927 1247 scil.
946 1218 1002 1247 hos
1017 1221 1082 1247 tur-

370 1261 495 1290 batores
507 1261 592 1300 pacis
609 1270 679 1290 esse
692 1271 699 1297 3
716 1261 768 1290 lias
781 1260 962 1291 violationes
976 1266 1082 1300 pacto-

370 1314 449 1340 rum,
469 1308 500 1333 et
515 1304 607 1333 armis
628 1304 782 1333 universae
798 1304 928 1334 Graeciae
948 1314 1082 1334 commu-

371 1347 460 1377 nibus
474 1347 676 1376 ulciscendas,
1058 1366 1062 1371 >

413 1408 456 1414 ·—
469 1392 519 1421 27.
534 1389 779 1431 συγχωρήσουσιν]
796 1389 864 1418 scil.
876 1388 993 1422 Βεβαίαν
1004 1388 1082 1419 εῖναι.

370 1434 443 1463 Hoc
472 1434 594 1472 praetuli
621 1431 741 1472 vulgari
772 1433 972 1473 συγχωροῦσιν.
1008 1433 1081 1462 item

367 1486 424 1515 pro
442 1476 561 1515 vulgari
578 1476 654 1505 δοκεῖ
666 1476 760 1504 δίκαια
775 1474 937 1513 γίγνεσθαι,
953 1475 1027 1505 dedi
1040 1475 1081 1505 δο-

368 1520 416 1549 κεῖ
438 1518 531 1548 δίκαια
553 1520 652 1549 ταῦτα
676 1517 748 1557 γίγν.
774 1529 935 1558 aequumne
958 1519 1082 1548 videtur

367 1572 449 1598 esse,
466 1563 526 1592 ista
542 1562 617 1591 fieri.

414 1607 533 1635 2122.
551 1604 618 1646 πξός
641 1605 725 1634 τοῦτο
747 1603 775 1634 δὲ
801 1604 949 1645 διαμαχ.]
974 1605 1030 1634 hoc
1051 1603 1081 1635 δὲ

368 1647 444 1678 item
459 1649 575 1683 addidi,
591 1658 649 1677 non
666 1657 725 1686 quo
743 1648 809 1677 sine
827 1658 864 1677 eo
881 1648 942 1676 hiet
960 1653 1081 1678 seuten-

367 1691 433 1729 11ος
457 1692 609 1721 redundat
624 1692 714 1725 enim,
728 1692 781 1724 sed
799 1691 964 1729 eleganter,
981 1696 1012 1720 et
1026 1692 1082 1720 mi-

367 1734 452 1764 rifice
462 1735 619 1764 adamatus
633 1739 680 1763 est
693 1734 804 1763 Atticis
814 1734 864 1763 hic
876 1734 1080 1772 pleonasmuS,

366 1773 480 1807 iterans
505 1782 536 1807 et
561 1777 658 1807 veluti
683 1778 863 1806 confirmans
891 1778 1080 1816 praemissum

368 1819 410 1855 δὲ,
425 1825 455 1850 et
469 1821 670 1859 aeqnipollens
684 1820 906 1858 quodammodo
917 1820 1082 1850 3111111ηοί11-

366 1874 463 1904 quam.
479 1866 616 1894 adversus
631 1863 694 1899 hoc,
709 1864 839 1902 inquam,
855 1865 1036 1893 dimicantes.

411 1925 454 1931 --
468 1908 499 1936 7.
516 1907 621 1947 μικροὶ]
641 1908 702 1936 vim
730 1907 779 1935 hic
805 1906 922 1935 obtinet
938 1906 1081 1936 vocabuli

368 1947 461 1987 ὀλίγα.
486 1960 543 1979 non
561 1950 641 1978 enim
660 1951 709 1979 hio
724 1950 764 1978 de
780 1949 959 1987 quantitate,
975 1950 1029 1979 sed
1043 1950 1081 1979 de

366 2002 492 2022 numero
509 1993 621 2031 agitur.

409 2052 452 2058 —-
468 2038 520 2065 10.
535 2035 642 2074 μηδένα
659 2034 780 2075 τούτων]
803 2045 872 2064 1111111
889 2035 1082 2074 interponen-

367 2079 440 2108 dum
454 2084 501 2108 est
513 2077 637 2118 μηδενός.

409 2138 454 2144 —
466 2123 518 2151 26.
532 2120 713 2161 τηλικοῦτον]
731 2120 859 2150 subaudi
875 2121 1037 2161 κεφάλαιον.

411 2166 486 2195 218.
505 2166 534 2194 1.
550 2163 700 2205 πράττειν]
725 2163 806 2198 navi,
832 2164 958 2200 strenui,
982 2175 1081 2201 acres,

367 2208 463 2238 sortes
480 2217 560 2242 esse,
576 2207 704 2241 audere,
717 2207 832 2236 conari.

411 2268 454 2274 --
470 2251 501 2282 5.
513 2249 584 2280 οὐδὲν
594 2250 664 2290 τῶν]
681 2249 803 2289 praetuli
817 2248 875 2279 οὐδὲ
887 2251 952 2279 τῶν.
974 2250 1028 2288 qui
1043 2260 1080 2279 ne

362 2294 479 2333 jurium
500 2294 625 2332 quidem
648 2292 732 2323 urbis
755 2292 926 2322 debitorum
948 2294 1079 2322 fructum

366 2337 529 2377 percipere
540 2334 670 2371 audetis,
681 2335 793 2365 nedum
807 2340 841 2365 ut
855 2346 914 2366 non
931 2337 1081 2375 permissa

367 2381 458 2410 vobis
475 2390 618 2419 arrogare
632 2378 778 2409 audeatis.
819 2380 899 2409 Ante
913 2379 960 2408 καὶ
976 2379 1007 2409 111
1023 2379 1081 2409 fine

367 2434 477 2453 versus
493 2423 649 2463 praeposui
665 2421 687 2453 δ’.
703 2423 734 2452 id
749 2423 824 2462 quad
840 2423 938 2452 etiam.

410 2469 510 2497 —15.
524 2464 557 2496 τὸ
571 2465 683 2506 δίκαιον]
696 2470 729 2495 ut
744 2465 777 2495 τὸ
789 2464 895 2502 δίκαιον,
908 2470 997 2505 pacta
1010 2475 1081 2494 con·

367 2514 470 2544 venta,
487 2520 555 2539 cum
578 2508 804 2539 Macedonibus
829 2514 966 2539 tueamur
989 2508 1081 2545 modo

369 2552 397 2581 οὐ
421 2551 528 2592 δικαίῳ,
546 2563 605 2582 11011
625 2554 723 2591 justo,
739 2553 770 2582 h.
787 2563 814 2582 e.
830 2563 888 2582 uon
911 2562 959 2588 eo,
976 2551 1028 2591 qui
1051 2552 1081 2580 111

367 2595 497 2626 formula
507 2596 634 2627 foederis
644 2597 845 2636 praescriptus
857 2600 917 2633 est,
929 2600 961 2626 ut
971 2605 1081 2634 nempe

1126 313 1397 352 transgredientem
1426 315 1527 354 capita
1561 314 1687 345 foederis
1721 315 1832 356 reliqui

1125 355 1264 386 foederati
1281 357 1479 396 prohibeant3
1502 358 1555 389 sed
1579 358 1640 388 alio
1662 357 1780 398 iniquo,
1799 364 1832 389 ut

1124 408 1235 447 nempe
1262 399 1325 429 illis
1356 400 1448 431 liceat
1473 406 1564 441 pacta
1588 402 1715 438 violare,
1741 401 1833 432 nobis

1124 451 1234 472 minus.

1166 501 1209 507 —-
1233 486 1286 515 21.
1313 484 1469 527 προβολὰς]
1506 486 1589 517 citat
1620 487 1702 518 hunc
1729 486 1833 517 locum

1125 527 1278 566 Harpocr.
1298 539 1325 559 v.
1348 526 1496 570 orpoGoM'tc.
1528 540 1595 560 uam
1624 531 1681 561 hac
1708 529 1760 560 ille
1786 530 1831 560 le-

1123 571 1226 601 ctione
1250 572 1356 608 utitur,
1383 583 1502 611 egoque
1524 573 1644 612 vulgari
1670 573 1835 613 προσβολὰς

1123 623 1188 643 eam
1206 615 1339 653 praetuli.
1357 625 1425 644 voc.
1440 614 1622 658 ἰσχυροτέρας
1636 616 1753 646 addidi.
1776 617 1830 646 do-

1123 667 1179 686 nec
1193 658 1281 687 nobis
1297 658 1389 688 liceat
1404 659 1508 695 maris,
1524 660 1574 689 vel
1596 659 1693 689 solius
1710 658 1831 699 [etiam—

1123 699 1149 729 si
1172 711 1229 730 nou
1254 711 1313 731 una
1338 701 1519 732 continentis
1547 702 1697 743 quoque],
1727 702 1830 741 potiri,

1121 753 1216 781 penes
1231 754 1287 774 nos
1310 744 1380 780 erit,
1404 749 1517 783 praeter
1538 745 1608 775 illas
1621 745 1748 784 copias,
1763 755 1832 784 quae

1117 787 1178 823 jam
1195 792 1308 826 praesto
1325 787 1412 817 nobis
1428 793 1509 824 suut,
1521 789 1620 818 adhuc
1632 789 1691 818 alia
1705 788 1831 817 commi-

1121 829 1199 859 nisci
1223 835 1254 860 et
1280 840 1455 870 comparare
1481 831 1681 867 munimenta,
1707 831 1831 861 tuendis

1121 872 1235 902 nostris
1251 874 1500 913 possessionibus
1515 874 1547 904 in
1562 878 1644 905 terra
1658 874 1831 904 continente

1120 925 1216 954 paria.

1163 974 1200 980 —
1221 958 1274 988 27.
1288 959 1452 988 τηλικοῦτον
1467 957 1592 1000 παρέβη]
1609 959 1745 998 placeret
1766 971 1828 990 ma-

1122 999 1169 1039 gis
1187 1002 1350 1031 τηλικοῦτον
1365 1000 1390 1031 ὂν
1404 1000 1524 1043 παρέβη.
1556 1002 1730 1038 articulum,
1753 1008 1829 1032 tam-

1121 1043 1179 1072 etsi
1196 1048 1255 1073 tam
1268 1045 1487 1083 ponderosum.

1163 1088 1236 1117 219.
1255 1089 1285 1117 3.
1302 1086 1371 1116 ἀλλ’
1385 1085 1444 1128 astra]
1463 1087 1584 1117 videtur
1606 1086 1831 1126 ἆγανακτητέον,

1118 1134 1172 1158 aut
1188 1129 1288 1160 simile
1310 1130 1385 1169 quid
1411 1129 1678 1170 interponendum.
1703 1141 1760 1161 non
1783 1137 1830 1162 est

1117 1171 1184 1202 haeo
1210 1183 1260 1203 res
1286 1173 1374 1213 parvi
1399 1173 1550 1209 facienda,
1577 1174 1632 1203 sed
1658 1183 1714 1203 vos
1739 1175 1829 1205 decet

1118 1225 1310 1251 succensere,
1326 1216 1407 1255 quod
1418 1234 1470 1246 -.

1160 1276 1203 1282 -—-
1217 1260 1249 1289 5.
1262 1258 1312 1288 καὶ
1333 1259 1376 1289 δ’τι
1399 1259 1447 1289 οὐκ
1469 1257 1644 1300 ἐφρόντισαν]
1669 1259 1829 1290 Sententia

1118 1302 1255 1341 postulat
1276 1301 1324 1331 καὶ
1347 1302 1411 1343 [est
1433 1303 1491 1332 hoc
1514 1312 1635 1341 quoque
1657 1307 1761 1333 vestra
1783 1304 1830 1332 di-

1118 1355 1210 1384 gnum
1237 1344 1408 1385 iracundia]
1437 1344 1478 1375 &fn
1507 1345 1556 1375 οὒκ
1581 1343 1744 1387 ἐφρόντισαν
1771 1346 1830 1377 οὐδὲ

1117 1387 1217 1418 τούτου
1229 1387 1329 1428 μέρους
1343 1390 1397 1418 τῶν
1412 1399 1440 1417 κ.
1453 1388 1615 1428 δογμάτων.
1639 1389 1720 1428 quod
1737 1400 1774 1419 ne
1791 1391 1829 1419 ad

1118 1431 1193 1461 hanc
1210 1432 1332 1470 quidem
1347 1436 1464 1471 partem
1482 1436 1640 1471 pactorum
1663 1432 1702 1461 ad
1723 1442 1828 1463 omues

1117 1475 1320 1504 communiter
1328 1474 1545 1514 pertinentium
1559 1475 1766 1511 attenderunt,
1776 1486 1830 1515 pa-

1116 1517 1142 1547 ri
1158 1517 1262 1553 mod0‚
1279 1522 1369 1557 atque
1385 1528 1477 1558 supra
1492 1524 1744 1548 commemoratas
1759 1529 1830 1558 par—

1117 1565 1164 1590 tes
1178 1561 1391 1599 neglexerunt.
1572 1581 1588 1585 -

1160 1620 1203 1626 ——-
1219 1606 1270 1634 13.
1285 1602 1329 1645 ἓν]
1346 1602 1469 1644 praetuli
1483 1603 1567 1634 ποιεῖ’.
1588 1603 1709 1634 mallem
1727 1607 1827 1635 tamen

1117 1646 1147 1676 in
1163 1647 1342 1686 imperfecto
1359 1644 1452 1678 ἐποίει.

1159 1707 1202 1712 -
1219 1692 1270 1719 ¹21.
1286 1687 1570 1729 ναυπηγηθήσεσθαι]
1588 1690 1709 1719 correxi
1723 1701 1828 1722 ναυπη-

1117 1732 1260 1770 γήσεσθαι
1278 1733 1325 1772 (111
1341 1734 1399 1763 fut.
1417 1736 1446 1762 1.
1461 1732 1573 1773 medii)
1587 1743 1620 1763 se
1636 1733 1760 1773 navigia
1773 1744 1830 1764 sua

1116 1776 1165 1805 hic
1182 1787 1250 1805 esse
1264 1776 1477 1806 fabricaturos.

1159 1837 1203 1842 —
1223 1822 1274 1850 w.
1300 1819 1343 1859 τῷ
1369 1817 1565 1859 προειρημένῳ]
1589 1817 1733 1849 videntur
1758 1830 1830 1850 esse

1117 1862 1256 1898 delenda,
1273 1866 1306 1891 ut
1322 1873 1481 1901 perperam
1500 1873 1516 1892 e
1529 1872 1620 1891 versu
1637 1864 1667 1892 6.
1685 1862 1805 1893 iterata.

1159 1921 1201 1927 —-
1219 1906 1270 1936 25.
1285 1905 1440 1945 πάντοθεν]
1455 1905 1539 1934 sslmt
1553 1905 1583 1934 11.
1598 1905 1618 1933 1.
1630 1905 1765 1935 Thomas
1782 1908 1827 1936 M.

1117 1958 1148 1978 v.
1164 1947 1360 1989 πανταχόθεν.
1385 1950 1455 1978 nain·
1472 1948 1528 1977 hac
1545 1947 1677 1978 lectione
1692 1948 1746 1978 ille
1767 1949 1829 1980 uti-

1117 1995 1176 2020 tur.

1160 2036 1233 2064 2020.
1251 2036 1303 2064 10.
1327 2031 1492 2073 τούναντίον]
1515 2038 1585 2072 post
1607 2032 1758 2064 τούναντίον
1779 2039 1829 2065 est

1116 2077 1233 2112 lacuna,
1249 2087 1316 2116 quae
1331 2077 1390 2106 fuit
1405 2077 1480 2106 olim
1495 2087 1532 2106 eo
1552 2076 1582 2106 iu
1605 2077 1724 2113 codice,
1747 2079 1829 2109 unde

1118 2120 1337 2149 Demosthenis
1364 2119 1553 2159 exemplaria
1582 2119 1700 2158 reliqua
1729 2122 1830 2151 omnia

1117 2167 1343 2202 promanarunt,
1361 2163 1400 2192 ad
1416 2173 1470 2192 nos
1485 2162 1596 2192 delata.
1640 2164 1741 2200 Quare
1752 2165 1830 2194 stul-

1117 2211 1180 2235 tum
1207 2205 1247 2235 sit
1270 2205 1477 2246 conjecturam
1501 2205 1551 2235 hic
1570 2214 1717 2235 exercere
1734 2207 1828 2245 velle,

1118 2249 1168 2288 qui
1185 2248 1271 2278 locus
1287 2248 1337 2278 hic
1362 2249 1402 2278 sit
1427 2249 1640 2289 integrandas,
1661 2249 1713 2288 qui
1734 2250 1827 2280 relin-

1117 2292 1257 2331 quendus
1274 2296 1321 2322 est
1337 2291 1470 2322 siuistrae
1486 2302 1550 2322 suae
1565 2291 1654 2322 sorti.

1158 2353 1201 2358 --
1218 2338 1270 2366 13.
1288 2333 1447 2375 πλείστων]
1468 2335 1599 2365 refertur
1614 2335 1651 2364 ad
1669 2333 1824 2376 ἀνθρώπων.

1159 2379 1224 2408 Hic
1239 2378 1382 2408 desinunt
1396 2379 1418 2407 οἱ
1436 2377 1685 2418 Συμβουλευτικοί.
1707 2380 1767 2418 jam
1781 2379 1827 2408 in-

1116 2421 1233 2461 cipiunt
1249 2422 1270 2452 οἶ
1289 2420 1438 2462 Δημόσιοι,
1451 2431 1541 2461 quem
1556 2421 1677 2452 titulum
1695 2421 1827 2452 orationi

1116 2475 1172 2504 pro
1189 2465 1311 2495 Corona
1334 2475 1365 2504 p.
1384 2467 1456 2497 2⁶25.
1473 2464 1592 2504 praefixi
1617 2475 1634 2494 e
1660 2465 1827 2501 Bavarioo,

1116 2518 1295 2548 quamquam
1323 2508 1373 2537 hic
1398 2508 1522 2547 quidem
1545 2507 1685 2547 publicas
1705 2518 1765 2538 non
1789 2509 1826 2537 ab

1116 2552 1172 2581 hac
1189 2562 1233 2582 or.
1248 2562 1303 2591 pro
1313 2551 1383 2580 Cor.
1394 2551 1622 2591 auspicabatur,
1638 2552 1692 2582 secl
1705 2552 1744 2581 ab
1759 2561 1828 2581 ora-

1116 2595 1199 2625 tione
1215 2596 1245 2626 in
1261 2594 1493 2626 Androtionem.

1011 2812 1183 2829 l
