1931 3323
300 203 381 245 282

354 309 448 338 1342.
468 310 518 337 10.
542 305 651 348 ἐκεῖνοι]
670 307 737 338 scil.
760 308 781 337 οἶ
804 308 960 341 ἀδικοῦντες
974 309 1022 338 τὴν

313 349 403 381 πόλιν.

358 411 402 415 --
421 395 469 424 16.
493 393 557 426 τοὺς
571 392 625 432 μὲν
640 394 695 423 τῶν
709 392 788 433 οἴκοι]
807 398 877 432 post
892 394 955 426 τοὺς
969 392 1023 432 μὲν

320 436 441 466 videtur
458 437 566 466 deesse
581 435 715 475 ἐξιόντας,
738 437 818 466 dorna
839 437 1022 472 discedentes,

322 484 374 509 aut
387 480 614 519 ἀποδημοῦντας,
632 490 749 519 peregre
762 479 980 520 prtficisceuteS.

363 540 407 545 ——
424 525 473 552 17.
498 522 608 564 σώζειν]
633 524 725 562 paulo
750 523 865 552 dictum
890 523 1024 552 insolen-

321 565 383 595 tius
403 564 500 606 σώζειν
514 568 579 600 τοὺς
602 566 779 605 κακούργους,
801 570 904 604 potest
926 570 1025 595 tamen

321 613 481 648 utrumque
493 609 614 639 defendi
626 622 633 647 3
648 620 774 648 prorsus
787 614 819 638 ut
829 610 967 639 Latinum
979 610 1027 638 (le-

312 651 441 692 fendere
465 663 524 682 non
548 653 638 682 modo
661 657 717 687 est,
743 654 833 687 tueri,
857 653 911 681 sed
936 652 1026 681 etiam

324 705 433 726 arcere.
458 695 555 735 σώζειν
571 696 600 724 h.
616 696 634 724 Ι.
654 700 710 730 est,
724 698 757 724 ut
771 705 800 724 v.
813 697 864 724 19.
882 694 1026 724 διασώσα-

324 737 410 773 σθαι,
425 749 534 773 arcere,
550 739 676 778 abigere,
692 738 842 775 depellere.

370 800 413 804 —
427 779 713 820 19.’δια.σ·ώο·οισθαι]
739 779 857 818 accipio
880 780 908 808 h.
927 780 946 808 1.
972 789 1028 818 pro

329 824 494 859 διώσασθαι,
510 835 528 853 α
542 834 596 853 sese
611 824 762 861 depellere.
797 822 951 852 Sententia
966 823 1030 851 haec

327 872 374 897 est
389 879 395 896 z
413 869 490 897 bona
507 877 560 896 sua
575 868 614 896 ab
626 866 748 895 insidiis
762 866 973 895 sceleratorum
983 869 1031 894 tu-

328 910 386 940 tari
399 916 429 939 et
443 919 623 940 conservare
634 910 718 938 salva
730 909 813 938 licet.
838 908 864 937 si
880 907 929 938 cui
941 908 1031 937 domo

327 954 366 983 de
384 953 433 982 die
449 952 490 982 sit
505 953 686 986 exeundum,
701 956 752 981 aut
767 962 895 990 peregre
910 951 1031 990 profici-

327 997 485 1030 scendum,
501 995 668 1025 constituat
688 995 830 1024 custodes
844 994 964 1023 interim
978 994 1031 1023 bo-

326 1049 431 1068 norum
458 1038 539 1067 domi
564 1039 750 1068 relictorum.
797 1036 887 1066 Domi
913 1046 1034 1066 manere

326 1081 351 1111 si
368 1082 417 1111 cui
432 1081 507 1110 licet
523 1091 577 1119 per
593 1086 723 1115 noctem,
741 1080 812 1110 mali
828 1080 870 1109 nil
888 1079 1031 1118 patietur,

327 1124 398 1164 qnia
419 1125 486 1163 ipse
503 1125 601 1153 adest.
647 1124 838 1162 Quocunque
859 1123 960 1158 modo,
978 1123 1032 1151 ali-

327 1178 388 1207 quo
402 1170 495 1203 certe,
509 1167 611 1196 datum
625 1172 671 1196 est
683 1166 807 1196 insidias
823 1166 1032 1206 improborum

328 1210 504 1250 profligare,
535 1215 566 1239 et
594 1210 712 1240 salvum
744 1221 782 1239 ex
818 1209 856 1239 iis
887 1210 1030 1239 evadere.

327 1254 419 1284 Haud
443 1253 596 1283 infitiabor
611 1258 721 1288 tamen,
742 1253 844 1283 locum
870 1253 947 1282 huno
973 1262 1032 1282 non

328 1307 396 1327 esse
411 1297 441 1326 in
457 1296 680 1326 tornatissimis.
704 1296 762 1326 fuit
777 1296 952 1335 aliquando,
964 1306 1032 1325 cum

326 1339 490 1371 διώσασθαι
502 1340 533 1370 in
548 1344 679 1370 mentem
695 1338 822 1371 veniret.
839 1343 869 1369 et
885 1339 943 1370 hoc
955 1349 1032 1378 prae-

697 203 731 243 L
755 201 789 243 I.
811 201 1034 243 REISKE
1066 199 1394 242 ANNOTATA

1055 306 1123 336 tuli.

1099 367 1140 372 —-
1169 351 1220 379 21.
1252 349 1321 378 wo?-
1332 349 1386 390 χρὴ
1412 345 1612 388 πορευθέντας]
1640 345 1760 376 videtur

1058 392 1149 422 etiam
1175 393 1224 422 hic
1250 391 1362 430 aliquid
1385 391 1504 421 deesse
1528 400 1586 420 non
1611 399 1659 419 me
1681 389 1761 428 sugit

1059 446 1148 475 posse
1173 435 1365 465 accusativos
1390 434 1461 463 illos
1484 446 1550 469 τους
1571 432 1600 463 δὲ
1622 431 1762 465 τοιούτους

1059 480 1303 519 συκοφαντοῦντας
1321 488 1379 516 pro
1403 476 1588 507 accusativis
1613 475 1762 506 absolutis

1060 522 1175 552 haberi.
1197 522 1272 562 quod
1286 522 1392 551 attinet
1405 521 1445 550 ad
1469 520 1515 550 hos
1538 519 1672 550 homines.
1697 518 1764 557 pla-

1060 565 1128 595 nior
1143 570 1242 595 tamen
1258 564 1364 604 utique
1379 565 1455 594 foret
1475 563 1582 597 oratio,
1607 562 1633 591 si
1653 562 1698 591 sic
1721 562 1765 591 le-

1063 618 1224 648 geremus:
1256 608 1308 637 ποῖ
1328 609 1382 648 χρὴ
1408 604 1587 646 πορευθέντας
1610 604 1766 644 διαφεύγειν

1062 663 1109 681 και
1125 663 1176 685 της
1189 652 1267 690 παρὰ
1282 650 1388 680 τούτων
1399 649 1490 683 ἀδείας
1501 650 1610 690 τυχειν.
1634 658 1688 688 quo
1702 647 1767 677 abe-

1062 695 1178 724 undum
1201 696 1268 730 erit,
1291 699 1326 723 ut
1348 693 1396 723 hos
1419 692 1615 733 Sycophantas
1635 689 1766 732 effugia-

1063 747 1138 771 mus,
1154 743 1188 767 ut
1202 739 1262 767 tuti
1277 737 1363 767 abiis
1376 735 1488 766 simus?

1105 797 1149 802 ——
1164 782 1214 810 27.
1234 777 1472 819 ἀναμνησθέντες]
1487 778 1627 808 inchoata
1637 776 1687 806 hio
1700 786 1767 806 ora-

1066 822 1119 858 tio,
1136 833 1190 861 per
1204 823 1315 852 multas
1336 823 1478 860 ambages
1503 824 1699 860 posteaquam
1720 825 1768 849 est

1065 865 1284 900 circumducta,
1300 869 1331 895 et
1345 875 1398 904 per
1413 865 1581 894 maeandros
1596 862 1681 902 quasi
1693 862 1769 893 irre·

1065 909 1213 937 meabiles
1224 908 1381 942 distracta,
1393 907 1513 937 tande-m
1525 911 1622 936 tamen
1633 916 1663 944 p.
1671 907 1766 936 1343.

1067 953 1118 981 2⁰2.
1134 950 1165 979 in
1180 961 1209 981 v.
1226 950 1390 985 βοηθήσατε
1414 953 1578 979 renovatur
1600 953 1692 987 atque
1716 949 1770 978 ab-

1065 993 1205 1024 solvitur.

1112 1039 1206 1067 1343.
1225 1039 1276 1067 11.
1299 1036 1437 1069 τοιούτους
1459 1034 1602 1075 κινδύνους]
1618 1034 1769 1064 discrimi-

1066 1089 1113 1115 na,
1131 1080 1231 1119 qualia
1250 1091 1329 1110 nuno
1344 1080 1470 1110 adimus.

1108 1141 1152 1146 ——-
1168 1125 1219 1154 13.
1237 1122 1271 1152 δι’
1284 1122 1323 1163 ὃν]
1340 1123 1462 1153 correxi
1478 1120 1510 1151 δι’
1522 1119 1575 1154 οὕς.
1596 1120 1678 1151 redit
1689 1120 1770 1150 enim

1066 1166 1104 1196 ad
1120 1166 1235 1205 plures,
1249 1167 1287 1196 ad
1305 1166 1485 1206 Epicharem
1500 1171 1531 1195 et
1546 1164 1583 1194 ad
1599 1164 1770 1194 Aristocra-

1066 1213 1137 1239 tem.

1109 1269 1151 1275 -·
1166 1254 1218 1283 25.
1243 1254 1297 1283 τῶν
1312 1251 1482 1293 λεγομένων]
1506 1249 1725 1290 εοὶ1.ὑφήμων
1744 1246 1770 1278 ἐν

1066 1306 1101 1324 τη
1129 1307 1292 1336 κατηγοξιᾳ,
1317 1307 1363 1326 και
1387 1295 1447 1327 ὖωό
1467 1296 1567 1327 τούτου
1588 1292 1614 1323 ἒν
1633 1305 1668 1324 ‘tn
1692 1293 1770 1324 ἄπο-

1068 1337 1160 1379 λογιᾳ.
