1931 3323
337 212 422 254 388

336 317 450 347 “Haec
471 317 654 357 particula,”
675 318 774 357 inquit
792 318 913 348 Gellius
937 318 1048 359 [Noct.

337 361 403 390 Att.
420 361 464 390 X.
479 361 547 402 29]
571 366 591 379 ‘¹
603 362 749 400 quasdam
765 366 932 401 potestates
950 363 1049 397 babet,

336 414 397 433 non
414 404 490 434 satis
502 410 601 441 notas,
617 405 675 434 nisi
692 405 723 434 in
740 411 875 435 veterum
893 406 1048 435 literarum

337 448 520 478 tractatione
536 459 668 487 curaque
681 448 835 478 exercitis.
858 450 937 479 Nam
951 454 982 478 et
994 459 1049 487 pro

336 491 485 520 adverbio
497 502 586 531 quam
598 492 689 527 valet,
699 502 790 531 quum
801 491 944 527 dicimus,
961 491 1049 521 aliter

337 544 398 573 ego
415 534 475 564 feci
491 540 581 574 atque
598 540 642 565 tu.
688 535 843 575 Significat
864 535 943 565 enim
961 535 1049 565 aliter

337 587 428 616 quam
444 581 488 607 tu.
534 579 574 608 Et
598 583 747 617 praeterea
769 588 824 617 pro
848 579 906 608 alio
929 589 1049 618 quoque

336 620 486 650 adverbio
508 621 632 658 dicitur,
654 622 684 652 id
702 626 760 657 est,
777 621 913 651 statim.’¹
958 622 1048 659 Quod

337 668 373 693 ut
390 665 515 703 probet,
528 665 616 695 affert
630 665 782 704 integrum
798 665 876 694 hunc
890 670 990 704 poetae
1005 666 1049 694 lo-

338 716 420 736 cum.
473 708 581 738 Utitur
606 713 707 737 autem
734 708 790 736 hac
816 707 1050 745 praesatiuncula

337 751 429 780 Dem.
441 751 480 780 ad
489 751 642 781 vitandam
652 750 822 780 satietatem
834 754 924 789 atque
935 751 1050 787 odium,

336 803 375 823 eo
395 795 479 833 quod
500 794 623 824 nimium
646 793 711 823 suis
735 793 878 823 laudibus
894 794 1050 824 immorari

336 836 470 867 videtur.

381 897 424 902 —
439 880 516 910 ibid.
541 880 603 921 ‘negt
624 877 660 910 οἶν
682 879 878 922 παρελήλυθα]
903 881 1004 920 Supra
1019 880 1049 911 in

337 923 530 962 Olynthiacis
554 926 658 964 παριὼν
681 924 729 953 καῖ
751 923 857 955 ἀκούων
876 925 1051 955 emendavi-

336 976 404 995 mus
416 977 469 1005 pro
480 967 584 1007 παςών.
609 969 699 997 Nunc
712 969 844 997 secunda
856 968 1051 1007 cogitatione,

337 1009 585 1040 utsolidasitilla
595 1011 911 1047 emendatio,vereor.
935 1011 1049 1049 Quare,

336 1052 363 1081 si
382 1052 429 1082 cui
448 1052 604 1092 displicet,
620 1064 678 1084 non
695 1065 843 1095 repugno.
882 1055 963 1085 Illud
981 1056 1050 1095 qui-

335 1095 406 1125 dem
424 1096 583 1127 AEschinis
605 1102 720 1128 certum
745 1104 793 1128 est
818 1098 896 1139 [πεςὶ
920 1111 971 1132 της
991 1110 1049 1128 πα-

336 1149 421 1179 gawe-
446 1150 477 1178 p
498 1143 570 1171 199.
595 1142 644 1171 ed.
663 1141 792 1183 Reisk]
817 1142 968 1181 παξελὲὼν
990 1141 1014 1170 δ’
1037 1144 1049 1172 ὁ

334 1180 552 1222 μισοφίλιππος
574 1184 762 1223 Δημοσθένης
790 1184 965 1226 κατέτριψεν
987 1185 1050 1215 ὅλην

335 1226 385 1256 τὴν
400 1226 504 1267 ἡμέραν
519 1228 751 1268 ἀπολογούμενος.
777 1228 881 1259 Totum
896 1230 972 1258 diem
987 1238 1049 1258 exe-

334 1269 391 1298 mit
405 1271 524 1300 orando.
551 1271 597 1311 [Ρ.
615 1273 666 1302 95.
686 1272 734 1301 ed.
750 1273 786 1301 D.
792 1272 806 1312 ]
839 1272 911 1301 Hoc
927 1274 1048 1302 Isocra-

333 1311 374 1341 tis
387 1322 423 1341 an
438 1313 497 1343 hnc
512 1315 677 1352 pertineat,
693 1314 942 1353 doctijudicent:
968 1314 1050 1352 ὑμεῖς

333 1353 390 1394 μὲν
403 1353 446 1386 οὑν
463 1355 539 1386 Οῖδη
530 1369 572 1386 ow
587 1369 681 1395 ’ῒθυτῳ
696 1368 833 1396 χξωμὲγοι
846 1368 887 1385 'TN
903 1356 1049 1396 λογίσμῳ,

334 1399 386 1432 τῆς
400 1397 472 1438 ἔμης
492 1399 626 1439 προσόδου
640 1400 854 1440 καταφρονεῖτε,
867 1398 896 1429 ἣν
914 1399 976 1438 περὶ
992 1411 1049 1429 σω

334 1440 431 1481 τηξίας
463 1441 635 1481 πεποίημαι.
668 1441 915 1481 [Areopagitica‚
939 1453 972 1482 p.
997 1445 1049 1474 98.

333 1489 355 1514 t.
370 1486 416 1514 11.
432 1485 529 1526 Aug.]
555 1486 636 1515 Dein
652 1486 743 1524 paulo
759 1490 851 1524 post:
868 1485 936 1525 ὑπὲρ
953 1488 983 1521 ἧς
995 1484 1050 1525 ἔγω

334 1527 383 1556 καῖ
397 1527 444 1558 τὸν
459 1528 538 1567 λόγον
549 1527 654 1567 μελλω
667 1528 826 1563 ποιεῖσθαι,
838 1540 886 1558 και
900 1531 949 1560 τὴν
960 1529 1050 1569 πςόσ-

333 1571 390 1602 οδον
409 1571 645 1613 ἀπεγραψάμην.
660 1573 844 1603 accessionem
859 1572 935 1602 hanc
949 1573 989 1603 ad
1004 1574 1050 1603 di-

334 1615 462 1645 cendum
475 1615 621 1657 professus
635 1627 711 1646 sum.
727 1615 760 1645 τὸ
781 1617 860 1656 παρὰ
877 1617 933 1656 γᾶς
950 1616 1000 1647 καὶ
1016 1617 1050 1647 va

337 1656 403 1697 πςός
433 1658 482 1688 hic
511 1659 593 1689 idem
618 1659 732 1695 valent,
759 1663 792 1688 nt
822 1660 970 1691 diximus.
1005 1661 1050 1690 sic

334 1700 454 1738 dicunt,
475 1703 560 1731 adire
580 1703 619 1732 ad
638 1703 790 1742 populum,
814 1702 983 1742 πςοσελθεῖν
1007 1703 1051 1743 τῷ

334 1743 428 1784 δήμῳ,
447 1744 496 1773 και
518 1744 600 1783 λόγου
622 1746 734 1786 τυχεῖν.
780 1745 954 1785 Xenophon
972 1746 1049 1786 [Cy-

334 1796 404 1826 rop.
420 1788 446 1817 I.
463 1789 493 1818 2.
508 1788 554 1828 2.]
578 1788 592 1819 ἢ
609 1787 659 1828 Elq-
677 1788 715 1823 εἷς
729 1787 817 1821 οἰκίας
834 1788 970 1828 παςιέναι.
995 1794 1050 1819 aut

335 1831 365 1860 vi
389 1831 421 1860 in
442 1831 514 1860 aedes
534 1833 707 1870 irrumpere.
755 1832 879 1861 Plenius
902 1838 948 1862 est
971 1833 1048 1862 illud

334 1873 512 1903 AEschiuis:
543 1874 698 1914 παρελθὼν,
724 1874 913 1913 Δημόσθενες,
941 1874 990 1905 ἐπὶ
1016 1875 1049 1905 τὸ

336 1915 434 1956 Qua,
450 1916 475 1947 ἐν
490 1917 534 1957 τῷ
547 1917 611 1958 ἐμῷ
624 1917 699 1959 λόγῳ
713 1917 791 1948 εἶπέ.
822 1918 887 1948 Hoc
902 1928 1050 1950 conscenso

334 1966 480 2001 mcggesto.

381 2021 422 2026 —
438 2007 468 2035 8.
493 2003 560 2036 τότε
577 2005 708 2040 Θεσπιάς
729 2016 807 2035 τινων
826 2005 875 2035 καὶ
897 2007 1051 2041 Πλαταιὰς

336 2046 568 2089 ὑπισχνουμένων
580 2047 812 2090 οἰκισθήσεσθαι]
836 2050 900 2079 Hic
915 2054 980 2080 erat
995 2049 1050 2079 AE—

335 2090 470 2128 schines,
497 2092 549 2121 sed
575 2092 614 2122 de
642 2103 701 2121 uno
731 2093 776 2122 sio
803 2093 889 2132 loqui
919 2093 1051 2123 solemus

335 2133 449 2171 plurali
465 2145 601 2165 numero,
625 2136 708 2174 quod
729 2136 929 2174 cognovimus
944 2147 983 2166 ex
999 2137 1052 2166 illa

334 2177 429 2207 Dein.
445 2177 506 2218 περὶ
517 2179 570 2212 τῆς
584 2177 828 2219 παραπρεσβείας,
839 2180 891 2208 ubi
904 2190 971 2209 cum
987 2180 1051 2209 haec

336 2219 476 2257 historia,
491 2226 553 2251 tum
572 2222 652 2258 aliae,
668 2233 744 2261 quas
760 2223 808 2251 hic
825 2223 930 2259 refert,
946 2222 1051 2262 expri-

337 2268 462 2294 muntur
477 2265 611 2304 plenius.

379 2324 422 2330 —-
449 2308 505 2338 ult.
528 2310 577 2339 τήν
602 2307 630 2338 δὲ
651 2307 783 2342 Θηβαίων
808 2307 890 2339 πόλιν
916 2308 1050 2350 διοικιεῖν]

337 2350 428 2380 Dem.
444 2352 483 2381 de
500 2351 649 2382 AEschine
664 2352 693 2382 in
710 2353 817 2382 eadem
833 2352 909 2393 [περὶ
921 2362 1050 2392 παςαπς

336 2403 370 2445 Ρ
388 2395 464 2425 347.
479 2395 529 2424 ed.
551 2394 606 2435 R]
629 2395 677 2424 και
702 2394 822 2435 διεξηλθε
846 2395 926 2434 λόγον
945 2407 1052 2435 μακξον

336 2436 417 2474 ὑμῖν,
431 2449 456 2466 ον
470 2440 550 2468 κατὰ
566 2437 692 2469 Θηῑῖαίων
707 2439 794 2468 εἰπεῖν
809 2450 876 2480 προς
896 2438 1053 2469 Φίλιωωον

336 2478 401 2518 ἔφη,
420 2480 515 2510 δυοῖν“
504 2495 517 2512 η
534 2485 615 2521 τριῶν
634 2484 740 2522 ἦμεξῶν
763 2484 841 2521 ὑμεῖς
855 2481 991 2521 μένοντας
1015 2482 1052 2512 οί-

336 2531 378 2551 κοι
390 2533 437 2551 κοιι
452 2536 480 2552 ου
490 2536 744 2565 στςατευομενους,
760 2525 814 2555 οὐδ’
825 2524 1052 2566 ἓνοχλουμενους,

337 2564 437 2599 Θήβας
453 2566 509 2605 μὲν
530 2567 765 2607 πολιοξκουμένας
785 2569 878 2601 αυτᾶς
899 2569 970 2610 χωξῖ
964 2580 988 2602 ς
1002 2580 1053 2602 τνς

689 209 944 252 DOUNAEI
978 209 1455 253 PRAELECTIONES

1083 318 1298 350 conventicula
1313 318 1480 355 hominum,
1503 329 1571 359 quae
1595 324 1704 360 postea
1719 321 1797 352 civi-

1083 366 1163 391 tates
1180 362 1340 393 nominatae
1357 368 1440 399 sunt,
1461 362 1507 403 [p.
1525 364 1577 393 96.
1592 364 1642 393 ed.
1658 364 1715 405 D.]
1732 370 1797 394 tuin

1083 405 1244 435 domicilia
1259 407 1434 445 conjuncta,
1450 416 1526 445 quas
1542 407 1635 436 urbes
1651 406 1796 444 dicimus,

1082 448 1206 478 invento
1222 453 1253 479 et
1268 449 1373 479 divino
1384 454 1414 479 et
1430 450 1634 488 liumanojure
1647 451 1797 481 mcenibus

1083 491 1279 531 sepserunt.’'
1324 491 1484 522 Domicilia
1509 493 1680 531 conjuncta,
1709 505 1799 523 συνοι-

1081 534 1199 575 κισμός.
1223 537 1314 565 Dem.
1338 536 1368 566 in
1389 546 1425 566 ea
1447 545 1537 575 quam
1559 536 1798 565 memoravimus

1084 577 1132 618 [p.
1148 579 1239 620 445]
1263 581 1304 609 τοὶ
1319 582 1375 609 τῶν
1389 579 1563 620 συμμάχων
1585 581 1639 608 τῶν
1654 578 1798 618 ὑμετέρων

1081 620 1166 662 τείχη
1192 623 1429 653 κατεσκάπτετο.
1473 622 1594 655 Θηβαῖοι
1622 621 1650 651 δὲ
1674 620 1747 652 ἦσαν
1777 622 1801 651 οἳ

1081 664 1339 704 κατασκάψαντες,
1354 667 1376 696 οἶ
1389 665 1590 700 διοικισθέντες
1603 663 1652 695 ὑπ’
1663 663 1800 706 Αἰσχίνου

1083 708 1127 746 τῷ
1159 708 1244 748 λόγῳ.
1274 711 1430 739 Isocrates
1459 708 1514 749 [de
1536 719 1612 748 pace
1637 712 1658 738 t.
1690 708 1735 738 11.
1765 719 1800 747 p.

1084 741 1158 781 2'36.
1185 753 1300 790 Auget.
1303 752 1317 793 ]
1343 753 1364 782 oi
1378 751 1590 792 Λακεδαιμόνιοι
1608 762 1673 786 τους
1688 757 1798 780 Μαντι-

1083 792 1144 827 νέας
1160 793 1301 833 διῴκισαν.
1329 795 1530 825 Mantinenses
1544 793 1755 825 distrahebant.

1127 838 1165 867 P.
1183 840 1256 868 141.
1275 838 1366 867 Luat
1381 840 1430 868 τῆν
1446 838 1587 871 Εὔβοιαν
1572 835 1634 867 αντ’
1649 836 1799 877 Ἀμφιπό-

1083 879 1405 921 λεωςάποδοθησεσὲαι]
1417 882 1453 910 In
1466 881 1572 910 eadem
1582 879 1637 909 ina
1647 880 1737 910 Deru.
1751 880 1800 910 οὒκ

1084 924 1245 964 ἀγνοοῦμεν,
1258 922 1302 953 δ’τι
1313 925 1397 964 ὑμεῖς
1405 922 1460 961 μὲν
1474 921 1651 961 Ἀμφίπολιν
1660 922 1800 953 δεδώκατε

1083 965 1180 1006 ἐκείνῳ,
1205 965 1346 1000 Φίλιππος
1360 966 1384 995 δ’
1406 965 1473 1004 ὑμῖν
1496 965 1613 998 Εὔβοιαν
1635 964 1799 1006 ὡμολόγηκε

1083 1010 1269 1049 παςαδώσειν.
1317 1011 1364 1038 Ex
1388 1009 1498 1047 quibus
1512 1013 1651 1049 apparet,
1676 1009 1799 1039 AEschi·

1084 1064 1151 1083 nem
1168 1053 1215 1082 his
1231 1052 1373 1082 omnibus
1388 1051 1552 1090 designari.
1576 1052 1625 1081 καῖ
1647 1050 1694 1082 τὸν
1709 1051 1800 1092 Ὠρω-

1084 1097 1133 1127 πὸν
1149 1097 1216 1137 ὗμιν
1230 1095 1374 1136 ὑπάρξειν]
1391 1094 1552 1135 Oppidum
1569 1100 1617 1125 est
1631 1105 1657 1125 εν
1669 1096 1729 1131 τοῖς
1742 1107 1799 1136 με-

1082 1140 1182 1178 θορίοις
1203 1138 1337 1171 Ἀττικης
1359 1138 1407 1167 κοιι
1434 1137 1576 1174 Βοιωτίας,
1603 1136 1625 1168 i.
1653 1139 1799 1178 confiniis,

1082 1183 1183 1219 inquit
1198 1182 1319 1211 Strabo.
1366 1183 1415 1211 De
1431 1192 1490 1220 quo
1507 1182 1562 1212 diu
1585 1186 1733 1212 certatum
1751 1189 1799 1213 est

1081 1225 1163 1254 inter
1177 1225 1340 1254 Thebanos
1355 1229 1387 1254 et
1400 1225 1613 1255 Athenienses.
1655 1226 1718 1255 Sed
1735 1230 1799 1255 tum

1082 1267 1111 1297 in
1129 1267 1246 1297 ditione
1262 1273 1328 1298 erat
1342 1268 1569 1298 Thebanorum.
1615 1268 1706 1298 Missi
1729 1273 1800 1299 sunt

1083 1312 1120 1340 ab
1137 1310 1376 1341 Atheniensibus
1392 1312 1522 1341 Romam
1538 1312 1577 1341 ad
1593 1311 1737 1341 Senatum
1754 1312 1799 1342 le-

1084 1354 1158 1393 gati,
1183 1355 1356 1384 Carneades
1373 1365 1413 1384 ex
1436 1354 1615 1391 Academia,
1639 1355 1800 1394 Diogenes

1084 1397 1221 1433 Stoicus,
1244 1397 1399 1427 Critolaus
1415 1397 1658 1437 Peripateticus·
1701 1399 1801 1429 Causa

1083 1440 1226 1470 mittendi
1241 1441 1312 1477 fuit,
1333 1446 1368 1471 ut
1382 1441 1527 1471 mulctam
1541 1442 1704 1480 irrogatam
1717 1441 1800 1482 (tum

1084 1484 1165 1514 enim
1183 1485 1302 1514 Graeoia
1319 1485 1470 1515 Romanis
1493 1483 1615 1526 paruit)
1634 1485 1674 1514 ob
1697 1491 1801 1515 vasta-

1085 1528 1199 1558 tionem
1216 1527 1316 1567 Oropi
1339 1528 1591 1567 deprecarentur.
1636 1529 1732 1558 Grata
1747 1539 1801 1558 au—

1085 1575 1145 1600 tem
1177 1576 1243 1601 erat
1273 1571 1402 1601 Senatui
1428 1571 1555 1612 legatio,
1584 1571 1707 1602 venisse
1736 1577 1802 1602 tres

1084 1614 1176 1644 trium
1208 1615 1440 1654 disciplinarum
1480 1615 1646 1654 principes,
1684 1626 1802 1645 summa

1085 1657 1270 1697 eloquentia,
1280 1658 1330 1697 qui
1344 1668 1399 1697 per
1413 1658 1613 1689 celeberrima
1627 1658 1720 1688 Urbis
1734 1658 1802 1689 loca

1084 1702 1123 1730 de
1144 1702 1235 1731 rebus
1258 1701 1448 1740 gravissimis
1471 1702 1673 1738 disserentes,
1695 1702 1802 1741 ingen-

1085 1748 1146 1773 tem
1162 1745 1387 1774 multitudinem
1405 1744 1582 1774 excitabant
1601 1745 1639 1780 εἷς
1658 1745 1707 1775 τὴν
1721 1746 1803 1784 3256-

1083 1798 1160 1817 ασιν.
1185 1793 1291 1817 auctor
1313 1788 1492 1818 Macrobius
1517 1788 1656 1829 [Saturn.
1680 1788 1708 1817 1.
1732 1799 1804 1828 cap.

1084 1830 1131 1871 v.]
1188 1832 1289 1860 Causa
1323 1831 1503 1861 vastationis
1542 1831 1665 1861 videtur
1695 1831 1801 1868 fuisse,

1084 1874 1178 1912 quod,
1192 1884 1262 1903 cum
1278 1873 1501 1913 ambiguijuris
1513 1878 1607 1911 esset,
1621 1873 1750 1904 subinde
1763 1875 1802 1904 ad

1083 1916 1246 1946 Thebanos
1261 1917 1437 1947 deficerent.

1127 1978 1170 1983 —-
1182 1963 1212 1991 2.
1224 1960 1273 1989 καὶ
1288 1960 1496 2002 φενακισμοὺς]
1504 1958 1597 2002 fucos
1608 1970 1644 1990 ac
1647 1959 1802 2001 fallacias.

1085 2003 1152 2033 Cic.
1183 2003 1227 2044 [Ι.
1257 2004 1295 2034 ad
1323 2003 1458 2034 Atticum
1485 2004 1576 2044 epist.
1602 2003 1650 2044 1.]
1679 2008 1701 2022 “
1720 2005 1802 2035 Peti-

1084 2047 1177 2077 tionis
1190 2052 1311 2083 nostrae,
1327 2058 1417 2086 quam
1435 2047 1489 2078 tibi
1501 2057 1626 2077 summae
1639 2058 1720 2077 curae
1733 2058 1802 2077 esse

1086 2091 1164 2127 scio,
1188 2090 1368 2131 hujusmodi
1395 2091 1473 2120 ratio
1503 2095 1563 2127 est,
1594 2091 1674 2130 quod
1702 2091 1803 2121 adbuc

1086 2135 1263 2173 conjectura
1299 2134 1460 2173 provideri
1497 2134 1608 2173 possit.
1671 2135 1804 2164 Prensat

1087 2187 1165 2207 unus
1184 2178 1220 2207 P.
1238 2177 1347 2213 Galba,
1372 2177 1425 2227 [p.
1438 2179 1490 2208 97.
1507 2177 1555 2207 ed.
1573 2176 1631 2218 D.]
1648 2177 1713 2207 sine
1729 2177 1802 2207 fuco

1086 2231 1122 2250 ac
1132 2221 1261 2251 fallaciis
1274 2231 1358 2251 more
1368 2222 1526 2259 majorum.
1536 2226 1674 2259 negatur.
1686 2222 1802 2260 φενακῆ,

1075 2262 1208 2305 fucatus
1220 2265 1358 2303 capillus,
1372 2264 1422 2294 vel
1434 2263 1631 2303 apposititz'us,
1642 2263 1804 2303 πρόσδετος

1086 2306 1173 2346 κόμη,
1199 2308 1304 2339 Schol.
1325 2307 1419 2337 Arist.
1441 2304 1604 2346 φενακίζειν,
1618 2306 1752 2348 fucum
1753 2307 1803 2344 f'a-

1085 2360 1162 2387 cere,
1184 2350 1242 2380 ἀπὸ
1267 2363 1317 2381 του
1342 2350 1490 2391 φαίνομαι.
1537 2351 1587 2380 De
1613 2360 1673 2388 quo
1698 2352 1804 2387 verbo,

1086 2394 1168 2432 quod
1192 2395 1334 2434 frequens
1358 2400 1407 2423 est
1434 2394 1517 2433 apud
1545 2398 1693 2428 nostrum,
1714 2394 1803 2433 plura

1086 2437 1225 2467 dicemus
1240 2438 1269 2467 in
1286 2438 1410 2467 alteram
1427 2437 1611 2473 orationem,
1627 2447 1715 2476 quam
1730 2436 1800 2466 huic

1086 2480 1260 2522 adjunctam
1285 2481 1448 2510 voluimus.
1472 2481 1559 2522 [Non
1575 2485 1675 2511 tamen
1699 2480 1758 2511 alia
1774 2479 1803 2510 ei

1087 2525 1230 2563 adjuncta
1247 2524 1314 2554 fuit.
1331 2526 1437 2554 Bncx.
1441 2522 1456 2563 ]

1131 2586 1172 2590 —
1187 2569 1218 2598 3.
1234 2579 1271 2601 οις
1285 2566 1470 2609 ὑπαχθέντες
1484 2566 1584 2607 ὑμεις]
1615 2565 1744 2603 ὑπαγειν,
1767 2566 1801 2594 iu

336 2606 428 2641 ἄλλης
450 2609 582 2645 Βοιωτιακ·
604 2610 790 2647 ἀκούσεσθαι,
804 2614 933 2647 Θεσπιὰς
955 2612 981 2643 δέ
1004 2624 1052 2642 και
1076 2609 1225 2651 jinudem
1247 2612 1371 2641 illicere
1394 2609 1558 2640 Terentius
1583 2608 1719 2649 [Andria
1746 2608 1803 2637 IV.

337 2655 493 2686 Πλαταιὰς
504 2652 688 2693 οἳκιζομενιις.
713 2656 790 2692 Quae
802 2656 909 2685 dirutae
923 2657 1052 2692 fuerant,

337 2694 411 2733 quia
425 2696 570 2726 nolebant
585 2699 728 2727 συντελειν
743 2699 841 2732 αὐτοῖς
855 2709 922 2728 cum
935 2699 1054 2738 reliqua

339 2738 473 2778 Boeotia,
487 2739 541 2769 sed
557 2740 810 2779 δημοκρατεισθαι.
847 2742 1052 2778 Quamobrem

338 2786 425 2811 erant
454 2763 693 2812 Atheniensibus
724 2783 826 2821 amici,
858 2786 941 2823 quod
970 2786 1050 2825 apud

338 2824 534 2855 Isocratem'
524 2837 550 2856 εν
565 2826 606 2865 τῷ
620 2826 783 2866 Πλαταικᾷῖ
797 2827 937 2866 legimus.

381 2885 425 2891 —
447 2868 525 2898 ibid.
547 2868 678 2910 διοικιεῖν]
706 2868 839 2910 διοικίζειν
868 2872 1052 2901 contrarium

337 2910 381 2950 τῷ
395 2911 560 2952 συνοικίζειν.
577 2913 654 2942 illud
670 2913 835 2953 dispergere
852 2914 971 2950 incolas,
993 2915 1052 2943 hoc

337 2955 370 2982 in
398 2965 494 2984 unum
522 2966 710 2996 congregare.
748 2957 792 2985 M.
827 2956 947 2986 Tullius
979 2956 1051 2996 [pro

337 2997 459 3033 Sextio,
475 3010 501 3028 c.
520 3000 587 3040 4⁶2]
611 3004 632 3016 “
649 2999 725 3028 Τιιιιι
742 3009 791 3028 res
806 2999 844 3028 ad
860 3010 1050 3030 communem

337 3039 511 3077 utilitatem,
527 3052 602 3082 quas
618 3042 757 3082 publicas
774 3043 1050 3083 appellainus‚tum

1088 2657 1118 2689 1,
1146 2656 1198 2684 QO.
1225 2655 1277 2684 ubi
1301 2653 1453 2684 tamenin
1480 2657 1557 2692 optt.
1581 2652 1653 2681 edd.
1680 2650 1803 2691 ducere]

1087 2702 1108 2715 ¹‘
1125 2697 1224 2727 Etiam
1246 2708 1325 2727 nunc
1353 2708 1401 2726 me
1429 2697 1600 2725 subducere
1624 2693 1695 2723 istis
1711 2694 1802 2724 dictis

1088 2741 1267 2780 postulas?''
1311 2741 1454 2770 Fortasse
1477 2740 1535 2768 boc
1562 2737 1688 2767 verbum
1718 2738 1801 2776 apud

1088 2785 1294 2814 Menandrum
1332 2784 1504 2813 invenerat.
1563 2782 1642 2810 Nam
1682 2780 1802 2810 Latinis

1088 2827 1220 2866 simplex
1237 2829 1295 2857 hoc.
1310 2836 1401 2857 sensu
1417 2824 1515 2863 magis
1530 2823 1560 2853 in
1578 2833 1633 2853 usu
1650 2827 1708 2852 est.
1736 2824 1802 2853 No-

1087 2870 1157 2900 nius
1173 2871 1348 2905 Marcellus,
1371 2872 1394 2885 “
1410 2869 1542 2903 Ducere,
1557 2866 1689 2901 illicere,
1711 2866 1801 2896 indu-

1088 2912 1192 2948 cere,'’
1208 2914 1319 2943 deinde
1335 2913 1400 2941 haec
1416 2910 1543 2940 adducit
1557 2909 1710 2948 exempla.
1752 2910 1799 2939 M.

1085 2957 1207 2987 Tullius
1235 2958 1262 2986 Ι.
1288 2956 1376 2986 Offic.
1400 2958 1421 2971 “
1438 2958 1592 2993 postremo
1618 2952 1720 2991 pretio
1748 2957 1799 2982 aut

1086 3000 1227 3030 mercede
1240 2996 1423 3029 ducuntur.''
1469 2997 1555 3027 Idem
1567 2997 1606 3026 de
1619 2999 1799 3026 senectute:

1087 3047 1107 3059 “
1126 3043 1175 3073 Sic
1206 3042 1417 3073 adolescentes
1440 3051 1545 3071 senum
1569 3038 1735 3079 praeceptis
1761 3038 1799 3068 ad
