1997 3323
392 201 445 242 84
533 254 535 256 q
766 202 799 243 I.
826 202 860 244 I.
885 202 1108 244 REISKE
1141 203 1471 245 ANNOTATA

433 325 476 330 —
488 310 706 352 7.πολλαχο’6εν
715 310 769 351 μὲν
781 313 838 354 --]
854 312 937 343 Citat
954 313 981 342 h.
999 313 1020 341 Ι.
1031 313 1100 342 Ari-

390 350 488 381 stides
519 362 549 390 p.
580 356 653 384 204.
681 355 733 384 ubi
762 356 938 386 sententiam
964 356 1040 385 hanc
1069 356 1100 385 in

390 395 565 434 exemplum
582 397 728 437 πεςιβολῗίς
739 399 894 438 proponit.

429 453 472 459 ·—
487 441 537 468 11.
552 441 712 481 παντελῶς]
736 443 772 472 V.
795 442 909 472 Stobaei
924 442 1021 471 Serm.
1039 441 1101 470 cxi.

387 490 419 519 p.
437 482 511 511 583.

433 540 473 546 ——
488 526 537 555 13.
548 524 640 568 μέχρι
650 526 697 556 καὶ
714 528 763 561 τῆς
775 526 913 568 ἑσπέρας]
929 526 1101 562 addfflinai,

388 567 476 605 cujus
493 573 541 598 est
563 580 620 599 non
641 570 753 609 exigua
770 571 826 600 vis.
843 581 900 599 non
924 575 1036 599 tantum
1051 581 1100 598 us-

388 619 448 648 que
464 612 500 639 ad
518 611 608 641 finem
624 614 704 648 anni,
728 615 782 644 sed
800 614 849 642 vel
863 613 900 642 ad
918 613 1003 641 linem
1021 622 1099 650 prae-

389 653 484 682 sentis
501 653 560 683 diei
577 657 677 685 modo.

431 713 473 717 --
491 699 541 727 18.
557 699 671 740 τούτου]
690 700 717 727 h.
736 699 754 727 l.
772 699 851 728 idem
865 703 911 727 est
923 696 1040 736 atqueb
1057 695 1099 726 οὗ·

387 748 446 772 τος.
459 740 555 769 multo
574 742 685 776 verius,
702 741 818 779 aequius
835 746 865 769 et
882 740 1040 770 humanius
1062 741 1099 770 de

387 781 465 811 forte
480 783 598 812 fortuna
615 784 775 818 disseram,
792 793 878 822 quam
896 783 945 813 hic
959 783 1042 813 fecit.

428 826 503 855 312.
524 830 573 857 16.
588 826 684 866 εἴτις]
698 826 798 855 malim
815 826 841 855 εἴ
851 824 905 855 τινί
918 838 973 860 τις.

429 884 473 890 -—-
486 879 555 907 pen.
568 868 660 900 ἐπειδὴ
672 868 699 899 δὲ
713 868 776 909 orgeio
791 871 831 898 τὰ
846 871 920 898 κοινὰ
936 867 1099 908 προσῆλθον,

385 907 460 948 ἔδοξέ
471 922 523 948 μοι
532 913 654 941 τοιαῦτα
663 912 869 951 πολιτεύματα
883 910 1021 950 ἑλέσθαι]
1037 922 1098 940 ma-

385 950 438 980 lim
454 955 499 982 sic
521 964 648 985 exarare
664 960 754 994 atque
770 955 979 993 distinguere:
1003 953 1097 985 ἐπειδὴ

385 992 414 1024 δὲ
432 995 496 1036 πςός
514 999 554 1027 τὰ
565 1001 639 1028 κοινὰ
651 997 818 1037 πξοσελθεῖν
832 997 904 1037 ἔδοξέ
920 1009 984 1037 μοι,
997 1002 1029 1027 ut
1045 1009 1095 1028 au-

385 1042 447 1066 tem
462 1039 559 1069 visum
583 1042 656 1070 mihi
676 1042 735 1070 fuit
760 1042 799 1070 ad
819 1051 914 1080 remp.
935 1041 1096 1077 accedere,

385 1083 508 1111 τοιαῦτα
527 1084 734 1124 πολιτεύματα
760 1083 887 1120 ἑλέσθαι,
904 1085 972 1114 scil.
988 1085 1096 1125 ὑπῆρχέ

384 1134 446 1161 μοι.
464 1126 543 1163 quod
561 1137 576 1154 e
590 1127 760 1165 praemissis
777 1128 870 1157 tacite
888 1132 934 1157 est
957 1133 1097 1166 repeten-

385 1167 468 1196 dum.
482 1168 570 1198 licuit
585 1170 658 1200 mihi
676 1171 740 1201 vias
751 1181 803 1200 eas
815 1171 901 1207 inire,
913 1176 943 1200 et
958 1170 1099 1201 instituta

385 1219 472 1248 sequi
489 1221 524 1240 ea
538 1229 593 1242 —.

428 1255 502 1284 313.
518 1257 549 1286 3.
574 1255 638 1289 τοὺς
659 1255 779 1298 ἐχθξοὺς
793 1257 886 1297 ὑμᾶς]
908 1262 950 1291 te,
973 1256 1098 1286 AEschi-

386 1305 465 1331 uem,
481 1308 550 1327 cum
567 1298 628 1328 tuis
643 1300 813 1334 sodalibus,
835 1300 888 1339 qui
908 1310 1015 1329 omnes
1038 1300 1098 1329 mei

386 1339 461 1368 estis
478 1340 605 1371 inimici.
622 1344 796 1383 suspicatus
814 1349 911 1372 tamen
936 1343 1098 1382 aliquando

386 1391 464 1417 sum,
479 1384 645 1414 orationem
662 1397 722 1416 non
739 1386 776 1415 ad
791 1387 914 1425 globum
931 1386 1099 1421 AEschinis,

385 1425 440 1454 sed
456 1426 629 1465 adjudices
641 1438 843 1468 coronamque
854 1430 1098 1459 circumstantem

385 1477 453 1497 esse
471 1468 634 1501 directum.
650 1473 730 1510 quod
749 1472 777 1502 si
792 1477 851 1508 est,
864 1473 925 1510 leg.
941 1472 1017 1502 erit:
1035 1473 1099 1506 τοὺς

382 1507 504 1558 ἐχθροὺς
520 1512 585 1553 πςός
597 1515 683 1553 ὑμᾶς.
697 1525 794 1554 neque
810 1516 915 1545 hostes
930 1522 1063 1550 vestros,
1079 1526 1098 1544 o

385 1562 480 1590 cives,
503 1566 631 1596 unquam
649 1558 736 1588 vobis
758 1559 942 1598 objectasse,
958 1559 1098 1589 instituta

385 1606 451 1625 inea
465 1599 565 1638 turpia
581 1601 687 1630 fuisse.

426 1657 469 1662 ——
483 1643 512 1672 8.
523 1642 668 1674 διαπτύων
682 1643 740 1684 —]
751 1645 833 1674 Citat
845 1645 873 1674 h.
886 1645 905 1674 l.
919 1645 1097 1675 Alexander

384 1682 502 1714 Rhelor
518 1696 548 1723 p.
568 1689 617 1717 16.

426 1743 468 1748 -—
487 1731 536 1758 17.
553 1729 759 1770 ἀπομάττων]
777 1730 844 1760 scil.
866 1730 932 1764 τοὺς
954 1729 1094 1769 τελουμέ-

383 1778 449 1802 νους.
465 1771 627 1811 detergens
643 1773 778 1803 initiatos
791 1772 910 1811 argilla.
955 1774 1025 1804 Loti
1043 1773 1095 1802 fri-

383 1813 529 1844 cabantur
545 1822 639 1851 creta,
654 1817 757 1852 ochra,
772 1816 891 1856 argilla,
917 1821 947 1847 et
971 1816 1095 1846 furfuri-

383 1854 450 1890 bus,
467 1867 533 1895 quae
549 1865 619 1889 sunt
640 1869 688 1889 res
716 1860 928 1899 abstergendis
952 1860 1094 1890 sordibus

381 1896 508 1936 oleosis,
524 1902 642 1938 sudori,
657 1903 805 1941 squalori,
821 1913 875 1933 seu
892 1904 1027 1943 squamis
1043 1913 1095 1931 cu-

380 1940 433 1976 tis,
449 1952 594 1983 perquam
611 1947 858 1976 accommodatae.
882 1947 1033 1986 Saponem
1049 1945 1094 1975 illi

380 1988 499 2017 veteres
515 1987 706 2028 ignorabant,
725 1994 778 2019 aut
799 1989 899 2019 rarius
915 2000 952 2019 eo
968 1990 1095 2019 uteban-

379 2030 440 2057 tur.

424 2088 466 2094 —
480 2075 530 2103 18.
546 2074 689 2115 ἀναστὰς]
716 2074 838 2105 correxi
854 2075 980 2108 ἀνιστάς.
996 2075 1094 2114 perfe-

381 2116 431 2142 cta
445 2115 640 2153 lustratione,
650 2118 785 2158 jubebas
802 2119 946 2148 lustratos
956 2129 1094 2157 surgere,

379 2154 472 2187 humo
501 2159 627 2190 sellave.
672 2161 749 2199 Quae
780 2162 872 2191 modo
903 2161 1096 2190 enumeravit

379 2204 492 2237 orator,
508 2203 608 2232 omnia
629 2207 697 2232 sunt
718 2203 930 2243 σκευωςήματα
951 2203 1095 2233 AEschini

380 2252 450 2272 cum
474 2249 569 2275 matre
586 2247 770 2282 communia,
783 2247 813 2276 in
829 2247 940 2285 quibus
957 2256 1023 2276 earn
1039 2247 1094 2276 ad-

375 2286 469 2324 juvit.
498 2294 531 2317 ut
551 2287 584 2318 τὸ
601 2288 735 2329 νεβρίζων,
755 2290 837 2329 quod
857 2293 906 2319 est
925 2289 1093 2320 initiandos

379 2330 461 2369 pelle
478 2332 633 2362 maculosa
648 2332 766 2362 hinnuli
788 2333 934 2362 induere:
955 2343 1024 2362 nam
1041 2333 1093 2362 de-

377 2375 529 2412 ponendae
544 2374 621 2414 ipsis
637 2380 722 2405 eraut
739 2386 801 2406 suae
817 2384 930 2412 vestes,
945 2386 1005 2415 quo
1019 2376 1093 2405 nudi

380 2417 615 2455 baptizarentur.
633 2418 667 2449 τ’)
689 2416 858 2459 κρατηςίζειν
884 2418 944 2449 fuit
960 2424 1012 2448 aut
1036 2419 1092 2449 im-

377 2460 490 2489 mersio
511 2460 651 2491 initiandi
675 2461 705 2491 in
731 2463 847 2492 labrum
863 2472 942 2501 aqua
958 2462 1094 2502 plenum,

379 2508 431 2532 aut
446 2503 556 2533 effusio
578 2504 657 2534 labri
673 2515 767 2544 super
783 2510 874 2544 caput
890 2507 956 2544 ejus
973 2506 1095 2541 stantis,

378 2551 431 2576 aut
453 2547 483 2576 in
501 2548 639 2586 genubus
656 2548 802 2577 sedentis.
849 2548 941 2578 Ritus
965 2548 1014 2578 hic
1038 2549 1093 2579 ali-

377 2599 467 2628 quem
479 2600 532 2630 per
539 2590 923 2630 ejusmodiimmersionem
933 2592 961 2621 in
972 2602 1093 2631 aquam,

376 2633 624 2671 perfusionemve
648 2633 678 2663 in
700 2634 863 2673 collegium
887 2645 975 2665 suum
992 2635 1094 2665 adsci-

378 2676 495 2713 scendi,
520 2686 613 2715 penes
634 2677 745 2706 multos
768 2677 867 2708 adhuc
892 2678 1011 2708 obtinet
1026 2678 1093 2717 opi-

376 2719 463 2756 fices,
485 2720 536 2759 qui
557 2720 613 2749 hoc
630 2720 691 2749 ritu
708 2720 833 2757 tirones,
851 2721 993 2751 tirocinio
1008 2721 1092 2761 posi-

375 2768 420 2798 to,
432 2764 494 2801 jam
512 2762 604 2792 coetui
621 2773 675 2792 suo
692 2763 829 2793 adscribi
842 2764 1008 2794 declarant.
1034 2765 1092 2794 Su-

375 2805 492 2844 periori
508 2806 613 2835 seculo
629 2806 698 2835 albo
709 2807 886 2836 academico
897 2807 1092 2837 adscribendi

374 2859 494 2888 quoque
517 2849 693 2888 hujusmodi
715 2849 841 2888 ineptiis
863 2861 880 2879 a
897 2850 1091 2889 Depositori-

375 2893 434 2921 bus
450 2893 496 2922 sic
511 2892 604 2923 dictis
622 2893 822 2922 vexabantur.
870 2894 1024 2932 Perquam
1039 2904 1091 2923 ve-

374 2940 475 2965 tustus
499 2935 549 2964 hic
568 2945 634 2965 mos
651 2936 717 2970 fuit,
733 2946 830 2965 novos
847 2937 983 2967 advenas
1001 2936 1091 2967 scho-

373 2978 469 3007 larum
486 2978 677 3017 publicarum
701 2979 887 3018 baptizandi,
912 2979 944 3009 id
968 2980 1049 3019 quod
1072 2992 1089 3011 e

373 3021 501 3051 Libanii
527 3021 595 3051 Vita
618 3027 717 3061 paret,
740 3023 796 3052 hac
819 3023 857 3052 de
884 3033 975 3059 vexa,
998 3024 1088 3053 etiam

374 3063 434 3093 sibi
449 3064 579 3095 Athenis
593 3065 706 3103 oblata,
722 3067 891 3106 querentis.
936 3065 1029 3097 Mitto
1043 3077 1090 3098 re-

1133 313 1215 351 liqua
1237 313 1449 353 σκευωρῆματα
1473 311 1629 352 persequi,
1652 312 1732 351 quod
1751 312 1841 343 vo'ca-

1133 356 1236 384 bulum
1267 356 1418 394 significat
1449 357 1579 386 minutas
1605 362 1635 385 et
1659 355 1842 391 laboriosas,

1134 408 1202 427 cum
1219 398 1392 433 sedulitate,
1404 399 1608 438 trepidatione
1621 403 1711 437 atque
1723 399 1842 429 discur-

1133 441 1249 471 satione
1264 443 1451 480 conjunctas,
1461 442 1515 471 sed
1530 441 1778 478 contemnendas,
1790 451 1844 472 va-

1134 494 1199 520 nas,
1216 484 1310 514 aniles
1325 490 1355 513 et
1371 484 1519 513 ridiculas
1532 484 1716 514 molitiones.

1176 544 1217 548 -—
1230 529 1282 557 20.
1301 526 1350 556 καὶ
1366 526 1454 565 ἔγωγε
1468 524 1587 566 νομίζω]
1609 527 1710 557 nullus
1733 525 1841 557 dubito

1132 569 1193 607 leg.
1210 580 1276 599 esse
1290 581 1296 598 :
1323 569 1371 598 καὶ
1394 568 1513 604 δικαίως,
1529 570 1564 604 ὡς
1579 568 1667 608 ἔγωγε
1680 567 1796 609 νομίζω.
1811 574 1843 599 et

1132 612 1164 640 id
1181 618 1261 642 recte
1278 613 1412 652 quidem,
1436 618 1469 642 ut
1491 622 1550 651 ego
1565 613 1706 651 equidem
1723 613 1842 651 opinor,

1132 656 1214 688 facit.
1243 667 1276 685 se
1309 657 1428 694 jactans
1459 655 1579 685 scilicet
1603 656 1659 684 hoc
1690 655 1842 694 inprimis,

1133 699 1213 736 quod
1230 704 1290 729 tam
1303 699 1428 733 clarum,
1440 703 1562 729 acutum
1578 702 1608 727 et
1623 708 1765 728 sonorum
1782 697 1842 727 ὄλο-

1133 740 1232 780 λύζειν,
1263 752 1320 771 non
1349 741 1475 777 ululare,
1499 742 1554 771 sed
1574 741 1706 780 jubilare
1729 741 1842 781 potius,

1134 784 1243 813 valeat.
1289 785 1370 823 Quid
1385 785 1426 814 sit
1440 783 1588 824 ὀλολύζειν,
1608 784 1674 814 dixi
1690 785 1727 814 ad
1749 785 1843 815 Calli-

1132 828 1282 863 maehum,
1298 838 1476 867 quamquam
1492 838 1541 858 res
1556 832 1627 857 nota
1641 832 1698 857 est.

1174 887 1216 893 ——-
1235 880 1304 909 pen.
1333 870 1494 912 κιστοφόρος
1522 870 1570 900 καὶ
1598 868 1766 910 λικνοφόρος]
1797 870 1844 900 sie

1131 914 1253 941 correxi
1272 923 1330 952 pro
1353 914 1470 952 vulgari
1488 913 1598 944 vitioso
1619 913 1781 953 κιττοφόρος
1794 913 1843 943 καὶ

1131 954 1298 995 λιχνοφόρος.
1321 956 1444 986 Veritas
1457 956 1676 986 emendationis
1688 957 1844 986 confirma-

1131 1002 1180 1026 tur
1195 1008 1212 1027 a
1222 998 1332 1034 MStis,
1350 999 1576 1028 tametsi-nullis
1588 999 1845 1029 Demosthenieis.

1131 1051 1159 1070 e.
1176 1051 1204 1069 c.
1221 1041 1323 1072 Photii
1338 1041 1439 1071 lexico
1456 1042 1609 1071 rhetorico
1626 1041 1756 1076 inedito,
1772 1041 1843 1072 item

1132 1094 1149 1112 a
1164 1094 1311 1114 consensu
1328 1084 1463 1115 virorum
1478 1086 1649 1121 doctorum,
1666 1089 1700 1114 ut
1717 1084 1846 1122 Valesii,

1132 1131 1163 1156 et
1186 1128 1388 1166 Spanhemius
1412 1128 1451 1158 ad
1475 1128 1654 1157 callimach.
1676 1128 1790 1167 Hymn.
1814 1128 1844 1158 in

1132 1170 1274 1200 Cererem
1300 1181 1389 1201 versu
1407 1174 1478 1201 1⁶27.
1494 1175 1642 1210 provocat
1660 1171 1698 1200 ad
1720 1171 1846 1201 codices

1133 1218 1273 1243 vetustos
1305 1215 1570 1244 Demosthenicos.
1627 1215 1714 1252 Quos
1742 1220 1844 1244 autem

1132 1256 1184 1286 ille
1200 1258 1325 1287 codices
1343 1257 1464 1293 viderit,
1486 1268 1533 1287 me
1550 1256 1637 1296 fugit.
1662 1267 1729 1286 nam
1746 1268 1843 1296 neque

1132 1299 1284 1338 Taylorus
1307 1300 1336 1330 in
1358 1301 1420 1330 ullo
1444 1311 1565 1330 suorum
1585 1307 1704 1340 κιστοφ.
1718 1301 1846 1338 reperit,

1134 1353 1231 1382 neque
1247 1353 1303 1382 ego
1316 1344 1345 1373 in
1362 1343 1426 1373 ullo
1442 1353 1578 1373 meorum
1594 1343 1705 1381 reperi.
1729 1343 1845 1373 Confir-

1133 1390 1230 1416 matur
1242 1385 1314 1416 item
1332 1396 1349 1415 a
1364 1387 1536 1416 Scholiasta
1552 1386 1668 1416 codicis
1689 1386 1844 1424 Bavarici,

1133 1429 1196 1467 qui,
1213 1439 1391 1468 quamquam
1407 1430 1436 1458 in
1453 1434 1538 1459 texto
1553 1434 1712 1459 exaratum
1726 1433 1773 1458 est
1782 1440 1845 1459 κιτ-

1132 1480 1199 1512 τοφ.
1213 1476 1311 1502 tameu
1327 1483 1392 1502 eam
1407 1483 1514 1503 vocem
1531 1473 1576 1502 sic
1592 1472 1720 1510 exponit
1733 1472 1745 1502 ὁ
1759 1471 1847 1512 φέρων

1133 1517 1188 1549 τὰς
1201 1514 1308 1550 κοίτας.
1353 1515 1447 1555 Atqui
1464 1514 1541 1547 κοίτη
1558 1520 1590 1546 et
1605 1514 1690 1546 κίστη
1706 1515 1786 1545 idem
1804 1516 1847 1546 si-

1132 1559 1266 1597 gnificat.
1310 1560 1348 1588 In
1369 1564 1455 1589 texto
1472 1558 1711 1589 Meermanniani
1726 1558 1845 1589 codicis

1133 1602 1253 1631 tametsi
1268 1601 1422 1642 κλινοφόξος
1436 1607 1484 1632 est
1499 1612 1555 1641 pro
1569 1601 1733 1642 λικνοφόρος,
1746 1606 1846 1632 tamen

1132 1644 1313 1675 scholiastes
1329 1647 1395 1683 ejus
1419 1646 1475 1675 hoo
1490 1644 1644 1684 posterius
1664 1645 1847 1684 interpreta-

1131 1691 1182 1717 tur
1193 1688 1240 1717 his
1254 1687 1372 1717 verbis:
1389 1687 1510 1718 κόσκινον
1520 1687 1607 1717 λίκνον
1618 1685 1746 1725 λέγεται.
1763 1688 1846 1717 Pho-

1131 1730 1192 1760 tius
1208 1730 1240 1760 in
1260 1731 1363 1760 lexico
1386 1732 1431 1761 sic
1454 1731 1496 1761 ait
1511 1743 1518 1760 ε
1537 1730 1623 1760 λίκνον
1637 1729 1768 1766 κόσκινον,
1784 1730 1844 1761 ἤτοι

1131 1773 1236 1804 πτύον.
1258 1773 1417 1814 Λικνοφόρος
1439 1775 1451 1804 ὁ
1476 1772 1562 1814 φέρων
1581 1773 1628 1803 τᾶν
1647 1772 1734 1803 λίκνον
1751 1773 1846 1815 (sic).

1131 1816 1178 1846 καὶ
1195 1819 1249 1857 γὰρ
1270 1817 1411 1856 μυστικόν
1429 1829 1458 1847 τι
1475 1817 1594 1858 σημεῖον
1613 1818 1664 1850 τῆς
1684 1815 1848 1857 Δημητρίου

1130 1862 1234 1900 τροφῆς
1257 1859 1419 1891 ἐπετίθετο
1443 1859 1491 1891 ἐπὶ
1514 1863 1569 1890 τῶν
1593 1858 1699 1890 λίκνων.
1726 1864 1758 1890 et
1781 1864 1844 1890 tum

1131 1904 1218 1933 addit
1240 1905 1334 1933 verba
1358 1903 1621 1944 Harpocrationis.
1665 1903 1758 1941 Quod
1773 1904 1847 1932 aeni-

1132 1956 1200 1986 gma
1216 1947 1329 1986 Taylor
1343 1958 1383 1977 ex
1400 1947 1532 1986 Ulpiano
1549 1947 1577 1976 h.
1593 1945 1614 1976 l.
1627 1945 1729 1981 refert,
1744 1946 1846 1985 requi-

1131 2000 1201 2019 rens
1217 1994 1247 2019 et
1269 1991 1355 2028 qnasi
1374 2000 1547 2029 provocans
1570 1989 1780 2028 interpretem,
1802 1990 1848 2019 fa-

1132 2033 1191 2062 cile
1207 2037 1254 2062 est
1270 2033 1418 2072 OEdipum
1435 2033 1484 2063 hic
1498 2043 1600 2072 agere.
1636 2032 1761 2062 Nodum
1772 2043 1845 2062 eno-

1131 2075 1216 2106 davit
1231 2075 1305 2106 mihi
1322 2077 1423 2106 codex
1438 2076 1619 2110 Bavaricns,
1631 2074 1661 2104 in
1676 2085 1735 2114 quo
1752 2076 1846 2106 verba

1130 2124 1309 2156 portentosa
1323 2119 1336 2148 ὅ
1352 2121 1439 2159 vave&
1458 2117 1566 2159 φύλαξι
1583 2117 1747 2157 τιμώμενος
1762 2118 1800 2147 ad
1816 2129 1845 2148 v.

1125 2160 1241 2195 ’Ἄττης
1266 2162 1420 2202 adscripta
1446 2167 1527 2191 suut.
1555 2160 1636 2191 unde
1659 2164 1760 2199 paret,
1787 2171 1844 2200 pro

1129 2204 1238 2242 φύλαξι
1267 2204 1325 2244 leg.
1354 2215 1423 2234 esse
1452 2203 1543 2246 Φρυξῖ.
1578 2203 1660 2243 apud
1695 2204 1845 2244 Phrygas.

1131 2247 1265 2285 Vulgata
1280 2247 1363 2286 apud
1380 2247 1548 2277 Aristidem
1566 2251 1613 2276 est
1630 2258 1660 2286 p.
1675 2248 1750 2277 442.

1171 2291 1246 2320 314.
1264 2293 1293 2319 1.
1316 2289 1458 2330 ἔνθρυττα
1468 2289 1525 2330 -]
1549 2289 1684 2319 imitatus
1706 2293 1754 2320 est
1778 2291 1807 2321 h.
1823 2291 1845 2320 Ι.

1128 2332 1270 2364 Julianus
1286 2333 1365 2372 Aug.
1382 2333 1473 2372 epist.
1489 2336 1541 2363 24.
1556 2343 1588 2372 p.
1605 2334 1680 2362 393.
1696 2335 1748 2362 11.

1171 2394 1213 2399 —-
1226 2378 1259 2406 2.
1269 2375 1489 2417 εὐδαιμονήσειε]
1502 2375 1624 2405 correxi
1635 2373 1843 2415 εὐδαιμονίσειε.

1129 2429 1197 2449 nam
1221 2429 1279 2448 non
1303 2424 1350 2448 est
1374 2420 1411 2449 ab
1433 2419 1611 2458 εὐδαιμονεῖν,
1635 2420 1742 2449 beatus
1765 2429 1845 2454 esse,

1129 2463 1182 2493 sed
1199 2462 1238 2491 ab
1252 2461 1456 2503 εὐδαιμονίζειν,
1472 2464 1591 2492 beatum
1608 2461 1790 2502 praedioare.

1173 2524 1214 2529 --
1231 2508 1283 2536 11.
1305 2506 1386 2535 ἀλλὰ
1400 2504 1563 2546 μισθώσας
1573 2506 1633 2546 -—-]
1657 2505 1844 2544 Harpocrat-

1128 2549 1158 2578 h.
1175 2549 1196 2578 1.
1211 2559 1242 2578 v.
1260 2548 1383 2588 Σιμύλος
1397 2549 1495 2579 citans
1514 2548 1628 2579 omittit
1642 2558 1673 2578 v.
1691 2547 1843 2578 ἐπικαλου-

1128 2590 1231 2632 μένοις,
1247 2602 1296 2621 me
1312 2591 1436 2631 quidem
1453 2602 1513 2622 non
1525 2602 1607 2630 aegre
1619 2592 1746 2621 ferente.

1171 2652 1213 2657 ——-
1225 2637 1275 2665 12.
1287 2633 1443 2677 ὃπωρῶνης]
1456 2636 1538 2666 Citat
1547 2635 1715 2665 Athenaeus
1727 2644 1757 2672 p.
1768 2635 1843 2664 653.

1129 2678 1165 2707 E.
1182 2683 1213 2708 et
1231 2678 1420 2717 Phrynichus
1434 2691 1464 2719 p.
1480 2680 1532 2709 88.
1546 2688 1577 2708 v.
1592 2676 1751 2716 ὀπωρώνης.
1781 2678 1843 2706 Pro

1128 2720 1249 2760 vulgari
1273 2719 1371 2756 ἐλαίας
1392 2721 1465 2751 dedi
1489 2721 1588 2755 ἐλάας,
1611 2730 1680 2750 nam
1698 2719 1772 2750 ἐλάα
1795 2724 1844 2749 est

1126 2763 1246 2794 fructus
1269 2764 1358 2800 oleae,
1380 2764 1472 2795 oliva.
1495 2762 1577 2793 ἐλαία
1598 2773 1672 2793 vero
1694 2767 1742 2793 est
1763 2762 1843 2798 olea,

1128 2807 1228 2843 arbor,
1246 2808 1378 2837 fructum
1391 2808 1502 2837 serens.
1525 2807 1563 2837 ad
1580 2804 1721 2847 ὀπωρώνης
1736 2805 1841 2836 addidi

1126 2848 1234 2886 ἐκεῖνος,
1256 2850 1320 2886 ille,
1344 2849 1521 2890 proverbio,
1544 2853 1597 2880 aut
1619 2860 1635 2879 e
1656 2848 1759 2879 fabula
1774 2858 1842 2878 sce-

1127 2893 1306 2935 nicagvulgo
1318 2898 1419 2923 notus.
1563 2891 1574 2899 ‘

1168 2954 1211 2959 —-
1228 2939 1280 2967 15.
1296 2935 1393 2976 ὑμεῖς]
1419 2946 1483 2971 vos,
1495 2934 1632 2974 judices,
1655 2937 1686 2964 et
1709 2933 1841 2964 circum·

1125 2984 1208 3009 stans
1224 2989 1347 3010 corona.

1167 3040 1209 3045 --
1225 3025 1277 3052 17.
1300 3021 1374 3062 ωςός
1388 3022 1453 3056 τοὺς
1468 3019 1589 3061 een-324]
1607 3019 1770 3051 articulum
1787 3020 1840 3048 ad-

1123 3064 1201 3096 didi.
1224 3068 1330 3096 contra
1351 3076 1369 3096 a
1389 3064 1532 3104 proximo
1553 3063 1600 3104 ὑφ’
1621 3061 1660 3095 οἷν
1682 3064 1722 3094 τὰ
1742 3064 1840 3094 πολλὰ
