<?xml version="1.0" encoding="UTF-8"?>
<!DOCTYPE html PUBLIC "-//W3C//DTD XHTML 1.0 Transitional//EN"
    "http://www.w3.org/TR/xhtml1/DTD/xhtml1-transitional.dtd">
<html xmlns="http://www.w3.org/1999/xhtml" xml:lang="en" lang="en">
 <head>
  <title>
</title>
<meta http-equiv="Content-Type" content="text/html;charset=utf-8" />
  <meta name='ocr-system' content='tesseract 3.04.00' />
  <meta name='ocr-capabilities' content='ocr_page ocr_carea ocr_par ocr_line ocrx_word'/>
</head>
<body>
  <div class='ocr_page' id='page_1' title='image "./oratoresatticie09dobs_0542.png"; bbox 0 0 1931 3323; ppageno 0'>
   <div class='ocr_carea' id='block_1_1' title="bbox 320 210 404 253">
    <p class='ocr_par' dir='ltr' id='par_1_1' title="bbox 320 210 404 253">
     <span class='ocr_line' id='line_1_1' title="bbox 320 210 404 253; baseline 0.012 -1"><span class='ocrx_word' id='word_1_1' title='bbox 320 210 404 253; x_wconf 85' lang='lat'>530</span> 
     </span>
    </p>
   </div>
   <div class='ocr_carea' id='block_1_2' title="bbox 302 318 1028 3073">
    <p class='ocr_par' dir='ltr' id='par_1_2' title="bbox 302 318 1028 3073">
     <span class='ocr_line' id='line_1_2' title="bbox 325 318 1028 364; baseline 0.011 -19"><span class='ocrx_word' id='word_1_2' title='bbox 325 321 377 347; x_wconf 70' lang='lat' dir='ltr'>aut</span> <span class='ocrx_word' id='word_1_3' title='bbox 393 318 547 348; x_wconf 74' lang='lat' dir='ltr'>insanitate</span> <span class='ocrx_word' id='word_1_4' title='bbox 570 323 621 350; x_wconf 85' lang='lat' dir='ltr'>aut</span> <span class='ocrx_word' id='word_1_5' title='bbox 642 330 753 351; x_wconf 76' lang='lat' dir='ltr'>excessu</span> <span class='ocrx_word' id='word_1_6' title='bbox 775 321 907 352; x_wconf 75' lang='lat' dir='ltr'><strong><em>libidinis</em></strong></span> <span class='ocrx_word' id='word_1_7' title='bbox 928 322 1028 364; x_wconf 90' lang='lat' dir='ltr'>(quod</span> 
     </span>
     <span class='ocr_line' id='line_1_3' title="bbox 325 360 1027 404; baseline 0.01 -15"><span class='ocrx_word' id='word_1_8' title='bbox 325 360 373 390; x_wconf 85' lang='lat' dir='ltr'>vir</span> <span class='ocrx_word' id='word_1_9' title='bbox 388 371 514 399; x_wconf 83' lang='lat' dir='ltr'>magnus</span> <span class='ocrx_word' id='word_1_10' title='bbox 528 363 663 404; x_wconf 87' lang='lat' dir='ltr'>censet),</span> <span class='ocrx_word' id='word_1_11' title='bbox 680 364 756 394; x_wconf 85' lang='lat' dir='ltr'>mira</span> <span class='ocrx_word' id='word_1_12' title='bbox 772 370 856 394; x_wconf 86' lang='lat' dir='ltr'>certe</span> <span class='ocrx_word' id='word_1_13' title='bbox 873 366 962 404; x_wconf 85' lang='lat' dir='ltr'>hujus</span> <span class='ocrx_word' id='word_1_14' title='bbox 977 378 1027 396; x_wconf 88' lang='lat' dir='ltr'>vo-</span> 
     </span>
     <span class='ocr_line' id='line_1_4' title="bbox 323 403 1027 443; baseline 0.01 -11"><span class='ocrx_word' id='word_1_15' title='bbox 323 403 368 432; x_wconf 89' lang='lat' dir='ltr'>cis</span> <span class='ocrx_word' id='word_1_16' title='bbox 393 404 605 442; x_wconf 79' lang='lat' dir='ltr'>interpretatio</span> <span class='ocrx_word' id='word_1_17' title='bbox 629 411 687 443; x_wconf 87' lang='lat' dir='ltr'>est,</span> <span class='ocrx_word' id='word_1_18' title='bbox 719 412 750 437; x_wconf 85' lang='lat' dir='ltr'>et</span> <span class='ocrx_word' id='word_1_19' title='bbox 773 418 880 438; x_wconf 85' lang='lat' dir='ltr'>vereor</span> <span class='ocrx_word' id='word_1_20' title='bbox 904 420 939 438; x_wconf 90' lang='lat' dir='ltr'>ne</span> <span class='ocrx_word' id='word_1_21' title='bbox 966 409 1027 439; x_wconf 85' lang='lat' dir='ltr'>ullo</span> 
     </span>
     <span class='ocr_line' id='line_1_5' title="bbox 325 446 1026 490; baseline 0.011 -16"><span class='ocrx_word' id='word_1_22' title='bbox 325 446 453 476; x_wconf 82' lang='lat' dir='ltr'><strong>tibicine</strong></span> <span class='ocrx_word' id='word_1_23' title='bbox 476 448 575 478; x_wconf 84' lang='lat' dir='ltr'>fulciri</span> <span class='ocrx_word' id='word_1_24' title='bbox 602 451 711 488; x_wconf 72' lang='lat' dir='ltr'>possit.</span> <span class='ocrx_word' id='word_1_25' title='bbox 757 452 856 490; x_wconf 87' lang='lat' dir='ltr'>Atque</span> <span class='ocrx_word' id='word_1_26' title='bbox 883 452 939 482; x_wconf 86' lang='lat' dir='ltr'>hoc</span> <span class='ocrx_word' id='word_1_27' title='bbox 965 454 1026 490; x_wconf 87' lang='lat' dir='ltr'>jam</span> 
     </span>
     <span class='ocr_line' id='line_1_6' title="bbox 323 489 1028 528; baseline 0.009 -10"><span class='ocrx_word' id='word_1_28' title='bbox 323 489 450 528; x_wconf 82' lang='lat' dir='ltr'>insuper</span> <span class='ocrx_word' id='word_1_29' title='bbox 464 492 607 527; x_wconf 85' lang='lat' dir='ltr'>observo,</span> <span class='ocrx_word' id='word_1_30' title='bbox 623 493 695 522; x_wconf 87' lang='lat' dir='ltr'>licet</span> <span class='ocrx_word' id='word_1_31' title='bbox 714 495 837 523; x_wconf 87' lang='lat' dir='ltr'>verbum</span> <span class='ocrx_word' id='word_1_32' title='bbox 854 496 1028 525; x_wconf 79' lang='grc' dir='ltr'>πλεονεκτειν</span> 
     </span>
     <span class='ocr_line' id='line_1_7' title="bbox 324 533 1028 577; baseline 0.01 -17"><span class='ocrx_word' id='word_1_33' title='bbox 324 533 404 571; x_wconf 84' lang='lat' dir='ltr'>apud</span> <span class='ocrx_word' id='word_1_34' title='bbox 421 533 541 563; x_wconf 76' lang='lat' dir='ltr'>Atticos</span> <span class='ocrx_word' id='word_1_35' title='bbox 563 535 727 574; x_wconf 82' lang='lat' dir='ltr'><strong>scriptores</strong></span> <span class='ocrx_word' id='word_1_36' title='bbox 743 537 781 566; x_wconf 86' lang='lat' dir='ltr'>sit</span> <span class='ocrx_word' id='word_1_37' title='bbox 800 536 878 576; x_wconf 77' lang='grc' dir='ltr'>μέση</span> <span class='ocrx_word' id='word_1_38' title='bbox 895 538 980 577; x_wconf 74' lang='grc' dir='ltr'>λέξις,</span> <span class='ocrx_word' id='word_1_39' title='bbox 997 543 1028 568; x_wconf 82' lang='lat' dir='ltr'>et</span> 
     </span>
     <span class='ocr_line' id='line_1_8' title="bbox 324 575 1026 621; baseline 0.01 -18"><span class='ocrx_word' id='word_1_40' title='bbox 324 575 493 614; x_wconf 61' lang='lat' dir='ltr'>saepissime</span> <span class='ocrx_word' id='word_1_41' title='bbox 510 584 648 608; x_wconf 87' lang='lat' dir='ltr'>sumatur</span> <span class='ocrx_word' id='word_1_42' title='bbox 663 589 718 618; x_wconf 90' lang='lat' dir='ltr'>pro</span> <span class='ocrx_word' id='word_1_43' title='bbox 734 579 816 609; x_wconf 79' lang='grc' dir='ltr'>πλέον</span> <span class='ocrx_word' id='word_1_44' title='bbox 828 580 900 621; x_wconf 78' lang='grc' dir='ltr'>ἔχειν</span> <span class='ocrx_word' id='word_1_45' title='bbox 915 582 1026 620; x_wconf 77' lang='grc' dir='ltr'>ἁπλῶς,</span> 
     </span>
     <span class='ocr_line' id='line_1_9' title="bbox 322 619 1027 657; baseline 0.009 -10"><span class='ocrx_word' id='word_1_46' title='bbox 322 619 493 649; x_wconf 77' lang='lat' dir='ltr'>antecellere</span> <span class='ocrx_word' id='word_1_47' title='bbox 505 620 578 650; x_wconf 81' lang='lat' dir='ltr'>alter</span> <span class='ocrx_word' id='word_1_48' title='bbox 582 631 640 657; x_wconf 86' lang='lat' dir='ltr'>um,</span> <span class='ocrx_word' id='word_1_49' title='bbox 651 627 681 652; x_wconf 92' lang='lat' dir='ltr'>et</span> <span class='ocrx_word' id='word_1_50' title='bbox 695 624 726 652; x_wconf 82' lang='lat' dir='ltr'>z’n</span> <span class='ocrx_word' id='word_1_51' title='bbox 738 623 848 652; x_wconf 65' lang='lat' dir='ltr'>meliori</span> <span class='ocrx_word' id='word_1_52' title='bbox 864 634 894 652; x_wconf 70' lang='lat' dir='ltr'>c(</span> <span class='ocrx_word' id='word_1_53' title='bbox 898 624 1027 653; x_wconf 74' lang='lat' dir='ltr'>nclitione</span> 
     </span>
     <span class='ocr_line' id='line_1_10' title="bbox 321 665 1026 713; baseline 0.006 -23"><span class='ocrx_word' id='word_1_54' title='bbox 321 671 398 697; x_wconf 82' lang='lat' dir='ltr'>esse;</span> <span class='ocrx_word' id='word_1_55' title='bbox 422 667 519 692; x_wconf 85' lang='lat' dir='ltr'>tamen</span> <span class='ocrx_word' id='word_1_56' title='bbox 534 665 636 694; x_wconf 88' lang='lat' dir='ltr'>nescio</span> <span class='ocrx_word' id='word_1_57' title='bbox 652 666 803 713; x_wconf 83' lang='lat' dir='ltr'>quomodo</span> <span class='ocrx_word' id='word_1_58' title='bbox 819 676 925 695; x_wconf 86' lang='lat' dir='ltr'>nomen</span> <span class='ocrx_word' id='word_1_59' title='bbox 942 673 1026 696; x_wconf 74' lang='grc' dir='ltr'>πλεο-</span> 
     </span>
     <span class='ocr_line' id='line_1_11' title="bbox 322 703 1027 747; baseline 0.007 -14"><span class='ocrx_word' id='word_1_60' title='bbox 322 703 419 738; x_wconf 77' lang='grc' dir='ltr'>νέκτης</span> <span class='ocrx_word' id='word_1_61' title='bbox 431 716 549 746; x_wconf 85' lang='lat' dir='ltr'>semper</span> <span class='ocrx_word' id='word_1_62' title='bbox 562 708 590 736; x_wconf 90' lang='lat' dir='ltr'>in</span> <span class='ocrx_word' id='word_1_63' title='bbox 602 719 617 737; x_wconf 85' lang='lat' dir='ltr'>v</span> <span class='ocrx_word' id='word_1_64' title='bbox 623 708 676 737; x_wconf 91' lang='lat' dir='ltr'>itio</span> <span class='ocrx_word' id='word_1_65' title='bbox 691 708 822 747; x_wconf 81' lang='lat' dir='ltr'>ponitur,</span> <span class='ocrx_word' id='word_1_66' title='bbox 839 708 896 738; x_wconf 88' lang='lat' dir='ltr'>viz.</span> <span class='ocrx_word' id='word_1_67' title='bbox 910 710 961 747; x_wconf 87' lang='lat' dir='ltr'>qui</span> <span class='ocrx_word' id='word_1_68' title='bbox 973 720 1027 747; x_wconf 90' lang='lat' dir='ltr'>per</span> 
     </span>
     <span class='ocr_line' id='line_1_12' title="bbox 321 747 1027 789; baseline 0.007 -13"><span class='ocrx_word' id='word_1_69' title='bbox 321 747 383 777; x_wconf 87' lang='lat' dir='ltr'>vim</span> <span class='ocrx_word' id='word_1_70' title='bbox 399 753 450 777; x_wconf 89' lang='lat' dir='ltr'>aut</span> <span class='ocrx_word' id='word_1_71' title='bbox 465 748 600 779; x_wconf 80' lang='lat' dir='ltr'>fraudem</span> <span class='ocrx_word' id='word_1_72' title='bbox 613 757 663 780; x_wconf 89' lang='lat' dir='ltr'>aut</span> <span class='ocrx_word' id='word_1_73' title='bbox 677 755 781 780; x_wconf 84' lang='lat' dir='ltr'>contra</span> <span class='ocrx_word' id='word_1_74' title='bbox 796 751 878 789; x_wconf 86' lang='lat' dir='ltr'>leges</span> <span class='ocrx_word' id='word_1_75' title='bbox 897 751 964 789; x_wconf 81' lang='lat' dir='ltr'>plus</span> <span class='ocrx_word' id='word_1_76' title='bbox 976 753 1027 781; x_wconf 80' lang='lat' dir='ltr'>lia-</span> 
     </span>
     <span class='ocr_line' id='line_1_13' title="bbox 321 791 1025 834; baseline 0.004 -14"><span class='ocrx_word' id='word_1_77' title='bbox 321 791 393 820; x_wconf 86' lang='lat' dir='ltr'>bere</span> <span class='ocrx_word' id='word_1_78' title='bbox 410 792 495 830; x_wconf 85' lang='lat' dir='ltr'>cupit</span> <span class='ocrx_word' id='word_1_79' title='bbox 509 803 598 831; x_wconf 84' lang='lat' dir='ltr'>quam</span> <span class='ocrx_word' id='word_1_80' title='bbox 615 794 717 828; x_wconf 89' lang='lat' dir='ltr'>debet,</span> <span class='ocrx_word' id='word_1_81' title='bbox 730 794 782 832; x_wconf 90' lang='lat' dir='ltr'>qui</span> <span class='ocrx_word' id='word_1_82' title='bbox 797 793 888 823; x_wconf 62' lang='grc' dir='ltr'>πλέον</span> <span class='ocrx_word' id='word_1_83' title='bbox 902 792 962 834; x_wconf 79' lang='grc' dir='ltr'>ἔχει</span> <span class='ocrx_word' id='word_1_84' title='bbox 978 795 1025 824; x_wconf 83' lang='lat' dir='ltr'>vel</span> 
     </span>
     <span class='ocr_line' id='line_1_14' title="bbox 321 834 1026 877; baseline 0.007 -15"><span class='ocrx_word' id='word_1_85' title='bbox 321 834 412 863; x_wconf 76' lang='lat' dir='ltr'>etiam</span> <span class='ocrx_word' id='word_1_86' title='bbox 431 835 516 873; x_wconf 89' lang='lat' dir='ltr'>cupit</span> <span class='ocrx_word' id='word_1_87' title='bbox 531 835 622 864; x_wconf 56' lang='grc' dir='ltr'>«πλέον</span> <span class='ocrx_word' id='word_1_88' title='bbox 647 836 721 877; x_wconf 78' lang='grc' dir='ltr'>ἔχειν</span> <span class='ocrx_word' id='word_1_89' title='bbox 737 847 774 865; x_wconf 87' lang='lat' dir='ltr'>ex</span> <span class='ocrx_word' id='word_1_90' title='bbox 794 837 891 866; x_wconf 87' lang='lat' dir='ltr'>alieno</span> <span class='ocrx_word' id='word_1_91' title='bbox 913 838 1026 874; x_wconf 83' lang='lat' dir='ltr'>persas</span> 
     </span>
     <span class='ocr_line' id='line_1_15' title="bbox 319 877 1027 916; baseline 0.006 -11"><span class='ocrx_word' id='word_1_92' title='bbox 319 887 354 906; x_wconf 85' lang='lat' dir='ltr'>ac</span> <span class='ocrx_word' id='word_1_93' title='bbox 368 878 462 906; x_wconf 79' lang='lat' dir='ltr'>nefas.</span> <span class='ocrx_word' id='word_1_94' title='bbox 478 877 617 916; x_wconf 76' lang='lat' dir='ltr'>Hesyeh.</span> <span class='ocrx_word' id='word_1_95' title='bbox 629 878 794 909; x_wconf 65' lang='grc' dir='ltr'>πλεῖνέκτοι·</span> <span class='ocrx_word' id='word_1_96' title='bbox 808 878 891 911; x_wconf 62' lang='lat' dir='ltr'>fila-cs.</span> <span class='ocrx_word' id='word_1_97' title='bbox 908 880 1027 909; x_wconf 89' lang='lat' dir='ltr'>Discri-</span> 
     </span>
     <span class='ocr_line' id='line_1_16' title="bbox 319 921 1028 954; baseline 0.007 -7"><span class='ocrx_word' id='word_1_98' title='bbox 319 929 387 948; x_wconf 83' lang='lat' dir='ltr'>men</span> <span class='ocrx_word' id='word_1_99' title='bbox 404 922 547 949; x_wconf 83' lang='lat' dir='ltr'>observat</span> <span class='ocrx_word' id='word_1_100' title='bbox 568 921 615 950; x_wconf 88' lang='lat' dir='ltr'>vir</span> <span class='ocrx_word' id='word_1_101' title='bbox 628 922 740 951; x_wconf 87' lang='lat' dir='ltr'>doctus</span> <span class='ocrx_word' id='word_1_102' title='bbox 754 923 832 952; x_wconf 86' lang='lat' dir='ltr'>inter</span> <span class='ocrx_word' id='word_1_103' title='bbox 847 924 1028 954; x_wconf 60' lang='grc' dir='ltr'>πλεονεκτεῖν</span> 
     </span>
     <span class='ocr_line' id='line_1_17' title="bbox 319 963 1026 1005; baseline 0.007 -14"><span class='ocrx_word' id='word_1_104' title='bbox 319 963 383 992; x_wconf 70' lang='grc' dir='ltr'>τινὰ</span> <span class='ocrx_word' id='word_1_105' title='bbox 399 967 429 992; x_wconf 89' lang='lat' dir='ltr'>et</span> <span class='ocrx_word' id='word_1_106' title='bbox 440 965 612 994; x_wconf 78' lang='grc' dir='ltr'>πλεονεκτεῖν</span> <span class='ocrx_word' id='word_1_107' title='bbox 623 963 705 1005; x_wconf 71' lang='grc' dir='ltr'>τινὸς,</span> <span class='ocrx_word' id='word_1_108' title='bbox 716 967 798 1004; x_wconf 82' lang='lat' dir='ltr'>quod</span> <span class='ocrx_word' id='word_1_109' title='bbox 813 970 909 995; x_wconf 83' lang='lat' dir='ltr'>tamen</span> <span class='ocrx_word' id='word_1_110' title='bbox 922 967 1026 996; x_wconf 82' lang='lat' dir='ltr'>nescio</span> 
     </span>
     <span class='ocr_line' id='line_1_18' title="bbox 320 1006 1026 1045; baseline 0.006 -11"><span class='ocrx_word' id='word_1_111' title='bbox 320 1015 356 1034; x_wconf 86' lang='lat' dir='ltr'>an</span> <span class='ocrx_word' id='word_1_112' title='bbox 373 1006 485 1045; x_wconf 87' lang='lat' dir='ltr'>ubique</span> <span class='ocrx_word' id='word_1_113' title='bbox 500 1007 645 1043; x_wconf 78' lang='lat' dir='ltr'>obtineat,</span> <span class='ocrx_word' id='word_1_114' title='bbox 660 1014 694 1038; x_wconf 88' lang='lat' dir='ltr'>ut</span> <span class='ocrx_word' id='word_1_115' title='bbox 708 1009 835 1038; x_wconf 80' lang='lat' dir='ltr'>alterum</span> <span class='ocrx_word' id='word_1_116' title='bbox 857 1019 901 1038; x_wconf 89' lang='lat' dir='ltr'>sc.</span> <span class='ocrx_word' id='word_1_117' title='bbox 918 1009 949 1038; x_wconf 90' lang='lat' dir='ltr'>in</span> <span class='ocrx_word' id='word_1_118' title='bbox 965 1020 1026 1039; x_wconf 88' lang='lat' dir='ltr'>ma-</span> 
     </span>
     <span class='ocr_line' id='line_1_19' title="bbox 318 1048 1026 1091; baseline 0.006 -14"><span class='ocrx_word' id='word_1_119' title='bbox 318 1048 390 1084; x_wconf 87' lang='lat' dir='ltr'>lam,</span> <span class='ocrx_word' id='word_1_120' title='bbox 415 1051 539 1079; x_wconf 82' lang='lat' dir='ltr'>alterum</span> <span class='ocrx_word' id='word_1_121' title='bbox 558 1061 629 1080; x_wconf 87' lang='lat' dir='ltr'>vero</span> <span class='ocrx_word' id='word_1_122' title='bbox 654 1051 684 1080; x_wconf 88' lang='lat' dir='ltr'>in</span> <span class='ocrx_word' id='word_1_123' title='bbox 705 1052 812 1081; x_wconf 84' lang='lat' dir='ltr'>bonam</span> <span class='ocrx_word' id='word_1_124' title='bbox 835 1057 951 1091; x_wconf 81' lang='lat' dir='ltr'>partein</span> <span class='ocrx_word' id='word_1_125' title='bbox 977 1063 1026 1082; x_wconf 86' lang='lat' dir='ltr'>su-</span> 
     </span>
     <span class='ocr_line' id='line_1_20' title="bbox 318 1094 1025 1134; baseline 0.006 -14"><span class='ocrx_word' id='word_1_126' title='bbox 318 1096 428 1122; x_wconf 86' lang='lat' dir='ltr'><strong>matur.</strong></span> <span class='ocrx_word' id='word_1_127' title='bbox 452 1094 703 1129; x_wconf 66' lang='grc' dir='ltr'>Πλεονεκτεῖτινὲι,</span> <span class='ocrx_word' id='word_1_128' title='bbox 717 1095 768 1134; x_wconf 87' lang='lat' dir='ltr'>qni</span> <span class='ocrx_word' id='word_1_129' title='bbox 784 1106 821 1124; x_wconf 86' lang='lat' dir='ltr'>ex</span> <span class='ocrx_word' id='word_1_130' title='bbox 838 1096 966 1133; x_wconf 81' lang='lat' dir='ltr'>alicujus</span> <span class='ocrx_word' id='word_1_131' title='bbox 981 1095 1025 1124; x_wconf 91' lang='lat' dir='ltr'>in-</span> 
     </span>
     <span class='ocr_line' id='line_1_21' title="bbox 314 1134 1023 1177; baseline 0.004 -13"><span class='ocrx_word' id='word_1_132' title='bbox 314 1134 397 1173; x_wconf 88' lang='lat' dir='ltr'>juria</span> <span class='ocrx_word' id='word_1_133' title='bbox 413 1137 518 1166; x_wconf 82' lang='lat' dir='ltr'>autad</span> <span class='ocrx_word' id='word_1_134' title='bbox 539 1137 669 1176; x_wconf 84' lang='lat' dir='ltr'>alicujus</span> <span class='ocrx_word' id='word_1_135' title='bbox 684 1138 824 1167; x_wconf 84' lang='lat' dir='ltr'>damnum</span> <span class='ocrx_word' id='word_1_136' title='bbox 842 1143 871 1167; x_wconf 88' lang='lat' dir='ltr'>et</span> <span class='ocrx_word' id='word_1_137' title='bbox 886 1139 1023 1177; x_wconf 87' lang='lat' dir='ltr'>injuriam</span> 
     </span>
     <span class='ocr_line' id='line_1_22' title="bbox 318 1178 1025 1220; baseline 0.009 -14"><span class='ocrx_word' id='word_1_138' title='bbox 318 1178 403 1207; x_wconf 77' lang='grc' dir='ltr'>πλέον</span> <span class='ocrx_word' id='word_1_139' title='bbox 426 1178 506 1220; x_wconf 66' lang='grc' dir='ltr'>ἔχεις</span> <span class='ocrx_word' id='word_1_140' title='bbox 541 1185 572 1209; x_wconf 84' lang='lat' dir='ltr'>at</span> <span class='ocrx_word' id='word_1_141' title='bbox 590 1183 761 1210; x_wconf 63' lang='grc' dir='ltr'>πλεονεκτεῖ</span> <span class='ocrx_word' id='word_1_142' title='bbox 779 1181 851 1215; x_wconf 68' lang='grc' dir='ltr'>τινὸς</span> <span class='ocrx_word' id='word_1_143' title='bbox 877 1181 947 1220; x_wconf 65' lang='grc' dir='ltr'>τῷδε</span> <span class='ocrx_word' id='word_1_144' title='bbox 976 1182 1025 1211; x_wconf 70' lang='grc' dir='ltr'>καὶ</span> 
     </span>
     <span class='ocr_line' id='line_1_23' title="bbox 319 1221 1023 1264; baseline 0.006 -14"><span class='ocrx_word' id='word_1_145' title='bbox 319 1221 392 1260; x_wconf 73' lang='grc' dir='ltr'>τῷδε</span> <span class='ocrx_word' id='word_1_146' title='bbox 408 1224 576 1262; x_wconf 68' lang='grc' dir='ltr'>πςάγματι,</span> <span class='ocrx_word' id='word_1_147' title='bbox 603 1225 653 1263; x_wconf 89' lang='lat' dir='ltr'>qui</span> <span class='ocrx_word' id='word_1_148' title='bbox 670 1224 850 1264; x_wconf 78' lang='lat' dir='ltr'>simpliciter</span> <span class='ocrx_word' id='word_1_149' title='bbox 873 1226 936 1254; x_wconf 88' lang='lat' dir='ltr'>sine</span> <span class='ocrx_word' id='word_1_150' title='bbox 959 1226 1023 1263; x_wconf 88' lang='lat' dir='ltr'>ejus</span> 
     </span>
     <span class='ocr_line' id='line_1_24' title="bbox 319 1265 1024 1307; baseline 0.006 -14"><span class='ocrx_word' id='word_1_151' title='bbox 319 1265 428 1294; x_wconf 86' lang='lat' dir='ltr'>damno</span> <span class='ocrx_word' id='word_1_152' title='bbox 447 1270 499 1295; x_wconf 82' lang='lat' dir='ltr'>aut</span> <span class='ocrx_word' id='word_1_153' title='bbox 523 1267 705 1297; x_wconf 87' lang='lat' dir='ltr'>detrimento</span> <span class='ocrx_word' id='word_1_154' title='bbox 733 1268 872 1307; x_wconf 84' lang='lat' dir='ltr'>superior</span> <span class='ocrx_word' id='word_1_155' title='bbox 897 1268 949 1297; x_wconf 92' lang='lat' dir='ltr'>illo</span> <span class='ocrx_word' id='word_1_156' title='bbox 977 1273 1024 1298; x_wconf 87' lang='lat' dir='ltr'>est</span> 
     </span>
     <span class='ocr_line' id='line_1_25' title="bbox 317 1307 1022 1351; baseline 0.006 -15"><span class='ocrx_word' id='word_1_157' title='bbox 317 1307 419 1347; x_wconf 87' lang='lat' dir='ltr'>aliqua</span> <span class='ocrx_word' id='word_1_158' title='bbox 434 1319 466 1338; x_wconf 91' lang='lat' dir='ltr'>re</span> <span class='ocrx_word' id='word_1_159' title='bbox 484 1310 572 1344; x_wconf 84' lang='lat' dir='ltr'>bona,</span> <span class='ocrx_word' id='word_1_160' title='bbox 587 1310 676 1351; x_wconf 83' lang='lat' dir='ltr'>cujus</span> <span class='ocrx_word' id='word_1_161' title='bbox 696 1311 797 1350; x_wconf 89' lang='lat' dir='ltr'>potior</span> <span class='ocrx_word' id='word_1_162' title='bbox 812 1322 842 1340; x_wconf 90' lang='lat' dir='ltr'>e</span> <span class='ocrx_word' id='word_1_163' title='bbox 832 1316 859 1340; x_wconf 96' lang='lat' dir='ltr'>t</span> <span class='ocrx_word' id='word_1_164' title='bbox 876 1311 1022 1341; x_wconf 84' lang='lat' dir='ltr'>conditio.</span> 
     </span>
     <span class='ocr_line' id='line_1_26' title="bbox 316 1350 1024 1403; baseline 0.007 -24"><span class='ocrx_word' id='word_1_165' title='bbox 316 1350 377 1387; x_wconf 90' lang='lat' dir='ltr'>Qui</span> <span class='ocrx_word' id='word_1_166' title='bbox 380 1352 532 1403; x_wconf 85' lang='lat' dir='ltr'>superior</span> <span class='ocrx_word' id='word_1_167' title='bbox 544 1353 647 1392; x_wconf 85' lang='lat' dir='ltr'>aliquo</span> <span class='ocrx_word' id='word_1_168' title='bbox 663 1354 753 1383; x_wconf 84' lang='lat' dir='ltr'>estin</span> <span class='ocrx_word' id='word_1_169' title='bbox 769 1365 801 1384; x_wconf 89' lang='lat' dir='ltr'>re</span> <span class='ocrx_word' id='word_1_170' title='bbox 816 1355 917 1393; x_wconf 85' lang='lat' dir='ltr'>aliqua</span> <span class='ocrx_word' id='word_1_171' title='bbox 928 1361 1024 1384; x_wconf 77' lang='grc' dir='ltr'>πλεον·</span> 
     </span>
     <span class='ocr_line' id='line_1_27' title="bbox 314 1393 1024 1436; baseline 0.007 -14"><span class='ocrx_word' id='word_1_172' title='bbox 314 1395 394 1424; x_wconf 79' lang='grc' dir='ltr'>εκτεῖ</span> <span class='ocrx_word' id='word_1_173' title='bbox 406 1393 520 1425; x_wconf 75' lang='grc' dir='ltr'>ἐκείνους</span> <span class='ocrx_word' id='word_1_174' title='bbox 545 1401 574 1425; x_wconf 88' lang='lat' dir='ltr'>at</span> <span class='ocrx_word' id='word_1_175' title='bbox 591 1397 642 1435; x_wconf 89' lang='lat' dir='ltr'>qui</span> <span class='ocrx_word' id='word_1_176' title='bbox 657 1397 786 1436; x_wconf 85' lang='lat' dir='ltr'>aliquem</span> <span class='ocrx_word' id='word_1_177' title='bbox 800 1397 961 1427; x_wconf 78' lang='lat' dir='ltr'>defraudat</span> <span class='ocrx_word' id='word_1_178' title='bbox 972 1403 1024 1428; x_wconf 84' lang='lat' dir='ltr'>aut</span> 
     </span>
     <span class='ocr_line' id='line_1_28' title="bbox 315 1436 1026 1476; baseline 0.007 -11"><span class='ocrx_word' id='word_1_179' title='bbox 315 1436 528 1474; x_wconf 84' lang='lat' dir='ltr'>circumvenit,</span> <span class='ocrx_word' id='word_1_180' title='bbox 549 1444 580 1468; x_wconf 89' lang='lat' dir='ltr'>ut</span> <span class='ocrx_word' id='word_1_181' title='bbox 596 1440 623 1469; x_wconf 87' lang='lat' dir='ltr'>ei</span> <span class='ocrx_word' id='word_1_182' title='bbox 641 1451 695 1470; x_wconf 85' lang='lat' dir='ltr'>sua</span> <span class='ocrx_word' id='word_1_183' title='bbox 718 1441 844 1476; x_wconf 83' lang='lat' dir='ltr'>auferat,</span> <span class='ocrx_word' id='word_1_184' title='bbox 861 1443 1026 1471; x_wconf 73' lang='grc' dir='ltr'>πλεονεκτεῖ</span> 
     </span>
     <span class='ocr_line' id='line_1_29' title="bbox 313 1477 1021 1523; baseline 0.006 -14"><span class='ocrx_word' id='word_1_185' title='bbox 313 1477 420 1517; x_wconf 75' lang='grc' dir='ltr'>ἐκεῖνον,</span> <span class='ocrx_word' id='word_1_186' title='bbox 443 1492 502 1511; x_wconf 90' lang='lat' dir='ltr'>non</span> <span class='ocrx_word' id='word_1_187' title='bbox 526 1481 632 1512; x_wconf 79' lang='grc' dir='ltr'>ἐκείνου.</span> <span class='ocrx_word' id='word_1_188' title='bbox 662 1483 764 1522; x_wconf 85' lang='lat' dir='ltr'>Atque</span> <span class='ocrx_word' id='word_1_189' title='bbox 790 1484 832 1513; x_wconf 84' lang='lat' dir='ltr'>ita</span> <span class='ocrx_word' id='word_1_190' title='bbox 855 1485 968 1523; x_wconf 82' lang='lat' dir='ltr'>passim</span> <span class='ocrx_word' id='word_1_191' title='bbox 991 1485 1021 1513; x_wconf 89' lang='lat' dir='ltr'>in</span> 
     </span>
     <span class='ocr_line' id='line_1_30' title="bbox 315 1523 1023 1564; baseline 0.007 -12"><span class='ocrx_word' id='word_1_192' title='bbox 315 1523 401 1553; x_wconf 82' lang='lat' dir='ltr'>Pauli</span> <span class='ocrx_word' id='word_1_193' title='bbox 420 1525 569 1564; x_wconf 80' lang='lat' dir='ltr'>Epistolis</span> <span class='ocrx_word' id='word_1_194' title='bbox 586 1528 760 1557; x_wconf 70' lang='grc' dir='ltr'>πλεονεκτεῖν</span> <span class='ocrx_word' id='word_1_195' title='bbox 775 1537 842 1556; x_wconf 87' lang='lat' dir='ltr'>cum</span> <span class='ocrx_word' id='word_1_196' title='bbox 858 1537 958 1557; x_wconf 88' lang='lat' dir='ltr'>accus.</span> <span class='ocrx_word' id='word_1_197' title='bbox 976 1532 1023 1557; x_wconf 86' lang='lat' dir='ltr'>est</span> 
     </span>
     <span class='ocr_line' id='line_1_31' title="bbox 302 1564 1023 1609; baseline 0.007 -14"><span class='ocrx_word' id='word_1_198' title='bbox 302 1564 468 1605; x_wconf 64' lang='lat' dir='ltr'>fraudare,</span> <span class='ocrx_word' id='word_1_199' title='bbox 488 1571 708 1605; x_wconf 62' lang='lat' dir='ltr'>circumvenire,</span> <span class='ocrx_word' id='word_1_200' title='bbox 728 1571 869 1608; x_wconf 76' lang='lat' dir='ltr'><em>decipere,</em></span> <span class='ocrx_word' id='word_1_201' title='bbox 894 1575 924 1600; x_wconf 91' lang='lat' dir='ltr'>et</span> <span class='ocrx_word' id='word_1_202' title='bbox 940 1581 1023 1609; x_wconf 77' lang='lat' dir='ltr'>pass,</span> 
     </span>
     <span class='ocr_line' id='line_1_32' title="bbox 315 1609 1022 1653; baseline 0.007 -14"><span class='ocrx_word' id='word_1_203' title='bbox 315 1609 351 1649; x_wconf 77' lang='lat'>[⁶2</span> <span class='ocrx_word' id='word_1_204' title='bbox 362 1611 434 1640; x_wconf 86' lang='lat' dir='ltr'>Cor.</span> <span class='ocrx_word' id='word_1_205' title='bbox 451 1611 485 1642; x_wconf 83' lang='lat' dir='ltr'>ii.</span> <span class='ocrx_word' id='word_1_206' title='bbox 503 1613 570 1653; x_wconf 81' lang='lat'>10.]</span> <span class='ocrx_word' id='word_1_207' title='bbox 590 1611 633 1642; x_wconf 73' lang='grc' dir='ltr'>ἵνα</span> <span class='ocrx_word' id='word_1_208' title='bbox 647 1616 691 1653; x_wconf 71' lang='grc' dir='ltr'>μὴ</span> <span class='ocrx_word' id='word_1_209' title='bbox 709 1612 952 1653; x_wconf 66' lang='grc' dir='ltr'>πλεονεκτηθῶμεν</span> <span class='ocrx_word' id='word_1_210' title='bbox 968 1614 1022 1644; x_wconf 77' lang='grc' dir='ltr'>ὑπὸ</span> 
     </span>
     <span class='ocr_line' id='line_1_33' title="bbox 310 1654 1021 1692; baseline 0.008 -11"><span class='ocrx_word' id='word_1_211' title='bbox 310 1654 360 1682; x_wconf 81' lang='grc' dir='ltr'>τοῦ</span> <span class='ocrx_word' id='word_1_212' title='bbox 377 1656 501 1692; x_wconf 74' lang='grc' dir='ltr'>Σατανᾶ,</span> <span class='ocrx_word' id='word_1_213' title='bbox 511 1661 547 1685; x_wconf 80' lang='lat' dir='ltr'>nt</span> <span class='ocrx_word' id='word_1_214' title='bbox 560 1666 615 1685; x_wconf 78' lang='lat' dir='ltr'>non</span> <span class='ocrx_word' id='word_1_215' title='bbox 627 1659 905 1687; x_wconf 76' lang='lat' dir='ltr'>circumveniremur</span> <span class='ocrx_word' id='word_1_216' title='bbox 918 1668 935 1686; x_wconf 84' lang='lat' dir='ltr'>a</span> <span class='ocrx_word' id='word_1_217' title='bbox 947 1656 1021 1687; x_wconf 82' lang='lat' dir='ltr'>Dia-</span> 
     </span>
     <span class='ocr_line' id='line_1_34' title="bbox 311 1696 1020 1738; baseline 0.006 -13"><span class='ocrx_word' id='word_1_218' title='bbox 311 1696 382 1731; x_wconf 83' lang='lat' dir='ltr'>bolo,</span> <span class='ocrx_word' id='word_1_219' title='bbox 393 1698 484 1736; x_wconf 87' lang='lat' dir='ltr'>Vulg.</span> <span class='ocrx_word' id='word_1_220' title='bbox 500 1697 764 1738; x_wconf 32' lang='lat' dir='ltr'>nejrwzudaremur</span> <span class='ocrx_word' id='word_1_221' title='bbox 775 1712 792 1728; x_wconf 85' lang='grc' dir='ltr'>α</span> <span class='ocrx_word' id='word_1_222' title='bbox 806 1699 929 1735; x_wconf 73' lang='lat' dir='ltr'>Satauci,</span> <span class='ocrx_word' id='word_1_223' title='bbox 947 1701 1020 1729; x_wconf 86' lang='lat' dir='ltr'>Ter-</span> 
     </span>
     <span class='ocr_line' id='line_1_35' title="bbox 312 1739 1019 1783; baseline 0.008 -16"><span class='ocrx_word' id='word_1_224' title='bbox 312 1739 677 1770; x_wconf 68' lang='grc' dir='ltr'>ῐιι11.8υῑ(ὶ.πλεονεκτῶ</span> <span class='ocrx_word' id='word_1_225' title='bbox 693 1754 726 1772; x_wconf 84' lang='grc' dir='ltr'>το</span> <span class='ocrx_word' id='word_1_226' title='bbox 741 1741 824 1771; x_wconf 76' lang='grc' dir='ltr'>πλέον</span> <span class='ocrx_word' id='word_1_227' title='bbox 839 1741 898 1782; x_wconf 81' lang='grc' dir='ltr'>ἔχω</span> <span class='ocrx_word' id='word_1_228' title='bbox 916 1753 1019 1783; x_wconf 76' lang='grc' dir='ltr'>γενικῃ,</span> 
     </span>
     <span class='ocr_line' id='line_1_36' title="bbox 312 1782 1019 1824; baseline 0.006 -13"><span class='ocrx_word' id='word_1_229' title='bbox 312 1786 470 1813; x_wconf 63' lang='grc' dir='ltr'>πλεονεκτεῖ)</span> <span class='ocrx_word' id='word_1_230' title='bbox 490 1782 517 1812; x_wconf 79' lang='grc' dir='ltr'>δὲ·</span> <span class='ocrx_word' id='word_1_231' title='bbox 533 1784 565 1813; x_wconf 77' lang='grc' dir='ltr'>τὸ</span> <span class='ocrx_word' id='word_1_232' title='bbox 580 1785 666 1814; x_wconf 66' lang='grc' dir='ltr'>ἀδικῶ</span> <span class='ocrx_word' id='word_1_233' title='bbox 681 1785 841 1824; x_wconf 51' lang='lat' dir='ltr'>alem-mm,</span> <span class='ocrx_word' id='word_1_234' title='bbox 858 1788 892 1818; x_wconf 74' lang='grc' dir='ltr'>ὡς</span> <span class='ocrx_word' id='word_1_235' title='bbox 908 1792 976 1815; x_wconf 76' lang='grc' dir='ltr'>πλε</span> <span class='ocrx_word' id='word_1_236' title='bbox 967 1797 1019 1815; x_wconf 92' lang='grc' dir='ltr'>νε-</span> 
     </span>
     <span class='ocr_line' id='line_1_37' title="bbox 310 1818 1018 1864; baseline 0.006 -10"><span class='ocrx_word' id='word_1_237' title='bbox 310 1827 379 1855; x_wconf 61' lang='lat' dir='ltr'>uve?</span> <span class='ocrx_word' id='word_1_238' title='bbox 393 1826 469 1864; x_wconf 63' lang='grc' dir='ltr'>ἡμᾶς</span> <span class='ocrx_word' id='word_1_239' title='bbox 483 1827 494 1856; x_wconf 84' lang='grc' dir='ltr'><strong><em>ὁ</em></strong></span> <span class='ocrx_word' id='word_1_240' title='bbox 511 1827 650 1860; x_wconf 73' lang='grc' dir='ltr'>διάβολος.</span> <span class='ocrx_word' id='word_1_241' title='bbox 684 1828 775 1856; x_wconf 78' lang='lat' dir='ltr'>Hanc</span> <span class='ocrx_word' id='word_1_242' title='bbox 790 1818 1018 1858; x_wconf 71' lang='lat' dir='ltr'>distinctionum</span> 
     </span>
     <span class='ocr_line' id='line_1_38' title="bbox 311 1868 1017 1910; baseline 0.006 -13"><span class='ocrx_word' id='word_1_243' title='bbox 311 1868 401 1898; x_wconf 87' lang='lat' dir='ltr'>avide</span> <span class='ocrx_word' id='word_1_244' title='bbox 418 1869 546 1908; x_wconf 82' lang='lat' dir='ltr'>arripuit</span> <span class='ocrx_word' id='word_1_245' title='bbox 562 1881 694 1909; x_wconf 86' lang='lat' dir='ltr'>nuperus</span> <span class='ocrx_word' id='word_1_246' title='bbox 709 1871 831 1908; x_wconf 84' lang='lat' dir='ltr'>quidam</span> <span class='ocrx_word' id='word_1_247' title='bbox 844 1872 973 1910; x_wconf 80' lang='lat' dir='ltr'>scriptor</span> <span class='ocrx_word' id='word_1_248' title='bbox 987 1872 1017 1901; x_wconf 88' lang='lat' dir='ltr'>in</span> 
     </span>
     <span class='ocr_line' id='line_1_39' title="bbox 311 1912 1018 1952; baseline 0.004 -11"><span class='ocrx_word' id='word_1_249' title='bbox 311 1912 444 1952; x_wconf 83' lang='lat' dir='ltr'>Apolog.</span> <span class='ocrx_word' id='word_1_250' title='bbox 461 1914 590 1951; x_wconf 86' lang='lat' dir='ltr'>quadam</span> <span class='ocrx_word' id='word_1_251' title='bbox 608 1924 662 1952; x_wconf 89' lang='lat' dir='ltr'>pro</span> <span class='ocrx_word' id='word_1_252' title='bbox 679 1914 791 1952; x_wconf 65' lang='lat' dir='ltr'>Epist„</span> <span class='ocrx_word' id='word_1_253' title='bbox 810 1919 842 1943; x_wconf 91' lang='lat' dir='ltr'>ut</span> <span class='ocrx_word' id='word_1_254' title='bbox 858 1915 946 1943; x_wconf 86' lang='lat' dir='ltr'>aliter</span> <span class='ocrx_word' id='word_1_255' title='bbox 963 1925 1018 1945; x_wconf 83' lang='lat' dir='ltr'>ex-</span> 
     </span>
     <span class='ocr_line' id='line_1_40' title="bbox 309 1955 1017 1996; baseline 0.004 -12"><span class='ocrx_word' id='word_1_256' title='bbox 309 1964 383 1993; x_wconf 85' lang='lat' dir='ltr'>pon.</span> <span class='ocrx_word' id='word_1_257' title='bbox 401 1955 499 1985; x_wconf 85' lang='lat' dir='ltr'>locum</span> <span class='ocrx_word' id='word_1_258' title='bbox 516 1956 698 1995; x_wconf 85' lang='lat' dir='ltr'>Chrysostb.</span> <span class='ocrx_word' id='word_1_259' title='bbox 714 1967 801 1994; x_wconf 81' lang='lat' dir='ltr'>quam</span> <span class='ocrx_word' id='word_1_260' title='bbox 819 1958 911 1996; x_wconf 83' lang='lat' dir='ltr'>vulgo</span> <span class='ocrx_word' id='word_1_261' title='bbox 928 1957 1017 1988; x_wconf 86' lang='lat' dir='ltr'>solet.</span> 
     </span>
     <span class='ocr_line' id='line_1_41' title="bbox 311 1999 1005 2038; baseline 0.006 -12"><span class='ocrx_word' id='word_1_262' title='bbox 311 1999 412 2028; x_wconf 82' lang='lat' dir='ltr'>Verba</span> <span class='ocrx_word' id='word_1_263' title='bbox 428 1999 608 2038; x_wconf 82' lang='lat' dir='ltr'>Clirysostli.</span> <span class='ocrx_word' id='word_1_264' title='bbox 626 2004 698 2029; x_wconf 88' lang='lat' dir='ltr'>sunt</span> <span class='ocrx_word' id='word_1_265' title='bbox 708 2000 801 2029; x_wconf 88' lang='lat' dir='ltr'>Hom.</span> <span class='ocrx_word' id='word_1_266' title='bbox 818 2001 847 2029; x_wconf 86' lang='lat' dir='ltr'>in</span> <span class='ocrx_word' id='word_1_267' title='bbox 862 2004 878 2029; x_wconf 91' lang='lat'>1</span> <span class='ocrx_word' id='word_1_268' title='bbox 891 2001 926 2030; x_wconf 83' lang='lat' dir='ltr'>ad</span> <span class='ocrx_word' id='word_1_269' title='bbox 938 2002 1005 2030; x_wconf 86' lang='lat' dir='ltr'>Tim</span> 
     </span>
     <span class='ocr_line' id='line_1_42' title="bbox 309 2040 1018 2083; baseline 0.001 -12"><span class='ocrx_word' id='word_1_270' title='bbox 309 2040 348 2081; x_wconf 61' lang='grc' dir='ltr'>τῇ</span> <span class='ocrx_word' id='word_1_271' title='bbox 368 2041 520 2082; x_wconf 71' lang='grc' dir='ltr'>χειξοτονίᾳ,</span> <span class='ocrx_word' id='word_1_272' title='bbox 543 2042 612 2083; x_wconf 74' lang='grc' dir='ltr'>μόνῃ</span> <span class='ocrx_word' id='word_1_273' title='bbox 634 2043 725 2072; x_wconf 76' lang='grc' dir='ltr'>αὐτῶν</span> <span class='ocrx_word' id='word_1_274' title='bbox 747 2043 954 2078; x_wconf 71' lang='grc' dir='ltr'>ἀναβεβήκασι,</span> <span class='ocrx_word' id='word_1_275' title='bbox 970 2044 1018 2073; x_wconf 79' lang='grc' dir='ltr'>καὶ</span> 
     </span>
     <span class='ocr_line' id='line_1_43' title="bbox 307 2084 1017 2126; baseline 0.004 -13"><span class='ocrx_word' id='word_1_276' title='bbox 307 2084 402 2123; x_wconf 75' lang='grc' dir='ltr'>τούτῳ</span> <span class='ocrx_word' id='word_1_277' title='bbox 416 2085 490 2124; x_wconf 72' lang='grc' dir='ltr'>μόνῳ</span> <span class='ocrx_word' id='word_1_278' title='bbox 506 2086 613 2115; x_wconf 79' lang='grc' dir='ltr'>δοκοῦσι</span> <span class='ocrx_word' id='word_1_279' title='bbox 629 2088 801 2115; x_wconf 75' lang='grc' dir='ltr'>πλεονεκτεῖν</span> <span class='ocrx_word' id='word_1_280' title='bbox 813 2089 875 2119; x_wconf 78' lang='grc' dir='ltr'>τοὺς</span> <span class='ocrx_word' id='word_1_281' title='bbox 885 2087 1017 2126; x_wconf 66' lang='lat' dir='ltr'>‘meso-612-</span> 
     </span>
     <span class='ocr_line' id='line_1_44' title="bbox 308 2126 1018 2169; baseline 0.004 -13"><span class='ocrx_word' id='word_1_282' title='bbox 308 2126 410 2167; x_wconf 67' lang='grc' dir='ltr'>τέςοιις.</span> <span class='ocrx_word' id='word_1_283' title='bbox 429 2130 478 2158; x_wconf 85' lang='lat' dir='ltr'>ubi</span> <span class='ocrx_word' id='word_1_284' title='bbox 498 2134 604 2168; x_wconf 78' lang='lat' dir='ltr'>aperte</span> <span class='ocrx_word' id='word_1_285' title='bbox 630 2130 673 2158; x_wconf 87' lang='lat' dir='ltr'>ait</span> <span class='ocrx_word' id='word_1_286' title='bbox 694 2130 875 2168; x_wconf 75' lang='lat' dir='ltr'>Chrysostll.</span> <span class='ocrx_word' id='word_1_287' title='bbox 902 2130 1018 2169; x_wconf 71' lang='lat' dir='ltr'>Episco-</span> 
     </span>
     <span class='ocr_line' id='line_1_45' title="bbox 306 2172 1016 2211; baseline 0.006 -12"><span class='ocrx_word' id='word_1_288' title='bbox 306 2180 355 2208; x_wconf 85' lang='lat' dir='ltr'>pos</span> <span class='ocrx_word' id='word_1_289' title='bbox 369 2172 527 2209; x_wconf 73' lang='lat' dir='ltr'>superiores</span> <span class='ocrx_word' id='word_1_290' title='bbox 541 2181 597 2201; x_wconf 84' lang='lat' dir='ltr'>esse</span> <span class='ocrx_word' id='word_1_291' title='bbox 607 2172 779 2211; x_wconf 64' lang='lat' dir='ltr'>presbyteris</span> <span class='ocrx_word' id='word_1_292' title='bbox 790 2178 926 2211; x_wconf 74' lang='lat' dir='ltr'><em>potestate</em></span> <span class='ocrx_word' id='word_1_293' title='bbox 937 2175 1016 2203; x_wconf 80' lang='lat' dir='ltr'>ordi-</span> 
     </span>
     <span class='ocr_line' id='line_1_46' title="bbox 306 2215 1017 2256; baseline 0.007 -14"><span class='ocrx_word' id='word_1_294' title='bbox 306 2215 413 2250; x_wconf 79' lang='lat' dir='ltr'>nandi,</span> <span class='ocrx_word' id='word_1_295' title='bbox 430 2220 457 2244; x_wconf 84' lang='lat' dir='ltr'>et</span> <span class='ocrx_word' id='word_1_296' title='bbox 472 2215 547 2244; x_wconf 67' lang='lat' dir='ltr'>hanc</span> <span class='ocrx_word' id='word_1_297' title='bbox 559 2224 614 2244; x_wconf 83' lang='lat' dir='ltr'>esse</span> <span class='ocrx_word' id='word_1_298' title='bbox 626 2216 713 2245; x_wconf 78' lang='lat' dir='ltr'>solam</span> <span class='ocrx_word' id='word_1_299' title='bbox 723 2217 947 2255; x_wconf 77' lang='lat' dir='ltr'>proerogatiram</span> <span class='ocrx_word' id='word_1_300' title='bbox 961 2228 1017 2256; x_wconf 78' lang='lat' dir='ltr'>qna</span> 
     </span>
     <span class='ocr_line' id='line_1_47' title="bbox 305 2258 1018 2298; baseline 0.004 -12"><span class='ocrx_word' id='word_1_301' title='bbox 305 2258 440 2296; x_wconf 83' lang='lat' dir='ltr'>gaudent</span> <span class='ocrx_word' id='word_1_302' title='bbox 455 2259 573 2297; x_wconf 79' lang='lat' dir='ltr'>episcopi</span> <span class='ocrx_word' id='word_1_303' title='bbox 588 2268 675 2298; x_wconf 84' lang='lat' dir='ltr'>supra</span> <span class='ocrx_word' id='word_1_304' title='bbox 688 2259 877 2298; x_wconf 66' lang='lat' dir='ltr'>presbyteros,</span> <span class='ocrx_word' id='word_1_305' title='bbox 895 2260 952 2288; x_wconf 87' lang='lat' dir='ltr'>viz.</span> <span class='ocrx_word' id='word_1_306' title='bbox 968 2262 1018 2291; x_wconf 67' lang='grc' dir='ltr'>τὴν</span> 
     </span>
     <span class='ocr_line' id='line_1_48' title="bbox 306 2299 1015 2341; baseline 0.003 -13"><span class='ocrx_word' id='word_1_307' title='bbox 306 2299 482 2341; x_wconf 78' lang='grc' dir='ltr'>χειροτονίαν,</span> <span class='ocrx_word' id='word_1_308' title='bbox 490 2303 711 2336; x_wconf 76' lang='lat' dir='ltr'>ordinacionem,</span> <span class='ocrx_word' id='word_1_309' title='bbox 723 2302 1015 2341; x_wconf 77' lang='lat' dir='ltr'>seujusordimmdi,</span> 
     </span>
     <span class='ocr_line' id='line_1_49' title="bbox 307 2344 1016 2393; baseline 0.003 -21"><span class='ocrx_word' id='word_1_310' title='bbox 307 2344 394 2393; x_wconf 43' lang='lat' dir='ltr'>quod·</span> <span class='ocrx_word' id='word_1_311' title='bbox 405 2345 575 2383; x_wconf 66' lang='lat' dir='ltr'>presbyteri</span> <span class='ocrx_word' id='word_1_312' title='bbox 592 2354 648 2373; x_wconf 86' lang='lat' dir='ltr'>non</span> <span class='ocrx_word' id='word_1_313' title='bbox 666 2345 788 2379; x_wconf 78' lang='lat' dir='ltr'>habent,</span> <span class='ocrx_word' id='word_1_314' title='bbox 806 2346 858 2374; x_wconf 74' lang='lat' dir='ltr'>sed</span> <span class='ocrx_word' id='word_1_315' title='bbox 876 2346 935 2374; x_wconf 88' lang='lat' dir='ltr'>soli</span> <span class='ocrx_word' id='word_1_316' title='bbox 952 2346 1016 2385; x_wconf 85' lang='lat' dir='ltr'>epi-</span> 
     </span>
     <span class='ocr_line' id='line_1_50' title="bbox 308 2387 1015 2429; baseline 0.004 -15"><span class='ocrx_word' id='word_1_317' title='bbox 308 2387 406 2425; x_wconf 83' lang='lat' dir='ltr'>scopi.</span> <span class='ocrx_word' id='word_1_318' title='bbox 452 2388 493 2416; x_wconf 90' lang='lat' dir='ltr'>At</span> <span class='ocrx_word' id='word_1_319' title='bbox 509 2387 675 2417; x_wconf 85' lang='lat' dir='ltr'>verisimile</span> <span class='ocrx_word' id='word_1_320' title='bbox 699 2393 747 2417; x_wconf 84' lang='lat' dir='ltr'>est</span> <span class='ocrx_word' id='word_1_321' title='bbox 771 2388 887 2429; x_wconf 81' lang='lat' dir='ltr'>(inquit</span> <span class='ocrx_word' id='word_1_322' title='bbox 911 2394 1015 2418; x_wconf 60' lang='lat' dir='ltr'>auctor</span> 
     </span>
     <span class='ocr_line' id='line_1_51' title="bbox 306 2428 1013 2470; baseline 0.007 -14"><span class='ocrx_word' id='word_1_323' title='bbox 306 2428 375 2469; x_wconf 86' lang='lat' dir='ltr'>ille)</span> <span class='ocrx_word' id='word_1_324' title='bbox 394 2431 450 2459; x_wconf 87' lang='lat' dir='ltr'>hoe</span> <span class='ocrx_word' id='word_1_325' title='bbox 473 2431 659 2460; x_wconf 86' lang='lat' dir='ltr'>ordinandi</span> <span class='ocrx_word' id='word_1_326' title='bbox 649 2441 700 2469; x_wconf 82' lang='lat' dir='ltr'>Jus</span> <span class='ocrx_word' id='word_1_327' title='bbox 722 2431 751 2460; x_wconf 86' lang='lat' dir='ltr'>in</span> <span class='ocrx_word' id='word_1_328' title='bbox 770 2432 908 2461; x_wconf 82' lang='lat' dir='ltr'>fraudem</span> <span class='ocrx_word' id='word_1_329' title='bbox 928 2442 1013 2470; x_wconf 87' lang='lat' dir='ltr'>pres-</span> 
     </span>
     <span class='ocr_line' id='line_1_52' title="bbox 306 2471 1014 2514; baseline 0.006 -14"><span class='ocrx_word' id='word_1_330' title='bbox 306 2471 482 2510; x_wconf 76' lang='lat' dir='ltr'>byteioium</span> <span class='ocrx_word' id='word_1_331' title='bbox 507 2479 681 2512; x_wconf 85' lang='lat' dir='ltr'>usurpatum</span> <span class='ocrx_word' id='word_1_332' title='bbox 704 2484 770 2503; x_wconf 86' lang='lat' dir='ltr'>esse</span> <span class='ocrx_word' id='word_1_333' title='bbox 795 2476 832 2503; x_wconf 88' lang='lat' dir='ltr'>ab</span> <span class='ocrx_word' id='word_1_334' title='bbox 848 2475 1014 2514; x_wconf 82' lang='lat' dir='ltr'>episcopis.</span> 
     </span>
     <span class='ocr_line' id='line_1_53' title="bbox 307 2515 1015 2556; baseline 0.006 -13"><span class='ocrx_word' id='word_1_335' title='bbox 307 2515 463 2544; x_wconf 83' lang='lat' dir='ltr'>Credibile</span> <span class='ocrx_word' id='word_1_336' title='bbox 482 2517 560 2545; x_wconf 86' lang='lat' dir='ltr'>enim</span> <span class='ocrx_word' id='word_1_337' title='bbox 581 2521 639 2552; x_wconf 84' lang='lat' dir='ltr'>est,</span> <span class='ocrx_word' id='word_1_338' title='bbox 661 2517 932 2555; x_wconf 78' lang='lat' dir='ltr'>Chrysosthomum</span> <span class='ocrx_word' id='word_1_339' title='bbox 958 2528 1015 2556; x_wconf 91' lang='lat' dir='ltr'>per</span> 
     </span>
     <span class='ocr_line' id='line_1_54' title="bbox 307 2559 1014 2599; baseline 0.004 -12"><span class='ocrx_word' id='word_1_340' title='bbox 307 2559 481 2588; x_wconf 76' lang='grc' dir='ltr'>πλεονεκτεῖν</span> <span class='ocrx_word' id='word_1_341' title='bbox 506 2561 569 2593; x_wconf 72' lang='grc' dir='ltr'>τοὺς</span> <span class='ocrx_word' id='word_1_342' title='bbox 593 2560 798 2599; x_wconf 70' lang='grc' dir='ltr'>πξεσΒυτέςους</span> <span class='ocrx_word' id='word_1_343' title='bbox 821 2560 1014 2590; x_wconf 81' lang='lat' dir='ltr'>intellexisse</span> 
     </span>
     <span class='ocr_line' id='line_1_55' title="bbox 305 2600 1013 2641; baseline 0.004 -11"><span class='ocrx_word' id='word_1_344' title='bbox 305 2600 476 2641; x_wconf 69' lang='grc' dir='ltr'>μεθοδεύειν,</span> <span class='ocrx_word' id='word_1_345' title='bbox 492 2603 573 2640; x_wconf 83' lang='lat' dir='ltr'>qnod</span> <span class='ocrx_word' id='word_1_346' title='bbox 591 2608 637 2631; x_wconf 85' lang='lat' dir='ltr'>est</span> <span class='ocrx_word' id='word_1_347' title='bbox 661 2603 880 2639; x_wconf 74' lang='lat' dir='ltr'>circ-mavenz&#39;re,</span> <span class='ocrx_word' id='word_1_348' title='bbox 899 2607 931 2633; x_wconf 80' lang='lat' dir='ltr'>ut</span> <span class='ocrx_word' id='word_1_349' title='bbox 952 2614 1013 2633; x_wconf 77' lang='lat' dir='ltr'>ain-</span> 
     </span>
     <span class='ocr_line' id='line_1_56' title="bbox 307 2645 1013 2684; baseline 0.004 -11"><span class='ocrx_word' id='word_1_350' title='bbox 307 2645 401 2683; x_wconf 89' lang='lat' dir='ltr'>plius‚</span> <span class='ocrx_word' id='word_1_351' title='bbox 425 2654 513 2683; x_wconf 85' lang='lat' dir='ltr'>quam</span> <span class='ocrx_word' id='word_1_352' title='bbox 535 2655 590 2684; x_wconf 84' lang='lat' dir='ltr'>per</span> <span class='ocrx_word' id='word_1_353' title='bbox 606 2656 725 2684; x_wconf 85' lang='lat' dir='ltr'>aequum</span> <span class='ocrx_word' id='word_1_354' title='bbox 748 2651 779 2675; x_wconf 88' lang='lat' dir='ltr'>et</span> <span class='ocrx_word' id='word_1_355' title='bbox 795 2647 912 2683; x_wconf 84' lang='lat' dir='ltr'>justum</span> <span class='ocrx_word' id='word_1_356' title='bbox 929 2646 1013 2682; x_wconf 87' lang='lat' dir='ltr'>licet,</span> 
     </span>
     <span class='ocr_line' id='line_1_57' title="bbox 306 2688 1012 2728; baseline 0.004 -11"><span class='ocrx_word' id='word_1_357' title='bbox 306 2688 337 2717; x_wconf 87' lang='lat' dir='ltr'>in</span> <span class='ocrx_word' id='word_1_358' title='bbox 365 2688 562 2727; x_wconf 83' lang='lat' dir='ltr'>presbyteros</span> <span class='ocrx_word' id='word_1_359' title='bbox 583 2689 642 2717; x_wconf 87' lang='lat' dir='ltr'>sibi</span> <span class='ocrx_word' id='word_1_360' title='bbox 669 2689 839 2727; x_wconf 71' lang='lat' dir='ltr'>arrogarim</span> <span class='ocrx_word' id='word_1_361' title='bbox 862 2689 1012 2728; x_wconf 81' lang='lat' dir='ltr'>episcopi.</span> 
     </span>
     <span class='ocr_line' id='line_1_58' title="bbox 304 2732 1012 2770; baseline 0.003 -10"><span class='ocrx_word' id='word_1_362' title='bbox 304 2733 406 2770; x_wconf 82' lang='lat' dir='ltr'>Atque</span> <span class='ocrx_word' id='word_1_363' title='bbox 422 2732 497 2760; x_wconf 83' lang='lat' dir='ltr'>hanc</span> <span class='ocrx_word' id='word_1_364' title='bbox 513 2741 594 2760; x_wconf 88' lang='lat' dir='ltr'>snam</span> <span class='ocrx_word' id='word_1_365' title='bbox 608 2732 887 2770; x_wconf 73' lang='lat' dir='ltr'>interpretationem</span> <span class='ocrx_word' id='word_1_366' title='bbox 904 2734 1012 2762; x_wconf 81' lang='lat' dir='ltr'>confir-</span> 
     </span>
     <span class='ocr_line' id='line_1_59' title="bbox 305 2775 1011 2814; baseline 0.003 -12"><span class='ocrx_word' id='word_1_367' title='bbox 305 2779 367 2803; x_wconf 82' lang='lat' dir='ltr'>mat</span> <span class='ocrx_word' id='word_1_368' title='bbox 383 2784 441 2803; x_wconf 86' lang='lat' dir='ltr'>usu</span> <span class='ocrx_word' id='word_1_369' title='bbox 454 2775 542 2813; x_wconf 82' lang='lat' dir='ltr'>liujus</span> <span class='ocrx_word' id='word_1_370' title='bbox 555 2775 638 2803; x_wconf 85' lang='lat' dir='ltr'>verbi</span> <span class='ocrx_word' id='word_1_371' title='bbox 655 2776 927 2814; x_wconf 73' lang='grc' dir='ltr'>πλεονεκτεῖν,(]ιιοά</span> <span class='ocrx_word' id='word_1_372' title='bbox 944 2786 1011 2805; x_wconf 90' lang='lat' dir='ltr'>cum</span> 
     </span>
     <span class='ocr_line' id='line_1_60' title="bbox 305 2816 1013 2858; baseline 0.004 -13"><span class='ocrx_word' id='word_1_373' title='bbox 305 2827 408 2846; x_wconf 85' lang='lat' dir='ltr'>accus.</span> <span class='ocrx_word' id='word_1_374' title='bbox 435 2816 569 2857; x_wconf 87' lang='lat' dir='ltr'>(inquit)</span> <span class='ocrx_word' id='word_1_375' title='bbox 597 2818 789 2855; x_wconf 75' lang='lat' dir='ltr'>conjunctum</span> <span class='ocrx_word' id='word_1_376' title='bbox 814 2817 928 2847; x_wconf 88' lang='lat' dir='ltr'>dicitur</span> <span class='ocrx_word' id='word_1_377' title='bbox 951 2819 1013 2858; x_wconf 62' lang='lat' dir='ltr'>weg?</span> 
     </span>
     <span class='ocr_line' id='line_1_61' title="bbox 306 2859 1013 2900; baseline 0.004 -12"><span class='ocrx_word' id='word_1_378' title='bbox 306 2862 361 2889; x_wconf 79' lang='grc' dir='ltr'>τῶν</span> <span class='ocrx_word' id='word_1_379' title='bbox 382 2862 461 2898; x_wconf 63' lang='lat' dir='ltr'>vtae&amp;</span> <span class='ocrx_word' id='word_1_380' title='bbox 485 2860 518 2889; x_wconf 69' lang='grc' dir='ltr'>τὸ</span> <span class='ocrx_word' id='word_1_381' title='bbox 539 2859 632 2889; x_wconf 77' lang='grc' dir='ltr'>δίκαιον</span> <span class='ocrx_word' id='word_1_382' title='bbox 651 2859 724 2900; x_wconf 82' lang='grc' dir='ltr'>ἔχειν</span> <span class='ocrx_word' id='word_1_383' title='bbox 749 2859 906 2898; x_wconf 74' lang='grc' dir='ltr'>ἀξιούντων,</span> <span class='ocrx_word' id='word_1_384' title='bbox 922 2861 1013 2891; x_wconf 79' lang='lat' dir='ltr'>dehis</span> 
     </span>
     <span class='ocr_line' id='line_1_62' title="bbox 303 2902 1013 2944; baseline 0.001 -12"><span class='ocrx_word' id='word_1_385' title='bbox 303 2904 354 2943; x_wconf 77' lang='lat' dir='ltr'>qni</span> <span class='ocrx_word' id='word_1_386' title='bbox 369 2905 533 2943; x_wconf 77' lang='lat' dir='ltr'>proet&#39;erjus</span> <span class='ocrx_word' id='word_1_387' title='bbox 552 2908 578 2933; x_wconf 85' lang='lat' dir='ltr'>et</span> <span class='ocrx_word' id='word_1_388' title='bbox 588 2903 645 2944; x_wconf 80' lang='lat' dir='ltr'>fas</span> <span class='ocrx_word' id='word_1_389' title='bbox 657 2902 769 2943; x_wconf 77' lang='lat' dir='ltr'>aliquid</span> <span class='ocrx_word' id='word_1_390' title='bbox 787 2904 839 2933; x_wconf 76' lang='lat' dir='ltr'>sibi</span> <span class='ocrx_word' id='word_1_391' title='bbox 859 2910 1013 2933; x_wconf 81' lang='lat' dir='ltr'>assumunt</span> 
     </span>
     <span class='ocr_line' id='line_1_63' title="bbox 305 2947 1013 2976; baseline 0.003 -2"><span class='ocrx_word' id='word_1_392' title='bbox 305 2952 356 2974; x_wconf 76' lang='lat' dir='ltr'>aut</span> <span class='ocrx_word' id='word_1_393' title='bbox 380 2955 523 2976; x_wconf 81' lang='lat' dir='ltr'>assumere</span> <span class='ocrx_word' id='word_1_394' title='bbox 540 2952 704 2976; x_wconf 79' lang='lat' dir='ltr'>conantur.-</span> <span class='ocrx_word' id='word_1_395' title='bbox 727 2947 768 2975; x_wconf 87' lang='lat' dir='ltr'>ita</span> <span class='ocrx_word' id='word_1_396' title='bbox 787 2950 819 2975; x_wconf 90' lang='lat' dir='ltr'>ut</span> <span class='ocrx_word' id='word_1_397' title='bbox 840 2949 1013 2976; x_wconf 80' lang='grc' dir='ltr'>πλεονεκτεῖν</span> 
     </span>
     <span class='ocr_line' id='line_1_64' title="bbox 304 2987 1012 3030; baseline 0 -12"><span class='ocrx_word' id='word_1_398' title='bbox 304 2989 369 3023; x_wconf 78' lang='grc' dir='ltr'>τοὺς</span> <span class='ocrx_word' id='word_1_399' title='bbox 384 2988 588 3030; x_wconf 70' lang='grc' dir='ltr'>πρεσβυτέξους</span> <span class='ocrx_word' id='word_1_400' title='bbox 613 2989 650 3018; x_wconf 86' lang='lat' dir='ltr'>sit</span> <span class='ocrx_word' id='word_1_401' title='bbox 673 2989 786 3028; x_wconf 65' lang='lat' dir='ltr'>injuria</span> <span class='ocrx_word' id='word_1_402' title='bbox 807 2987 920 3028; x_wconf 77' lang='lat' dir='ltr'>afficere</span> <span class='ocrx_word' id='word_1_403' title='bbox 934 3000 1012 3028; x_wconf 75' lang='lat' dir='ltr'>pres-</span> 
     </span>
     <span class='ocr_line' id='line_1_65' title="bbox 302 3031 1012 3073; baseline 0.001 -12"><span class='ocrx_word' id='word_1_404' title='bbox 302 3031 412 3072; x_wconf 74' lang='lat' dir='ltr'>byteros</span> <span class='ocrx_word' id='word_1_405' title='bbox 425 3042 522 3073; x_wconf 81' lang='lat' dir='ltr'>eosque</span> <span class='ocrx_word' id='word_1_406' title='bbox 527 3034 602 3073; x_wconf 79' lang='lat' dir='ltr'>jure</span> <span class='ocrx_word' id='word_1_407' title='bbox 616 3043 666 3063; x_wconf 81' lang='lat' dir='ltr'>suo</span> <span class='ocrx_word' id='word_1_408' title='bbox 681 3032 844 3073; x_wconf 63' lang='lat' dir='ltr'>fraudare.</span> <span class='ocrx_word' id='word_1_409' title='bbox 888 3032 947 3063; x_wconf 86' lang='lat' dir='ltr'>Sed</span> <span class='ocrx_word' id='word_1_410' title='bbox 960 3034 1012 3063; x_wconf 82' lang='lat' dir='ltr'>&#39;fa-</span> 
     </span>
    </p>
   </div>
   <div class='ocr_carea' id='block_1_3' title="bbox 616 211 1470 259">
    <p class='ocr_par' dir='ltr' id='par_1_3' title="bbox 616 211 1470 259">
     <span class='ocr_line' id='line_1_66' title="bbox 616 211 1470 259; baseline 0.006 -5"><span class='ocrx_word' id='word_1_411' title='bbox 616 211 665 254; x_wconf 91' lang='lat' dir='ltr'>T.</span> <span class='ocrx_word' id='word_1_412' title='bbox 689 212 965 256; x_wconf 85' lang='lat' dir='ltr'><strong>STANLEII</strong></span> <span class='ocrx_word' id='word_1_413' title='bbox 999 214 1033 257; x_wconf 84' lang='lat' dir='ltr'>A</span> <span class='ocrx_word' id='word_1_414' title='bbox 1044 212 1470 259; x_wconf 85' lang='lat' dir='ltr'><strong>NNOTATIONES</strong></span> 
     </span>
    </p>
   </div>
   <div class='ocr_carea' id='block_1_4' title="bbox 1046 322 1767 2891">
    <p class='ocr_par' dir='ltr' id='par_1_4' title="bbox 1046 322 1767 2890">
     <span class='ocr_line' id='line_1_67' title="bbox 1062 322 1767 365; baseline 0.007 -14"><span class='ocrx_word' id='word_1_415' title='bbox 1062 322 1120 351; x_wconf 82' lang='lat' dir='ltr'>cile</span> <span class='ocrx_word' id='word_1_416' title='bbox 1144 324 1282 362; x_wconf 84' lang='lat' dir='ltr'>profecto</span> <span class='ocrx_word' id='word_1_417' title='bbox 1308 329 1355 354; x_wconf 87' lang='lat' dir='ltr'>est</span> <span class='ocrx_word' id='word_1_418' title='bbox 1376 325 1425 355; x_wconf 85' lang='lat' dir='ltr'>bis</span> <span class='ocrx_word' id='word_1_419' title='bbox 1444 325 1640 365; x_wconf 82' lang='lat' dir='ltr'>respondere.</span> <span class='ocrx_word' id='word_1_420' title='bbox 1686 325 1767 356; x_wconf 82' lang='lat' dir='ltr'>Dico</span> 
     </span>
     <span class='ocr_line' id='line_1_68' title="bbox 1061 365 1767 407; baseline 0.007 -13"><span class='ocrx_word' id='word_1_421' title='bbox 1061 365 1156 403; x_wconf 72' lang='lat' dir='ltr'>igitur</span> <span class='ocrx_word' id='word_1_422' title='bbox 1177 367 1275 407; x_wconf 86' lang='lat' dir='ltr'>primo</span> <span class='ocrx_word' id='word_1_423' title='bbox 1293 370 1466 398; x_wconf 80' lang='grc' dir='ltr'>πλεονεκτεῖν</span> <span class='ocrx_word' id='word_1_424' title='bbox 1490 379 1557 398; x_wconf 90' lang='lat' dir='ltr'>cum</span> <span class='ocrx_word' id='word_1_425' title='bbox 1573 378 1675 398; x_wconf 87' lang='lat' dir='ltr'>accus.</span> <span class='ocrx_word' id='word_1_426' title='bbox 1690 379 1767 398; x_wconf 85' lang='lat' dir='ltr'>nnn-</span> 
     </span>
     <span class='ocr_line' id='line_1_69' title="bbox 1061 410 1766 451; baseline 0.006 -14"><span class='ocrx_word' id='word_1_427' title='bbox 1061 418 1150 446; x_wconf 88' lang='lat' dir='ltr'>quam</span> <span class='ocrx_word' id='word_1_428' title='bbox 1171 410 1282 448; x_wconf 81' lang='lat' dir='ltr'>legitur</span> <span class='ocrx_word' id='word_1_429' title='bbox 1307 411 1387 450; x_wconf 88' lang='lat' dir='ltr'>apud</span> <span class='ocrx_word' id='word_1_430' title='bbox 1412 411 1552 449; x_wconf 88' lang='lat' dir='ltr'>antiquos</span> <span class='ocrx_word' id='word_1_431' title='bbox 1575 417 1605 441; x_wconf 89' lang='lat' dir='ltr'>et</span> <span class='ocrx_word' id='word_1_432' title='bbox 1627 411 1766 451; x_wconf 73' lang='lat' dir='ltr'>puriores</span> 
     </span>
     <span class='ocr_line' id='line_1_70' title="bbox 1062 452 1766 492; baseline 0.006 -12"><span class='ocrx_word' id='word_1_433' title='bbox 1062 452 1136 489; x_wconf 89' lang='lat' dir='ltr'>Gr.;</span> <span class='ocrx_word' id='word_1_434' title='bbox 1167 453 1276 482; x_wconf 87' lang='lat' dir='ltr'>nedum</span> <span class='ocrx_word' id='word_1_435' title='bbox 1303 453 1333 483; x_wconf 86' lang='lat' dir='ltr'>iu</span> <span class='ocrx_word' id='word_1_436' title='bbox 1358 453 1577 492; x_wconf 80' lang='lat' dir='ltr'>significatione</span> <span class='ocrx_word' id='word_1_437' title='bbox 1606 454 1766 484; x_wconf 80' lang='lat' dir='ltr'>fraudandi</span> 
     </span>
     <span class='ocr_line' id='line_1_71' title="bbox 1061 495 1765 535; baseline 0.004 -12"><span class='ocrx_word' id='word_1_438' title='bbox 1061 499 1112 524; x_wconf 85' lang='lat' dir='ltr'>aut</span> <span class='ocrx_word' id='word_1_439' title='bbox 1129 495 1400 525; x_wconf 86' lang='lat' dir='ltr'>circumveniendi.</span> <span class='ocrx_word' id='word_1_440' title='bbox 1446 496 1482 526; x_wconf 88' lang='lat' dir='ltr'>In</span> <span class='ocrx_word' id='word_1_441' title='bbox 1499 497 1554 526; x_wconf 83' lang='lat' dir='ltr'>hac</span> <span class='ocrx_word' id='word_1_442' title='bbox 1574 497 1652 526; x_wconf 89' lang='lat' dir='ltr'>enim</span> <span class='ocrx_word' id='word_1_443' title='bbox 1671 497 1765 535; x_wconf 84' lang='lat' dir='ltr'>signi·</span> 
     </span>
     <span class='ocr_line' id='line_1_72' title="bbox 1060 536 1765 578; baseline 0.004 -12"><span class='ocrx_word' id='word_1_444' title='bbox 1060 536 1197 567; x_wconf 82' lang='lat' dir='ltr'>ficatione</span> <span class='ocrx_word' id='word_1_445' title='bbox 1214 549 1231 568; x_wconf 90' lang='lat' dir='ltr'>a</span> <span class='ocrx_word' id='word_1_446' title='bbox 1247 539 1457 578; x_wconf 86' lang='lat' dir='ltr'>Scriptoribus</span> <span class='ocrx_word' id='word_1_447' title='bbox 1473 545 1587 569; x_wconf 85' lang='lat' dir='ltr'>tantum</span> <span class='ocrx_word' id='word_1_448' title='bbox 1604 540 1705 569; x_wconf 88' lang='lat' dir='ltr'>Sacris</span> <span class='ocrx_word' id='word_1_449' title='bbox 1721 543 1765 569; x_wconf 88' lang='lat' dir='ltr'>at-</span> 
     </span>
     <span class='ocr_line' id='line_1_73' title="bbox 1060 581 1766 620; baseline 0.004 -11"><span class='ocrx_word' id='word_1_450' title='bbox 1060 591 1117 618; x_wconf 89' lang='lat' dir='ltr'>que</span> <span class='ocrx_word' id='word_1_451' title='bbox 1134 581 1253 610; x_wconf 82' lang='lat' dir='ltr'>Eccles.</span> <span class='ocrx_word' id='word_1_452' title='bbox 1267 587 1428 620; x_wconf 82' lang='lat' dir='ltr'>usurpatur</span> <span class='ocrx_word' id='word_1_453' title='bbox 1440 583 1496 612; x_wconf 86' lang='lat' dir='ltr'>hoc</span> <span class='ocrx_word' id='word_1_454' title='bbox 1514 582 1652 612; x_wconf 86' lang='lat' dir='ltr'>verbum.</span> <span class='ocrx_word' id='word_1_455' title='bbox 1674 583 1766 612; x_wconf 82' lang='lat' dir='ltr'>Unde</span> 
     </span>
     <span class='ocr_line' id='line_1_74' title="bbox 1060 624 1761 664; baseline 0.004 -12"><span class='ocrx_word' id='word_1_456' title='bbox 1060 624 1182 658; x_wconf 75' lang='lat' dir='ltr'>Suidas,</span> <span class='ocrx_word' id='word_1_457' title='bbox 1205 635 1271 653; x_wconf 88' lang='lat' dir='ltr'>cum</span> <span class='ocrx_word' id='word_1_458' title='bbox 1292 625 1382 663; x_wconf 77' lang='lat' dir='ltr'>hujus</span> <span class='ocrx_word' id='word_1_459' title='bbox 1404 625 1635 664; x_wconf 77' lang='lat' dir='ltr'>significationis</span> <span class='ocrx_word' id='word_1_460' title='bbox 1658 636 1761 655; x_wconf 67' lang='lat' dir='ltr'>exem·</span> 
     </span>
     <span class='ocr_line' id='line_1_75' title="bbox 1060 666 1765 707; baseline 0.004 -13"><span class='ocrx_word' id='word_1_461' title='bbox 1060 666 1143 704; x_wconf 89' lang='lat' dir='ltr'>plum</span> <span class='ocrx_word' id='word_1_462' title='bbox 1159 668 1266 696; x_wconf 80' lang='lat' dir='ltr'>afferre</span> <span class='ocrx_word' id='word_1_463' title='bbox 1283 669 1360 702; x_wconf 77' lang='lat' dir='ltr'>vult,</span> <span class='ocrx_word' id='word_1_464' title='bbox 1376 679 1413 698; x_wconf 83' lang='lat' dir='ltr'>ex</span> <span class='ocrx_word' id='word_1_465' title='bbox 1431 679 1518 698; x_wconf 87' lang='lat' dir='ltr'>sacro</span> <span class='ocrx_word' id='word_1_466' title='bbox 1545 668 1670 707; x_wconf 81' lang='lat' dir='ltr'>antiquo</span> <span class='ocrx_word' id='word_1_467' title='bbox 1691 669 1765 698; x_wconf 85' lang='lat' dir='ltr'>scri-</span> 
     </span>
     <span class='ocr_line' id='line_1_76' title="bbox 1060 709 1763 750; baseline 0.006 -14"><span class='ocrx_word' id='word_1_468' title='bbox 1060 713 1149 747; x_wconf 83' lang='lat' dir='ltr'>ptore</span> <span class='ocrx_word' id='word_1_469' title='bbox 1165 709 1241 739; x_wconf 88' lang='lat' dir='ltr'>illud</span> <span class='ocrx_word' id='word_1_470' title='bbox 1259 711 1398 747; x_wconf 81' lang='lat' dir='ltr'>adducit,</span> <span class='ocrx_word' id='word_1_471' title='bbox 1411 721 1581 750; x_wconf 84' lang='lat' dir='ltr'>quanquam</span> <span class='ocrx_word' id='word_1_472' title='bbox 1598 711 1696 740; x_wconf 83' lang='lat' dir='ltr'>celato</span> <span class='ocrx_word' id='word_1_473' title='bbox 1713 721 1763 740; x_wconf 90' lang='lat' dir='ltr'>no-</span> 
     </span>
     <span class='ocr_line' id='line_1_77' title="bbox 1060 752 1766 793; baseline 0.006 -14"><span class='ocrx_word' id='word_1_474' title='bbox 1060 752 1138 780; x_wconf 84' lang='lat' dir='ltr'>mine</span> <span class='ocrx_word' id='word_1_475' title='bbox 1152 762 1160 788; x_wconf 80' lang='lat'>3</span> <span class='ocrx_word' id='word_1_476' title='bbox 1177 753 1218 781; x_wconf 78' lang='lat' dir='ltr'>ita</span> <span class='ocrx_word' id='word_1_477' title='bbox 1226 753 1302 782; x_wconf 89' lang='lat' dir='ltr'>enim</span> <span class='ocrx_word' id='word_1_478' title='bbox 1313 764 1345 782; x_wconf 86' lang='lat' dir='ltr'>se</span> <span class='ocrx_word' id='word_1_479' title='bbox 1353 753 1536 793; x_wconf 76' lang='lat' dir='ltr'>habentejus</span> <span class='ocrx_word' id='word_1_480' title='bbox 1546 755 1655 783; x_wconf 87' lang='lat' dir='ltr'>verba:</span> <span class='ocrx_word' id='word_1_481' title='bbox 1669 759 1766 783; x_wconf 81' lang='grc' dir='ltr'>πλεον-</span> 
     </span>
     <span class='ocr_line' id='line_1_78' title="bbox 1059 794 1766 837; baseline 0.004 -15"><span class='ocrx_word' id='word_1_482' title='bbox 1059 797 1133 823; x_wconf 76' lang='grc' dir='ltr'>εκτῶ</span> <span class='ocrx_word' id='word_1_483' title='bbox 1150 794 1177 824; x_wconf 74' lang='grc' dir='ltr'>δὲ</span> <span class='ocrx_word' id='word_1_484' title='bbox 1193 794 1225 824; x_wconf 70' lang='grc' dir='ltr'>τὸ</span> <span class='ocrx_word' id='word_1_485' title='bbox 1241 795 1324 824; x_wconf 71' lang='grc' dir='ltr'>ἀδικῶ</span> <span class='ocrx_word' id='word_1_486' title='bbox 1344 795 1502 837; x_wconf 71' lang='grc' dir='ltr'>αἰτιατικῇ,</span> <span class='ocrx_word' id='word_1_487' title='bbox 1527 797 1562 829; x_wconf 75' lang='grc' dir='ltr'>ὡς</span> <span class='ocrx_word' id='word_1_488' title='bbox 1583 795 1628 832; x_wconf 73' lang='grc' dir='ltr'>τὸ,</span> <span class='ocrx_word' id='word_1_489' title='bbox 1649 803 1766 827; x_wconf 71' lang='grc' dir='ltr'>»ωλεονε-</span> 
     </span>
     <span class='ocr_line' id='line_1_79' title="bbox 1060 837 1766 878; baseline 0.006 -13"><span class='ocrx_word' id='word_1_490' title='bbox 1060 838 1127 865; x_wconf 81' lang='grc' dir='ltr'>κτεῖ</span> <span class='ocrx_word' id='word_1_491' title='bbox 1139 837 1216 876; x_wconf 67' lang='grc' dir='ltr'>ἡμᾶς</span> <span class='ocrx_word' id='word_1_492' title='bbox 1232 838 1243 866; x_wconf 84' lang='grc' dir='ltr'>ὁ</span> <span class='ocrx_word' id='word_1_493' title='bbox 1258 838 1395 873; x_wconf 77' lang='grc' dir='ltr'>διάβολος.</span> <span class='ocrx_word' id='word_1_494' title='bbox 1420 850 1488 878; x_wconf 87' lang='lat' dir='ltr'>quae</span> <span class='ocrx_word' id='word_1_495' title='bbox 1505 849 1566 869; x_wconf 80' lang='lat' dir='ltr'>vox</span> <span class='ocrx_word' id='word_1_496' title='bbox 1582 850 1640 869; x_wconf 86' lang='lat' dir='ltr'>non</span> <span class='ocrx_word' id='word_1_497' title='bbox 1660 841 1766 869; x_wconf 73' lang='lat' dir='ltr'>Etluni-</span> 
     </span>
     <span class='ocr_line' id='line_1_80' title="bbox 1061 881 1766 916; baseline 0.006 -8"><span class='ocrx_word' id='word_1_498' title='bbox 1061 889 1129 909; x_wconf 90' lang='lat' dir='ltr'>cum</span> <span class='ocrx_word' id='word_1_499' title='bbox 1158 885 1255 916; x_wconf 79' lang='lat' dir='ltr'>sonat,</span> <span class='ocrx_word' id='word_1_500' title='bbox 1293 881 1344 910; x_wconf 85' lang='lat' dir='ltr'>sed</span> <span class='ocrx_word' id='word_1_501' title='bbox 1373 882 1587 912; x_wconf 80' lang='lat' dir='ltr'>Christianum.</span> <span class='ocrx_word' id='word_1_502' title='bbox 1645 883 1766 912; x_wconf 87' lang='lat' dir='ltr'>Deinde</span> 
     </span>
     <span class='ocr_line' id='line_1_81' title="bbox 1061 924 1766 962; baseline 0.004 -11"><span class='ocrx_word' id='word_1_503' title='bbox 1061 933 1133 952; x_wconf 83' lang='lat' dir='ltr'>vero</span> <span class='ocrx_word' id='word_1_504' title='bbox 1151 928 1182 952; x_wconf 88' lang='lat' dir='ltr'>et</span> <span class='ocrx_word' id='word_1_505' title='bbox 1204 924 1261 952; x_wconf 87' lang='lat' dir='ltr'>hoc</span> <span class='ocrx_word' id='word_1_506' title='bbox 1281 925 1506 954; x_wconf 79' lang='lat' dir='ltr'>observandum</span> <span class='ocrx_word' id='word_1_507' title='bbox 1530 930 1594 954; x_wconf 84' lang='lat' dir='ltr'>est:</span> <span class='ocrx_word' id='word_1_508' title='bbox 1619 925 1766 962; x_wconf 87' lang='lat' dir='ltr'>Quoties-</span> 
     </span>
     <span class='ocr_line' id='line_1_82' title="bbox 1060 967 1765 1006; baseline 0.006 -12"><span class='ocrx_word' id='word_1_509' title='bbox 1060 976 1179 1005; x_wconf 80' lang='lat' dir='ltr'>cunque</span> <span class='ocrx_word' id='word_1_510' title='bbox 1202 967 1259 996; x_wconf 86' lang='lat' dir='ltr'>hoc</span> <span class='ocrx_word' id='word_1_511' title='bbox 1275 968 1402 996; x_wconf 88' lang='lat' dir='ltr'>verbum</span> <span class='ocrx_word' id='word_1_512' title='bbox 1425 979 1492 997; x_wconf 87' lang='lat' dir='ltr'>oum</span> <span class='ocrx_word' id='word_1_513' title='bbox 1509 978 1611 997; x_wconf 82' lang='lat' dir='ltr'>accus.</span> <span class='ocrx_word' id='word_1_514' title='bbox 1624 969 1765 1006; x_wconf 85' lang='lat' dir='ltr'>junctum</span> 
     </span>
     <span class='ocr_line' id='line_1_83' title="bbox 1060 1008 1765 1049; baseline 0.004 -11"><span class='ocrx_word' id='word_1_515' title='bbox 1060 1008 1088 1037; x_wconf 91' lang='lat' dir='ltr'>in</span> <span class='ocrx_word' id='word_1_516' title='bbox 1105 1010 1184 1038; x_wconf 88' lang='lat' dir='ltr'>malo</span> <span class='ocrx_word' id='word_1_517' title='bbox 1200 1020 1302 1045; x_wconf 88' lang='lat' dir='ltr'>sensu,</span> <span class='ocrx_word' id='word_1_518' title='bbox 1325 1011 1383 1039; x_wconf 86' lang='lat' dir='ltr'>viz.</span> <span class='ocrx_word' id='word_1_519' title='bbox 1402 1010 1431 1039; x_wconf 92' lang='lat' dir='ltr'>in</span> <span class='ocrx_word' id='word_1_520' title='bbox 1448 1011 1669 1049; x_wconf 81' lang='lat' dir='ltr'>significatione</span> <span class='ocrx_word' id='word_1_521' title='bbox 1683 1012 1765 1041; x_wconf 82' lang='lat' dir='ltr'>frau-</span> 
     </span>
     <span class='ocr_line' id='line_1_84' title="bbox 1059 1052 1764 1094; baseline 0.006 -14"><span class='ocrx_word' id='word_1_522' title='bbox 1059 1052 1163 1087; x_wconf 69' lang='lat' dir='ltr'>dandi,</span> <span class='ocrx_word' id='word_1_523' title='bbox 1174 1053 1296 1091; x_wconf 89' lang='lat' dir='ltr'>ponitur</span> <span class='ocrx_word' id='word_1_524' title='bbox 1309 1063 1325 1082; x_wconf 82' lang='lat' dir='ltr'>a</span> <span class='ocrx_word' id='word_1_525' title='bbox 1337 1053 1452 1092; x_wconf 88' lang='lat' dir='ltr'>Script.</span> <span class='ocrx_word' id='word_1_526' title='bbox 1474 1054 1576 1083; x_wconf 82' lang='lat' dir='ltr'>Sacris</span> <span class='ocrx_word' id='word_1_527' title='bbox 1590 1053 1696 1084; x_wconf 86' lang='lat' dir='ltr'>aliisve</span> <span class='ocrx_word' id='word_1_528' title='bbox 1709 1065 1764 1094; x_wconf 90' lang='lat' dir='ltr'>po-</span> 
     </span>
     <span class='ocr_line' id='line_1_85' title="bbox 1062 1095 1765 1136; baseline 0.006 -12"><span class='ocrx_word' id='word_1_529' title='bbox 1062 1095 1243 1125; x_wconf 83' lang='lat' dir='ltr'>sterioribus</span> <span class='ocrx_word' id='word_1_530' title='bbox 1257 1097 1311 1125; x_wconf 90' lang='lat' dir='ltr'>Gr.</span> <span class='ocrx_word' id='word_1_531' title='bbox 1305 1117 1324 1131; x_wconf 91' lang='lat'>.,</span> <span class='ocrx_word' id='word_1_532' title='bbox 1335 1096 1537 1135; x_wconf 83' lang='lat' dir='ltr'>praeterillum</span> <span class='ocrx_word' id='word_1_533' title='bbox 1549 1107 1649 1127; x_wconf 82' lang='lat' dir='ltr'>accus.</span> <span class='ocrx_word' id='word_1_534' title='bbox 1657 1107 1765 1136; x_wconf 62' lang='lat' dir='ltr'>perso-</span> 
     </span>
     <span class='ocr_line' id='line_1_86' title="bbox 1058 1139 1766 1177; baseline 0.004 -10"><span class='ocrx_word' id='word_1_535' title='bbox 1058 1149 1104 1167; x_wconf 75' lang='lat' dir='ltr'>nae</span> <span class='ocrx_word' id='word_1_536' title='bbox 1119 1149 1269 1177; x_wconf 85' lang='lat' dir='ltr'>nunquam</span> <span class='ocrx_word' id='word_1_537' title='bbox 1286 1139 1432 1169; x_wconf 81' lang='lat' dir='ltr'>adsciscit</span> <span class='ocrx_word' id='word_1_538' title='bbox 1446 1139 1536 1170; x_wconf 82' lang='lat' dir='ltr'>alium</span> <span class='ocrx_word' id='word_1_539' title='bbox 1550 1150 1652 1170; x_wconf 88' lang='lat' dir='ltr'>casum</span> <span class='ocrx_word' id='word_1_540' title='bbox 1664 1141 1719 1176; x_wconf 85' lang='lat' dir='ltr'>rei,</span> <span class='ocrx_word' id='word_1_541' title='bbox 1731 1146 1766 1171; x_wconf 88' lang='lat' dir='ltr'>ut</span> 
     </span>
     <span class='ocr_line' id='line_1_87' title="bbox 1059 1180 1764 1223; baseline 0.006 -13"><span class='ocrx_word' id='word_1_542' title='bbox 1059 1185 1216 1211; x_wconf 64' lang='grc' dir='ltr'>πλεονεκτεῖ·</span> <span class='ocrx_word' id='word_1_543' title='bbox 1229 1193 1274 1218; x_wconf 80' lang='grc' dir='ltr'>σε,</span> <span class='ocrx_word' id='word_1_544' title='bbox 1283 1180 1387 1218; x_wconf 80' lang='grc' dir='ltr'>έκεινον,</span> <span class='ocrx_word' id='word_1_545' title='bbox 1399 1183 1556 1223; x_wconf 50' lang='lat' dir='ltr'>uffac&#39;iffietc.</span> <span class='ocrx_word' id='word_1_546' title='bbox 1568 1194 1623 1213; x_wconf 85' lang='lat' dir='ltr'>nec</span> <span class='ocrx_word' id='word_1_547' title='bbox 1634 1194 1764 1222; x_wconf 87' lang='lat' dir='ltr'>unquam</span> 
     </span>
     <span class='ocr_line' id='line_1_88' title="bbox 1058 1224 1764 1263; baseline 0.006 -10"><span class='ocrx_word' id='word_1_548' title='bbox 1058 1225 1243 1263; x_wconf 80' lang='lat' dir='ltr'>exprimitur</span> <span class='ocrx_word' id='word_1_549' title='bbox 1267 1235 1356 1255; x_wconf 79' lang='lat' dir='ltr'>casus</span> <span class='ocrx_word' id='word_1_550' title='bbox 1385 1226 1442 1255; x_wconf 86' lang='lat' dir='ltr'>rei.</span> <span class='ocrx_word' id='word_1_551' title='bbox 1466 1224 1556 1256; x_wconf 68' lang='grc' dir='ltr'>οὐδένα</span> <span class='ocrx_word' id='word_1_552' title='bbox 1583 1225 1764 1257; x_wconf 74' lang='grc' dir='ltr'>ἐπλεονεκτή-</span> 
     </span>
     <span class='ocr_line' id='line_1_89' title="bbox 1056 1267 1763 1309; baseline 0.006 -14"><span class='ocrx_word' id='word_1_553' title='bbox 1056 1278 1151 1307; x_wconf 76' lang='grc' dir='ltr'>σαμεν</span> <span class='ocrx_word' id='word_1_554' title='bbox 1170 1267 1205 1308; x_wconf 62' lang='grc' dir='ltr'>[ΕΖ</span> <span class='ocrx_word' id='word_1_555' title='bbox 1215 1269 1286 1298; x_wconf 88' lang='lat' dir='ltr'>Cor.</span> <span class='ocrx_word' id='word_1_556' title='bbox 1296 1268 1350 1299; x_wconf 89' lang='lat' dir='ltr'>vii.</span> <span class='ocrx_word' id='word_1_557' title='bbox 1363 1268 1409 1309; x_wconf 71' lang='grc'>2.]</span> <span class='ocrx_word' id='word_1_558' title='bbox 1424 1269 1510 1298; x_wconf 83' lang='lat' dir='ltr'>etsie</span> <span class='ocrx_word' id='word_1_559' title='bbox 1523 1270 1553 1299; x_wconf 90' lang='lat' dir='ltr'>in</span> <span class='ocrx_word' id='word_1_560' title='bbox 1570 1275 1763 1309; x_wconf 84' lang='lat' dir='ltr'>perpetuum.</span> 
     </span>
     <span class='ocr_line' id='line_1_90' title="bbox 1056 1311 1765 1352; baseline 0.004 -12"><span class='ocrx_word' id='word_1_561' title='bbox 1056 1311 1132 1340; x_wconf 89' lang='lat' dir='ltr'>Cum</span> <span class='ocrx_word' id='word_1_562' title='bbox 1151 1322 1223 1341; x_wconf 89' lang='lat' dir='ltr'>vero</span> <span class='ocrx_word' id='word_1_563' title='bbox 1239 1316 1351 1350; x_wconf 86' lang='lat' dir='ltr'>praeter</span> <span class='ocrx_word' id='word_1_564' title='bbox 1372 1322 1473 1341; x_wconf 79' lang='lat' dir='ltr'>accuS.</span> <span class='ocrx_word' id='word_1_565' title='bbox 1490 1322 1626 1352; x_wconf 83' lang='lat' dir='ltr'>personae</span> <span class='ocrx_word' id='word_1_566' title='bbox 1641 1313 1765 1343; x_wconf 84' lang='lat' dir='ltr'>additur</span> 
     </span>
     <span class='ocr_line' id='line_1_91' title="bbox 1057 1354 1764 1391; baseline 0.003 -8"><span class='ocrx_word' id='word_1_567' title='bbox 1057 1354 1147 1383; x_wconf 79' lang='lat' dir='ltr'>etiam</span> <span class='ocrx_word' id='word_1_568' title='bbox 1163 1364 1266 1384; x_wconf 82' lang='lat' dir='ltr'>accus.</span> <span class='ocrx_word' id='word_1_569' title='bbox 1285 1354 1333 1384; x_wconf 86' lang='lat' dir='ltr'>vel</span> <span class='ocrx_word' id='word_1_570' title='bbox 1349 1355 1412 1385; x_wconf 85' lang='lat' dir='ltr'>dat.</span> <span class='ocrx_word' id='word_1_571' title='bbox 1427 1355 1484 1391; x_wconf 88' lang='lat' dir='ltr'>rei,</span> <span class='ocrx_word' id='word_1_572' title='bbox 1501 1361 1563 1384; x_wconf 90' lang='lat' dir='ltr'>tum</span> <span class='ocrx_word' id='word_1_573' title='bbox 1578 1365 1650 1385; x_wconf 87' lang='lat' dir='ltr'>vero</span> <span class='ocrx_word' id='word_1_574' title='bbox 1666 1361 1764 1386; x_wconf 78' lang='grc' dir='ltr'>πλεον·</span> 
     </span>
     <span class='ocr_line' id='line_1_92' title="bbox 1057 1398 1763 1437; baseline 0.003 -11"><span class='ocrx_word' id='word_1_575' title='bbox 1057 1398 1146 1426; x_wconf 80' lang='grc' dir='ltr'>εκτεῖν</span> <span class='ocrx_word' id='word_1_576' title='bbox 1162 1403 1209 1427; x_wconf 88' lang='lat' dir='ltr'>est</span> <span class='ocrx_word' id='word_1_577' title='bbox 1222 1398 1404 1435; x_wconf 81' lang='lat' dir='ltr'>antecellere,</span> <span class='ocrx_word' id='word_1_578' title='bbox 1420 1398 1471 1428; x_wconf 89' lang='lat' dir='ltr'>vel</span> <span class='ocrx_word' id='word_1_579' title='bbox 1485 1399 1614 1437; x_wconf 79' lang='lat' dir='ltr'>superior</span> <span class='ocrx_word' id='word_1_580' title='bbox 1628 1407 1694 1435; x_wconf 83' lang='lat' dir='ltr'>esse,</span> <span class='ocrx_word' id='word_1_581' title='bbox 1713 1399 1763 1429; x_wconf 88' lang='lat' dir='ltr'>vel</span> 
     </span>
     <span class='ocr_line' id='line_1_93' title="bbox 1056 1441 1762 1471; baseline 0.003 -2"><span class='ocrx_word' id='word_1_582' title='bbox 1056 1441 1089 1469; x_wconf 80' lang='lat' dir='ltr'>z&#39;n</span> <span class='ocrx_word' id='word_1_583' title='bbox 1109 1441 1220 1470; x_wconf 79' lang='lat' dir='ltr'>meliori</span> <span class='ocrx_word' id='word_1_584' title='bbox 1235 1442 1397 1471; x_wconf 79' lang='lat' dir='ltr'>conditione</span> <span class='ocrx_word' id='word_1_585' title='bbox 1409 1451 1474 1471; x_wconf 83' lang='lat' dir='ltr'>esse.</span> <span class='ocrx_word' id='word_1_586' title='bbox 1520 1441 1579 1471; x_wconf 84' lang='lat' dir='ltr'>Ille</span> <span class='ocrx_word' id='word_1_587' title='bbox 1595 1448 1695 1471; x_wconf 83' lang='lat' dir='ltr'>antem</span> <span class='ocrx_word' id='word_1_588' title='bbox 1713 1452 1762 1471; x_wconf 90' lang='lat' dir='ltr'>ca-</span> 
     </span>
     <span class='ocr_line' id='line_1_94' title="bbox 1057 1484 1760 1524; baseline 0.003 -12"><span class='ocrx_word' id='word_1_589' title='bbox 1057 1493 1108 1512; x_wconf 90' lang='lat' dir='ltr'>sus</span> <span class='ocrx_word' id='word_1_590' title='bbox 1132 1484 1176 1513; x_wconf 86' lang='lat' dir='ltr'>rei</span> <span class='ocrx_word' id='word_1_591' title='bbox 1200 1484 1323 1514; x_wconf 83' lang='lat' dir='ltr'>denotat</span> <span class='ocrx_word' id='word_1_592' title='bbox 1340 1495 1402 1514; x_wconf 88' lang='lat' dir='ltr'>rem</span> <span class='ocrx_word' id='word_1_593' title='bbox 1424 1484 1505 1514; x_wconf 85' lang='lat' dir='ltr'>illam</span> <span class='ocrx_word' id='word_1_594' title='bbox 1525 1485 1556 1513; x_wconf 88' lang='lat' dir='ltr'>in</span> <span class='ocrx_word' id='word_1_595' title='bbox 1576 1495 1634 1523; x_wconf 90' lang='lat' dir='ltr'>qua</span> <span class='ocrx_word' id='word_1_596' title='bbox 1649 1484 1760 1524; x_wconf 83' lang='lat' dir='ltr'>aliquis</span> 
     </span>
     <span class='ocr_line' id='line_1_95' title="bbox 1057 1527 1763 1566; baseline 0.003 -11"><span class='ocrx_word' id='word_1_597' title='bbox 1057 1531 1101 1556; x_wconf 86' lang='lat' dir='ltr'>sst</span> <span class='ocrx_word' id='word_1_598' title='bbox 1118 1527 1256 1566; x_wconf 87' lang='lat' dir='ltr'>superior</span> <span class='ocrx_word' id='word_1_599' title='bbox 1271 1528 1387 1557; x_wconf 83' lang='lat' dir='ltr'>altero:</span> <span class='ocrx_word' id='word_1_600' title='bbox 1410 1532 1440 1557; x_wconf 83' lang='lat' dir='ltr'>et</span> <span class='ocrx_word' id='word_1_601' title='bbox 1455 1527 1564 1566; x_wconf 84' lang='lat' dir='ltr'>opinor</span> <span class='ocrx_word' id='word_1_602' title='bbox 1577 1528 1689 1557; x_wconf 86' lang='lat' dir='ltr'>nullum</span> <span class='ocrx_word' id='word_1_603' title='bbox 1707 1538 1763 1557; x_wconf 88' lang='lat' dir='ltr'>ex-</span> 
     </span>
     <span class='ocr_line' id='line_1_96' title="bbox 1056 1570 1761 1610; baseline 0.003 -12"><span class='ocrx_word' id='word_1_604' title='bbox 1056 1570 1187 1609; x_wconf 88' lang='lat' dir='ltr'>emplum</span> <span class='ocrx_word' id='word_1_605' title='bbox 1204 1571 1306 1600; x_wconf 84' lang='lat' dir='ltr'>afferri</span> <span class='ocrx_word' id='word_1_606' title='bbox 1323 1581 1414 1610; x_wconf 85' lang='lat' dir='ltr'>posse</span> <span class='ocrx_word' id='word_1_607' title='bbox 1437 1570 1468 1600; x_wconf 88' lang='lat' dir='ltr'>in</span> <span class='ocrx_word' id='word_1_608' title='bbox 1484 1581 1545 1608; x_wconf 91' lang='lat' dir='ltr'>quo</span> <span class='ocrx_word' id='word_1_609' title='bbox 1562 1571 1617 1600; x_wconf 82' lang='lat' dir='ltr'>hoc</span> <span class='ocrx_word' id='word_1_610' title='bbox 1635 1572 1761 1601; x_wconf 86' lang='lat' dir='ltr'>verbum</span> 
     </span>
     <span class='ocr_line' id='line_1_97' title="bbox 1056 1612 1764 1653; baseline 0.003 -12"><span class='ocrx_word' id='word_1_611' title='bbox 1056 1612 1085 1641; x_wconf 88' lang='lat' dir='ltr'>in</span> <span class='ocrx_word' id='word_1_612' title='bbox 1109 1615 1163 1642; x_wconf 84' lang='lat' dir='ltr'>hac</span> <span class='ocrx_word' id='word_1_613' title='bbox 1185 1615 1309 1651; x_wconf 80' lang='lat' dir='ltr'>syntaxi</span> <span class='ocrx_word' id='word_1_614' title='bbox 1333 1614 1422 1643; x_wconf 83' lang='lat' dir='ltr'>aliter</span> <span class='ocrx_word' id='word_1_615' title='bbox 1441 1618 1616 1652; x_wconf 85' lang='lat' dir='ltr'>usurpetur.</span> <span class='ocrx_word' id='word_1_616' title='bbox 1660 1614 1764 1653; x_wconf 84' lang='lat' dir='ltr'>Igitur</span> 
     </span>
     <span class='ocr_line' id='line_1_98' title="bbox 1055 1656 1760 1696; baseline 0.003 -12"><span class='ocrx_word' id='word_1_617' title='bbox 1055 1657 1228 1686; x_wconf 75' lang='grc' dir='ltr'>πλεονεκτεῖν</span> <span class='ocrx_word' id='word_1_618' title='bbox 1249 1657 1279 1686; x_wconf 88' lang='lat' dir='ltr'>in</span> <span class='ocrx_word' id='word_1_619' title='bbox 1304 1657 1358 1686; x_wconf 88' lang='lat' dir='ltr'>illo</span> <span class='ocrx_word' id='word_1_620' title='bbox 1385 1657 1452 1686; x_wconf 91' lang='lat' dir='ltr'>loco</span> <span class='ocrx_word' id='word_1_621' title='bbox 1474 1656 1666 1696; x_wconf 68' lang='lat' dir='ltr'>Clirysosth„</span> <span class='ocrx_word' id='word_1_622' title='bbox 1690 1667 1760 1686; x_wconf 86' lang='lat' dir='ltr'>cum</span> 
     </span>
     <span class='ocr_line' id='line_1_99' title="bbox 1055 1699 1763 1739; baseline 0.006 -13"><span class='ocrx_word' id='word_1_623' title='bbox 1055 1699 1210 1738; x_wconf 85' lang='lat' dir='ltr'>duplicem</span> <span class='ocrx_word' id='word_1_624' title='bbox 1237 1711 1339 1730; x_wconf 85' lang='lat' dir='ltr'>casum</span> <span class='ocrx_word' id='word_1_625' title='bbox 1358 1705 1454 1739; x_wconf 86' lang='lat' dir='ltr'>regat,</span> <span class='ocrx_word' id='word_1_626' title='bbox 1471 1700 1598 1729; x_wconf 81' lang='lat' dir='ltr'>alterum</span> <span class='ocrx_word' id='word_1_627' title='bbox 1621 1700 1676 1735; x_wconf 83' lang='lat' dir='ltr'>rei,</span> <span class='ocrx_word' id='word_1_628' title='bbox 1692 1710 1763 1739; x_wconf 87' lang='lat' dir='ltr'>per—</span> 
     </span>
     <span class='ocr_line' id='line_1_100' title="bbox 1054 1741 1760 1782; baseline 0.003 -12"><span class='ocrx_word' id='word_1_629' title='bbox 1054 1751 1136 1770; x_wconf 76' lang='lat' dir='ltr'>sonae</span> <span class='ocrx_word' id='word_1_630' title='bbox 1152 1742 1291 1778; x_wconf 79' lang='lat' dir='ltr'>alterum,</span> <span class='ocrx_word' id='word_1_631' title='bbox 1315 1753 1373 1772; x_wconf 89' lang='lat' dir='ltr'>non</span> <span class='ocrx_word' id='word_1_632' title='bbox 1389 1743 1447 1772; x_wconf 89' lang='lat' dir='ltr'>erit</span> <span class='ocrx_word' id='word_1_633' title='bbox 1459 1741 1615 1782; x_wconf 58' lang='lat' dir='ltr'>flandum</span> <span class='ocrx_word' id='word_1_634' title='bbox 1635 1749 1686 1772; x_wconf 88' lang='lat' dir='ltr'>aut</span> <span class='ocrx_word' id='word_1_635' title='bbox 1700 1744 1760 1772; x_wconf 82' lang='lat' dir='ltr'>cir-</span> 
     </span>
     <span class='ocr_line' id='line_1_101' title="bbox 1053 1786 1760 1824; baseline 0.003 -11"><span class='ocrx_word' id='word_1_636' title='bbox 1053 1786 1228 1820; x_wconf 76' lang='grc' dir='ltr'>ιιιιηυειιὶνε,</span> <span class='ocrx_word' id='word_1_637' title='bbox 1247 1786 1300 1814; x_wconf 89' lang='lat' dir='ltr'>sed</span> <span class='ocrx_word' id='word_1_638' title='bbox 1317 1786 1487 1815; x_wconf 55' lang='lat' dir='ltr'>antec-ellae</span> <span class='ocrx_word' id='word_1_639' title='bbox 1503 1791 1532 1814; x_wconf 91' lang='lat' dir='ltr'>et</span> <span class='ocrx_word' id='word_1_640' title='bbox 1542 1787 1671 1824; x_wconf 84' lang='lat' dir='ltr'>snpe7ior</span> <span class='ocrx_word' id='word_1_641' title='bbox 1685 1796 1760 1822; x_wconf 81' lang='lat' dir='ltr'>esse,-</span> 
     </span>
     <span class='ocr_line' id='line_1_102' title="bbox 1054 1826 1763 1869; baseline 0.004 -14"><span class='ocrx_word' id='word_1_642' title='bbox 1054 1831 1084 1855; x_wconf 89' lang='lat' dir='ltr'>et</span> <span class='ocrx_word' id='word_1_643' title='bbox 1101 1827 1152 1856; x_wconf 91' lang='lat' dir='ltr'>illa</span> <span class='ocrx_word' id='word_1_644' title='bbox 1168 1829 1270 1863; x_wconf 81' lang='lat' dir='ltr'>verba,</span> <span class='ocrx_word' id='word_1_645' title='bbox 1287 1828 1324 1869; x_wconf 68' lang='grc' dir='ltr'>τῇ</span> <span class='ocrx_word' id='word_1_646' title='bbox 1345 1830 1398 1867; x_wconf 75' lang='grc' dir='ltr'>γὰρ</span> <span class='ocrx_word' id='word_1_647' title='bbox 1413 1826 1563 1868; x_wconf 62' lang='grc' dir='ltr'>χειροτονία</span> <span class='ocrx_word' id='word_1_648' title='bbox 1575 1827 1644 1869; x_wconf 78' lang='grc' dir='ltr'>μόνῃ</span> <span class='ocrx_word' id='word_1_649' title='bbox 1660 1828 1763 1860; x_wconf 68' lang='grc' dir='ltr'>ἀναβε-</span> 
     </span>
     <span class='ocr_line' id='line_1_103' title="bbox 1053 1867 1762 1911; baseline 0.004 -13"><span class='ocrx_word' id='word_1_650' title='bbox 1053 1867 1169 1904; x_wconf 54' lang='lat' dir='ltr'>Crinas-i,</span> <span class='ocrx_word' id='word_1_651' title='bbox 1194 1871 1240 1899; x_wconf 85' lang='grc' dir='ltr'>κοιι</span> <span class='ocrx_word' id='word_1_652' title='bbox 1258 1871 1349 1909; x_wconf 77' lang='grc' dir='ltr'>τούτῳ</span> <span class='ocrx_word' id='word_1_653' title='bbox 1364 1869 1437 1911; x_wconf 74' lang='grc' dir='ltr'>μόνῳ</span> <span class='ocrx_word' id='word_1_654' title='bbox 1461 1871 1566 1900; x_wconf 74' lang='grc' dir='ltr'>δοκοῦσι</span> <span class='ocrx_word' id='word_1_655' title='bbox 1588 1872 1762 1901; x_wconf 77' lang='grc' dir='ltr'>πλεονεκτειν</span> 
     </span>
     <span class='ocr_line' id='line_1_104' title="bbox 1052 1912 1760 1954; baseline 0.004 -13"><span class='ocrx_word' id='word_1_656' title='bbox 1052 1924 1118 1948; x_wconf 82' lang='grc' dir='ltr'>τους</span> <span class='ocrx_word' id='word_1_657' title='bbox 1144 1912 1356 1954; x_wconf 65' lang='grc' dir='ltr'>πρεσζυτέρους,</span> <span class='ocrx_word' id='word_1_658' title='bbox 1382 1914 1425 1943; x_wconf 83' lang='lat' dir='ltr'>ita</span> <span class='ocrx_word' id='word_1_659' title='bbox 1451 1914 1572 1943; x_wconf 88' lang='lat' dir='ltr'>omnino</span> <span class='ocrx_word' id='word_1_660' title='bbox 1602 1914 1760 1944; x_wconf 89' lang='lat' dir='ltr'>reddenda</span> 
     </span>
     <span class='ocr_line' id='line_1_105' title="bbox 1053 1957 1760 1996; baseline 0.004 -12"><span class='ocrx_word' id='word_1_661' title='bbox 1053 1962 1240 1996; x_wconf 79' lang='lat' dir='ltr'>sunt‚.pr0ut</span> <span class='ocrx_word' id='word_1_662' title='bbox 1256 1957 1456 1987; x_wconf 87' lang='lat' dir='ltr'>communiter</span> <span class='ocrx_word' id='word_1_663' title='bbox 1480 1958 1518 1986; x_wconf 86' lang='lat' dir='ltr'>ab</span> <span class='ocrx_word' id='word_1_664' title='bbox 1542 1957 1760 1996; x_wconf 85' lang='lat' dir='ltr'>interpretibus</span> 
     </span>
     <span class='ocr_line' id='line_1_106' title="bbox 1055 2000 1759 2039; baseline 0.003 -11"><span class='ocrx_word' id='word_1_665' title='bbox 1055 2001 1131 2029; x_wconf 85' lang='lat' dir='ltr'>verti</span> <span class='ocrx_word' id='word_1_666' title='bbox 1150 2000 1265 2029; x_wconf 80' lang='lat' dir='ltr'>solent:</span> <span class='ocrx_word' id='word_1_667' title='bbox 1287 2001 1346 2029; x_wconf 81' lang='lat' dir='ltr'>sola</span> <span class='ocrx_word' id='word_1_668' title='bbox 1363 2002 1440 2029; x_wconf 85' lang='lat' dir='ltr'>enim</span> <span class='ocrx_word' id='word_1_669' title='bbox 1455 2000 1639 2030; x_wconf 82' lang='lat' dir='ltr'>ordinatione</span> <span class='ocrx_word' id='word_1_670' title='bbox 1657 2010 1759 2039; x_wconf 85' lang='lat' dir='ltr'>snper-</span> 
     </span>
     <span class='ocr_line' id='line_1_107' title="bbox 1052 2043 1760 2082; baseline 0.004 -12"><span class='ocrx_word' id='word_1_671' title='bbox 1052 2044 1189 2078; x_wconf 79' lang='lat' dir='ltr'>eminent,</span> <span class='ocrx_word' id='word_1_672' title='bbox 1202 2050 1228 2072; x_wconf 80' lang='lat' dir='ltr'>et</span> <span class='ocrx_word' id='word_1_673' title='bbox 1246 2043 1297 2073; x_wconf 84' lang='lat' dir='ltr'>hoc</span> <span class='ocrx_word' id='word_1_674' title='bbox 1312 2054 1371 2073; x_wconf 81' lang='lat' dir='ltr'>uno</span> <span class='ocrx_word' id='word_1_675' title='bbox 1384 2044 1523 2073; x_wconf 80' lang='lat' dir='ltr'>videntur</span> <span class='ocrx_word' id='word_1_676' title='bbox 1535 2045 1691 2082; x_wconf 78' lang='lat' dir='ltr'>superiores</span> <span class='ocrx_word' id='word_1_677' title='bbox 1711 2054 1760 2073; x_wconf 75' lang='lat' dir='ltr'>ez·-</span> 
     </span>
     <span class='ocr_line' id='line_1_108' title="bbox 1051 2085 1756 2126; baseline 0.004 -12"><span class='ocrx_word' id='word_1_678' title='bbox 1051 2087 1150 2115; x_wconf 81' lang='lat' dir='ltr'>sistere</span> <span class='ocrx_word' id='word_1_679' title='bbox 1170 2087 1351 2126; x_wconf 72' lang='lat' dir='ltr'>presbyteris.</span> <span class='ocrx_word' id='word_1_680' title='bbox 1377 2089 1478 2126; x_wconf 78' lang='lat' dir='ltr'>Atque</span> <span class='ocrx_word' id='word_1_681' title='bbox 1502 2085 1543 2115; x_wconf 89' lang='lat' dir='ltr'>ita</span> <span class='ocrx_word' id='word_1_682' title='bbox 1558 2093 1640 2116; x_wconf 87' lang='lat' dir='ltr'>certe</span> <span class='ocrx_word' id='word_1_683' title='bbox 1657 2091 1756 2117; x_wconf 83' lang='lat' dir='ltr'>trans-</span> 
     </span>
     <span class='ocr_line' id='line_1_109' title="bbox 1052 2128 1758 2166; baseline 0.003 -8"><span class='ocrx_word' id='word_1_684' title='bbox 1052 2128 1120 2158; x_wconf 81' lang='lat' dir='ltr'>tulit</span> <span class='ocrx_word' id='word_1_685' title='bbox 1136 2130 1217 2158; x_wconf 87' lang='lat' dir='ltr'>doct.</span> <span class='ocrx_word' id='word_1_686' title='bbox 1244 2130 1373 2166; x_wconf 71' lang='lat' dir='ltr'>Salmas,</span> <span class='ocrx_word' id='word_1_687' title='bbox 1390 2129 1416 2158; x_wconf 89' lang='lat' dir='ltr'>si</span> <span class='ocrx_word' id='word_1_688' title='bbox 1432 2129 1523 2158; x_wconf 86' lang='lat' dir='ltr'>modo</span> <span class='ocrx_word' id='word_1_689' title='bbox 1539 2129 1564 2159; x_wconf 91' lang='lat' dir='ltr'>is</span> <span class='ocrx_word' id='word_1_690' title='bbox 1673 2130 1758 2160; x_wconf 86' lang='lat' dir='ltr'>Mes-</span> 
     </span>
     <span class='ocr_line' id='line_1_110' title="bbox 1052 2172 1757 2211; baseline 0.003 -10"><span class='ocrx_word' id='word_1_691' title='bbox 1052 2172 1107 2201; x_wconf 81' lang='lat' dir='ltr'>sal.</span> <span class='ocrx_word' id='word_1_692' title='bbox 1138 2172 1177 2201; x_wconf 85' lang='lat' dir='ltr'>sit</span> <span class='ocrx_word' id='word_1_693' title='bbox 1206 2173 1235 2202; x_wconf 89' lang='lat' dir='ltr'>in</span> <span class='ocrx_word' id='word_1_694' title='bbox 1265 2172 1481 2202; x_wconf 80' lang='lat' dir='ltr'>dissertatione</span> <span class='ocrx_word' id='word_1_695' title='bbox 1511 2172 1550 2201; x_wconf 89' lang='lat' dir='ltr'>de</span> <span class='ocrx_word' id='word_1_696' title='bbox 1583 2172 1688 2211; x_wconf 87' lang='lat' dir='ltr'>Episc.</span> <span class='ocrx_word' id='word_1_697' title='bbox 1726 2178 1757 2203; x_wconf 86' lang='lat' dir='ltr'>et</span> 
     </span>
     <span class='ocr_line' id='line_1_111' title="bbox 1051 2214 1756 2255; baseline 0.004 -12"><span class='ocrx_word' id='word_1_698' title='bbox 1051 2214 1159 2244; x_wconf 88' lang='lat' dir='ltr'>Presb.</span> <span class='ocrx_word' id='word_1_699' title='bbox 1208 2217 1247 2245; x_wconf 88' lang='lat' dir='ltr'>Et</span> <span class='ocrx_word' id='word_1_700' title='bbox 1265 2221 1415 2255; x_wconf 80' lang='lat' dir='ltr'>utcunque</span> <span class='ocrx_word' id='word_1_701' title='bbox 1431 2221 1527 2245; x_wconf 63' lang='lat' dir='ltr'>seres</span> <span class='ocrx_word' id='word_1_702' title='bbox 1551 2215 1688 2245; x_wconf 83' lang='lat' dir='ltr'>habuerit</span> <span class='ocrx_word' id='word_1_703' title='bbox 1705 2227 1756 2246; x_wconf 86' lang='lat' dir='ltr'>su-</span> 
     </span>
     <span class='ocr_line' id='line_1_112' title="bbox 1051 2258 1757 2296; baseline 0.004 -10"><span class='ocrx_word' id='word_1_704' title='bbox 1051 2258 1224 2296; x_wconf 83' lang='lat' dir='ltr'>perioribus</span> <span class='ocrx_word' id='word_1_705' title='bbox 1235 2259 1349 2288; x_wconf 82' lang='lat' dir='ltr'>seculis</span> <span class='ocrx_word' id='word_1_706' title='bbox 1363 2269 1370 2295; x_wconf 89' lang='lat'>;</span> <span class='ocrx_word' id='word_1_707' title='bbox 1386 2263 1417 2287; x_wconf 84' lang='lat' dir='ltr'>at</span> <span class='ocrx_word' id='word_1_708' title='bbox 1426 2263 1509 2288; x_wconf 84' lang='lat' dir='ltr'>certe</span> <span class='ocrx_word' id='word_1_709' title='bbox 1525 2258 1757 2296; x_wconf 65' lang='lat' dir='ltr'>Clirysosthoini</span> 
     </span>
     <span class='ocr_line' id='line_1_113' title="bbox 1051 2301 1758 2341; baseline 0.004 -12"><span class='ocrx_word' id='word_1_710' title='bbox 1051 2301 1249 2339; x_wconf 83' lang='lat' dir='ltr'>temporibus,</span> <span class='ocrx_word' id='word_1_711' title='bbox 1276 2301 1422 2341; x_wconf 83' lang='lat' dir='ltr'>Episcopi</span> <span class='ocrx_word' id='word_1_712' title='bbox 1446 2311 1503 2330; x_wconf 85' lang='lat' dir='ltr'>non</span> <span class='ocrx_word' id='word_1_713' title='bbox 1528 2302 1633 2330; x_wconf 82' lang='lat' dir='ltr'>fraude</span> <span class='ocrx_word' id='word_1_714' title='bbox 1657 2302 1758 2341; x_wconf 82' lang='lat' dir='ltr'>aliqua</span> 
     </span>
     <span class='ocr_line' id='line_1_114' title="bbox 1050 2344 1756 2384; baseline 0.001 -12"><span class='ocrx_word' id='word_1_715' title='bbox 1050 2354 1106 2373; x_wconf 87' lang='lat' dir='ltr'>nec</span> <span class='ocrx_word' id='word_1_716' title='bbox 1122 2344 1230 2381; x_wconf 82' lang='lat' dir='ltr'>injuria</span> <span class='ocrx_word' id='word_1_717' title='bbox 1246 2355 1301 2373; x_wconf 88' lang='lat' dir='ltr'>nec</span> <span class='ocrx_word' id='word_1_718' title='bbox 1318 2344 1523 2383; x_wconf 84' lang='lat' dir='ltr'>usurpatione,</span> <span class='ocrx_word' id='word_1_719' title='bbox 1537 2344 1590 2373; x_wconf 87' lang='lat' dir='ltr'>sed</span> <span class='ocrx_word' id='word_1_720' title='bbox 1607 2354 1664 2373; x_wconf 84' lang='lat' dir='ltr'>suo</span> <span class='ocrx_word' id='word_1_721' title='bbox 1679 2356 1756 2384; x_wconf 88' lang='lat' dir='ltr'>quo-</span> 
     </span>
     <span class='ocr_line' id='line_1_115' title="bbox 1050 2387 1754 2426; baseline 0.001 -10"><span class='ocrx_word' id='word_1_722' title='bbox 1050 2387 1118 2416; x_wconf 83' lang='lat' dir='ltr'>dam</span> <span class='ocrx_word' id='word_1_723' title='bbox 1141 2389 1222 2426; x_wconf 84' lang='lat' dir='ltr'>jure,</span> <span class='ocrx_word' id='word_1_724' title='bbox 1245 2388 1320 2416; x_wconf 86' lang='lat' dir='ltr'>hanc</span> <span class='ocrx_word' id='word_1_725' title='bbox 1342 2387 1501 2417; x_wconf 81' lang='lat' dir='ltr'>ordinandi</span> <span class='ocrx_word' id='word_1_726' title='bbox 1524 2387 1754 2426; x_wconf 80' lang='lat' dir='ltr'>praerogativam</span> 
     </span>
     <span class='ocr_line' id='line_1_116' title="bbox 1048 2430 1756 2469; baseline 0.003 -10"><span class='ocrx_word' id='word_1_727' title='bbox 1048 2435 1139 2469; x_wconf 87' lang='lat' dir='ltr'>atque</span> <span class='ocrx_word' id='word_1_728' title='bbox 1156 2435 1339 2469; x_wconf 82' lang='lat' dir='ltr'>potestatem</span> <span class='ocrx_word' id='word_1_729' title='bbox 1361 2430 1568 2460; x_wconf 86' lang='lat' dir='ltr'>obtinuerint:</span> <span class='ocrx_word' id='word_1_730' title='bbox 1593 2435 1682 2469; x_wconf 87' lang='lat' dir='ltr'>atque</span> <span class='ocrx_word' id='word_1_731' title='bbox 1700 2431 1756 2461; x_wconf 83' lang='lat' dir='ltr'>hoc</span> 
     </span>
     <span class='ocr_line' id='line_1_117' title="bbox 1047 2472 1755 2512; baseline 0.003 -10"><span class='ocrx_word' id='word_1_732' title='bbox 1047 2472 1135 2502; x_wconf 87' lang='lat' dir='ltr'>fateri</span> <span class='ocrx_word' id='word_1_733' title='bbox 1159 2478 1319 2511; x_wconf 79' lang='lat' dir='ltr'>coguntur,</span> <span class='ocrx_word' id='word_1_734' title='bbox 1337 2473 1388 2512; x_wconf 89' lang='lat' dir='ltr'>qui</span> <span class='ocrx_word' id='word_1_735' title='bbox 1415 2483 1500 2503; x_wconf 80' lang='lat' dir='ltr'>sacro</span> <span class='ocrx_word' id='word_1_736' title='bbox 1524 2473 1569 2502; x_wconf 88' lang='lat' dir='ltr'>illi</span> <span class='ocrx_word' id='word_1_737' title='bbox 1589 2473 1689 2503; x_wconf 86' lang='lat' dir='ltr'>ordini</span> <span class='ocrx_word' id='word_1_738' title='bbox 1703 2475 1755 2504; x_wconf 85' lang='lat' dir='ltr'>vel</span> 
     </span>
     <span class='ocr_line' id='line_1_118' title="bbox 1047 2514 1755 2546; baseline 0.001 -1"><span class='ocrx_word' id='word_1_739' title='bbox 1047 2516 1181 2545; x_wconf 85' lang='lat' dir='ltr'>maxime</span> <span class='ocrx_word' id='word_1_740' title='bbox 1197 2516 1306 2545; x_wconf 84' lang='lat' dir='ltr'>infensi</span> <span class='ocrx_word' id='word_1_741' title='bbox 1319 2521 1432 2546; x_wconf 85' lang='lat' dir='ltr'>suntet</span> <span class='ocrx_word' id='word_1_742' title='bbox 1446 2516 1623 2546; x_wconf 82' lang='lat' dir='ltr'>adversarii.</span> <span class='ocrx_word' id='word_1_743' title='bbox 1644 2514 1755 2546; x_wconf 77' lang='grc' dir='ltr'>Ἐλατ-</span> 
     </span>
     <span class='ocr_line' id='line_1_119' title="bbox 1047 2557 1753 2600; baseline 0.001 -12"><span class='ocrx_word' id='word_1_744' title='bbox 1047 2570 1093 2588; x_wconf 83' lang='grc' dir='ltr'>τον</span> <span class='ocrx_word' id='word_1_745' title='bbox 1113 2557 1201 2600; x_wconf 82' lang='grc' dir='ltr'>ἔχειν,</span> <span class='ocrx_word' id='word_1_746' title='bbox 1227 2557 1310 2590; x_wconf 63' lang='grc' dir='ltr'>ἦττον</span> <span class='ocrx_word' id='word_1_747' title='bbox 1333 2558 1418 2600; x_wconf 77' lang='grc' dir='ltr'>ἔχειν,</span> <span class='ocrx_word' id='word_1_748' title='bbox 1443 2564 1474 2588; x_wconf 83' lang='lat' dir='ltr'>et.</span> <span class='ocrx_word' id='word_1_749' title='bbox 1501 2560 1578 2599; x_wconf 76' lang='grc' dir='ltr'>μεῖον</span> <span class='ocrx_word' id='word_1_750' title='bbox 1599 2558 1685 2600; x_wconf 76' lang='grc' dir='ltr'>ἔχειν,</span> <span class='ocrx_word' id='word_1_751' title='bbox 1702 2570 1753 2599; x_wconf 87' lang='lat' dir='ltr'>sy-</span> 
     </span>
     <span class='ocr_line' id='line_1_120' title="bbox 1049 2601 1755 2641; baseline 0.001 -11"><span class='ocrx_word' id='word_1_752' title='bbox 1049 2612 1177 2641; x_wconf 83' lang='lat' dir='ltr'>nonyma</span> <span class='ocrx_word' id='word_1_753' title='bbox 1193 2608 1274 2636; x_wconf 84' lang='lat' dir='ltr'>sunt,</span> <span class='ocrx_word' id='word_1_754' title='bbox 1296 2607 1326 2632; x_wconf 88' lang='lat' dir='ltr'>et</span> <span class='ocrx_word' id='word_1_755' title='bbox 1349 2603 1494 2632; x_wconf 88' lang='lat' dir='ltr'>dicuntur</span> <span class='ocrx_word' id='word_1_756' title='bbox 1514 2603 1553 2631; x_wconf 87' lang='lat' dir='ltr'>de</span> <span class='ocrx_word' id='word_1_757' title='bbox 1577 2601 1664 2632; x_wconf 86' lang='lat' dir='ltr'>clade</span> <span class='ocrx_word' id='word_1_758' title='bbox 1690 2603 1755 2632; x_wconf 88' lang='lat' dir='ltr'>bel-</span> 
     </span>
     <span class='ocr_line' id='line_1_121' title="bbox 1046 2644 1754 2684; baseline 0 -10"><span class='ocrx_word' id='word_1_759' title='bbox 1046 2645 1118 2681; x_wconf 86' lang='lat' dir='ltr'>lica,</span> <span class='ocrx_word' id='word_1_760' title='bbox 1136 2655 1203 2674; x_wconf 86' lang='lat' dir='ltr'>cum</span> <span class='ocrx_word' id='word_1_761' title='bbox 1223 2646 1292 2684; x_wconf 85' lang='lat' dir='ltr'>quis</span> <span class='ocrx_word' id='word_1_762' title='bbox 1315 2645 1346 2674; x_wconf 89' lang='lat' dir='ltr'>iu</span> <span class='ocrx_word' id='word_1_763' title='bbox 1367 2645 1476 2684; x_wconf 86' lang='lat' dir='ltr'>praelio</span> <span class='ocrx_word' id='word_1_764' title='bbox 1500 2644 1627 2674; x_wconf 85' lang='lat' dir='ltr'>inferior</span> <span class='ocrx_word' id='word_1_765' title='bbox 1646 2649 1692 2675; x_wconf 79' lang='lat' dir='ltr'>cst</span> <span class='ocrx_word' id='word_1_766' title='bbox 1721 2650 1754 2675; x_wconf 88' lang='lat' dir='ltr'>et</span> 
     </span>
     <span class='ocr_line' id='line_1_122' title="bbox 1046 2687 1754 2727; baseline 0.001 -11"><span class='ocrx_word' id='word_1_767' title='bbox 1046 2687 1076 2717; x_wconf 90' lang='lat' dir='ltr'>in</span> <span class='ocrx_word' id='word_1_768' title='bbox 1111 2688 1209 2727; x_wconf 85' lang='lat' dir='ltr'>pejori</span> <span class='ocrx_word' id='word_1_769' title='bbox 1233 2688 1419 2724; x_wconf 85' lang='lat' dir='ltr'>conditione,</span> <span class='ocrx_word' id='word_1_770' title='bbox 1443 2688 1481 2717; x_wconf 79' lang='lat' dir='ltr'>ad</span> <span class='ocrx_word' id='word_1_771' title='bbox 1503 2690 1632 2717; x_wconf 87' lang='lat' dir='ltr'>verbum</span> <span class='ocrx_word' id='word_1_772' title='bbox 1655 2688 1754 2717; x_wconf 80' lang='lat' dir='ltr'>minus</span> 
     </span>
     <span class='ocr_line' id='line_1_123' title="bbox 1046 2730 1752 2770; baseline 0.001 -11"><span class='ocrx_word' id='word_1_773' title='bbox 1046 2730 1157 2766; x_wconf 79' lang='lat' dir='ltr'>habere,</span> <span class='ocrx_word' id='word_1_774' title='bbox 1175 2731 1256 2770; x_wconf 89' lang='lat' dir='ltr'>quod</span> <span class='ocrx_word' id='word_1_775' title='bbox 1272 2732 1339 2761; x_wconf 80' lang='lat' dir='ltr'>Lat.</span> <span class='ocrx_word' id='word_1_776' title='bbox 1356 2741 1414 2760; x_wconf 87' lang='lat' dir='ltr'>non</span> <span class='ocrx_word' id='word_1_777' title='bbox 1437 2731 1553 2766; x_wconf 83' lang='lat' dir='ltr'>dicunt,</span> <span class='ocrx_word' id='word_1_778' title='bbox 1572 2740 1627 2760; x_wconf 90' lang='lat' dir='ltr'>nos</span> <span class='ocrx_word' id='word_1_779' title='bbox 1650 2734 1752 2760; x_wconf 79' lang='lat' dir='ltr'>autem</span> 
     </span>
     <span class='ocr_line' id='line_1_124' title="bbox 1046 2773 1752 2813; baseline 0 -11"><span class='ocrx_word' id='word_1_780' title='bbox 1046 2773 1076 2803; x_wconf 90' lang='lat' dir='ltr'>in</span> <span class='ocrx_word' id='word_1_781' title='bbox 1099 2774 1202 2813; x_wconf 83' lang='lat' dir='ltr'>lingua</span> <span class='ocrx_word' id='word_1_782' title='bbox 1216 2774 1379 2804; x_wconf 84' lang='lat' dir='ltr'>vernacula</span> <span class='ocrx_word' id='word_1_783' title='bbox 1394 2774 1533 2803; x_wconf 83' lang='lat' dir='ltr'>videmur</span> <span class='ocrx_word' id='word_1_784' title='bbox 1549 2783 1644 2813; x_wconf 89' lang='lat' dir='ltr'>prope</span> <span class='ocrx_word' id='word_1_785' title='bbox 1665 2783 1752 2803; x_wconf 83' lang='lat' dir='ltr'>acce-</span> 
     </span>
     <span class='ocr_line' id='line_1_125' title="bbox 1047 2816 1754 2851; baseline 0 -5"><span class='ocrx_word' id='word_1_786' title='bbox 1047 2817 1119 2846; x_wconf 90' lang='lat' dir='ltr'>dere</span> <span class='ocrx_word' id='word_1_787' title='bbox 1142 2818 1178 2847; x_wconf 89' lang='lat' dir='ltr'>ad</span> <span class='ocrx_word' id='word_1_788' title='bbox 1197 2817 1251 2846; x_wconf 88' lang='lat' dir='ltr'>Gr.</span> <span class='ocrx_word' id='word_1_789' title='bbox 1274 2817 1349 2846; x_wconf 87' lang='lat' dir='ltr'>banc</span> <span class='ocrx_word' id='word_1_790' title='bbox 1372 2817 1568 2851; x_wconf 83' lang='lat' dir='ltr'>locutionem,</span> <span class='ocrx_word' id='word_1_791' title='bbox 1584 2826 1651 2845; x_wconf 90' lang='lat' dir='ltr'>cum</span> <span class='ocrx_word' id='word_1_792' title='bbox 1675 2816 1754 2846; x_wconf 86' lang='lat' dir='ltr'>dici·</span> 
     </span>
     <span class='ocr_line' id='line_1_126' title="bbox 1046 2859 1752 2891; baseline 0 -3"><span class='ocrx_word' id='word_1_793' title='bbox 1046 2870 1114 2889; x_wconf 85' lang='lat' dir='ltr'>mus</span> <span class='ocrx_word' id='word_1_794' title='bbox 1139 2866 1177 2888; x_wconf 79' lang='lat' dir='ltr'>To</span> <span class='ocrx_word' id='word_1_795' title='bbox 1197 2866 1291 2888; x_wconf 75' lang='grc' dir='ltr'>ΗΑνΕ</span> <span class='ocrx_word' id='word_1_796' title='bbox 1313 2866 1384 2888; x_wconf 76' lang='lat' dir='ltr'>THE</span> <span class='ocrx_word' id='word_1_797' title='bbox 1404 2864 1518 2887; x_wconf 80' lang='lat' dir='ltr'><strong><em>WORST</em></strong></span> <span class='ocrx_word' id='word_1_798' title='bbox 1536 2864 1622 2891; x_wconf 76' lang='lat' dir='ltr'>ozv’T,</span> <span class='ocrx_word' id='word_1_799' title='bbox 1651 2859 1690 2888; x_wconf 82' lang='lat' dir='ltr'>de</span> <span class='ocrx_word' id='word_1_800' title='bbox 1714 2870 1752 2890; x_wconf 87' lang='lat' dir='ltr'>eo</span> 
     </span>
    </p>
   </div>
   <div class='ocr_carea' id='block_1_5' title="bbox 1045 2901 1751 2942">
    <p class='ocr_par' dir='ltr' id='par_1_5' title="bbox 1045 2901 1751 2942">
     <span class='ocr_line' id='line_1_127' title="bbox 1045 2901 1751 2942; baseline -0.003 -10"><span class='ocrx_word' id='word_1_801' title='bbox 1045 2903 1097 2940; x_wconf 89' lang='lat' dir='ltr'>qui</span> <span class='ocrx_word' id='word_1_802' title='bbox 1121 2903 1150 2932; x_wconf 87' lang='lat' dir='ltr'>in</span> <span class='ocrx_word' id='word_1_803' title='bbox 1173 2902 1282 2942; x_wconf 85' lang='lat' dir='ltr'>praelio</span> <span class='ocrx_word' id='word_1_804' title='bbox 1302 2906 1348 2932; x_wconf 88' lang='lat' dir='ltr'>est</span> <span class='ocrx_word' id='word_1_805' title='bbox 1363 2901 1489 2931; x_wconf 88' lang='lat' dir='ltr'>inferior</span> <span class='ocrx_word' id='word_1_806' title='bbox 1511 2905 1543 2930; x_wconf 84' lang='lat' dir='ltr'>et</span> <span class='ocrx_word' id='word_1_807' title='bbox 1565 2902 1751 2933; x_wconf 84' lang='lat' dir='ltr'>succumbit.</span> 
     </span>
    </p>
   </div>
   <div class='ocr_carea' id='block_1_6' title="bbox 1046 2941 1753 3028">
    <p class='ocr_par' dir='ltr' id='par_1_6' title="bbox 1046 2941 1753 3028">
     <span class='ocr_line' id='line_1_128' title="bbox 1047 2941 1753 2985; baseline -0.001 -10"><span class='ocrx_word' id='word_1_808' title='bbox 1047 2945 1226 2985; x_wconf 84' lang='lat' dir='ltr'>Quanquam</span> <span class='ocrx_word' id='word_1_809' title='bbox 1245 2956 1318 2976; x_wconf 87' lang='lat' dir='ltr'>vero</span> <span class='ocrx_word' id='word_1_810' title='bbox 1334 2945 1398 2974; x_wconf 86' lang='lat' dir='ltr'>haec</span> <span class='ocrx_word' id='word_1_811' title='bbox 1417 2943 1518 2979; x_wconf 54' lang='lat' dir='ltr'>trimi</span> <span class='ocrx_word' id='word_1_812' title='bbox 1506 2942 1640 2980; x_wconf 75' lang='grc' dir='ltr'>ἔλαττον,</span> <span class='ocrx_word' id='word_1_813' title='bbox 1656 2941 1753 2985; x_wconf 55' lang='lat' dir='ltr'>inor,</span> 
     </span>
     <span class='ocr_line' id='line_1_129' title="bbox 1046 2987 1751 3028; baseline -0.003 -10"><span class='ocrx_word' id='word_1_814' title='bbox 1046 2994 1075 3018; x_wconf 86' lang='lat' dir='ltr'>et</span> <span class='ocrx_word' id='word_1_815' title='bbox 1085 2999 1176 3028; x_wconf 85' lang='grc' dir='ltr'>μειον,</span> <span class='ocrx_word' id='word_1_816' title='bbox 1193 2988 1223 3018; x_wconf 89' lang='lat' dir='ltr'>in</span> <span class='ocrx_word' id='word_1_817' title='bbox 1240 2987 1297 3018; x_wconf 85' lang='lat' dir='ltr'>hac</span> <span class='ocrx_word' id='word_1_818' title='bbox 1308 2987 1409 3027; x_wconf 79' lang='lat' dir='ltr'>phrasi</span> <span class='ocrx_word' id='word_1_819' title='bbox 1423 2987 1504 3016; x_wconf 88' lang='lat' dir='ltr'>idem</span> <span class='ocrx_word' id='word_1_820' title='bbox 1518 2991 1637 3023; x_wconf 88' lang='lat' dir='ltr'>sonent,</span> <span class='ocrx_word' id='word_1_821' title='bbox 1649 2993 1751 3016; x_wconf 85' lang='lat' dir='ltr'>tamen</span> 
     </span>
    </p>
   </div>
   <div class='ocr_carea' id='block_1_7' title="bbox 1046 3029 1750 3073">
    <p class='ocr_par' dir='ltr' id='par_1_7' title="bbox 1046 3029 1750 3073">
     <span class='ocr_line' id='line_1_130' title="bbox 1046 3029 1750 3073; baseline -0.003 -12"><span class='ocrx_word' id='word_1_822' title='bbox 1046 3032 1139 3061; x_wconf 89' lang='lat' dir='ltr'>verba</span> <span class='ocrx_word' id='word_1_823' title='bbox 1152 3032 1252 3062; x_wconf 88' lang='lat' dir='ltr'>deriv.</span> <span class='ocrx_word' id='word_1_824' title='bbox 1277 3032 1314 3062; x_wconf 77' lang='lat' dir='ltr'>ab</span> <span class='ocrx_word' id='word_1_825' title='bbox 1328 3030 1368 3061; x_wconf 89' lang='lat' dir='ltr'>iis</span> <span class='ocrx_word' id='word_1_826' title='bbox 1388 3030 1532 3062; x_wconf 82' lang='lat' dir='ltr'>videntur</span> <span class='ocrx_word' id='word_1_827' title='bbox 1546 3029 1620 3060; x_wconf 86' lang='lat' dir='ltr'>mihi</span> <span class='ocrx_word' id='word_1_828' title='bbox 1634 3029 1750 3073; x_wconf 81' lang='lat' dir='ltr'>aliquid</span> 
     </span>
    </p>
   </div>
  </div>
 </body>
</html>
