1964 3323
356 189 436 230 140

351 294 531 332 Augustano
554 293 596 324 sit
616 293 750 330 δεδιότας,
772 295 914 334 suspicor
933 293 1008 323 olim
1031 293 1061 323 in

350 336 438 366 libris
462 336 558 367 fuisse
583 336 770 379 ὄῤῥωδοῦντας,
792 339 822 368 in
845 337 935 377 eujus
959 337 1062 366 locum

351 380 501 410 scholium
518 379 652 416 δεδιότας,
666 385 697 411 et
713 380 823 411 vitiosa
839 380 930 410 lectio
947 380 1064 420 igin-m:

352 424 515 454 successit.
560 424 660 454 Video
685 434 764 453 nunc
785 423 917 462 Tayloru
942 433 1063 462 quoque

353 467 461 497 eadem
476 466 506 497 iu
521 472 652 497 mentem
668 467 797 497 venisse.
830 466 951 506 Reliqui
964 471 1064 495 tamen

354 509 519 548 vulgatam.

399 555 474 585 560.
488 556 543 583 14.
567 554 621 582 τῶν
635 551 730 581 ἄλλων
743 552 797 581 ’τινὶ
824 550 940 588 τούτων,
961 557 1066 581 συλλε-

353 593 485 636 χθέντες]
493 595 689 626 distinctione
700 595 841 625 mutanda
851 594 951 624 locum
962 594 1066 625 sanavi

355 643 388 668 et
410 638 593 670 illuminavi.
617 648 737 668 comma
762 639 882 668 scilicet
904 639 942 668 ad
959 648 1067 667 vocem

354 682 474 712 tertiam
501 682 658 712 revocavi.
703 681 900 710 Constructio
924 685 991 710 est:
1022 680 1066 718 γί-

353 725 461 763 γνησθε
486 724 631 766 κρείττους
658 723 783 753 ἑκάστου
811 723 928 754 τούτων.
961 724 1066 754 horum

355 769 606 808 [conspiratorum
621 768 653 797 in
668 772 791 796 vestram
812 766 932 806 pestem]
957 777 1065 797 unum-

354 821 492 851 quemque
506 811 646 850 superetis
659 815 746 849 atque
767 810 894 839 dometis.

397 856 474 886 561.
486 857 537 886 13.
551 852 578 894 ὃ]
596 853 697 883 malim
712 851 742 888 ἃ,
759 857 792 882 ut
806 853 907 883 omnia
929 853 1067 891 praernis-

345 904 401 934 sa,
414 896 500 935 γένος.
514 898 647 931 πλοῦτος,
664 895 793 935 δύναμις,
813 896 1045 935 complectatur.

399 958 443 963 —
458 941 534 973 ibid.
549 939 582 969 ἄν
595 938 672 979 ὕβρις
685 937 717 980 ᾖ]
739 939 841 968 malim
858 942 911 968 aut
925 938 958 969 ἂν
972 936 1067 980 zeph-p

357 984 436 1023 (uno
448 982 614 1021 vocabulo)
629 986 682 1012 aut
696 981 728 1011 ἂν
739 980 816 1022 ὕβρις
827 982 928 1023 vrgao-53,
940 992 1069 1021 quorum

357 1027 415 1057 hoc
431 1037 448 1056 a
463 1027 551 1056 libris
566 1026 772 1061 confirmatur,
784 1032 816 1056 et
827 1025 935 1055 maluit
945 1035 1068 1065 quoque

357 1070 520 1108 Taylorus,
537 1074 587 1099 aut
602 1068 635 1098 ἂν
650 1067 726 1108 ῧΒςει
741 1069 818 1110 συνῇ.

399 1130 442 1134 -—
460 1115 510 1142 17.
527 1110 753 1152 στασιάζοντας]
777 1111 899 1141 restitui
924 1121 980 1149 pro
1002 1111 1070 1141 vul-

358 1159 429 1193 gato
460 1156 693 1189 σταςιάσαντας.
732 1155 803 1185 ideo
835 1155 1069 1194 appellebantur

357 1199 575 1229 Alcmaeonidae
595 1208 614 1228 a
632 1197 853 1234 Pisistratidis,
877 1198 959 1237 quod
980 1196 1070 1227 ἔσται·

357 1239 462 1282 σίαζον,
491 1242 590 1272 adhuc
620 1242 694 1271 dum
723 1241 884 1271 factionem
917 1241 1071 1280 agitarent

357 1290 448 1324 atque
464 1285 732 1319 tumultuarentur,
748 1294 808 1314 uon
824 1285 906 1323 quod
925 1283 1067 1314 ἐστασία-

357 1339 421 1363 σαν,
436 1328 510 1358 olim
526 1328 692 1367 aliquando
708 1327 739 1357 id
755 1327 912 1358 fecissent.

400 1387 442 1394 —
458 1374 512 1402 20.
528 1371 575 1401 nai
594 1371 700 1404 ταύτης
716 1371 746 1401 δὴ
759 1372 810 1404 τῆς
824 1370 920 1406 οἰκίας,
934 1368 964 1404 ’ἦς
980 1370 1069 1411 ὑπάρ-

357 1415 458 1455 χουσι]
471 1415 578 1445 addidi
591 1415 631 1450 δὴ,
645 1414 728 1454 quod
739 1414 828 1444 deest
840 1414 981 1453 vulgatae.
1005 1413 1069 1443 Sed

356 1458 490 1487 nondum
506 1458 553 1487 sie
574 1458 662 1487 locus
686 1463 734 1487 est
755 1458 977 1497 complanatus.
1002 1467 1069 1486 nam

357 1500 456 1530 adhuc
468 1501 556 1531 deest
572 1500 611 1536 δὲ,
628 1505 659 1530 et
673 1501 835 1531 delendum
852 1506 898 1530 est
913 1498 953 1534 ἧς.
978 1504 1010 1530 ut
1026 1500 1070 1529 sic

357 1599 398 1616 σι.
427 1588 509 1627 atqui
523 1587 612 1626 hujus
627 1597 737 1627 quoque
753 1588 863 1623 donnas,
887 1592 948 1622 aut,
963 1589 1010 1616 sed
1025 1586 1072 1616 vel.

360 1629 448 1668 hujus
460 1640 569 1671 quoque
582 1631 692 1660 donms.
714 1640 774 1660 non
786 1640 913 1669 possum
928 1629 1072 1659 dissimu-

361 1673 426 1703 lare
447 1673 620 1708 lectionem,
642 1682 733 1712 quam
749 1673 780 1701 in
797 1673 932 1712 margine
953 1672 1071 1702 codicis

362 1716 505 1746 Bavarici
519 1717 632 1756 reperi,
644 1726 711 1755 quae
722 1716 820 1745 videri
830 1715 932 1755 possit
943 1725 1026 1751 vcra,
1042 1721 1073 1745 et

360 1759 484 1798 elegans
500 1760 588 1795 adeo,
603 1759 661 1788 nisi
679 1758 847 1797 elegantior
872 1764 966 1792 esset,
982 1768 1071 1798 quam

359 1812 417 1840 pro
440 1802 551 1841 spiritu
578 1801 825 1832 Demosthenico.
848 1801 970 1830 accedit
991 1801 1072 1831 enim

360 1846 399 1874 ad
412 1845 558 1884 tragicam
572 1843 894 1883 audentiloquentiam.
918 1844 975 1874 Est
989 1844 1071 1873 haec:

359 1887 407 1917 καὶ
431 1888 540 1923 ταύτης
559 1889 610 1922 τῆς
631 1885 718 1921 οἰκίας
739 1888 881 1926 συγγενεῖς
901 1887 1073 1928 ὑπάξχουσι.

359 1931 517 1962 laudarem
534 1935 566 1961 et
580 1931 718 1961 tollerem
735 1930 765 1960 in
781 1936 872 1969 poeta
886 1930 1072 1960 dictionem:

361 1973 430 2004 huic
452 1976 535 2015 genti
555 1979 682 2015 cognata
702 1979 772 2004 sunt
795 1973 893 2003 multa
915 1978 942 2003 et
964 1984 1074 2013 magna

362 2018 509 2057 beneficia,
531 2018 634 2058 quibus
648 2028 681 2046 ea
700 2027 773 2057 gens
789 2017 932 2056 populum
946 2017 1072 2046 ornavit.

361 2060 470 2090 volunt
488 2061 725 2091 Demosthenem
742 2061 791 2090 hic
807 2061 838 2090 in
850 2059 1002 2100 geminum
1018 2060 1074 2089 im-

361 2104 485 2142 pegisse
509 2104 687 2143 scopulum;
711 2103 851 2139 alterum,
868 2104 951 2142 quod
971 2108 1074 2142 pater-

364 2156 435 2176 num
461 2149 527 2186 ejus
549 2157 646 2186 genus
667 2148 704 2176 ab
720 2146 939 2176 Alcmaeonidis
961 2145 1077 2186 repeti-

363 2189 432 2226 erit,
444 2190 584 2225 alterum,
595 2190 676 2228 quod
691 2195 858 2219 maternum
871 2189 908 2218 ab
921 2189 1077 2228 Hipponi-

364 2243 411 2262 co.
453 2234 557 2263 Possit
573 2239 726 2272 utcunque
743 2233 838 2262 altera
851 2236 936 2262 certe
952 2231 1076 2261 liberari

364 2276 612 2314 reprehensione.
656 2275 771 2306 Clinias
787 2275 878 2310 enim,
892 2279 981 2314 pater
992 2274 1077 2305 Alci-

366 2319 478 2354 biadis,
495 2330 549 2358 per
571 2323 698 2349 matrem
719 2324 785 2349 erat
804 2319 842 2349 ab
858 2317 1077 2348 Alemaeonidis

366 2363 521 2392 oriundus.

408 2423 449 2428 —-
463 2408 515 2436 ⁶23.
529 2405 647 2445 θέμενος
658 2406 698 2435 τὰ.
712 2403 806 2445 δ’πλοι]
822 2404 905 2435 Gitat
920 2404 950 2434 h.
961 2405 982 2435 Ι.
996 2405 1078 2435 Har-

366 2458 452 2487 pocr.
468 2449 525 2478 hac
541 2459 629 2479 voce.

409 2509 452 2514 —
468 2493 522 2521 ult.
538 2491 584 2521 τᾶν
597 2490 705 2532 χρόνον]
723 2491 788 2521 haeo
804 2491 864 2520 duo
881 2490 975 2520 verba
992 2489 1077 2519 uncis

366 2533 488 2563 inclusi.
512 2535 534 2564 οἱ
557 2534 627 2564 κατ’
639 2533 734 2564 ἐκεῖνον
757 2534 897 2575 [scilicet
919 2532 1076 2574 γεγονότες]

367 2575 495 2616 ἡμέτεροι
526 2577 657 2617 πρόγονοι.
687 2579 782 2607 nostri
817 2579 961 2616 majores,
987 2576 1078 2606 istius

366 2621 511 2660 aequalcs.

411 2664 486 2696 562.
500 2667 530 2693 1.
543 2662 642 2696 οὐδενὸς
657 2662 778 2704 τούτων]
795 2663 924 2692 subaudi
938 2661 1014 2699 ἀντὶ,
1030 2661 1077 2692 vel

363 2706 455 2748 χάριν.
474 2706 547 2736 nihil
562 2706 610 2736 hic
621 2706 718 2735 deest.
736 2716 881 2745 perquam
892 2705 1005 2736 usitata
1015 2706 1079 2736 baec

369 2755 416 2779 est
430 2749 561 2789 ellipsis.
576 2760 605 2779 v.
622 2759 653 2787 p.
671 2751 744 2779 566
763 2752 814 2779 20.

408 2810 452 2818 --
467 2797 497 2824 8.
512 2791 652 2833 Ταυρέαν]
676 2793 759 2822 Citat
780 2793 809 2821 b.
825 2791 846 2821 l.
873 2791 1026 2830 Harpocr.
1047 2803 1078 2822 v.

366 2835 501 2876 Ταυρέας.
516 2841 547 2866 et
562 2834 609 2866 ἐπὶ
623 2834 722 2875 κόῤῥης.

409 2898 452 2902 --
473 2882 525 2909 1¹2.
544 2876 733 2919 Ἀγάθαρχον]
758 2877 843 2907 Citat
867 2877 1022 2916 Harpocr.
1048 2888 1077 2908 v.

366 2920 559 2964 Ἀγάθαρχος.
595 2922 633 2951 In
649 2925 827 2960 Augustano
844 2925 894 2948 est
906 2918 1080 2960 Ἀγίιθειςγον

365 2965 439 3005 (per
450 2969 488 3007 y)
503 2965 606 2996 nescio
622 2975 659 2994 an
674 2968 770 2994 recte.
794 2968 827 2993 ut
844 2964 989 2992 bonorum
1004 2973 1078 3002 ope-

364 3017 430 3038 rum
446 3014 601 3040 auctorem
618 3007 770 3047 significet
791 3006 849 3036 hoo
872 3016 980 3036 nomeu
1004 3016 1078 3046 pro-

735 187 773 230 Ι.
796 187 831 230 Ι.
854 186 1081 230 REISKE
1106 185 1432 230 ANNOTATA

1096 294 1207 333 prium.
1229 305 1310 335 αςγον
1327 305 1385 334 pro
1405 293 1480 335 ἔργον
1494 297 1618 325 veteres
1633 293 1667 325 in
1681 303 1807 334 compo-

1097 338 1166 367 sitis
1180 347 1356 376 usurpasse,
1368 337 1481 377 colligo
1494 348 1511 368 e
1527 337 1674 368 vocabulo
1685 335 1807 378 ἔναςγίις.

1140 397 1183 403 --
1200 382 1253 410 13.
1263 380 1360 413 λαβὼν
1375 379 1402 410 δέ
1415 392 1446 411 τι
1459 380 1708 422 πλημμελοῦντα]
1725 381 1811 410 Gon-

1099 424 1197 453 cludit
1209 424 1254 453 sic
1267 434 1274 452 :
1301 423 1430 453 Etiamsi
1441 425 1639 454 concederem
1653 423 1808 462 piaculum

1100 466 1206 496 Midiae
1229 466 1328 496 minus
1351 477 1420 496 esse
1435 467 1624 503 Alcibiaden,
1645 472 1743 497 tamen
1758 475 1813 496 ea-

1099 510 1169 539 dem
1191 509 1242 539 ille
1266 520 1356 548 poena
1371 515 1456 539 esset
1470 511 1658 546 afficiendus,
1677 519 1737 549 qua
1752 508 1810 539 fuit

1100 553 1280 582 Alcibiades
1306 554 1449 588 affectus,
1474 553 1586 583 exsilio
1615 558 1698 592 puta„
1735 552 1810 592 quia

1100 597 1225 631 scelera,
1241 596 1352 635 quibus
1368 597 1508 634 majestas
1528 597 1653 626 deorum
1667 595 1810 631 violatur,

1100 639 1202 669 omnia
1216 639 1282 678 pari
1298 650 1389 679 poena
1403 640 1495 679 digna
1509 640 1670 669 habentur.
1692 639 1810 668 Verum

1100 693 1158 712 nec
1172 683 1272 712 minus
1288 688 1346 713 est.
1372 683 1424 722 qui
1440 683 1520 712 enim
1536 682 1637 712 minus
1659 681 1712 711 ille
1735 692 1810 721 pec-

1100 736 1169 755 care
1185 731 1289 764 queat,
1304 726 1357 765 qui
1374 730 1467 755 totam
1480 730 1596 756 vestem
1613 735 1730 755 sacram
1742 735 1811 755 cor·

1100 770 1232 807 rumpat,
1247 779 1335 808 quam
1354 769 1406 808 qui
1428 769 1550 808 siguum
1574 768 1698 808 aliquod
1720 772 1810 808 parte

1100 813 1230 851 quadam
1246 812 1365 842 mutilet
1375 812 1388 841 ’Β

1142 872 1186 877 —-
1201 858 1253 886 18.
1273 856 1360 886 τοῦτο
1381 853 1479 895 ποιῶν]
1502 854 1568 885 scil.
1584 853 1722 896 ἀφανίζων
1743 855 1814 895 ἱερὰν

1100 896 1220 928 ἐσθῆτα.

1143 959 1188 963 -—
1202 943 1255 972 19.
1270 940 1331 970 τίσι
1351 939 1439 970 ταῦτ’
1452 939 1663 981 ἐνδεικνύμενος]
1686 942 1814 971 Senten-

1101 983 1144 1013 tia
1160 991 1224 1014 est:
1248 984 1431 1022 colligamus
1451 988 1483 1013 et
1503 989 1678 1023 spectemus
1694 994 1710 1014 e
1731 994 1817 1014 com-

1103 1027 1269 1067 paratione,
1285 1027 1354 1066 quis
1372 1027 1438 1065 ipse
1462 1027 1514 1062 sit,
1536 1026 1589 1066 qui
1611 1027 1687 1056 talia
1706 1027 1813 1057 in-rvos

1103 1080 1194 1100 ausus
1218 1075 1277 1106 est,
1299 1075 1330 1100 et
1353 1070 1475 1109 quinam
1500 1070 1569 1099 sitis
1588 1080 1653 1106 vos,
1673 1071 1710 1100 ad
1735 1079 1814 1110 quos

1102 1113 1155 1143 ille
1168 1124 1251 1143 suam
1263 1114 1361 1152 jactat
1371 1113 1557 1153 superbiam,
1567 1113 1748 1153 potentiam,
1762 1124 1814 1155 pe·

1103 1157 1333 1196 tulantiamque.
1355 1155 1519 1187 ἐνδείκνυται
1539 1155 1585 1190 τίς
1606 1167 1672 1192 τινι,
1696 1158 1747 1196 qui
1773 1157 1815 1187 ad

1103 1201 1230 1230 alterum
1247 1211 1313 1230 sese
1335 1210 1388 1230 seu
1405 1200 1508 1230 verbis
1528 1200 1761 1230 contumeliosis
1784 1206 1818 1230 et

1103 1243 1326 1282 arrogantibus,
1346 1254 1400 1273 seu
1423 1243 1514 1273 factis
1536 1244 1708 1273 insolentiae
1722 1248 1814 1283 atque

1102 1286 1292 1326 impotentiae
1310 1286 1411 1325 plenis
1421 1288 1530 1325 jactat,
1544 1286 1710 1316 insultandi
1727 1297 1816 1325 ergo,

1103 1334 1135 1360 et
1155 1340 1216 1369 quo
1234 1329 1472 1369 magnitudinem
1494 1329 1664 1360 nobilitatis
1680 1329 1815 1368 generis,

1103 1383 1194 1412 opum
1208 1383 1329 1403 suarum
1345 1376 1527 1411 ‹raeteraeque
1544 1382 1607 1403 suae
1623 1373 1816 1403 excellentiae

1104 1417 1132 1446 ei
1159 1418 1312 1446 ostendat.
1358 1417 1449 1446 Patet
1474 1415 1546 1445 hinc
1566 1416 1695 1446 verbum
1717 1416 1775 1446 hoc
1797 1426 1816 1445 a

1105 1460 1254 1489 Lambino
1275 1459 1428 1489 immerito
1451 1469 1520 1489 esse
1541 1463 1688 1489 notatum.
1733 1459 1815 1496 Quis

1104 1507 1153 1532 est
1168 1503 1204 1532 ad
1223 1501 1301 1533 vos?
1324 1502 1376 1541 qui
1394 1512 1449 1532 vos
1464 1502 1542 1532 estis
1561 1502 1600 1532 ad
1625 1512 1705 1533 eum.
1749 1503 1816 1532 Vos

1105 1546 1164 1575 orti
1180 1546 1254 1575 estis
1269 1556 1287 1575 a
1305 1545 1483 1584 majoribus,
1505 1545 1559 1585 qui
1583 1544 1692 1575 animis
1715 1549 1817 1576 essent

1105 1589 1226 1628 praediti
1239 1594 1297 1618 tam
1312 1588 1459 1624 excelsis,
1473 1592 1505 1617 ut
1517 1587 1659 1628 injuriam
1672 1589 1818 1628 accipere

1106 1632 1221 1662 nollent
1239 1633 1277 1661 ab
1296 1631 1415 1661 homine
1432 1630 1636 1667 nobilissimo,
1650 1631 1817 1668 ditissimo,

1107 1675 1339 1709 facundissimo,
1353 1674 1530 1709 fortissimo,
1546 1675 1586 1703 de
1605 1684 1671 1712 rep.
1687 1675 1819 1714 insigni-

1106 1722 1154 1747 ter
1179 1718 1301 1747 merito.
1343 1716 1407 1746 Hic
1431 1727 1448 1746 e
1471 1717 1662 1755 sterquilinio
1685 1718 1820 1754 exstitit,

1107 1760 1244 1800 spurius,
1257 1759 1486 1798 supposititius,
1500 1760 1657 1796 barbarus,
1669 1766 1741 1791 natu
1754 1771 1819 1791 ser-

1107 1813 1177 1838 vus,
1205 1802 1259 1842 qui
1288 1807 1470 1841 patremque
1496 1807 1686 1842 matremque
1713 1814 1819 1834 veram

1108 1845 1225 1876 nesciat
1247 1845 1414 1880 nominare,
1441 1845 1566 1875 dicendi
1595 1846 1705 1883 infans,
1725 1847 1819 1877 nullis

1106 1890 1200 1919 rebus
1223 1887 1320 1928 gestis
1344 1888 1457 1924 clarus,
1480 1889 1561 1919 omni
1591 1889 1743 1921 dedecore
1768 1900 1822 1920 co·

1108 1937 1246 1972 opertus,
1261 1931 1341 1961 omni
1357 1931 1473 1969 flagitio
1489 1931 1679 1962 nobilitatus.

1149 1993 1193 1999 --
1204 1975 1280 2004 ibid.
1294 1976 1336 2014 μὴ
1347 1973 1434 2005 τοίνυν
1446 1975 1515 2015 ὑμῖν
1526 1974 1603 2029 σςός
1613 1987 1647 2005 το
1660 1976 1704 2016 μὴ
1719 1974 1820 2015 mxiv]

1108 2017 1283 2058 transposui
1298 2018 1366 2056 ὕμιν
1382 2022 1453 2057 post
1465 2017 1562 2054 και-λον,
1580 2022 1612 2048 et
1634 2029 1688 2059 pro
1703 2031 1737 2049 το
1757 2019 1822 2049 suf-

1107 2062 1167 2092 feci
1188 2061 1240 2101 τῷ.
1285 2062 1349 2091 Vos
1371 2061 1474 2100 itaque
1498 2072 1558 2091 non
1581 2062 1639 2091 hoc
1653 2063 1751 2092 solum
1769 2072 1822 2093 co-

1110 2106 1216 2144 gitate,
1239 2105 1320 2134 haud
1343 2104 1454 2134 decere
1469 2114 1536 2140 vos,
1557 2105 1611 2134 sed
1635 2105 1726 2134 etiam
1744 2106 1821 2142 hoe,

1109 2147 1234 2178 tametsi
1260 2147 1455 2186 ignominiam
1483 2147 1565 2177 ferre
1591 2147 1632 2178 nil
1658 2147 1823 2184 recusetis,

1109 2196 1210 2221 tamen
1234 2191 1318 2220 nefas
1334 2190 1456 2229 quidem
1480 2200 1560 2225 esse,
1585 2195 1619 2220 ut
1643 2191 1750 2221 Midiae
1766 2201 1821 2221 ve-

1111 2235 1191 2264 niam
1214 2233 1344 2263 faciatis.
1368 2232 1436 2264 εῖναι
1457 2238 1528 2272 post
1549 2232 1636 2263 καλόν
1655 2234 1726 2274 ὑμῖν
1738 2244 1821 2275 aegre

1111 2277 1275 2314 desider03
1296 2276 1352 2306 sed
1375 2277 1486 2306 bonum
1503 2276 1662 2312 Wolfium,
1684 2277 1737 2317 qui
1760 2288 1822 2309 non

1111 2319 1170 2350 nisi
1187 2320 1276 2355 bona,
1292 2329 1375 2354 vera,
1389 2325 1487 2356 recta,
1505 2319 1560 2349 sed
1581 2319 1694 2350 idonea
1715 2331 1822 2360 quam-

1111 2374 1200 2403 quam
1218 2362 1324 2403 paucis
1339 2363 1443 2392 verbis
1455 2367 1600 2399 notasset,
1616 2367 1677 2393 tam
1687 2362 1824 2405 indignis

1111 2406 1212 2436 modis
1225 2416 1242 2435 a
1252 2405 1384 2445 Tayloro
1399 2409 1570 2446 acceptum,
1583 2416 1670 2445 paene
1685 2407 1824 2438 dixeram

1112 2454 1172 2480 tam
1187 2449 1303 2479 furiose
1319 2449 1496 2484 laceratum,
1510 2449 1626 2488 aegrius
1639 2449 1716 2480 fero.

1152 2510 1196 2515 —-
1211 2494 1262 2523 26.
1279 2489 1356 2526 ουτός
1377 2502 1409 2529 γε
1418 2490 1546 2545 οὗδενός]
1568 2491 1698 2522 mediam
1714 2502 1822 2523 vocem

1111 2535 1227 2566 addidi.
1251 2545 1284 2579 γε
1299 2545 1336 2565 ne
1352 2535 1391 2565 ad
1405 2546 1496 2571 ουτος,
1511 2536 1565 2565 sed
1580 2535 1620 2564 ad
1640 2536 1825 2576 στρατιώτης

1112 2579 1205 2609 refer.
1227 2589 1287 2608 non
1301 2579 1467 2617 imperator,
1488 2578 1537 2608 sed
1559 2576 1618 2608 οὐδὲ
1642 2578 1826 2619 στρατιώτης

1110 2632 1154 2660 γε,
1165 2633 1203 2652 ne
1212 2622 1294 2651 mites
1303 2623 1419 2661 quidem
1427 2621 1594 2662 gregarius.
1586 2631 1670 2651 mum
1680 2632 1824 2662 quoquam

1110 2665 1332 2704 comparandus.

1154 2726 1198 2732 --
1213 2710 1264 2738 (27.
1283 2706 1309 2737 ἐν
1331 2704 1369 2740 οἷς
1393 2705 1464 2748 κοινῇ
1487 2705 1543 2746 μὲν
1564 2705 1654 2748 οὐδὲν]
1671 2705 1824 2738 sententia

1110 2750 1335 2790 insequentium
1346 2749 1400 2790 ἰδίᾳ
1413 2751 1526 2782 πάντας
1538 2748 1703 2790 ἀνθρώπους,
1717 2755 1825 2789 postu-

1112 2795 1166 2829 lat,
1182 2798 1216 2824 ut
1231 2793 1280 2823 bio
1295 2793 1424 2832 legatur,
1449 2790 1479 2822 ἐν
1496 2790 1534 2826 οἷς
1556 2792 1631 2834 κοινῇ
1650 2793 1707 2833 μὲν
1728 2791 1822 2823 οὐδένα

1111 2836 1192 2867 ουδὲν.
1215 2838 1253 2866 de
1267 2837 1381 2866 nemine
1402 2836 1556 2876 quicquam
1579 2835 1645 2866 boni
1667 2836 1822 2875 praedicat,

1111 2890 1206 2910 omnes
1215 2883 1315 2910 autem
1326 2877 1463 2919 infamat.
1487 2878 1616 2918 opponit
1631 2878 1710 2909 iuter
1725 2889 1758 2908 se
1772 2889 1824 2910 ne-

1111 2924 1217 2953 minem
1232 2929 1262 2952 et
1271 2931 1376 2951 omnes.
1421 2921 1582 2961 vulgatam
1599 2921 1626 2951 si
1641 2921 1750 2956 tueris,
1765 2921 1824 2952 erit

1111 2966 1176 2996 haec
1203 2964 1373 2996 sententia:
1405 2964 1522 2994 nullius
1543 2975 1674 3004 unquam
1702 2964 1824 2996 consilii

1110 3008 1236 3048 publico
1251 3007 1394 3047 salutarit
1408 3011 1515 3039 auctor
1530 3007 1599 3039 fuit.
