1997 3323
342 193 428 234 32.

342 298 388 338 [id
403 297 577 336 est‚’s'goam.
594 300 685 337 atque
701 308 755 328 vos
769 298 968 336 interrogent.
984 308 1051 327 nain

341 342 420 379 ὑμας
433 341 574 371 facillime
591 341 772 381 omittatur]
789 340 902 380 Ὑμεῖς,
914 340 1052 380 ἄνδρες-

345 384 417 418 Vos,
434 394 451 413 o
467 384 671 414 Athenienses
687 402 739 413 ——-.
778 385 880 413 Satius
898 383 977 412 enim
994 388 1052 418 est,

341 426 571 463 nominativum,
594 427 642 456 cui
664 426 800 466 πέμπετε
823 426 980 461 innitatur,
997 436 1051 455 ex-

341 479 494 508 pressum,
522 481 610 508 quani
637 480 809 507 repressum
838 479 918 505 esse,
949 478 1052 507 quam-

342 523 431 551 quam
448 513 496 542 vis
513 514 578 552 ejus
593 513 622 542 in
639 511 775 551 πέμπετε
793 512 896 551 utique
911 512 1001 541 inest.

385 574 426 578 —
443 558 495 585 521.
519 557 567 586 καῖ
585 556 702 586 ἅπαντα
718 556 754 584 ad
771 556 902 594 ποιοῦμεν
915 557 968 594 γὰρ
983 555 1051 584 ταῦ-

343 599 398 640 τα]
424 600 487 628 liaec
505 600 600 629 verba
614 599 708 636 signis
725 599 941 636 parentheseos
957 598 1052 627 inclu-

342 653 438 672 seram
453 654 461 680 3
478 643 530 672 sed
545 652 703 681 operarum
721 640 876 671 festinatio
893 641 1051 680 praetervi-

341 686 398 715 dit.
425 686 512 715 Adde
532 686 635 723 itaque
657 690 700 720 tu,
718 685 856 724 quisquis
879 695 924 720 es,
941 685 1051 720 lector.

341 729 401 758 ista
428 729 514 767 signa
546 728 701 758 sententiae
725 728 913 757 necessaria:
949 731 1052 757 orator

342 772 419 800 enim
439 773 513 800 banc
531 772 754 805 sententiolam,
771 771 818 800 vel
833 771 936 809 potius
949 775 1049 800 notam

341 820 431 853 atque
455 815 718 853 reprehensionem
740 814 779 842 de
799 824 854 843 suo
877 814 1004 853 ingessit
1019 814 1050 843 in

341 859 509 886 orationem
525 868 542 887 a
557 868 589 886 se
603 859 758 886 conlictarn
777 857 962 886 Graecorum.
992 858 1052 886 De-

341 901 411 929 inde
428 906 500 938 post
514 902 554 929 τὰ
570 902 690 930 τοιαῦτα
709 901 747 929 de
764 910 830 928 ineo
846 900 950 928 addidi
967 899 998 928 ἅ.
1021 905 1052 929 et

341 944 461 982 reliqua
479 944 563 978 talia,
580 954 647 982 quae
673 953 797 972 necesse
818 947 866 972 est
888 952 943 972 nos
965 942 1051 972 fateri

341 997 414 1015 vera
430 997 509 1016 esse.
532 987 702 1017 factitamus
720 986 811 1015 enim.

385 1031 437 1060 99.
462 1032 492 1060 2.
515 1028 714 1070 ἐπιτειχίσας]
745 1028 895 1058 audacule
924 1027 1052 1063 dietum,

342 1071 463 1113 τύραννον
490 1071 680 1114 ἐπιτειχίζειν.
718 1082 832 1107 verum,
860 1071 887 1100 si
913 1075 1051 1110 metony-

341 1116 434 1144 miam
449 1126 604 1144 assumens
619 1116 681 1144 aias
697 1118 855 1154 tyrannum
872 1118 1051 1153 usurpatum

341 1169 421 1194 esse,
436 1169 491 1197 pro
508 1162 660 1197 potestate
675 1158 805 1196 tyranni,
818 1158 976 1187 evanescit
987 1167 1052 1186 om-

341 1201 388 1230 nis
409 1201 474 1236 illa,
495 1212 562 1239 quae
582 1201 714 1235 videtur,
736 1200 866 1230 durities
892 1200 1051 1230 dictionis.

340 1244 456 1283 populo
482 1244 602 1273 cuidam
620 1245 656 1274 ad
676 1244 757 1273 latus
780 1254 944 1282 apponere,
966 1244 1052 1273 velut

341 1297 441 1316 arcem
456 1288 618 1326 quandam,
637 1292 811 1326 tyranuum,
826 1287 857 1315 h.
875 1297 901 1315 e.
920 1287 949 1315 in
966 1296 1051 1316 man-

340 1330 421 1359 datis
436 1330 464 1360 ei
480 1331 564 1366 dare,
582 1337 613 1360 ut
633 1330 781 1369 populum
804 1329 936 1359 vicinum
954 1340 1052 1359 armo-

340 1383 406 1402 rum
418 1384 538 1403 suorum
551 1377 666 1404 terrore
677 1377 766 1412 atque
776 1373 882 1402 aculeo
895 1372 1051 1411 reprimat,

340 1416 514 1445 molitiones
537 1422 627 1455 atque
648 1416 844 1446 excursiones
861 1417 928 1455 ejus
945 1417 1050 1446 obser-

341 1464 392 1488 vet
408 1463 498 1498 atque
514 1464 664 1495 coerceat,
679 1459 807 1490 invitum
831 1465 933 1498 cogat,
953 1459 1051 1489 rebel-

338 1503 449 1531 lantem
466 1503 580 1532 domet.

381 1563 424 1567 ——-
440 1546 470 1575 3.
490 1545 702 1586 ἀπελύσασθε]
719 1544 821 1575 malim
838 1544 881 1574 sic
896 1544 956 1584 legi
970 1555 976 1573 :
993 1543 1050 1574 οὐδὲ

338 1587 424 1618 ταῦτ’
437 1588 651 1618 ἀπολύσασθαι
669 1589 715 1628 (in
737 1587 888 1618 infinitivo
912 1598 975 1618 aor.
994 1587 1052 1628 1.),

338 1631 360 1661 εἲ
379 1630 468 1670 μηδὲν
490 1631 573 1668 ἄλλο,
597 1631 763 1665 ἐβούλεσθε.
808 1631 968 1661 Sententia
985 1631 1050 1660 haeo

338 1679 402 1704 est:
426 1675 556 1704 decebat
569 1685 625 1704 vos
641 1675 701 1704 alia
713 1675 802 1714 plura
816 1675 969 1704 dedecora
985 1674 1049 1703 elu—

337 1717 411 1747 isse.
435 1727 491 1747 vos
509 1728 580 1748 vero
597 1718 751 1747 noluistis.
776 1717 874 1747 saltim
896 1717 960 1747 haec
984 1717 1046 1747 <luo

338 1761 510 1790 debebatis.
532 1767 564 1791 at
592 1771 628 1790 ne
656 1762 721 1790 haec
742 1761 865 1800 quidem
887 1759 970 1799 juvit
994 1771 1049 1790 vos

338 1803 453 1833 eluere.

378 1864 422 1869 -—
441 1849 472 1876 6.
496 1845 679 1887 πςεσέεύετε]
705 1846 828 1885 praetuli
853 1845 1048 1887 πρεσβεύεσθε

336 1888 366 1919 in
383 1890 497 1920 medio.
514 1889 618 1929 legati,
633 1890 786 1928 legatione
798 1890 833 1918 ad
845 1895 968 1919 exteros
982 1890 1048 1919 sun-

338 1938 455 1971 gentes,
476 1934 620 1963 dicuutur
642 1931 812 1973 πρεσβεύειν.
837 1944 854 1962 a
869 1933 980 1971 quibus
997 1943 1049 1962 au—

336 1981 398 2005 tem
422 1976 603 2006 civitatibus
623 1976 795 2012 mittuntur,
815 1976 873 2011 hae,
890 1986 947 2005 non
970 1976 1046 2015 ipsae

335 2018 541 2059 πρεσβεύουσι,
570 2020 626 2049 sed
657 2018 871 2060 πςεσβεύονται,
903 2019 1048 2058 delegant

334 2062 452 2101 legatos
471 2074 526 2092 suo
545 2062 678 2098 nomine,
698 2063 810 2101 quibus
825 2063 966 2092 mandata
980 2072 998 2091 a
1014 2072 1048 2092 se

334 2106 534 2135 committant.

377 2166 420 2170 —-
430 2150 460 2178 8.
477 2148 508 2178 τί
519 2148 647 2189 ἔςοῧμεν;
664 2147 678 2178 ἢ
691 2146 723 2177 τί
732 2148 860 2188 φήσομεν
870 2147 893 2188 3]
909 2158 968 2187 qua
980 2158 1046 2178 ora-

334 2191 417 2221 tione
433 2192 573 2221 utemur-'i
596 2202 663 2230 quae
681 2191 911 2231 praetexemus'?

378 2252 420 2256 -
437 2237 488 2265 22.
513 2234 534 2263 εἰ
555 2234 583 2265 δὲ
605 2233 663 2275 μὴ’]
689 2235 756 2264 scil.
773 2234 961 2264 πιστεύουσιν
982 2233 1048 2274 ἐμοι

335 2278 433 2306 ταῦτα
449 2279 599 2316 φάσκοντι.
622 2278 684 2312 vel,
704 2278 725 2308 εἶ
743 2275 771 2307 δὲ
786 2279 829 2318 μῆ
850 2277 937 2317 φασὶν
951 2276 1047 2308 ἀληθῆ

376 2321 390 2328 n..
413 2319 421 2329 ³
447 2320 463 2333 τ

334 2332 413 2350 ’ἴαῦτ
434 2331 512 2351 Ειναί.

380 2366 453 2395 100.
471 2367 501 2395 3.
524 2364 597 2406 ἥξει]
622 2364 691 2394 scil.
707 2361 774 2403 πξός
796 2364 883 2403 ὑμᾶς.
909 2374 948 2393 ex
967 2363 1047 2393 inse-

335 2407 513 2445 queminus.

378 2467 421 2472 —
436 2450 513 2479 ibid.
535 2448 728 2491 ἔεβιασμένα]
754 2448 875 2490 praetuli
896 2448 1048 2488 composi-

335 2498 397 2522 tum
415 2492 543 2532 συμὲεβ.
568 2493 599 2522 νί
616 2498 648 2523 et
663 2492 860 2523 necessitatis
876 2493 962 2531 quasi
978 2503 1047 2522 coa-

335 2536 408 2575 gulo
431 2536 526 2566 invita
548 2537 642 2570 unita,
665 2547 720 2566 ceu
745 2536 891 2566 torculari
916 2536 1046 2574 quodam

335 2589 524 2618 compressa,
541 2584 593 2608 aut
607 2579 726 2608 destina
742 2580 839 2609 ferrea
855 2589 1001 2608 connexa.

378 2639 420 2644 —
439 2625 488 2651 10.
514 2622 573 2652 οὐδὲ
589 2624 703 2652 πολλοῦ
720 2622 824 2662 δεῖ-]
850 2622 929 2651 idem
946 2628 994 2651 est
1011 2632 1046 2650 ac

334 2663 359 2693 si
383 2665 426 2694 sic
448 2666 614 2694 struxisset
629 2666 794 2694 orationem
809 2677 815 2694 ι
839 2666 867 2695 οὐ
884 2668 977 2698 κακῶς
994 2663 1050 2694 οὐδ

335 2709 426 2748 ἇςγῶς
444 2709 542 2738 ταῦτα
557 2707 740 2747 λογιζόμενος.
764 2709 792 2737 οὐ
812 2709 861 2737 τοῦ
878 2709 992 2737 πολλοῦ
1008 2707 1051 2736 &a

336 2750 408 2791 πςός
420 2750 453 2781 τὸ
466 2752 565 2781 ταῦτα
581 2751 803 2789 ὑπολαμβάνειν,
817 2752 897 2780 ἀλλά
912 2752 961 2779 τοῦ
978 2761 1047 2780 παν-

335 2795 391 2827 τός.
416 2805 473 2824 non
488 2795 565 2823 male
583 2794 627 2823 sic
643 2799 813 2829 autumans,
828 2804 925 2832 neque
946 2793 1047 2828 segni-

336 2842 391 2871 ler,
402 2838 685 2878 degeneremqnein
700 2837 833 2866 modum.
849 2837 930 2875 qnod
946 2837 1046 2875 quide

337 2880 481 2920 Philippo
506 2880 691 2920 suspicetur,
717 2881 802 2921 (cum
831 2891 875 2909 sc.
899 2879 974 2908 istas
1000 2889 1047 2909 ra-

335 2923 433 2952 tiones
456 2924 550 2953 malas
571 2924 694 2958 ducere,
713 2927 766 2952 aut
787 2927 899 2952 motum
917 2922 1046 2961 segnitie

335 2972 365 2995 et
376 2965 514 3005 ignavia)
526 2977 570 2995 nae
585 2968 611 2997 is
621 2977 678 2996 non
691 2976 810 3005 parum,
824 2967 877 2995 sed
891 2970 955 2994 toto
968 2965 1046 2995 coelo

336 3009 377 3038 sit
402 3010 595 3040 aberraturus
618 3021 635 3040 a
656 3019 741 3040 vero.
764 3019 858 3048 quare
885 3019 943 3038 non
969 3008 1047 3037 :nale

721 191 756 233 1.
779 191 813 234 I.
834 190 1058 234 REI'SKE
1094 191 1421 237 ANNOTATA

1086 297 1197 328 feceris
1213 299 1258 329 sic
1270 300 1480 339 distinguens:
1496 300 1555 331 οὐδὲ
1565 300 1687 340 (πολλοῦ
1702 301 1760 342 δεῖ)
1769 303 1798 332 οὐ

1086 343 1189 374 κακῶς.
1214 343 1265 371 ubi
1286 343 1344 373 ουδὲ
1364 345 1464 382 possit
1481 354 1537 384 pro
1556 345 1689 384 simplici
1706 345 1734 375 οὗ
1749 355 1799 374 ac—

1087 384 1158 422 cipi,
1184 389 1215 414 et
1242 385 1407 424 insequens
1434 387 1462 416 οὖ
1489 397 1544 426 pro
1571 397 1798 427 supervacaneo

1088 426 1203 456 haberi.

1129 487 1171 492 --
1188 472 1240 500 22.
1257 470 1422 511 Δςογγίλον]
1452 472 1527 501 citat
1553 473 1583 502 h.
1596 474 1616 502 l.
1642 473 1799 513 Har-poor.

1087 513 1117 541 in
1133 523 1220 542 voco.
1239 515 1402 553 Δρογγίλον,
1418 514 1546 550 medan,
1561 517 1722 557 Μάστειςα.
1744 517 1799 546 ubi

1088 555 1263 594 suspicatur
1280 557 1339 595 leg.
1353 567 1422 586 esse
1440 558 1592 598 Βάστειρα

1129 615 1172 620 —-
1187 600 1240 629 23.
1253 598 1371 641 ἐξαιρει]
1391 599 1520 630 malim
1511 610 1543 630 in
1560 600 1661 630 medio
1683 600 1799 643 ἐξαιρεῖ-

1086 652 1148 670 'Tale

1128 701 1171 706 —
1188 685 1241 714 ult.
1255 685 1388 726 μελινῶν]
1417 685 1490 715 citat
1517 686 1545 715 lr.
1559 685 1579 714 l.
1598 686 1753 725 Harpocr.
1769 697 1799 717 v.

1085 725 1196 766 μελίνη.
1220 728 1293 757 ilem
1324 729 1460 768 Elymol.
1481 730 1526 758 M.
1542 729 1649 758 eadem
1671 740 1746 759 voce
1767 740 1799 769 p.

1085 773 1160 801 577.
1178 772 1229 801 49.

1130 816 1252 843 101.1.
1274 813 1428 856 Βαξάθςῳ]
1455 815 1529 848 citat
1553 814 1583 844 h.
1599 815 1619 845 l.
1643 815 1798 856 Harpocr.

1086 867 1116 886 v.
1135 855 1283 897 Βάραθρον.

1128 916 1171 922 —
1186 902 1218 929 7.
1231 899 1339 939 ἀξιοῦν]
1355 900 1422 929 scil.
1438 900 1584 941 χρήματα
1599 898 1741 941 εἰσφέρειν.

1128 942 1264 972 ——ibid.
1289 944 1481 984 στράτευμα]
1511 943 1669 998 Diopitliis
1692 943 1799 982 copias

1086 983 1238 1023 designat.

1129 1045 1173 1050 —-
1189 1030 1240 1058 14.
1255 1028 1303 1058 και
1320 1025 1481 1069 δημοσίους]
1499 1038 1605 1058 rursus
1620 1028 1724 1058 addidi
1741 1025 1799 1058 καί.

1085 1069 1158 1100 item
1183 1081 1213 1110 p.
1239 1073 1314 1102 137.
1340 1073 1369 1101 9.
1399 1071 1451 1100 ubi
1477 1071 1563 1101 locus
1589 1071 1638 1101 hic
1661 1072 1800 1101 iteratur.

1086 1114 1211 1152 vulgata
1224 1114 1364 1154 copulam
1379 1114 1533 1146 omittens.
1549 1119 1716 1153 quaestores
1729 1124 1800 1143 cum

1086 1156 1298 1187 diribitoribus
1315 1157 1418 1197 [juvat
1439 1157 1483 1186 ita
1505 1158 1675 1196 appeliare,
1692 1168 1746 1186 seu
1764 1157 1802 1186 li-

1086 1200 1238 1236 ctoribus,
1254 1200 1501 1230 convenientiore
1518 1201 1726 1239 appellatione
1739 1205 1802 1229 sta-

1086 1242 1139 1272 tim
1163 1253 1222 1272 non
1252 1243 1465 1284 succurrente]
1491 1243 1611 1279 miscet,
1635 1244 1800 1273 honoratos
1831 1252 1834 1255 ·

1086 1285 1267 1324 magistratu
1290 1287 1451 1326 fungentes
1476 1287 1600 1324 publice
1616 1286 1800 1316 demandato

1086 1339 1154 1358 cum
1180 1329 1278 1359 servis
1305 1328 1449 1369 publicis.
1465 1329 1538 1359 citat
1561 1330 1591 1359 h.
1606 1330 1627 1359 l.
1646 1330 1799 1368 Harpocr.

1086 1382 1116 1401 v.
1134 1371 1275 1411 δημόσιος.

1129 1432 1173 1437 -
1185 1417 1235 1444 21.
1253 1415 1275 1444 εἶ
1292 1413 1319 1444 δέ
1335 1425 1377 1452 τῳ
1393 1414 1532 1455 Sonti—fl
1547 1413 1699 1444 Aristides
1710 1415 1749 1444 de
1761 1416 1799 1445 G.

1088 1458 1128 1487 D.
1146 1469 1177 1497 p.
1191 1460 1265 1488 262.
1281 1456 1473 1496 ἀξιοπιστίας
1488 1456 1515 1487 δὲ
1533 1456 1616 1497 [scil.
1635 1456 1799 1497 ἔξγαστικὸν

1085 1499 1167 1541 ἔστι]
1183 1500 1230 1530 καὶ
1245 1499 1312 1530 ὅταν
1332 1511 1377 1534 τις
1399 1501 1566 1541 συνδρομαῖς
1585 1501 1692 1541 χξῆται
1712 1500 1800 1541 [pro-

1087 1543 1298 1573 vocationibus
1315 1544 1351 1573 ad
1368 1554 1549 1573 consensum
1561 1544 1734 1573 auditorum
1752 1554 1801 1574 se-

1085 1597 1166 1623 cum,
1183 1591 1235 1616 aut
1255 1586 1454 1616 concessione
1469 1586 1652 1626 argumenti,
1667 1596 1727 1625 quo
1743 1587 1799 1616 ad-

1085 1641 1194 1660 versus
1210 1640 1265 1660 nes
1279 1630 1425 1670 premat.]
1442 1630 1477 1663 ὡς
1490 1628 1516 1660 ἐν
1530 1630 1589 1663 τοῖς
1603 1629 1798 1669 φιλιππικοῖς.

1084 1670 1142 1703 οἷον·
1157 1673 1178 1702 εἰ
1196 1671 1224 1702 δέ
1238 1685 1279 1712 τῳ
1293 1674 1367 1703 δοκεῖ
1375 1675 1473 1703 ταῦτα
1485 1672 1533 1702 καὶ
1546 1672 1678 1706 δαπάνης
1689 1674 1800 1707 πολλῆς

1082 1716 1130 1745 καὶ
1146 1716 1351 1756 πραγματείας
1373 1715 1450 1746 εἶναι.
1470 1716 1512 1745 νῦν
1536 1716 1550 1746 ἦ
1572 1715 1709 1755 συνδρομή
1732 1715 1799 1756 [as-

1084 1769 1191 1789 sensus
1208 1760 1337 1789 oratoris
1354 1759 1482 1799 ipsius}
1496 1758 1544 1788 καὶ
1559 1759 1647 1798 μάλα
1664 1757 1745 1799 ὄρθῶς
1755 1758 1799 1788 δο-

1082 1803 1136 1832 κεῖ.
1158 1801 1192 1832 τὸ
1212 1804 1268 1842 γὰρ
1291 1801 1362 1832 καθ’
1379 1802 1479 1834 ἑαυτοῦ
1503 1801 1592 1832 δοκοῦν
1613 1803 1662 1832 ‘rint
1676 1802 1798 1842 πρώτην,

1082 1847 1236 1886 συγχωρεῖ,
1251 1845 1295 1875 ἵνα
1309 1847 1349 1875 τὰ
1363 1844 1433 1885 ὑπὲρ
1455 1845 1542 1875 αὑτοῦ
1564 1844 1676 1886 εἰσάγῃ.
1700 1846 1798 1884 Sopa-

1083 1893 1130 1918 ter
1155 1889 1193 1918 ad
1219 1889 1370 1927 Hermog.
1386 1899 1419 1928 p.
1436 1890 1510 1919 312.
1531 1890 1563 1918 3.
1591 1890 1708 1928 πρῶτον
1730 1886 1797 1927 μὲν,

1082 1930 1129 1961 ἒαν
1143 1930 1267 1973 ἐγχωρῃ,
1283 1931 1326 1970 τῷ
1337 1934 1380 1971 μὴ
1395 1930 1528 1981 χαλεπὸν
1541 1930 1609 1961 ειναι
1633 1930 1797 1970 [utendum

1083 1981 1129 2005 est
1144 1974 1352 2014 argumento]
1366 1974 1467 2005 ἔπειτα
1481 1973 1536 2013 τῷ,
1552 1973 1574 2003 εἶ
1596 1974 1644 2003 καὶ
1668 1972 1800 2014 χαλεπὸν

1082 2017 1132 2054 εἴη,
1148 2016 1217 2047 ἀλλ’
1231 2029 1274 2048 ουν
1289 2018 1449 2055 ἀναγκαιον,
1465 2017 1513 2046 καὶ
1529 2016 1573 2047 δ’τι
1589 2016 1633 2046 δει
1652 2015 1722 2056 ὑπὲρ
1743 2019 1799 2046 τῶν

1080 2062 1241 2114 χρηματων
1262 2061 1312 2091 και
1334 2060 1438 2094 πόνους
1461 2071 1511 2090 και
1533 2059 1665 2093 κινδύνους
1688 2058 1798 2098 ὑπομέ-

1081 2114 1139 2140 VEW,
1153 2116 1200 2134 καί
1217 2102 1260 2134 ὅτι
1275 2103 1351 2144 νπὲρ
1363 2115 1412 2134 ‘roll
1425 2105 1468 2143 μῆ
1483 2112 1642 2143 περὶπεᾶ-Είν
1654 2109 1798 2144 χαλεπω-

1081 2146 1179 2188 τέροις,
1195 2145 1390 2177 ἀντιληπτέον
1405 2149 1460 2176 τῶν
1473 2157 1666 2185 πςαγματων.
1682 2145 1718 2179 ὡς
1739 2152 1798 2176 Δη-

1080 2188 1245 2229 μοσθένης’
1236 2200 1262 2219 εν
1272 2190 1466 2228 φιλιππικοις·
1481 2189 1502 2218 εἰ
1515 2187 1544 2218 δέ
1558 2199 1599 2227 τῳ
1615 2188 1689 2217 δοκεῖ
1696 2189 1797 2218 ταῦτα.

1081 2249 1122 2255 —
1134 2233 1238 2273 niagno-ec
1263 2234 1425 2263 λυσιτελοῦν
1445 2231 1480 2261 τὸ
1497 2230 1586 2261 ἑκόντι
1602 2231 1673 2271 [sic.
1677 2231 1691 2272 ]
1709 2233 1796 2262 ποιεῖν

1080 2277 1121 2306 τα
1137 2276 1243 2307 δέοντα.
1259 2275 1307 2304 καὶ
1325 2275 1396 2314 ἑξῆς.
1414 2279 1444 2304 et
1457 2274 1660 2304 Marcellinus
1677 2285 1708 2313 p.
1722 2276 1798 2305 313.

1081 2317 1186 2358 ἐδίδαξε
1201 2318 1229 2349 δὲ
1243 2320 1322 2358 ἡμᾶς
1334 2317 1522 2358 Δημοσθένης
1538 2314 1644 2347 αὐτίκα
1659 2319 1708 2348 τὴν
1718 2323 1799 2348 πλα-

1080 2362 1197 2392 τύτητα
1207 2362 1255 2403 [id
1272 2365 1330 2397 est,
1341 2364 1390 2393 τὴν
1404 2361 1574 2397 πλάτυνσιν,
1588 2361 1797 2401 amplificatio-

1082 2416 1161 2441 nem,
1185 2404 1394 2435 diductionem
1423 2404 1610 2444 argumenti]
1639 2404 1688 2433 τοῦ
1718 2406 1798 2434 κατὰ

1081 2449 1342 2489 &momente-meam
1358 2446 1445 2481 οὕτως
1460 2445 1530 2477 αὐτὸ
1544 2445 1748 2486 ἐργασάμενος,
1762 2447 1798 2480 ὡς

1081 2492 1104 2520 εἶ
1120 2493 1168 2521 καὶ
1190 2490 1331 2533 χαλεπὸν,
1351 2489 1419 2520 ἀλλ’
1434 2491 1594 2528 ἀναγκαῖον,
1614 2489 1678 2520 εἶπε
1694 2489 1757 2530 γάρ·
1773 2489 1796 2518 εἷ

1082 2533 1109 2564 δέ
1125 2546 1167 2574 τῳ
1189 2535 1322 2564 &ansi—-

1126 2581 1199 2608 102.
1215 2579 1247 2608 5.
1263 2576 1459 2627 τεθνάναι-]
1478 2574 1631 2605 Aristides
1646 2574 1685 2604 de
1703 2575 1744 2603 D.
1760 2575 1797 2604 G.

1082 2631 1112 2659 p.
1127 2623 1200 2651 198.
1223 2620 1345 2661 βαρύτης
1367 2617 1471 2673 γίνεται
1491 2618 1540 2648 καὶ
1559 2616 1626 2647 ὅταν
1646 2616 1751 2647 ἄτοπόν
1765 2628 1796 2646 τι

1082 2664 1197 2704 σεαυτῷ
1221 2663 1361 2704 ἐπαρασῃ.
1388 2659 1451 2692 οιον·
1469 2660 1603 2691 τεθνάναι
1629 2662 1755 2701 μᾶλλον,
1781 2658 1796 2690 ἢ

1082 2706 1170 2736 ταῦτ’
1184 2706 1323 2757 εἷςηκέναι
1330 2705 1481 2744 Βούλομαι.

1125 2768 1167 2772 --
1183 2752 1214 2780 6.
1235 2747 1323 2779 ταῦτ’
1346 2747 1490 2788 εἰρηκέναι]
1519 2746 1609 2785 liujus
1636 2745 1776 2775 sententi·
1771 2755 1801 2774 ι*

1083 2798 1192 2823 auctor
1208 2795 1308 2822 factus
1324 2802 1403 2822 esse.

1125 2854 1168 2858 —
1184 2840 1213 2867 8.
1228 2832 1379 2865 τοῦναντιον
1395 2831 1422 2862 δὲ
1445 2830 1596 2870 πρόϊσμεν]
1623 2830 1796 2869 suspicatus

1083 2879 1248 2917 aliqnando
1265 2888 1330 2907 sum
1345 2878 1404 2914 leg.
1414 2885 1496 2908 esse,
1507 2872 1658 2904 τούναντίον
1670 2872 1699 2903 δὲ
1713 2873 1796 2914 [scil.

1085 2922 1176 2962 δοκει]
1200 2923 1287 2956 πᾶσι,
1305 2919 1489 2950 contrarium
1507 2927 1579 2947 vero
1595 2918 1662 2956 ejus
1678 2916 1717 2946 ab
1732 2927 1797 2946 orn-

1084 2965 1174 2994 nibus
1191 2965 1350 3004 probatur,
1368 2961 1513 3000 Philippo
1529 2964 1604 3000 puto
1627 2960 1797 2990 conceden-

1083 3009 1153 3038 dum
1171 3017 1229 3037 non
1243 3017 1324 3041 esse,
1337 3010 1370 3035 ut
1380 3006 1550 3035 universam
1563 3003 1712 3034 Graeciam
1724 3004 1797 3033 sub-
