1931 3322
502 198 564 239 IN
598 197 776 239 ORAT.
812 195 894 238 DE
927 196 1292 239 SYMMORIIS.

150 302 338 336 discriminis
345 303 520 339 intercedit,
530 304 610 343 quod
619 305 755 344 παράνοια
764 304 861 334 minus

150 345 191 376 sit
213 356 302 386 quam
318 347 394 377 ἄνοια
409 353 461 377 aut
475 347 600 378 ἀπόνοια.
614 348 708 378 ”Ανοια
719 352 766 378 est
783 357 862 377 mera

150 390 292 425 amentia,
326 390 489 427 clememia;
535 390 660 426 ἀπόνοια,
691 392 862 429 desper‹1ti0‚

151 443 204 462 seu
229 433 381 471 desperata
409 435 551 474 nequitia,
581 440 611 464 et
639 432 861 473 ἀπονενοημένος,

150 474 234 504 homo
246 476 356 514 perditi
368 483 394 506 et
407 477 560 517 profligati
575 478 699 515 ingenii.
723 477 783 506 Sed
799 475 861 514 περὶ

150 520 203 552 τῆς
215 517 344 552 ἀπόνοιας
355 520 421 550 fuse
434 520 552 558 egimus
565 521 602 550 ad
615 519 768 558 Theoplir.
783 519 862 549 cha-

151 567 227 591 ract.
251 571 290 591 ex
305 563 416 599 quibus
432 573 522 593 unum
539 568 633 601 caput
649 567 712 592 erat
727 561 796 601 ἰπερὶ
813 562 863 594 τῖς

150 603 291 642 ἀπόνοιας.
312 604 404 636 Ἀνοια
427 606 521 643 igitur
537 606 574 635 ad
600 610 731 634 mentem
748 605 862 633 solum-

150 648 253 684 modo,
272 647 386 678 ἀπόνοια
409 648 498 678 etiam
524 648 563 677 ad
587 658 698 683 mores,
720 648 862 678 refertur.

146 689 242 720 ’Ἀνοια
265 691 334 730 plus
357 696 406 721 est
427 701 515 730 quam
539 691 691 732 παράνοιαῑ
715 690 790 720 ἄνοια
812 692 862 720 de-

150 735 269 769 mentia,
282 733 417 773 παρίινοια
436 734 586 770 delirium,
602 739 632 763 et
648 736 791 773 παρανοεῖν
806 735 862 764 ali-

150 777 222 816 quid
244 781 350 814 praeter
373 782 487 807 rectum
508 787 616 816 sapere,
639 787 792 816 perperam
816 787 863 807 sa-

148 828 215 858 pere
229 819 278 850 vel
294 820 472 859 intelligere.
515 820 596 859 Παροὶ
615 821 643 850 in
660 830 761 860 comp.
784 830 863 850 sem-

150 872 207 902 per
229 863 292 893 fere
315 862 345 893 in
367 863 478 893 malum
509 868 607 898 sonat,
631 863 803 902 praesertim
831 863 862 893 in

150 905 207 936 hac
223 915 326 946 comp.
348 916 417 936 cum
434 906 537 936 verbis
555 907 670 938 notitiae
686 917 739 937 sen
756 917 863 937 sensus

151 958 205 977 seu
219 948 449 984 intellectus,ut
460 949 489 979 in
500 949 631 990 παρορᾷν,
645 949 821 990 παρακούειν,
833 955 863 980 et

149 990 313 1022 similibus.
360 992 400 1022 Et
423 997 508 1022 certe
531 993 626 1022 multa
640 993 790 1023 vocabula
812 1003 863 1032 sy-

148 1043 281 1074 nonyma
297 1038 367 1065 snut
381 1035 555 1074 composita
570 1046 639 1065 cum
662 1036 718 1066 hac
740 1046 862 1076 praepo-

149 1077 215 1113 sit„
230 1088 300 1117 quae
323 1078 471 1109 denotant
491 1079 675 1109 dementiam
699 1079 765 1109 sive
785 1079 862 1110 deli·

149 1120 240 1150 rium.
284 1120 371 1153 Inter
382 1121 442 1152 alia
456 1121 516 1151 tria
532 1126 601 1152 sunt
620 1122 787 1161 adjectiva,
804 1123 863 1153 tria

148 1163 259 1194 iterum
286 1166 392 1201 verba,
414 1165 505 1203 hujus
527 1164 768 1203 significationis,
795 1176 862 1205 quae

149 1207 312 1239 observavi
336 1212 477 1247 tanquam
503 1212 610 1238 notatu
640 1218 699 1238 non
723 1208 861 1248 indigna.

147 1248 222 1281 Tria
243 1249 399 1290 adjectiva
413 1255 484 1281 sunt
505 1251 669 1291 παράφρων,
694 1253 862 1292 παράφορος,

149 1297 181 1322 et
203 1292 351 1333 παρήοροςι
376 1294 438 1323 dun
460 1293 564 1333 priora
583 1295 643 1327 τοῖς
662 1295 863 1334 καταλογάδην

149 1335 392 1374 scriptoribusin
408 1347 465 1367 usu
479 1342 560 1372 sunt,
571 1336 693 1369 tertium
704 1339 859 1377 poeticum

149 1383 182 1408 et
191 1378 402 1410 Homericum.
423 1379 498 1410 Tria
507 1381 598 1410 verba
611 1391 781 1419 synonyma
792 1387 862 1411 sunt

149 1423 320 1462 παρακινεῖν,
330 1422 536 1463 παρακόπτειν,
545 1428 576 1454 et
586 1423 756 1464 παραπαίειν
767 1435 775 1462 ;
792 1435 861 1464 quae

149 1466 245 1496 verba
270 1466 421 1505 elegantia
445 1471 526 1502 sunt,
547 1477 603 1496 nec
627 1467 773 1498 minorem
799 1479 861 1498 em·

147 1507 256 1548 phasin
274 1519 362 1548 qnam
380 1510 501 1548 ellipsin
518 1520 582 1550 prae
596 1520 627 1540 se
643 1510 754 1540 ferunt.
799 1517 860 1541 Πα-

147 1552 260 1591 ρακινεῖν
296 1553 477 1583 neutraliter
520 1564 577 1593 pro
620 1553 862 1595 παρακινεῖσθαι,

148 1595 236 1634 qussi
253 1595 393 1626 dimoveri
416 1608 435 1626 a
449 1602 527 1627 recto
548 1597 654 1627 mentis
667 1603 760 1632 statu,
779 1598 826 1626 vel
843 1609 862 1627 a

147 1643 235 1669 rectce
261 1639 386 1669 rationis
486 1640 635 1670 dimoveri.
664 1639 863 1678 παρακόπτειν

150 1680 244 1711 etiam
259 1683 438 1712 neutraliter
451 1693 460 1721 ς
490 1683 536 1712 sic
637 1684 689 1717 τῆς
703 1683 830 1724 διανοίας,
844 1695 862 1713 α

147 1731 243 1755 mente
267 1731 294 1755 et
317 1727 432 1756 ratione
470 1727 612 1761 excutior,
639 1736 773 1756 excussus
799 1737 862 1756 snm

147 1774 253 1804 mente,
275 1768 307 1799 h.
324 1779 353 1798 e.
369 1768 472 1804 deliro,
494 1769 620 1804 insanio,
635 1769 683 1799 vel
708 1769 799 1798 etiam
817 1779 862 1800 ce-

147 1811 232 1849 spito,
248 1812 390 1852 impingo.
403 1811 510 1846 laboro,
524 1817 556 1840 ut
570 1812 722 1851 significet
742 1812 862 1851 lapsum

148 1853 275 1889 mentis,
301 1860 332 1885 et
348 1855 394 1884 sio
415 1854 595 1895 παρακόπτοι
615 1855 717 1888 ἁπλῶς
732 1856 792 1885 erit
806 1866 863 1895 pro

148 1896 336 1937 παρακόπτοι
361 1897 400 1938 *rii
421 1896 523 1937 διανοίᾳ
551 1896 680 1932 ἐντελῶς,
707 1903 798 1937 atque
821 1899 863 1928 ita

147 1949 219 1972 sane
250 1941 378 1971 Aristot.
416 1940 529 1972 alicubi
566 1940 622 1980 [de
654 1941 766 1971 Mirab.
799 1943 862 1972 Au·

147 1983 258 2024 seult.]
269 1984 386 2021 λέγεται
397 1982 424 2013 δέ
435 1995 500 2013 τινα
511 1982 537 2014 ἐν
548 1982 659 2023 Ἀβύδῳ
667 1984 861 2024 Δπαρακόψαν-

149 2038 190 2055 τα
209 2027 248 2068 τῇ
269 2024 379 2057 διανοία.
394 2028 538 2066 quendum
551 2026 663 2067 furore
685 2033 861 2066 correptum,

148 2069 299 2106 insanum,
322 2070 461 2101 delirum.
506 2071 624 2100 Eodem
649 2071 739 2101 inodo
758 2082 860 2111 waga-

149 2110 225 2142 παίω
240 2117 287 2143 est
303 2113 407 2148 deliro,
423 2114 551 2149 insanio,
567 2114 684 2153 desipio,
702 2125 804 2154 comp.
820 2126 859 2145 ex

149 2153 227 2187 παίω
241 2157 385 2195 percutio,
402 2157 488 2197 quasi
514 2162 608 2186 mente
626 2167 788 2197 percussus,
806 2169 859 2188 seu

149 2208 293 2236 excussus,
308 2210 382 2230 sum.
427 2199 525 2230 Ambo
543 2200 607 2229 haec
625 2202 717 2231 verba
733 2201 859 2240 παρακό-

147 2252 231 2275 πτειν
247 2248 278 2272 et
301 2240 472 2282 παραπαίειν
493 2242 598 2273 eadem
623 2244 733 2282 pagina
753 2244 860 2283 legun-

148 2290 200 2315 tur
213 2286 294 2324 apud
309 2287 462 2325 Porphyr.
474 2286 496 2316 l.
512 2286 558 2316 iii.
575 2287 637 2326 περι
653 2288 783 2328 ἀποχῆςῑ
808 2287 861 2318 ουδ’

147 2327 182 2358 ἃν
196 2327 399 2368 παραπαίοντα
419 2328 434 2360 ἢ
458 2329 620 2369 παράφρονα
645 2330 744 2364 εἴποις.
769 2340 861 2371 neque

146 2372 334 2410 desipientem
351 2378 405 2401 aut
416 2373 553 2403 stolidum
568 2374 684 2403 dixeris.
699 2374 750 2403 ubi
766 2384 860 2414 παρα-

148 2412 271 2446 παίοντα
307 2416 471 2455 exponitur
500 2426 555 2453 per
589 2417 762 2456 παραφρονα.
820 2418 861 2448 Et

147 2457 240 2497 paulo
260 2461 348 2496 post:
380 2458 467 2497 ὥςπερ
486 2458 633 2498 ἀνθρώπου
651 2462 859 2501 μελαγχολῶν-

145 2511 196 2534 voc
216 2513 231 2532 n
249 2499 490 2540 παρακόπτοντος.
513 2501 635 2532 hominis
658 2503 859 2534 melancholici

146 2550 200 2574 out
220 2544 383 2574 delirantis.
433 2545 478 2573 Ex
492 2545 654 2575 occasione
677 2547 766 2585 hujus
781 2556 859 2585 pree-

148 2586 241 2626 posit.
262 2598 340 2627 παρα
363 2587 394 2617 in
421 2587 477 2616 hac
499 2598 576 2617 voce
597 2589 742 2628 παράνοια,
759 2589 857 2620 visum

147 2635 196 2660 est
218 2630 292 2660 mibi
307 2630 407 2660 obiter
427 2635 569 2661 annotare
592 2632 650 2662 tria
675 2633 738 2662 haec
763 2633 859 2663 verba

149 2673 312 2712 elegantia,
327 2684 394 2713 quae
409 2680 437 2702 et
451 2683 616 2712 synonyma
631 2681 698 2704 sunt
717 2675 797 2706 inter
811 2687 857 2712 se,

147 2722 239 2757 atque
263 2717 352 2746 etiam
377 2715 420 2754 τῷ
441 2718 585 2756 παρανοεῖν
608 2723 638 2747 et
659 2718 695 2759 τῇ
712 2717 859 2759 παρανοίᾳ,

147 2761 318 2800 παρακινεῖν,
344 2759 550 2801 παρακόπτειν,
575 2759 764 2801 παραπαίειν.
790 2773 857 2801 quae

149 2804 243 2834 verba
257 2808 291 2835 ut
311 2803 458 2841 denotant
479 2803 624 2839 delirium
650 2809 681 2834 et
705 2805 856 2835 defectum

146 2845 269 2882 mentis,
284 2845 328 2877 ita
342 2847 478 2877 Graium.
500 2845 531 2876 ia
548 2845 587 2876 iis
603 2847 710 2878 volunt
732 2858 801 2878 esse
815 2849 857 2878 el-

146 2888 240 2928 lipsin
263 2893 294 2920 et
315 2889 469 2919 defectum
487 2889 571 2919 vocis
586 2889 633 2919 τὸν
654 2890 719 2925 νοῦν,
746 2892 792 2921 vel
810 2893 859 2922 τῆν

145 2932 272 2968 διάνοιαν,
297 2932 345 2962 vel
363 2933 535 2970 ejusmodi:
558 2932 601 2962 ita
623 2938 654 2963 ut
671 2934 794 2973 proprie
816 2935 858 2964 si-

147 2975 291 3015 gnificent
304 2981 435 3007 mentem
447 2977 532 3014 quasi
543 2986 558 3004 a
570 2986 623 3007 sua
639 2977 712 3007 sede
727 2983 856 3008 amotam

145 3023 177 3049 et
199 3028 382 3054 excussam:
406 3018 486 3048 unde
507 3017 606 3058 φρένας
626 3016 857 3061 ἑκπεπαταγμί-

191 3071 267 3091 voi..
286 3072 316 3091 v.

1526 194 1608 237 513

895 314 935 337 νος
964 303 1044 351 apud
1075 309 1208 343 poetam,
1235 303 1319 343 quasi
1344 308 1436 333 mente
1466 311 1609 334 ειουοειιε,

895 340 1017 381 arnonis}
1047 345 1285 383 h.e.de1irus‚
1311 355 1441 378 zesanns.
1461 345 1551 385 [Οά.
1576 350 1607 374 Σ

895 390 968 420 326.
972 388 986 429 ]
1001 389 1073 419 Ξεῖνε
1089 390 1192 424 τάλαν,
1209 389 1245 421 σύ
1257 391 1289 428 γὲ
1305 402 1347 424 τις
1364 387 1462 430 φρένας
1476 387 1607 417 ἔκπεπα·

895 431 1037 469 ταγμὲνος
1052 429 1129 460 ἔσο-ί.
1175 434 1246 462 Hoc
1264 433 1385 463 unicum
1396 434 1457 471 jam
1475 432 1554 461 addo
1571 430 1609 460 de

896 475 952 504 hac
969 484 1044 504 voce
1061 474 1206 513 παράνοια,
1224 477 1304 514 quod
1327 476 1426 506 son-san
1443 475 1607 505 observare

896 527 952 547 nec
966 517 1092 548 insuave
1110 527 1233 555 prorsus
1246 518 1337 548 suerit
1349 530 1403 549 nec
1418 518 1535 552 inutile,
1548 518 1609 547 viz.

896 560 1033 600 παράνοια
1056 565 1087 589 et
1113 559 1248 600 παροινία,
1268 567 1298 590 ut
1324 572 1380 592 nec
1483 561 1528 590 sic
1552 570 1607 589 nec

897 613 1001 642 sensu,
1016 603 1144 633 multum
1166 604 1331 641 differunt3
1356 604 1445 634 valde
1461 604 1564 633 aflines
1580 607 1611 632 et

897 653 1034 683 cognatae
1051 646 1109 676 sibi
1126 651 1231 677 mutuo
1252 651 1323 676 sunt
1339 648 1473 686 παράνοια
1489 652 1517 676 et
1535 657 1608 686 erag-

897 689 972 720 οινία.
1011 689 1139 729 Παροινία
1156 694 1205 719 est
1225 691 1413 723 contumelia,
1428 690 1607 727 petulantia,

898 732 1018 773 proprie
1034 733 1112 763 inter
1129 733 1239 772 pocula
1259 737 1289 763 et
1303 732 1451 763 ebrietate
1463 732 1608 768 admissa,

898 776 1013 815 etquid
1027 776 1107 806 aliud
1121 777 1178 806 hoc
1194 781 1240 807 est
1252 786 1340 815 quam
1359 774 1508 814 παράνοια;
1527 780 1609 805 certe

896 819 978 859 μέθη
991 823 1040 849 est
1054 818 1144 859 μανία
1157 820 1308 858 quaedam,
1319 816 1453 859 παροινία,
1464 818 1610 858 παράνοια,

898 863 1041 893 Ebrietas
1065 867 1110 892 est
1126 873 1230 893 comes
1252 868 1282 893 et
1303 873 1388 894 soror
1413 866 1443 891 et
1466 861 1614 900 magister

898 911 929 935 et
947 906 1052 936 nutrix
1068 905 1206 941 insaniae,
1224 905 1316 937 immo
1327 910 1375 936 est
1390 905 1460 944 ipsa
1471 903 1589 935 insania
1605 914 1612 932 z

897 954 960 979 tum
972 949 1054 980 enim
1070 948 1219 985 homines,
1236 954 1268 979 et
1278 959 1336 980 non
1347 949 1450 987 potius
1460 947 1611 986 pecudes,

898 1002 1069 1031 quanquam
1093 992 1123 1022 in
1146 993 1284 1031 pecudes
1310 992 1436 1031 quidem
1458 990 1610 1022 inebrian-

897 1040 957 1070 tur,
974 1036 1028 1066 sed
1052 1040 1115 1065 tum
1138 1035 1261 1075 inquam
1284 1035 1429 1070 maxime,
1451 1045 1519 1064 oum
1536 1044 1610 1074 παρ-

897 1079 1007 1114 οινοῦσι,
1022 1089 1092 1108 cum
1108 1078 1319 1119 ωαραωαίουσι
1340 1082 1372 1109 et
1389 1076 1609 1117 παρακόπτουσι

897 1126 928 1151 et
944 1123 1139 1161 παρακινοῦσι.

939 1182 983 1187 -
999 1168 1050 1195 14.
1073 1162 1161 1195 ταῦτ’
1177 1164 1209 1194 ἂν
1229 1162 1293 1205 ἐπίῃ
1309 1164 1426 1195 σκοπεῖν
1440 1161 1536 1204 avla-4¹3]
1551 1162 1609 1194 haec

896 1209 920 1238 si
932 1209 1113 1238 considerare
1127 1209 1159 1239 in
1169 1209 1303 1238 animum
1314 1208 1479 1243 induxerit,
1492 1208 1527 1237 ad
1542 1216 1609 1237 ver-

896 1250 967 1281 bum
984 1253 1183 1291 supervenerit
1199 1252 1237 1286 ei,
1252 1252 1364 1287 venerit
1385 1252 1411 1281 ei
1432 1252 1465 1281 in
1479 1256 1611 1280 mentem.

897 1294 1031 1324 Verbum
1048 1292 1155 1325 ἐπιέναι
1176 1295 1236 1324 hoo
1256 1294 1287 1324 in
1305 1304 1396 1325 sensu
1417 1294 1499 1324 idem
1516 1293 1609 1333 plane

897 1338 977 1376 quod
994 1336 1177 1379 ἐπέρχεσθαι
1193 1348 1284 1378 snpra
1298 1347 1332 1376 p.
1354 1338 1428 1368 173.
1449 1338 1499 1367 18.
1516 1336 1608 1376 eique

895 1391 1022 1419 prorsus
1047 1391 1261 1420 synonymum.
1305 1379 1429 1412 Ἐπιὲναι
1446 1380 1540 1419 igitur
1562 1390 1610 1409 se-

896 1429 1007 1462 quente
1023 1424 1173 1455 infinitivo
1187 1428 1235 1453 est
1246 1433 1430 1458 succurrere,
1445 1423 1551 1458 subire,
1563 1433 1611 1453 ve·

895 1469 972 1501 nire,
997 1467 1027 1496 in
1044 1471 1177 1497 mentem
1195 1478 1240 1497 sc.
1264 1467 1322 1496 hoc
1339 1466 1388 1496 vel
1405 1466 1482 1496 illud
1497 1467 1611 1501 facere,

896 1510 934 1543 εἷς
948 1510 1003 1540 νοῦν
1020 1508 1174 1551 ἔρχεο-θαι.
1220 1510 1316 1549 Cujus
1332 1514 1432 1540 tamen
1456 1509 1611 1549 significa—

897 1553 990 1584 tionis
1034 1553 1118 1584 nulla
1162 1553 1277 1583 mentio
1321 1553 1403 1591 apud
1445 1552 1610 1592 Lexicogr.

898 1597 1031 1635 Script.:
1056 1606 1124 1627 cum
1148 1601 1248 1626 tamen
1268 1596 1436 1635 peculiaris
1459 1601 1491 1626 et
1505 1597 1611 1626 obser-

898 1643 967 1668 vatu
978 1639 1080 1679 digna.
1102 1639 1202 1670 Clem.
1213 1640 1380 1671 Alexandr.
1398 1640 1511 1669 Strom.
1523 1639 1544 1668 l.
1557 1638 1612 1669 vii.

897 1683 995 1713 πολλοὶ
1006 1681 1060 1722 μὲν
1074 1683 1122 1713 καὶ
1135 1683 1215 1712 ἄλλα
1230 1681 1262 1712 ἐκ
1273 1684 1383 1722 γραφῆς
1393 1682 1487 1714 ἔπεισι
1496 1681 1611 1723 μαρτύ-

896 1737 940 1765 ρια
956 1724 1184 1765 παρατίθεσθαι.

939 1771 1049 1800 ——19.
1065 1768 1236 1809 ὑωεραίρουσ
1238 1769 1286 1810 αν]
1304 1768 1494 1800 excellentem.
1505 1766 1611 1809 ’Υπερ-

897 1809 961 1853 αίρω
978 1813 1102 1852 proprie
1125 1819 1172 1842 est
1187 1813 1299 1847 mollo,
1312 1812 1410 1854 effero,
1428 1811 1608 1850 transitive;

897 1860 989 1894 atque
1005 1856 1075 1886 inde
1091 1856 1213 1896 passive
1229 1860 1261 1884 et
1276 1854 1482 1891 intransitive,
1495 1854 1565 1896 effer
1566 1864 1610 1889 or,

896 1899 1027 1935 attollor,
1053 1900 1270 1939 supergredior,
1294 1898 1411 1934 excello,
1430 1899 1612 1928 transeundo

895 1942 1009 1978 excedO,
1031 1942 1211 1981 plerumque
1237 1952 1306 1971 cum
1329 1951 1430 1971 accus.
1456 1951 1610 1981 personae,

897 1985 945 2014 vel
968 1985 1014 2015 rei
1039 1986 1200 2017 duntaxat.
1241 1984 1375 2015 Aristot.
1392 1984 1463 2014 Pol.
1479 1983 1531 2024 [ii.
1556 1987 1588 2015 7.
1592 1985 1607 2026 ]

895 2025 942 2058 ἐὰν
966 2031 1021 2070 γὰρ
1043 2028 1172 2069 ὑπεραίρῃ
1197 2040 1232 2058 το
1255 2029 1306 2062 τῆς
1330 2025 1424 2061 ove-lae,-
1445 2026 1574 2066 μέγεθος
1595 2028 1608 2057 ὅ

894 2073 950 2101 τῶν
965 2071 1067 2102 τέκνων
1082 2071 1215 2112 ἀριθμός.
1230 2071 1394 2121 aliqnando
1413 2081 1484 2101 cnm
1503 2081 1608 2102 accus.

894 2124 1036 2154 personae
1062 2119 1093 2144 et
1116 2116 1180 2145 dat.
1195 2114 1252 2144 rei.
1306 2115 1389 2145 Plnt.
1407 2113 1566 2154 [Lycurg.
1580 2125 1608 2145 c.

893 2158 965 2199 31.]
991 2158 1104 2199 ὑπερῇρε
1124 2159 1163 2199 τῇ
1183 2157 1243 2198 δόξῃ
1263 2169 1328 2192 τους
1354 2169 1478 2192 παντας.
1534 2158 1606 2198 Αἴρω

893 2202 1022 2242 simplex
1047 2202 1169 2240 quidem
1193 2206 1241 2231 est
1265 2207 1297 2231 et
1319 2201 1437 2233 transit.
1461 2201 1540 2237 tollo,
1560 2207 1607 2231 at-

893 2245 974 2280 tollo,
997 2250 1028 2275 et
1049 2245 1200 2275 intransit.
1224 2255 1329 2281 moveo,
1353 2247 1459 2284 migro,
1485 2243 1606 2285 ἀπαίρω.

895 2288 1038 2318 Dicerem
1057 2293 1157 2320 tamen
1181 2298 1282 2327 comp.
1309 2289 1443 2329 ὑπεραίρω
1461 2298 1518 2317 non
1539 2299 1610 2320 esse

893 2333 932 2361 ab
949 2332 1016 2372 αἴρω
1036 2332 1191 2362 inti-ausit.
1207 2333 1312 2372 migro,
1333 2333 1418 2367 solvo,
1432 2333 1609 2371 proficiscor,

894 2375 949 2404 sed
981 2376 1018 2405 ab
1048 2375 1115 2416 αἴρω
1146 2374 1264 2405 transit.
1293 2375 1373 2410 tollo,
1396 2374 1513 2404 attollo.-
1539 2385 1606 2405 nam

896 2417 1032 2458 ὑπεραίρω
1057 2423 1103 2447 est
1118 2419 1250 2453 attollor,
1264 2416 1367 2460 efferor
1381 2428 1470 2456 supra
1491 2418 1607 2458 aliquid

896 2462 944 2491 vel
962 2463 1101 2501 aliquem,
1122 2461 1258 2500 adeoque
1284 2461 1395 2496 excello,
1419 2462 1532 2496 eicedo,
1557 2471 1607 2492 su-

891 2513 972 2543 pero,
986 2505 1226 2546 νικῶ,προσ·φέρω,
1239 2503 1363 2545 προέχω,
1375 2504 1516 2545 ὑπερέχοι.
1542 2505 1608 2535 Νο-

893 2553 975 2577 tetur
1001 2547 1104 2586 itaque
1126 2548 1190 2577 haec
1213 2548 1334 2584 regula:
1362 2547 1498 2577 Plurima
1513 2548 1608 2578 verba

895 2595 965 2620 sunt
980 2592 1061 2630 apud
1076 2592 1131 2620 Gr.
1144 2601 1210 2630 quae
1224 2601 1279 2630 per
1294 2591 1547 2629 compositionem
1566 2601 1605 2621 ex

893 2634 1006 2664 activis
1023 2639 1054 2663 et
1069 2634 1239 2664 transitivis
1255 2635 1330 2664 fiunt
1347 2639 1453 2663 neutra
1468 2635 1516 2663 vel
1535 2644 1602 2672 pas·

894 2677 970 2707 siva.
1015 2677 1177 2717 Simplicia
1193 2682 1264 2707 sunt
1280 2677 1454 2712 transitiva,
1478 2686 1604 2716 compo-

894 2719 953 2750 sita
977 2719 1183 2753 intransitiva.
1245 2721 1398 2759 Exemplo
1416 2721 1480 2749 haec
1507 2730 1605 2758 pauca

894 2768 962 2793 sunt
982 2774 1021 2793 ex
1046 2763 1203 2803 plurimis,
1218 2763 1319 2794 κόπτω
1341 2764 1451 2797 scindo,
1473 2763 1604 2797 transit„

893 2806 1046 2846 προκόπτειν
1065 2807 1196 2847 procedo,
1213 2808 1399 2846 progredior,
1415 2806 1501 2845 quasi
1527 2807 1604 2838 viam

893 2859 990 2880 coram
1014 2860 1059 2880 me
1081 2850 1198 2883 scindo.-
1225 2850 1287 2890 ἔχω
1310 2848 1408 2884 habeo,
1425 2849 1543 2880 transit.
1536 2871 1556 2883 ..
1574 2850 1604 2879 ὑ·

893 2892 1015 2944 ωερέχω
1042 2894 1158 2928 excello,
1184 2893 1229 2922 sio
1254 2890 1368 2933 προέχω
1398 2897 1428 2922 et
1458 2891 1603 2932 προφέρωι

892 2936 969 2966 κινέω
984 2946 1090 2973 moveo,
1109 2937 1228 2966 tiansit.
1221 2958 1240 2970 .,
1265 2934 1423 2974 παρακινέω
1439 2935 1542 2971 deliro,
1558 2936 1603 2966 sie

893 2979 1078 3020 παρακόωτω
1094 2985 1125 3009 et
1141 2978 1304 3018 παραπαίειν
1321 2984 1350 3007 et
1364 2988 1471 3017 synon.
1489 2979 1604 3010 intran-

893 3021 944 3052 sit.
960 3033 976 3052 n
998 3023 1118 3052 transii.
1136 3021 1237 3051 κόπτω
1254 3027 1282 3051 et
1306 3019 1392 3052 παίω.
1438 3022 1499 3052 Sed
1523 3032 1601 3061 prm-

895 3066 912 3077 n

894 3077 912 3092 ,7
939 3076 958 3095 L*
