<?xml version="1.0" encoding="UTF-8"?>
<!DOCTYPE html PUBLIC "-//W3C//DTD XHTML 1.0 Transitional//EN"
    "http://www.w3.org/TR/xhtml1/DTD/xhtml1-transitional.dtd">
<html xmlns="http://www.w3.org/1999/xhtml" xml:lang="en" lang="en">
 <head>
  <title>
</title>
<meta http-equiv="Content-Type" content="text/html;charset=utf-8" />
  <meta name='ocr-system' content='tesseract 3.04.00' />
  <meta name='ocr-capabilities' content='ocr_page ocr_carea ocr_par ocr_line ocrx_word'/>
</head>
<body>
  <div class='ocr_page' id='page_1' title='image "./oratoresatticie09dobs_0052.png"; bbox 0 0 1997 3323; ppageno 0'>
   <div class='ocr_carea' id='block_1_1' title="bbox 345 194 401 235">
    <p class='ocr_par' dir='ltr' id='par_1_1' title="bbox 345 194 401 235">
     <span class='ocr_line' id='line_1_1' title="bbox 345 194 401 235; baseline 0 0"><span class='ocrx_word' id='word_1_1' title='bbox 345 194 401 235; x_wconf 84' lang='lat'>40</span> 
     </span>
    </p>
   </div>
   <div class='ocr_carea' id='block_1_2' title="bbox 329 298 1063 2549">
    <p class='ocr_par' dir='ltr' id='par_1_2' title="bbox 339 298 1063 641">
     <span class='ocr_line' id='line_1_2' title="bbox 344 298 1062 338; baseline 0.004 -9"><span class='ocrx_word' id='word_1_2' title='bbox 344 300 381 329; x_wconf 75' lang='lat' dir='ltr'>lis</span> <span class='ocrx_word' id='word_1_3' title='bbox 414 298 520 329; x_wconf 69' lang='lat' dir='ltr'>effusis</span> <span class='ocrx_word' id='word_1_4' title='bbox 553 303 584 329; x_wconf 90' lang='lat' dir='ltr'>et</span> <span class='ocrx_word' id='word_1_5' title='bbox 610 300 825 338; x_wconf 78' lang='lat' dir='ltr'>dinumeratis,</span> <span class='ocrx_word' id='word_1_6' title='bbox 853 302 996 337; x_wconf 87' lang='lat' dir='ltr'>divitem,</span> <span class='ocrx_word' id='word_1_7' title='bbox 1022 312 1062 332; x_wconf 74' lang='lat' dir='ltr'>ex</span> 
     </span>
     <span class='ocr_line' id='line_1_3' title="bbox 345 342 1063 384; baseline 0.007 -14"><span class='ocrx_word' id='word_1_8' title='bbox 345 342 465 372; x_wconf 88' lang='lat' dir='ltr'>invidia</span> <span class='ocrx_word' id='word_1_9' title='bbox 487 353 590 382; x_wconf 88' lang='lat' dir='ltr'>opum,</span> <span class='ocrx_word' id='word_1_10' title='bbox 614 354 629 373; x_wconf 81' lang='lat' dir='ltr'>a</span> <span class='ocrx_word' id='word_1_11' title='bbox 657 345 817 384; x_wconf 85' lang='lat' dir='ltr'>judicibus</span> <span class='ocrx_word' id='word_1_12' title='bbox 849 356 918 374; x_wconf 85' lang='lat' dir='ltr'>esse</span> <span class='ocrx_word' id='word_1_13' title='bbox 951 346 1063 375; x_wconf 87' lang='lat' dir='ltr'>conde-</span> 
     </span>
     <span class='ocr_line' id='line_1_4' title="bbox 343 387 1063 426; baseline 0.004 -12"><span class='ocrx_word' id='word_1_14' title='bbox 343 391 488 420; x_wconf 82' lang='lat' dir='ltr'>mnatum,</span> <span class='ocrx_word' id='word_1_15' title='bbox 505 387 646 426; x_wconf 85' lang='lat' dir='ltr'>quamvis</span> <span class='ocrx_word' id='word_1_16' title='bbox 675 390 752 417; x_wconf 87' lang='lat' dir='ltr'>bona</span> <span class='ocrx_word' id='word_1_17' title='bbox 781 398 872 417; x_wconf 82' lang='lat' dir='ltr'>causa</span> <span class='ocrx_word' id='word_1_18' title='bbox 897 388 1063 426; x_wconf 81' lang='lat' dir='ltr'>nitentem3</span> 
     </span>
     <span class='ocr_line' id='line_1_5' title="bbox 345 431 1063 469; baseline 0.004 -12"><span class='ocrx_word' id='word_1_19' title='bbox 345 439 514 467; x_wconf 80' lang='lat' dir='ltr'><strong>pauperem</strong></span> <span class='ocrx_word' id='word_1_20' title='bbox 531 435 648 467; x_wconf 83' lang='lat' dir='ltr'>contra,</span> <span class='ocrx_word' id='word_1_21' title='bbox 675 436 741 460; x_wconf 86' lang='lat' dir='ltr'>utut</span> <span class='ocrx_word' id='word_1_22' title='bbox 764 431 954 469; x_wconf 79' lang='lat' dir='ltr'>iniquissima</span> <span class='ocrx_word' id='word_1_23' title='bbox 971 441 1063 461; x_wconf 87' lang='lat' dir='ltr'>causa</span> 
     </span>
     <span class='ocr_line' id='line_1_6' title="bbox 346 474 1062 513; baseline 0.003 -12"><span class='ocrx_word' id='word_1_24' title='bbox 346 477 631 511; x_wconf 80' lang='lat' dir='ltr'>gravatum.tan1en</span> <span class='ocrx_word' id='word_1_25' title='bbox 649 485 665 503; x_wconf 84' lang='lat' dir='ltr'>a</span> <span class='ocrx_word' id='word_1_26' title='bbox 676 474 815 512; x_wconf 78' lang='lat' dir='ltr'>judicum</span> <span class='ocrx_word' id='word_1_27' title='bbox 830 474 992 513; x_wconf 82' lang='lat' dir='ltr'>iniquitate</span> <span class='ocrx_word' id='word_1_28' title='bbox 1009 475 1062 503; x_wconf 90' lang='lat' dir='ltr'>ab-</span> 
     </span>
     <span class='ocr_line' id='line_1_7' title="bbox 345 515 1060 552; baseline 0.006 -9"><span class='ocrx_word' id='word_1_29' title='bbox 345 515 489 552; x_wconf 79' lang='lat' dir='ltr'>solutum,</span> <span class='ocrx_word' id='word_1_30' title='bbox 513 517 588 546; x_wconf 86' lang='lat' dir='ltr'>sorti</span> <span class='ocrx_word' id='word_1_31' title='bbox 613 517 745 546; x_wconf 77' lang='lat' dir='ltr'>tenuiori</span> <span class='ocrx_word' id='word_1_32' title='bbox 768 522 873 547; x_wconf 86' lang='lat' dir='ltr'>contra</span> <span class='ocrx_word' id='word_1_33' title='bbox 900 518 1060 547; x_wconf 85' lang='lat' dir='ltr'>editiorem</span> 
     </span>
     <span class='ocr_line' id='line_1_8' title="bbox 343 558 1060 601; baseline 0.006 -14"><span class='ocrx_word' id='word_1_34' title='bbox 343 558 521 589; x_wconf 82' lang='lat' dir='ltr'>faventium.</span> <span class='ocrx_word' id='word_1_35' title='bbox 539 560 575 588; x_wconf 85' lang='lat' dir='ltr'>ad</span> <span class='ocrx_word' id='word_1_36' title='bbox 595 561 713 598; x_wconf 71' lang='grc' dir='ltr'>φανερῶς</span> <span class='ocrx_word' id='word_1_37' title='bbox 729 560 911 591; x_wconf 86' lang='lat' dir='ltr'>subauditur</span> <span class='ocrx_word' id='word_1_38' title='bbox 927 560 1060 601; x_wconf 78' lang='grc' dir='ltr'>γιγνομὲ-</span> 
     </span>
     <span class='ocr_line' id='line_1_9' title="bbox 339 600 686 641; baseline -0.003 -10"><span class='ocrx_word' id='word_1_39' title='bbox 339 613 391 637; x_wconf 83' lang='grc' dir='ltr'>νου,</span> <span class='ocrx_word' id='word_1_40' title='bbox 409 603 457 631; x_wconf 83' lang='lat' dir='ltr'>vel</span> <span class='ocrx_word' id='word_1_41' title='bbox 475 600 686 641; x_wconf 67' lang='grc' dir='ltr'><em>συμβαίνοντος.</em></span> 
     </span>
    </p>

    <p class='ocr_par' dir='ltr' id='par_1_3' title="bbox 335 643 1060 944">
     <span class='ocr_line' id='line_1_10' title="bbox 387 643 1060 687; baseline 0.003 -12"><span class='ocrx_word' id='word_1_42' title='bbox 387 647 458 675; x_wconf 77' lang='grc'>143.</span> <span class='ocrx_word' id='word_1_43' title='bbox 489 649 536 675; x_wconf 89' lang='grc'>10.</span> <span class='ocrx_word' id='word_1_44' title='bbox 560 643 761 684; x_wconf 67' lang='grc' dir='ltr'>διορθώσασθαι</span> <span class='ocrx_word' id='word_1_45' title='bbox 785 646 826 687; x_wconf 53' lang='lat' dir='ltr'>R]</span> <span class='ocrx_word' id='word_1_46' title='bbox 855 646 956 676; x_wconf 87' lang='lat' dir='ltr'>Etiam</span> <span class='ocrx_word' id='word_1_47' title='bbox 981 647 1010 677; x_wconf 89' lang='lat' dir='ltr'>h.</span> <span class='ocrx_word' id='word_1_48' title='bbox 1039 647 1060 677; x_wconf 90' lang='lat' dir='ltr'>l.</span> 
     </span>
     <span class='ocr_line' id='line_1_11' title="bbox 341 688 1060 728; baseline 0.004 -12"><span class='ocrx_word' id='word_1_49' title='bbox 341 699 398 717; x_wconf 88' lang='lat' dir='ltr'>non</span> <span class='ocrx_word' id='word_1_50' title='bbox 416 689 489 717; x_wconf 80' lang='lat' dir='ltr'>satis</span> <span class='ocrx_word' id='word_1_51' title='bbox 505 688 656 728; x_wconf 72' lang='lat' dir='ltr'>intelligo,</span> <span class='ocrx_word' id='word_1_52' title='bbox 680 692 711 718; x_wconf 86' lang='lat' dir='ltr'>et</span> <span class='ocrx_word' id='word_1_53' title='bbox 729 691 880 728; x_wconf 82' lang='lat' dir='ltr'>suspicor,</span> <span class='ocrx_word' id='word_1_54' title='bbox 896 695 947 720; x_wconf 84' lang='lat' dir='ltr'>aut</span> <span class='ocrx_word' id='word_1_55' title='bbox 965 691 1060 727; x_wconf 82' lang='lat' dir='ltr'>hiare,</span> 
     </span>
     <span class='ocr_line' id='line_1_12' title="bbox 340 732 1057 770; baseline 0.006 -11"><span class='ocrx_word' id='word_1_56' title='bbox 340 736 393 761; x_wconf 84' lang='lat' dir='ltr'>aut</span> <span class='ocrx_word' id='word_1_57' title='bbox 432 742 594 770; x_wconf 74' lang='lat' dir='ltr'>superesse</span> <span class='ocrx_word' id='word_1_58' title='bbox 630 743 647 761; x_wconf 88' lang='lat' dir='ltr'>e</span> <span class='ocrx_word' id='word_1_59' title='bbox 682 732 784 762; x_wconf 82' lang='lat' dir='ltr'>lituris</span> <span class='ocrx_word' id='word_1_60' title='bbox 830 735 1057 764; x_wconf 70' lang='lat' dir='ltr'>Demosthenis.</span> 
     </span>
     <span class='ocr_line' id='line_1_13' title="bbox 343 774 1059 818; baseline 0.004 -15"><span class='ocrx_word' id='word_1_61' title='bbox 343 776 453 813; x_wconf 76' lang='lat' dir='ltr'>Neque</span> <span class='ocrx_word' id='word_1_62' title='bbox 470 775 548 803; x_wconf 77' lang='lat' dir='ltr'>enim</span> <span class='ocrx_word' id='word_1_63' title='bbox 563 774 642 804; x_wconf 81' lang='lat' dir='ltr'>inter</span> <span class='ocrx_word' id='word_1_64' title='bbox 659 786 690 804; x_wconf 87' lang='lat' dir='ltr'>se</span> <span class='ocrx_word' id='word_1_65' title='bbox 707 777 869 806; x_wconf 51' lang='lat' dir='ltr'>cohaerent.</span> <span class='ocrx_word' id='word_1_66' title='bbox 912 778 973 807; x_wconf 81' lang='grc' dir='ltr'>Ριο</span> <span class='ocrx_word' id='word_1_67' title='bbox 991 778 1059 818; x_wconf 74' lang='grc' dir='ltr'>διορ-</span> 
     </span>
     <span class='ocr_line' id='line_1_14' title="bbox 338 816 1058 859; baseline 0.004 -12"><span class='ocrx_word' id='word_1_68' title='bbox 338 816 488 847; x_wconf 54' lang='lat' dir='ltr'>oasam-ea.</span> <span class='ocrx_word' id='word_1_69' title='bbox 516 819 640 847; x_wconf 76' lang='lat' dir='ltr'>videtur</span> <span class='ocrx_word' id='word_1_70' title='bbox 663 819 758 848; x_wconf 83' lang='lat' dir='ltr'>Wolf</span> <span class='ocrx_word' id='word_1_71' title='bbox 779 819 963 859; x_wconf 61' lang='grc' dir='ltr'>διορίσασθαι</span> <span class='ocrx_word' id='word_1_72' title='bbox 988 832 1058 851; x_wconf 88' lang='lat' dir='ltr'>con-</span> 
     </span>
     <span class='ocr_line' id='line_1_15' title="bbox 335 861 1057 902; baseline 0.007 -13"><span class='ocrx_word' id='word_1_73' title='bbox 335 863 485 899; x_wconf 86' lang='lat' dir='ltr'>jectasse.</span> <span class='ocrx_word' id='word_1_74' title='bbox 531 862 567 890; x_wconf 88' lang='lat' dir='ltr'>ln</span> <span class='ocrx_word' id='word_1_75' title='bbox 586 861 705 891; x_wconf 88' lang='lat' dir='ltr'>Latinis</span> <span class='ocrx_word' id='word_1_76' title='bbox 733 862 831 892; x_wconf 89' lang='lat' dir='ltr'>saltim</span> <span class='ocrx_word' id='word_1_77' title='bbox 855 864 887 892; x_wconf 89' lang='lat' dir='ltr'>id</span> <span class='ocrx_word' id='word_1_78' title='bbox 916 866 1057 902; x_wconf 87' lang='lat' dir='ltr'>subjecit,</span> 
     </span>
     <span class='ocr_line' id='line_1_16' title="bbox 338 904 971 944; baseline 0.006 -12"><span class='ocrx_word' id='word_1_79' title='bbox 338 904 490 933; x_wconf 81' lang='lat' dir='ltr'>reddens:</span> <span class='ocrx_word' id='word_1_80' title='bbox 517 905 685 934; x_wconf 78' lang='lat' dir='ltr'>distinctius</span> <span class='ocrx_word' id='word_1_81' title='bbox 699 911 739 935; x_wconf 83' lang='lat' dir='ltr'>est</span> <span class='ocrx_word' id='word_1_82' title='bbox 757 906 971 944; x_wconf 74' lang='lat' dir='ltr'>erplicandum.</span> 
     </span>
    </p>

    <p class='ocr_par' dir='ltr' id='par_1_4' title="bbox 335 946 1059 1244">
     <span class='ocr_line' id='line_1_17' title="bbox 379 946 1055 1000; baseline 0.006 -24"><span class='ocrx_word' id='word_1_83' title='bbox 379 965 423 969; x_wconf 84' lang='lat'>—-</span> <span class='ocrx_word' id='word_1_84' title='bbox 437 949 486 977; x_wconf 79' lang='lat'>13.</span> <span class='ocrx_word' id='word_1_85' title='bbox 502 946 699 1000; x_wconf 79' lang='grc' dir='ltr'>ἐξὲστητε-]</span> <span class='ocrx_word' id='word_1_86' title='bbox 717 950 930 988; x_wconf 78' lang='lat' dir='ltr'>Hermogenes</span> <span class='ocrx_word' id='word_1_87' title='bbox 943 960 973 989; x_wconf 88' lang='lat' dir='ltr'>p.</span> <span class='ocrx_word' id='word_1_88' title='bbox 983 952 1055 981; x_wconf 73' lang='lat'>0264.</span> 
     </span>
     <span class='ocr_line' id='line_1_18' title="bbox 335 989 1059 1032; baseline 0.006 -13"><span class='ocrx_word' id='word_1_89' title='bbox 335 989 382 1019; x_wconf 60' lang='lat' dir='ltr'>ndi</span> <span class='ocrx_word' id='word_1_90' title='bbox 399 992 455 1029; x_wconf 61' lang='grc' dir='ltr'>μὴν</span> <span class='ocrx_word' id='word_1_91' title='bbox 468 1002 515 1019; x_wconf 62' lang='grc' dir='ltr'>καί</span> <span class='ocrx_word' id='word_1_92' title='bbox 531 1003 683 1032; x_wconf 60' lang='grc' dir='ltr'>σχηματᾱ</span> <span class='ocrx_word' id='word_1_93' title='bbox 696 993 884 1031; x_wconf 63' lang='grc' dir='ltr'><strong><em>ἀκμαστικὰ,</em></strong></span> <span class='ocrx_word' id='word_1_94' title='bbox 899 992 953 1023; x_wconf 61' lang='grc' dir='ltr'>ὅσα</span> <span class='ocrx_word' id='word_1_95' title='bbox 969 1004 1016 1022; x_wconf 62' lang='grc' dir='ltr'>καί</span> <span class='ocrx_word' id='word_1_96' title='bbox 1033 1005 1059 1023; x_wconf 64' lang='lat' dir='ltr'>SV</span> 
     </span>
     <span class='ocr_line' id='line_1_19' title="bbox 336 1032 1058 1076; baseline 0.006 -14"><span class='ocrx_word' id='word_1_97' title='bbox 336 1032 535 1073; x_wconf 58' lang='grc' dir='ltr'>λαμπρότητι</span> <span class='ocrx_word' id='word_1_98' title='bbox 556 1035 605 1063; x_wconf 77' lang='grc' dir='ltr'>καὶ</span> <span class='ocrx_word' id='word_1_99' title='bbox 628 1034 810 1074; x_wconf 69' lang='grc' dir='ltr'>σφοδξότητι.</span> <span class='ocrx_word' id='word_1_100' title='bbox 833 1038 914 1066; x_wconf 67' lang='grc' dir='ltr'>κατὰ</span> <span class='ocrx_word' id='word_1_101' title='bbox 933 1035 989 1076; x_wconf 77' lang='grc' dir='ltr'>μὲν</span> <span class='ocrx_word' id='word_1_102' title='bbox 1003 1039 1058 1076; x_wconf 71' lang='grc' dir='ltr'>γὰρ</span> 
     </span>
     <span class='ocr_line' id='line_1_20' title="bbox 335 1077 1055 1127; baseline 0.006 -22.011"><span class='ocrx_word' id='word_1_103' title='bbox 335 1077 546 1127; x_wconf 71' lang='grc' dir='ltr'>λαμπρότητος</span> <span class='ocrx_word' id='word_1_104' title='bbox 558 1080 668 1118; x_wconf 70' lang='grc' dir='ltr'>σχῆμα</span> <span class='ocrx_word' id='word_1_105' title='bbox 680 1079 762 1118; x_wconf 74' lang='grc' dir='ltr'>ἀκμὴ</span> <span class='ocrx_word' id='word_1_106' title='bbox 782 1078 898 1116; x_wconf 76' lang='grc' dir='ltr'>γέγονεν,</span> <span class='ocrx_word' id='word_1_107' title='bbox 915 1080 950 1114; x_wconf 77' lang='grc' dir='ltr'>ὡς</span> <span class='ocrx_word' id='word_1_108' title='bbox 965 1079 991 1111; x_wconf 78' lang='grc' dir='ltr'>ἐν</span> <span class='ocrx_word' id='word_1_109' title='bbox 1002 1081 1055 1118; x_wconf 67' lang='grc' dir='ltr'>τῷ·</span> 
     </span>
     <span class='ocr_line' id='line_1_21' title="bbox 335 1114 1058 1160; baseline 0.006 -12.056"><span class='ocrx_word' id='word_1_110' title='bbox 335 1117 502 1158; x_wconf 75' lang='grc' dir='ltr'>Ἓξὲστητε,</span> <span class='ocrx_word' id='word_1_111' title='bbox 519 1124 540 1148; x_wconf 83' lang='grc' dir='ltr'>ὠ</span> <span class='ocrx_word' id='word_1_112' title='bbox 562 1120 590 1149; x_wconf 76' lang='grc' dir='ltr'>ἑὶ.</span> <span class='ocrx_word' id='word_1_113' title='bbox 605 1120 648 1150; x_wconf 93' lang='lat' dir='ltr'>A.</span> <span class='ocrx_word' id='word_1_114' title='bbox 665 1123 717 1155; x_wconf 75' lang='grc' dir='ltr'>τῆς</span> <span class='ocrx_word' id='word_1_115' title='bbox 732 1114 1058 1160; x_wconf 43' lang='lat' dir='ltr'>‘rigemur—Aristides</span> 
     </span>
     <span class='ocr_line' id='line_1_22' title="bbox 337 1163 1058 1206; baseline 0.004 -14"><span class='ocrx_word' id='word_1_116' title='bbox 337 1172 368 1200; x_wconf 87' lang='lat' dir='ltr'>p.</span> <span class='ocrx_word' id='word_1_117' title='bbox 383 1164 455 1193; x_wconf 69' lang='lat'>264.</span> <span class='ocrx_word' id='word_1_118' title='bbox 467 1163 749 1203; x_wconf 76' lang='grc' dir='ltr'>σφοδρότηςγίνεται,</span> <span class='ocrx_word' id='word_1_119' title='bbox 764 1164 831 1195; x_wconf 68' lang='grc' dir='ltr'>ὅταν</span> <span class='ocrx_word' id='word_1_120' title='bbox 840 1177 886 1198; x_wconf 80' lang='grc' dir='ltr'>τις</span> <span class='ocrx_word' id='word_1_121' title='bbox 898 1166 1058 1206; x_wconf 75' lang='grc' dir='ltr'><em>προσώποις</em></span> 
     </span>
     <span class='ocr_line' id='line_1_23' title="bbox 335 1204 926 1246; baseline 0.007 -12"><span class='ocrx_word' id='word_1_122' title='bbox 335 1204 448 1244; x_wconf 74' lang='grc' dir='ltr'>ἐνδόξοις</span> <span class='ocrx_word' id='word_1_123' title='bbox 466 1205 606 1246; x_wconf 66' lang='grc' dir='ltr'>ἐπιτιμᾷ.</span> <span class='ocrx_word' id='word_1_124' title='bbox 624 1205 683 1236; x_wconf 84' lang='grc' dir='ltr'>οιον·</span> <span class='ocrx_word' id='word_1_125' title='bbox 722 1206 926 1244; x_wconf 69' lang='grc' dir='ltr'>ἐξέστητε-</span> 
     </span>
    </p>

    <p class='ocr_par' dir='ltr' id='par_1_5' title="bbox 334 1248 1056 1332">
     <span class='ocr_line' id='line_1_24' title="bbox 380 1248 1056 1293; baseline 0.005 -15"><span class='ocrx_word' id='word_1_126' title='bbox 380 1251 452 1279; x_wconf 69' lang='grc'>144.</span> <span class='ocrx_word' id='word_1_127' title='bbox 470 1252 501 1280; x_wconf 86' lang='grc'>6.</span> <span class='ocrx_word' id='word_1_128' title='bbox 513 1248 642 1285; x_wconf 57' lang='grc' dir='ltr'>ὅντωνδζ</span> <span class='ocrx_word' id='word_1_129' title='bbox 659 1248 682 1280; x_wconf 82' lang='grc' dir='ltr'><em>ὠ</em></span> <span class='ocrx_word' id='word_1_130' title='bbox 695 1250 725 1280; x_wconf 77' lang='grc' dir='ltr'>ἅ.</span> <span class='ocrx_word' id='word_1_131' title='bbox 741 1249 811 1281; x_wconf 67' lang='grc' dir='ltr'>Ἀθ.</span> <span class='ocrx_word' id='word_1_132' title='bbox 822 1252 880 1293; x_wconf 93' lang='lat'>—-]</span> <span class='ocrx_word' id='word_1_133' title='bbox 895 1251 978 1283; x_wconf 87' lang='lat' dir='ltr'>Citat</span> <span class='ocrx_word' id='word_1_134' title='bbox 994 1252 1024 1281; x_wconf 84' lang='lat' dir='ltr'>h.</span> <span class='ocrx_word' id='word_1_135' title='bbox 1035 1251 1056 1282; x_wconf 90' lang='lat'>1.</span> 
     </span>
     <span class='ocr_line' id='line_1_25' title="bbox 334 1292 627 1332; baseline 0.011 -11"><span class='ocrx_word' id='word_1_136' title='bbox 334 1292 492 1322; x_wconf 72' lang='lat' dir='ltr'>Aristides</span> <span class='ocrx_word' id='word_1_137' title='bbox 509 1303 540 1332; x_wconf 91' lang='lat' dir='ltr'>p.</span> <span class='ocrx_word' id='word_1_138' title='bbox 557 1296 627 1324; x_wconf 83' lang='grc'>184.</span> 
     </span>
    </p>

    <p class='ocr_par' dir='ltr' id='par_1_6' title="bbox 333 1335 1055 1679">
     <span class='ocr_line' id='line_1_26' title="bbox 378 1335 1055 1377; baseline 0.003 -12"><span class='ocrx_word' id='word_1_139' title='bbox 378 1354 422 1358; x_wconf 96' lang='lat'>—</span> <span class='ocrx_word' id='word_1_140' title='bbox 439 1338 489 1366; x_wconf 81' lang='lat'>17.</span> <span class='ocrx_word' id='word_1_141' title='bbox 512 1335 664 1377; x_wconf 79' lang='grc' dir='ltr'>Βούλεται]</span> <span class='ocrx_word' id='word_1_142' title='bbox 689 1337 815 1375; x_wconf 80' lang='lat' dir='ltr'>majoris</span> <span class='ocrx_word' id='word_1_143' title='bbox 832 1337 881 1366; x_wconf 82' lang='lat' dir='ltr'>hic</span> <span class='ocrx_word' id='word_1_144' title='bbox 895 1336 954 1367; x_wconf 85' lang='lat' dir='ltr'>feci</span> <span class='ocrx_word' id='word_1_145' title='bbox 970 1337 1055 1367; x_wconf 81' lang='lat' dir='ltr'>festi-</span> 
     </span>
     <span class='ocr_line' id='line_1_27' title="bbox 335 1380 1054 1420; baseline 0.003 -12"><span class='ocrx_word' id='word_1_146' title='bbox 335 1389 410 1408; x_wconf 82' lang='lat' dir='ltr'>nans</span> <span class='ocrx_word' id='word_1_147' title='bbox 434 1380 647 1410; x_wconf 83' lang='lat' dir='ltr'>auctoritatem</span> <span class='ocrx_word' id='word_1_148' title='bbox 668 1381 853 1418; x_wconf 79' lang='lat' dir='ltr'>Augustani,</span> <span class='ocrx_word' id='word_1_149' title='bbox 878 1391 965 1420; x_wconf 85' lang='lat' dir='ltr'>quam</span> <span class='ocrx_word' id='word_1_150' title='bbox 986 1381 1054 1410; x_wconf 89' lang='lat' dir='ltr'>vul-</span> 
     </span>
     <span class='ocr_line' id='line_1_28' title="bbox 336 1423 1053 1463; baseline 0.003 -11"><span class='ocrx_word' id='word_1_151' title='bbox 336 1426 434 1461; x_wconf 83' lang='lat' dir='ltr'>gatae;</span> <span class='ocrx_word' id='word_1_152' title='bbox 459 1423 538 1462; x_wconf 88' lang='lat' dir='ltr'>quod</span> <span class='ocrx_word' id='word_1_153' title='bbox 563 1434 641 1452; x_wconf 84' lang='lat' dir='ltr'>nunc</span> <span class='ocrx_word' id='word_1_154' title='bbox 663 1423 775 1453; x_wconf 86' lang='lat' dir='ltr'>nollem</span> <span class='ocrx_word' id='word_1_155' title='bbox 793 1424 918 1454; x_wconf 77' lang='lat' dir='ltr'>facturn.</span> <span class='ocrx_word' id='word_1_156' title='bbox 937 1434 997 1463; x_wconf 87' lang='lat' dir='ltr'>qua</span> <span class='ocrx_word' id='word_1_157' title='bbox 1013 1425 1053 1454; x_wconf 88' lang='lat' dir='ltr'>de</span> 
     </span>
     <span class='ocr_line' id='line_1_29' title="bbox 335 1465 1053 1506; baseline 0.003 -11"><span class='ocrx_word' id='word_1_158' title='bbox 335 1465 462 1495; x_wconf 81' lang='lat' dir='ltr'>civitate</span> <span class='ocrx_word' id='word_1_159' title='bbox 486 1466 649 1496; x_wconf 82' lang='lat' dir='ltr'>insidiator</span> <span class='ocrx_word' id='word_1_160' title='bbox 671 1467 823 1497; x_wconf 74' lang='lat' dir='ltr'>libertatis</span> <span class='ocrx_word' id='word_1_161' title='bbox 840 1469 968 1503; x_wconf 80' lang='lat' dir='ltr'>Graecae,</span> <span class='ocrx_word' id='word_1_162' title='bbox 986 1467 1053 1506; x_wconf 90' lang='lat' dir='ltr'>qui-</span> 
     </span>
     <span class='ocr_line' id='line_1_30' title="bbox 336 1509 1053 1550; baseline 0.003 -11"><span class='ocrx_word' id='word_1_163' title='bbox 336 1519 456 1548; x_wconf 81' lang='lat' dir='ltr'>cunque</span> <span class='ocrx_word' id='word_1_164' title='bbox 471 1510 496 1539; x_wconf 88' lang='lat' dir='ltr'>is</span> <span class='ocrx_word' id='word_1_165' title='bbox 512 1509 682 1539; x_wconf 80' lang='lat' dir='ltr'>identidem</span> <span class='ocrx_word' id='word_1_166' title='bbox 704 1514 763 1545; x_wconf 84' lang='lat' dir='ltr'>est,</span> <span class='ocrx_word' id='word_1_167' title='bbox 779 1511 823 1540; x_wconf 86' lang='lat' dir='ltr'>ita</span> <span class='ocrx_word' id='word_1_168' title='bbox 847 1511 1003 1550; x_wconf 79' lang='lat' dir='ltr'>opinetur,</span> <span class='ocrx_word' id='word_1_169' title='bbox 1020 1516 1053 1541; x_wconf 87' lang='lat' dir='ltr'>ut</span> 
     </span>
     <span class='ocr_line' id='line_1_31' title="bbox 334 1553 1053 1591; baseline 0.004 -10"><span class='ocrx_word' id='word_1_170' title='bbox 334 1562 516 1591; x_wconf 86' lang='lat' dir='ltr'>persuasum</span> <span class='ocrx_word' id='word_1_171' title='bbox 532 1553 653 1588; x_wconf 81' lang='lat' dir='ltr'>habeat,</span> <span class='ocrx_word' id='word_1_172' title='bbox 667 1563 733 1583; x_wconf 83' lang='lat' dir='ltr'>eam</span> <span class='ocrx_word' id='word_1_173' title='bbox 751 1553 845 1584; x_wconf 87' lang='lat' dir='ltr'>solam</span> <span class='ocrx_word' id='word_1_174' title='bbox 859 1554 922 1584; x_wconf 89' lang='lat' dir='ltr'>suis</span> <span class='ocrx_word' id='word_1_175' title='bbox 938 1554 1053 1584; x_wconf 88' lang='lat' dir='ltr'>machi-</span> 
     </span>
     <span class='ocr_line' id='line_1_32' title="bbox 334 1595 1051 1628; baseline 0.004 -3"><span class='ocrx_word' id='word_1_176' title='bbox 334 1595 513 1625; x_wconf 84' lang='lat' dir='ltr'>nationibus</span> <span class='ocrx_word' id='word_1_177' title='bbox 534 1597 714 1627; x_wconf 87' lang='lat' dir='ltr'>obstituram</span> <span class='ocrx_word' id='word_1_178' title='bbox 730 1607 810 1627; x_wconf 85' lang='lat' dir='ltr'>esse.</span> <span class='ocrx_word' id='word_1_179' title='bbox 858 1598 908 1628; x_wconf 89' lang='lat' dir='ltr'>Ad</span> <span class='ocrx_word' id='word_1_180' title='bbox 924 1595 1051 1628; x_wconf 80' lang='grc' dir='ltr'>ἐναντιω-</span> 
     </span>
     <span class='ocr_line' id='line_1_33' title="bbox 333 1637 684 1679; baseline 0.006 -12"><span class='ocrx_word' id='word_1_181' title='bbox 333 1637 416 1670; x_wconf 63' lang='grc' dir='ltr'>θῆναι</span> <span class='ocrx_word' id='word_1_182' title='bbox 433 1639 565 1670; x_wconf 84' lang='lat' dir='ltr'>subaudi</span> <span class='ocrx_word' id='word_1_183' title='bbox 580 1639 684 1679; x_wconf 69' lang='grc' dir='ltr'>ἑαυτῷ.</span> 
     </span>
    </p>

    <p class='ocr_par' dir='ltr' id='par_1_7' title="bbox 331 1682 1052 1938">
     <span class='ocr_line' id='line_1_34' title="bbox 386 1682 1051 1723; baseline 0.005 -12"><span class='ocrx_word' id='word_1_184' title='bbox 386 1700 430 1705; x_wconf 86' lang='lat'>—</span> <span class='ocrx_word' id='word_1_185' title='bbox 454 1685 508 1712; x_wconf 74' lang='lat'>⁰20.</span> <span class='ocrx_word' id='word_1_186' title='bbox 545 1683 605 1716; x_wconf 83' lang='grc' dir='ltr'>τοῖς</span> <span class='ocrx_word' id='word_1_187' title='bbox 634 1682 746 1723; x_wconf 74' lang='grc' dir='ltr'>δ’πλοις]</span> <span class='ocrx_word' id='word_1_188' title='bbox 785 1683 964 1722; x_wconf 85' lang='lat' dir='ltr'>suspicabar</span> <span class='ocrx_word' id='word_1_189' title='bbox 997 1684 1051 1714; x_wconf 86' lang='lat' dir='ltr'>ali-</span> 
     </span>
     <span class='ocr_line' id='line_1_35' title="bbox 332 1726 1051 1766; baseline 0.004 -11"><span class='ocrx_word' id='word_1_190' title='bbox 332 1726 464 1764; x_wconf 84' lang='lat' dir='ltr'>quando,</span> <span class='ocrx_word' id='word_1_191' title='bbox 480 1726 541 1766; x_wconf 79' lang='lat' dir='ltr'>leg.</span> <span class='ocrx_word' id='word_1_192' title='bbox 561 1737 631 1756; x_wconf 85' lang='lat' dir='ltr'>esse</span> <span class='ocrx_word' id='word_1_193' title='bbox 648 1728 707 1760; x_wconf 84' lang='grc' dir='ltr'>τοῖς</span> <span class='ocrx_word' id='word_1_194' title='bbox 721 1726 804 1763; x_wconf 78' lang='grc' dir='ltr'>δ’λοις,</span> <span class='ocrx_word' id='word_1_195' title='bbox 827 1728 917 1757; x_wconf 86' lang='lat' dir='ltr'>litera</span> <span class='ocrx_word' id='word_1_196' title='bbox 939 1727 1051 1758; x_wconf 87' lang='lat' dir='ltr'>minus.</span> 
     </span>
     <span class='ocr_line' id='line_1_36' title="bbox 331 1770 1052 1809; baseline 0.004 -11"><span class='ocrx_word' id='word_1_197' title='bbox 331 1770 424 1799; x_wconf 86' lang='lat' dir='ltr'>rebus</span> <span class='ocrx_word' id='word_1_198' title='bbox 440 1770 581 1799; x_wconf 87' lang='lat' dir='ltr'>omnibus</span> <span class='ocrx_word' id='word_1_199' title='bbox 605 1770 716 1809; x_wconf 87' lang='lat' dir='ltr'>pollet,</span> <span class='ocrx_word' id='word_1_200' title='bbox 741 1771 818 1809; x_wconf 86' lang='lat' dir='ltr'>reip.</span> <span class='ocrx_word' id='word_1_201' title='bbox 844 1781 955 1800; x_wconf 88' lang='lat' dir='ltr'>nervos</span> <span class='ocrx_word' id='word_1_202' title='bbox 980 1781 1052 1801; x_wconf 84' lang='lat' dir='ltr'>con-</span> 
     </span>
     <span class='ocr_line' id='line_1_37' title="bbox 332 1813 1051 1851; baseline 0.004 -10"><span class='ocrx_word' id='word_1_203' title='bbox 332 1813 529 1842; x_wconf 87' lang='lat' dir='ltr'>tendentibus</span> <span class='ocrx_word' id='word_1_204' title='bbox 552 1818 642 1851; x_wconf 86' lang='lat' dir='ltr'>atque</span> <span class='ocrx_word' id='word_1_205' title='bbox 664 1814 887 1843; x_wconf 77' lang='lat' dir='ltr'>formidandam</span> <span class='ocrx_word' id='word_1_206' title='bbox 910 1814 948 1844; x_wconf 83' lang='lat' dir='ltr'>ad</span> <span class='ocrx_word' id='word_1_207' title='bbox 972 1815 1051 1844; x_wconf 86' lang='lat' dir='ltr'>alios</span> 
     </span>
     <span class='ocr_line' id='line_1_38' title="bbox 331 1857 1050 1893; baseline 0.003 -8"><span class='ocrx_word' id='word_1_208' title='bbox 331 1857 544 1886; x_wconf 82' lang='lat' dir='ltr'>reddentibus.</span> <span class='ocrx_word' id='word_1_209' title='bbox 560 1867 639 1886; x_wconf 88' lang='lat' dir='ltr'>nunc</span> <span class='ocrx_word' id='word_1_210' title='bbox 650 1867 726 1886; x_wconf 85' lang='lat' dir='ltr'>vero</span> <span class='ocrx_word' id='word_1_211' title='bbox 739 1857 779 1886; x_wconf 88' lang='lat' dir='ltr'>nil</span> <span class='ocrx_word' id='word_1_212' title='bbox 797 1868 899 1887; x_wconf 79' lang='lat' dir='ltr'>causae</span> <span class='ocrx_word' id='word_1_213' title='bbox 916 1857 1050 1893; x_wconf 81' lang='lat' dir='ltr'>videtur,</span> 
     </span>
     <span class='ocr_line' id='line_1_39' title="bbox 334 1900 943 1938; baseline 0.003 -10"><span class='ocrx_word' id='word_1_214' title='bbox 334 1909 391 1928; x_wconf 79' lang='lat' dir='ltr'>cur</span> <span class='ocrx_word' id='word_1_215' title='bbox 403 1900 535 1938; x_wconf 71' lang='lat' dir='ltr'>vulgatae</span> <span class='ocrx_word' id='word_1_216' title='bbox 550 1901 762 1930; x_wconf 82' lang='lat' dir='ltr'>controversia</span> <span class='ocrx_word' id='word_1_217' title='bbox 774 1905 943 1930; x_wconf 78' lang='lat' dir='ltr'>moveatur.</span> 
     </span>
    </p>

    <p class='ocr_par' dir='ltr' id='par_1_8' title="bbox 331 1943 1051 2106">
     <span class='ocr_line' id='line_1_40' title="bbox 375 1943 1051 1984; baseline 0.003 -12"><span class='ocrx_word' id='word_1_218' title='bbox 375 1960 418 1965; x_wconf 90' lang='lat'>—</span> <span class='ocrx_word' id='word_1_219' title='bbox 440 1946 492 1973; x_wconf 69' lang='lat'>21.</span> <span class='ocrx_word' id='word_1_220' title='bbox 518 1943 587 1983; x_wconf 68' lang='grc' dir='ltr'>ὑπὲξ</span> <span class='ocrx_word' id='word_1_221' title='bbox 603 1945 655 1978; x_wconf 65' lang='grc' dir='ltr'>τῆς</span> <span class='ocrx_word' id='word_1_222' title='bbox 675 1943 797 1984; x_wconf 78' lang='grc' dir='ltr'>πόλεως]</span> <span class='ocrx_word' id='word_1_223' title='bbox 822 1949 874 1974; x_wconf 85' lang='lat' dir='ltr'>aut</span> <span class='ocrx_word' id='word_1_224' title='bbox 898 1944 1051 1974; x_wconf 82' lang='lat' dir='ltr'>tollendus</span> 
     </span>
     <span class='ocr_line' id='line_1_41' title="bbox 332 1986 1051 2027; baseline 0.001 -12"><span class='ocrx_word' id='word_1_225' title='bbox 332 1990 380 2016; x_wconf 76' lang='lat' dir='ltr'>est</span> <span class='ocrx_word' id='word_1_226' title='bbox 401 1986 558 2022; x_wconf 73' lang='lat' dir='ltr'>articulus,</span> <span class='ocrx_word' id='word_1_227' title='bbox 581 1987 631 2027; x_wconf 78' lang='lat' dir='ltr'>(et</span> <span class='ocrx_word' id='word_1_228' title='bbox 656 1987 775 2017; x_wconf 81' lang='lat' dir='ltr'>mallem</span> <span class='ocrx_word' id='word_1_229' title='bbox 795 1998 871 2016; x_wconf 78' lang='lat' dir='ltr'>nuim</span> <span class='ocrx_word' id='word_1_230' title='bbox 888 1998 935 2017; x_wconf 84' lang='lat' dir='ltr'>me</span> <span class='ocrx_word' id='word_1_231' title='bbox 952 1987 981 2016; x_wconf 95' lang='lat' dir='ltr'>in</span> <span class='ocrx_word' id='word_1_232' title='bbox 999 1997 1051 2017; x_wconf 81' lang='lat' dir='ltr'>au-</span> 
     </span>
     <span class='ocr_line' id='line_1_42' title="bbox 331 2029 1050 2072; baseline 0.003 -14"><span class='ocrx_word' id='word_1_233' title='bbox 331 2029 474 2059; x_wconf 72' lang='lat' dir='ltr'>ctoritate</span> <span class='ocrx_word' id='word_1_234' title='bbox 498 2030 669 2069; x_wconf 84' lang='lat' dir='ltr'>Augustani</span> <span class='ocrx_word' id='word_1_235' title='bbox 695 2031 743 2060; x_wconf 84' lang='lat' dir='ltr'>hie</span> <span class='ocrx_word' id='word_1_236' title='bbox 768 2030 884 2072; x_wconf 78' lang='lat' dir='ltr'>fuisse)</span> <span class='ocrx_word' id='word_1_237' title='bbox 907 2036 958 2060; x_wconf 83' lang='lat' dir='ltr'>aut</span> <span class='ocrx_word' id='word_1_238' title='bbox 981 2041 1050 2060; x_wconf 84' lang='lat' dir='ltr'>curn</span> 
     </span>
     <span class='ocr_line' id='line_1_43' title="bbox 331 2072 720 2106; baseline 0 -3"><span class='ocrx_word' id='word_1_239' title='bbox 331 2072 466 2106; x_wconf 73' lang='grc' dir='ltr'>τοιαύτης</span> <span class='ocrx_word' id='word_1_240' title='bbox 481 2078 530 2103; x_wconf 88' lang='lat' dir='ltr'>est</span> <span class='ocrx_word' id='word_1_241' title='bbox 545 2074 720 2103; x_wconf 87' lang='lat' dir='ltr'>mutandus.</span> 
     </span>
    </p>

    <p class='ocr_par' dir='ltr' id='par_1_9' title="bbox 329 2116 1052 2287">
     <span class='ocr_line' id='line_1_44' title="bbox 378 2116 1051 2157; baseline -0.001 -10"><span class='ocrx_word' id='word_1_242' title='bbox 378 2133 420 2139; x_wconf 79' lang='lat'>·—</span> <span class='ocrx_word' id='word_1_243' title='bbox 436 2119 487 2147; x_wconf 68' lang='lat'>24.</span> <span class='ocrx_word' id='word_1_244' title='bbox 511 2116 696 2157; x_wconf 75' lang='grc' dir='ltr'>πράγματα]</span> <span class='ocrx_word' id='word_1_245' title='bbox 715 2121 785 2156; x_wconf 89' lang='lat' dir='ltr'>post</span> <span class='ocrx_word' id='word_1_246' title='bbox 796 2117 977 2157; x_wconf 56' lang='grc' dir='ltr'>πράγματα,</span> <span class='ocrx_word' id='word_1_247' title='bbox 990 2127 1051 2156; x_wconf 93' lang='lat' dir='ltr'>quo</span> 
     </span>
     <span class='ocr_line' id='line_1_45' title="bbox 333 2159 1052 2199; baseline 0.003 -11"><span class='ocrx_word' id='word_1_248' title='bbox 333 2159 363 2188; x_wconf 85' lang='lat' dir='ltr'>in</span> <span class='ocrx_word' id='word_1_249' title='bbox 385 2160 537 2189; x_wconf 86' lang='lat' dir='ltr'>vocabulo</span> <span class='ocrx_word' id='word_1_250' title='bbox 562 2161 761 2199; x_wconf 82' lang='lat' dir='ltr'>interrogatio</span> <span class='ocrx_word' id='word_1_251' title='bbox 785 2160 911 2194; x_wconf 86' lang='lat' dir='ltr'>desinit,</span> <span class='ocrx_word' id='word_1_252' title='bbox 930 2161 1052 2190; x_wconf 79' lang='lat' dir='ltr'>videtur</span> 
     </span>
     <span class='ocr_line' id='line_1_46' title="bbox 329 2203 1050 2243; baseline 0.003 -12"><span class='ocrx_word' id='word_1_253' title='bbox 329 2203 383 2238; x_wconf 66' lang='grc' dir='ltr'>νῦν,</span> <span class='ocrx_word' id='word_1_254' title='bbox 396 2213 463 2242; x_wconf 85' lang='lat' dir='ltr'>quae</span> <span class='ocrx_word' id='word_1_255' title='bbox 480 2208 528 2233; x_wconf 90' lang='lat' dir='ltr'>est</span> <span class='ocrx_word' id='word_1_256' title='bbox 540 2203 713 2243; x_wconf 83' lang='lat' dir='ltr'>responsio,</span> <span class='ocrx_word' id='word_1_257' title='bbox 726 2204 847 2233; x_wconf 81' lang='lat' dir='ltr'>deesse.</span> <span class='ocrx_word' id='word_1_258' title='bbox 858 2214 918 2243; x_wconf 88' lang='lat' dir='ltr'>quo</span> <span class='ocrx_word' id='word_1_259' title='bbox 931 2203 1050 2240; x_wconf 87' lang='lat' dir='ltr'>addito,</span> 
     </span>
     <span class='ocr_line' id='line_1_47' title="bbox 334 2247 732 2287; baseline 0 -11"><span class='ocrx_word' id='word_1_260' title='bbox 334 2247 410 2276; x_wconf 78' lang='lat' dir='ltr'>bene</span> <span class='ocrx_word' id='word_1_261' title='bbox 426 2252 490 2276; x_wconf 87' lang='lat' dir='ltr'>tum</span> <span class='ocrx_word' id='word_1_262' title='bbox 510 2247 652 2276; x_wconf 85' lang='lat' dir='ltr'>convenit</span> <span class='ocrx_word' id='word_1_263' title='bbox 667 2247 732 2287; x_wconf 75' lang='grc' dir='ltr'><em>γάς.</em></span> 
     </span>
    </p>

    <p class='ocr_par' dir='ltr' id='par_1_10' title="bbox 331 2288 1051 2502">
     <span class='ocr_line' id='line_1_48' title="bbox 376 2288 1049 2331; baseline 0 -12"><span class='ocrx_word' id='word_1_264' title='bbox 376 2292 451 2320; x_wconf 75' lang='lat'>145.</span> <span class='ocrx_word' id='word_1_265' title='bbox 468 2292 499 2320; x_wconf 88' lang='lat'>6.</span> <span class='ocrx_word' id='word_1_266' title='bbox 521 2288 641 2331; x_wconf 80' lang='grc' dir='ltr'>οἰκείως]</span> <span class='ocrx_word' id='word_1_267' title='bbox 664 2290 725 2319; x_wconf 90' lang='lat' dir='ltr'>imo</span> <span class='ocrx_word' id='word_1_268' title='bbox 744 2300 819 2320; x_wconf 86' lang='lat' dir='ltr'>vero</span> <span class='ocrx_word' id='word_1_269' title='bbox 835 2288 980 2325; x_wconf 74' lang='grc' dir='ltr'>ἀνοικείως,</span> <span class='ocrx_word' id='word_1_270' title='bbox 999 2289 1049 2319; x_wconf 89' lang='lat' dir='ltr'>vel</span> 
     </span>
     <span class='ocr_line' id='line_1_49' title="bbox 332 2332 1051 2373; baseline -0.001 -11"><span class='ocrx_word' id='word_1_271' title='bbox 332 2333 437 2372; x_wconf 82' lang='lat' dir='ltr'>potius</span> <span class='ocrx_word' id='word_1_272' title='bbox 462 2332 510 2363; x_wconf 74' lang='grc' dir='ltr'>οὐκ</span> <span class='ocrx_word' id='word_1_273' title='bbox 530 2332 642 2368; x_wconf 80' lang='grc' dir='ltr'>οἰκείως,</span> <span class='ocrx_word' id='word_1_274' title='bbox 668 2344 729 2373; x_wconf 91' lang='lat' dir='ltr'>quo</span> <span class='ocrx_word' id='word_1_275' title='bbox 754 2333 920 2372; x_wconf 86' lang='lat' dir='ltr'>insequens</span> <span class='ocrx_word' id='word_1_276' title='bbox 940 2333 1051 2364; x_wconf 68' lang='grc' dir='ltr'>ἥκιστα,</span> 
     </span>
     <span class='ocr_line' id='line_1_50' title="bbox 331 2376 1051 2416; baseline 0.001 -11"><span class='ocrx_word' id='word_1_277' title='bbox 331 2377 441 2406; x_wconf 88' lang='lat' dir='ltr'>melius</span> <span class='ocrx_word' id='word_1_278' title='bbox 457 2377 599 2416; x_wconf 85' lang='lat' dir='ltr'>quadret.</span> <span class='ocrx_word' id='word_1_279' title='bbox 615 2376 734 2406; x_wconf 86' lang='lat' dir='ltr'>animus</span> <span class='ocrx_word' id='word_1_280' title='bbox 756 2377 784 2407; x_wconf 88' lang='lat' dir='ltr'>ei</span> <span class='ocrx_word' id='word_1_281' title='bbox 807 2388 865 2406; x_wconf 89' lang='lat' dir='ltr'>non</span> <span class='ocrx_word' id='word_1_282' title='bbox 890 2381 938 2406; x_wconf 87' lang='lat' dir='ltr'>est</span> <span class='ocrx_word' id='word_1_283' title='bbox 958 2377 1051 2407; x_wconf 87' lang='lat' dir='ltr'>bene-</span> 
     </span>
     <span class='ocr_line' id='line_1_51' title="bbox 332 2420 1049 2459; baseline 0.003 -11"><span class='ocrx_word' id='word_1_284' title='bbox 332 2420 422 2449; x_wconf 87' lang='lat' dir='ltr'>volus</span> <span class='ocrx_word' id='word_1_285' title='bbox 439 2431 512 2459; x_wconf 86' lang='lat' dir='ltr'>erga</span> <span class='ocrx_word' id='word_1_286' title='bbox 528 2425 654 2450; x_wconf 81' lang='lat' dir='ltr'>cunctos</span> <span class='ocrx_word' id='word_1_287' title='bbox 665 2421 811 2458; x_wconf 81' lang='lat' dir='ltr'>Graecos3</span> <span class='ocrx_word' id='word_1_288' title='bbox 827 2421 960 2450; x_wconf 88' lang='lat' dir='ltr'>omnium</span> <span class='ocrx_word' id='word_1_289' title='bbox 973 2430 1049 2450; x_wconf 85' lang='lat' dir='ltr'>vero</span> 
     </span>
     <span class='ocr_line' id='line_1_52' title="bbox 332 2462 694 2502; baseline 0.006 -11"><span class='ocrx_word' id='word_1_290' title='bbox 332 2462 457 2493; x_wconf 78' lang='lat' dir='ltr'>minime</span> <span class='ocrx_word' id='word_1_291' title='bbox 475 2467 523 2493; x_wconf 88' lang='lat' dir='ltr'>est</span> <span class='ocrx_word' id='word_1_292' title='bbox 539 2474 613 2502; x_wconf 82' lang='lat' dir='ltr'>erga</span> <span class='ocrx_word' id='word_1_293' title='bbox 628 2474 694 2493; x_wconf 90' lang='lat' dir='ltr'>vos.</span> 
     </span>
    </p>

    <p class='ocr_par' dir='ltr' id='par_1_11' title="bbox 372 2505 1049 2549">
     <span class='ocr_line' id='line_1_53' title="bbox 372 2505 1049 2549; baseline 0.001 -14"><span class='ocrx_word' id='word_1_294' title='bbox 372 2506 500 2536; x_wconf 77' lang='lat' dir='ltr'>u—--ibid.</span> <span class='ocrx_word' id='word_1_295' title='bbox 518 2507 550 2536; x_wconf 74' lang='grc' dir='ltr'>ἄν</span> <span class='ocrx_word' id='word_1_296' title='bbox 574 2519 604 2536; x_wconf 87' lang='grc' dir='ltr'>τι</span> <span class='ocrx_word' id='word_1_297' title='bbox 624 2509 667 2547; x_wconf 75' lang='grc' dir='ltr'>μὴ</span> <span class='ocrx_word' id='word_1_298' title='bbox 689 2508 732 2536; x_wconf 71' lang='grc' dir='ltr'>νῦν</span> <span class='ocrx_word' id='word_1_299' title='bbox 755 2505 1049 2549; x_wconf 65' lang='grc' dir='ltr'>ἐπανορθωσώμεθα]</span> 
     </span>
    </p>
   </div>
   <div class='ocr_carea' id='block_1_3' title="bbox 734 193 1437 238">
    <p class='ocr_par' dir='ltr' id='par_1_12' title="bbox 734 193 1437 238">
     <span class='ocr_line' id='line_1_54' title="bbox 734 193 1437 238; baseline 0.004 -3"><span class='ocrx_word' id='word_1_300' title='bbox 734 195 767 235; x_wconf 82' lang='grc' dir='ltr'>Ι.</span> <span class='ocrx_word' id='word_1_301' title='bbox 793 193 825 235; x_wconf 91' lang='grc' dir='ltr'>Ι.</span> <span class='ocrx_word' id='word_1_302' title='bbox 850 193 1074 236; x_wconf 86' lang='lat' dir='ltr'><strong>REISKE</strong></span> <span class='ocrx_word' id='word_1_303' title='bbox 1106 193 1437 238; x_wconf 86' lang='lat' dir='ltr'><strong>ANNOTATA</strong></span> 
     </span>
    </p>
   </div>
   <div class='ocr_carea' id='block_1_4' title="bbox 1083 301 1814 2536">
    <p class='ocr_par' dir='ltr' id='par_1_13' title="bbox 1095 301 1814 460">
     <span class='ocr_line' id='line_1_55' title="bbox 1098 301 1814 344; baseline 0.006 -15"><span class='ocrx_word' id='word_1_304' title='bbox 1098 310 1167 330; x_wconf 88' lang='lat' dir='ltr'>num</span> <span class='ocrx_word' id='word_1_305' title='bbox 1185 302 1246 340; x_wconf 78' lang='lat' dir='ltr'>leg.</span> <span class='ocrx_word' id='word_1_306' title='bbox 1258 308 1321 333; x_wconf 88' lang='lat' dir='ltr'>est:</span> <span class='ocrx_word' id='word_1_307' title='bbox 1341 303 1373 332; x_wconf 80' lang='grc' dir='ltr'>ἅν</span> <span class='ocrx_word' id='word_1_308' title='bbox 1389 315 1419 333; x_wconf 80' lang='grc' dir='ltr'>τι</span> <span class='ocrx_word' id='word_1_309' title='bbox 1438 315 1481 344; x_wconf 86' lang='grc' dir='ltr'>μη</span> <span class='ocrx_word' id='word_1_310' title='bbox 1497 314 1552 332; x_wconf 81' lang='grc' dir='ltr'>των</span> <span class='ocrx_word' id='word_1_311' title='bbox 1566 314 1607 333; x_wconf 77' lang='grc' dir='ltr'>νυν</span> <span class='ocrx_word' id='word_1_312' title='bbox 1624 301 1706 343; x_wconf 80' lang='lat' dir='ltr'>[soil.</span> <span class='ocrx_word' id='word_1_313' title='bbox 1722 313 1814 341; x_wconf 75' lang='grc' dir='ltr'>γιγνο-</span> 
     </span>
     <span class='ocr_line' id='line_1_56' title="bbox 1095 343 1812 388; baseline 0.003 -15"><span class='ocrx_word' id='word_1_314' title='bbox 1095 343 1242 384; x_wconf 76' lang='grc' dir='ltr'>μένωνὺφ’</span> <span class='ocrx_word' id='word_1_315' title='bbox 1258 346 1348 387; x_wconf 81' lang='grc' dir='ltr'>ημῶν]</span> <span class='ocrx_word' id='word_1_316' title='bbox 1364 345 1653 388; x_wconf 63' lang='grc' dir='ltr'>ἐπανορθωσώμεθα.</span> <span class='ocrx_word' id='word_1_317' title='bbox 1668 345 1812 376; x_wconf 83' lang='lat' dir='ltr'>nisinen-</span> 
     </span>
     <span class='ocr_line' id='line_1_57' title="bbox 1098 388 1811 430; baseline 0.004 -15"><span class='ocrx_word' id='word_1_318' title='bbox 1098 388 1166 416; x_wconf 88' lang='lat' dir='ltr'>null</span> <span class='ocrx_word' id='word_1_319' title='bbox 1163 400 1177 415; x_wconf 79' lang='lat'><em>1</em></span> <span class='ocrx_word' id='word_1_320' title='bbox 1194 389 1381 428; x_wconf 82' lang='lat' dir='ltr'>corrigamus</span> <span class='ocrx_word' id='word_1_321' title='bbox 1394 400 1509 426; x_wconf 87' lang='lat' dir='ltr'>eornm,</span> <span class='ocrx_word' id='word_1_322' title='bbox 1521 401 1588 430; x_wconf 88' lang='lat' dir='ltr'>quae</span> <span class='ocrx_word' id='word_1_323' title='bbox 1599 400 1679 421; x_wconf 86' lang='lat' dir='ltr'>nune</span> <span class='ocrx_word' id='word_1_324' title='bbox 1692 399 1709 418; x_wconf 86' lang='lat' dir='ltr'>a</span> <span class='ocrx_word' id='word_1_325' title='bbox 1722 389 1811 419; x_wconf 90' lang='lat' dir='ltr'>nobis</span> 
     </span>
     <span class='ocr_line' id='line_1_58' title="bbox 1096 431 1284 461; baseline 0.006 -2"><span class='ocrx_word' id='word_1_326' title='bbox 1096 431 1284 461; x_wconf 60' lang='lat' dir='ltr'>factitantur.</span> 
     </span>
    </p>

    <p class='ocr_par' dir='ltr' id='par_1_14' title="bbox 1095 474 1813 558">
     <span class='ocr_line' id='line_1_59' title="bbox 1138 474 1813 516; baseline 0.001 -13"><span class='ocrx_word' id='word_1_327' title='bbox 1138 491 1180 495; x_wconf 91' lang='lat'>—-</span> <span class='ocrx_word' id='word_1_328' title='bbox 1194 476 1245 504; x_wconf 75' lang='lat'>20.</span> <span class='ocrx_word' id='word_1_329' title='bbox 1260 474 1450 516; x_wconf 69' lang='grc' dir='ltr'>μεταθεῖναι]</span> <span class='ocrx_word' id='word_1_330' title='bbox 1468 477 1597 507; x_wconf 86' lang='lat' dir='ltr'>subaudi</span> <span class='ocrx_word' id='word_1_331' title='bbox 1614 477 1636 506; x_wconf 87' lang='grc' dir='ltr'>εἰ</span> <span class='ocrx_word' id='word_1_332' title='bbox 1651 475 1676 507; x_wconf 80' lang='grc' dir='ltr'>ἓν</span> <span class='ocrx_word' id='word_1_333' title='bbox 1689 474 1755 516; x_wconf 64' lang='grc' dir='ltr'>μόνα</span> <span class='ocrx_word' id='word_1_334' title='bbox 1745 486 1769 505; x_wconf 88' lang='grc' dir='ltr'>ν</span> <span class='ocrx_word' id='word_1_335' title='bbox 1784 486 1813 506; x_wconf 82' lang='grc' dir='ltr'>ην</span> 
     </span>
     <span class='ocr_line' id='line_1_60' title="bbox 1095 515 1318 558; baseline 0.009 -12"><span class='ocrx_word' id='word_1_336' title='bbox 1095 515 1128 546; x_wconf 76' lang='grc' dir='ltr'>τὸ</span> <span class='ocrx_word' id='word_1_337' title='bbox 1140 518 1318 558; x_wconf 66' lang='grc' dir='ltr'>ἁμάξτημα.</span> 
     </span>
    </p>

    <p class='ocr_par' dir='ltr' id='par_1_15' title="bbox 1094 560 1811 773">
     <span class='ocr_line' id='line_1_61' title="bbox 1140 560 1810 602; baseline 0.003 -13.003"><span class='ocrx_word' id='word_1_338' title='bbox 1140 563 1214 590; x_wconf 86' lang='grc'>146.</span> <span class='ocrx_word' id='word_1_339' title='bbox 1241 564 1290 591; x_wconf 88' lang='grc'>14.</span> <span class='ocrx_word' id='word_1_340' title='bbox 1313 560 1462 602; x_wconf 78' lang='grc' dir='ltr'>κωλύσειν]</span> <span class='ocrx_word' id='word_1_341' title='bbox 1491 563 1612 602; x_wconf 82' lang='lat' dir='ltr'>praetuli</span> <span class='ocrx_word' id='word_1_342' title='bbox 1637 561 1751 592; x_wconf 77' lang='grc' dir='ltr'>κωλύειν</span> <span class='ocrx_word' id='word_1_343' title='bbox 1778 561 1810 591; x_wconf 90' lang='lat' dir='ltr'>in</span> 
     </span>
     <span class='ocr_line' id='line_1_62' title="bbox 1094 604 1810 643; baseline 0.003 -11"><span class='ocrx_word' id='word_1_344' title='bbox 1094 604 1271 641; x_wconf 79' lang='lat' dir='ltr'>praesenti,e</span> <span class='ocrx_word' id='word_1_345' title='bbox 1281 607 1443 643; x_wconf 77' lang='lat' dir='ltr'>p.103.10.</span> <span class='ocrx_word' id='word_1_346' title='bbox 1457 606 1535 634; x_wconf 88' lang='lat' dir='ltr'>unde</span> <span class='ocrx_word' id='word_1_347' title='bbox 1546 606 1701 635; x_wconf 85' lang='lat' dir='ltr'>locushuc</span> <span class='ocrx_word' id='word_1_348' title='bbox 1711 610 1810 635; x_wconf 78' lang='lat' dir='ltr'>trans-</span> 
     </span>
     <span class='ocr_line' id='line_1_63' title="bbox 1095 647 1810 687; baseline 0.001 -12"><span class='ocrx_word' id='word_1_349' title='bbox 1095 647 1175 676; x_wconf 73' lang='lat' dir='ltr'>latus</span> <span class='ocrx_word' id='word_1_350' title='bbox 1196 653 1251 676; x_wconf 72' lang='lat' dir='ltr'>est.</span> <span class='ocrx_word' id='word_1_351' title='bbox 1278 647 1315 676; x_wconf 87' lang='lat' dir='ltr'>ad</span> <span class='ocrx_word' id='word_1_352' title='bbox 1338 658 1426 687; x_wconf 81' lang='lat' dir='ltr'>quarn</span> <span class='ocrx_word' id='word_1_353' title='bbox 1448 648 1588 687; x_wconf 84' lang='lat' dir='ltr'>paginam</span> <span class='ocrx_word' id='word_1_354' title='bbox 1605 659 1622 678; x_wconf 88' lang='lat' dir='ltr'>a</span> <span class='ocrx_word' id='word_1_355' title='bbox 1647 647 1734 677; x_wconf 92' lang='lat' dir='ltr'>nobis</span> <span class='ocrx_word' id='word_1_356' title='bbox 1758 658 1810 677; x_wconf 89' lang='lat' dir='ltr'>an-</span> 
     </span>
     <span class='ocr_line' id='line_1_64' title="bbox 1094 690 1810 730; baseline 0.003 -12"><span class='ocrx_word' id='word_1_357' title='bbox 1094 695 1264 719; x_wconf 84' lang='lat' dir='ltr'>notatorum</span> <span class='ocrx_word' id='word_1_358' title='bbox 1284 691 1341 720; x_wconf 82' lang='lat' dir='ltr'>hue</span> <span class='ocrx_word' id='word_1_359' title='bbox 1358 701 1375 720; x_wconf 89' lang='lat' dir='ltr'>a</span> <span class='ocrx_word' id='word_1_360' title='bbox 1390 691 1506 720; x_wconf 88' lang='lat' dir='ltr'>lectore</span> <span class='ocrx_word' id='word_1_361' title='bbox 1519 701 1642 730; x_wconf 85' lang='lat' dir='ltr'>quoque</span> <span class='ocrx_word' id='word_1_362' title='bbox 1653 690 1810 720; x_wconf 78' lang='lat' dir='ltr'>transferri</span> 
     </span>
     <span class='ocr_line' id='line_1_65' title="bbox 1094 732 1811 773; baseline 0 -11"><span class='ocrx_word' id='word_1_363' title='bbox 1094 733 1219 772; x_wconf 80' lang='lat' dir='ltr'>poterit,</span> <span class='ocrx_word' id='word_1_364' title='bbox 1235 739 1268 763; x_wconf 84' lang='lat' dir='ltr'>ut</span> <span class='ocrx_word' id='word_1_365' title='bbox 1283 744 1319 763; x_wconf 90' lang='lat' dir='ltr'>ea</span> <span class='ocrx_word' id='word_1_366' title='bbox 1335 734 1434 773; x_wconf 85' lang='lat' dir='ltr'>repeti</span> <span class='ocrx_word' id='word_1_367' title='bbox 1451 735 1480 764; x_wconf 91' lang='lat' dir='ltr'>h.</span> <span class='ocrx_word' id='word_1_368' title='bbox 1495 735 1514 764; x_wconf 85' lang='lat' dir='ltr'>l.</span> <span class='ocrx_word' id='word_1_369' title='bbox 1532 744 1655 764; x_wconf 83' lang='lat' dir='ltr'>necesse</span> <span class='ocrx_word' id='word_1_370' title='bbox 1669 732 1743 762; x_wconf 77' lang='lat' dir='ltr'>niliil</span> <span class='ocrx_word' id='word_1_371' title='bbox 1759 733 1811 762; x_wconf 89' lang='lat' dir='ltr'>sit.</span> 
     </span>
    </p>

    <p class='ocr_par' dir='ltr' id='par_1_16' title="bbox 1093 775 1812 979">
     <span class='ocr_line' id='line_1_66' title="bbox 1135 775 1812 818; baseline 0.001 -13"><span class='ocrx_word' id='word_1_372' title='bbox 1135 794 1178 798; x_wconf 97' lang='lat'><strong>—</strong></span> <span class='ocrx_word' id='word_1_373' title='bbox 1195 787 1263 815; x_wconf 89' lang='lat' dir='ltr'>pen.</span> <span class='ocrx_word' id='word_1_374' title='bbox 1287 776 1378 814; x_wconf 77' lang='grc' dir='ltr'>λέγειν</span> <span class='ocrx_word' id='word_1_375' title='bbox 1391 776 1536 818; x_wconf 78' lang='grc' dir='ltr'>οἰομένοις]</span> <span class='ocrx_word' id='word_1_376' title='bbox 1559 779 1590 808; x_wconf 87' lang='lat' dir='ltr'>id</span> <span class='ocrx_word' id='word_1_377' title='bbox 1610 784 1666 812; x_wconf 81' lang='lat' dir='ltr'>est,</span> <span class='ocrx_word' id='word_1_378' title='bbox 1681 775 1812 815; x_wconf 82' lang='grc' dir='ltr'>οἲομένοις</span> 
     </span>
     <span class='ocr_line' id='line_1_67' title="bbox 1093 818 1811 858; baseline 0.001 -11"><span class='ocrx_word' id='word_1_379' title='bbox 1093 818 1146 848; x_wconf 78' lang='grc' dir='ltr'>δεῖν</span> <span class='ocrx_word' id='word_1_380' title='bbox 1161 820 1276 853; x_wconf 70' lang='grc' dir='ltr'>ἑαυτοὺς</span> <span class='ocrx_word' id='word_1_381' title='bbox 1291 819 1390 858; x_wconf 77' lang='grc' dir='ltr'>λέγειν.</span> <span class='ocrx_word' id='word_1_382' title='bbox 1404 821 1650 850; x_wconf 81' lang='lat' dir='ltr'>existimantibus</span> <span class='ocrx_word' id='word_1_383' title='bbox 1668 830 1702 849; x_wconf 89' lang='lat' dir='ltr'>se</span> <span class='ocrx_word' id='word_1_384' title='bbox 1719 829 1811 858; x_wconf 55' lang='lat' dir='ltr'>opora</span> 
     </span>
     <span class='ocr_line' id='line_1_68' title="bbox 1093 861 1810 893; baseline 0 -1"><span class='ocrx_word' id='word_1_385' title='bbox 1093 868 1156 892; x_wconf 81' lang='lat' dir='ltr'>tere</span> <span class='ocrx_word' id='word_1_386' title='bbox 1183 864 1298 893; x_wconf 75' lang='lat' dir='ltr'>(licere.</span> <span class='ocrx_word' id='word_1_387' title='bbox 1346 864 1422 893; x_wconf 80' lang='lat' dir='ltr'>Aliis</span> <span class='ocrx_word' id='word_1_388' title='bbox 1444 865 1473 893; x_wconf 91' lang='lat' dir='ltr'>in</span> <span class='ocrx_word' id='word_1_389' title='bbox 1496 864 1585 893; x_wconf 84' lang='lat' dir='ltr'>libris</span> <span class='ocrx_word' id='word_1_390' title='bbox 1609 865 1666 893; x_wconf 82' lang='lat' dir='ltr'>fuit</span> <span class='ocrx_word' id='word_1_391' title='bbox 1684 869 1712 891; x_wconf 94' lang='grc' dir='ltr'>λ.</span> <span class='ocrx_word' id='word_1_392' title='bbox 1739 861 1810 892; x_wconf 69' lang='grc' dir='ltr'>εἴθι-</span> 
     </span>
     <span class='ocr_line' id='line_1_69' title="bbox 1093 905 1811 945; baseline 0 -11"><span class='ocrx_word' id='word_1_393' title='bbox 1093 905 1216 945; x_wconf 80' lang='grc' dir='ltr'>σμὲνοις.</span> <span class='ocrx_word' id='word_1_394' title='bbox 1241 917 1309 945; x_wconf 88' lang='lat' dir='ltr'>quae</span> <span class='ocrx_word' id='word_1_395' title='bbox 1330 907 1424 937; x_wconf 72' lang='lat' dir='ltr'>lectio</span> <span class='ocrx_word' id='word_1_396' title='bbox 1447 907 1521 937; x_wconf 91' lang='lat' dir='ltr'>item</span> <span class='ocrx_word' id='word_1_397' title='bbox 1549 917 1606 937; x_wconf 90' lang='lat' dir='ltr'>non</span> <span class='ocrx_word' id='word_1_398' title='bbox 1633 911 1681 936; x_wconf 82' lang='lat' dir='ltr'>est</span> <span class='ocrx_word' id='word_1_399' title='bbox 1706 909 1811 935; x_wconf 82' lang='lat' dir='ltr'>eonte-</span> 
     </span>
     <span class='ocr_line' id='line_1_70' title="bbox 1093 950 1232 979; baseline 0.007 -1"><span class='ocrx_word' id='word_1_400' title='bbox 1093 950 1232 979; x_wconf 76' lang='lat' dir='ltr'>innenda.</span> 
     </span>
    </p>

    <p class='ocr_par' dir='ltr' id='par_1_17' title="bbox 1091 990 1810 1118">
     <span class='ocr_line' id='line_1_71' title="bbox 1138 990 1810 1032; baseline 0 -12"><span class='ocrx_word' id='word_1_401' title='bbox 1138 993 1210 1022; x_wconf 80' lang='lat'>147.</span> <span class='ocrx_word' id='word_1_402' title='bbox 1235 996 1265 1024; x_wconf 64' lang='lat' dir='ltr'>Q.</span> <span class='ocrx_word' id='word_1_403' title='bbox 1288 991 1484 1032; x_wconf 76' lang='grc' dir='ltr'>οὐκ-ἔσεσθαι]</span> <span class='ocrx_word' id='word_1_404' title='bbox 1505 993 1626 1031; x_wconf 85' lang='lat' dir='ltr'>praetuli</span> <span class='ocrx_word' id='word_1_405' title='bbox 1643 990 1733 1022; x_wconf 78' lang='grc' dir='ltr'>οὐκέτ’</span> <span class='ocrx_word' id='word_1_406' title='bbox 1748 990 1810 1021; x_wconf 80' lang='grc' dir='ltr'>’ἐσε-</span> 
     </span>
     <span class='ocr_line' id='line_1_72' title="bbox 1091 1033 1808 1075; baseline 0 -12"><span class='ocrx_word' id='word_1_407' title='bbox 1091 1033 1177 1064; x_wconf 65' lang='grc' dir='ltr'>σθαι.</span> <span class='ocrx_word' id='word_1_408' title='bbox 1202 1046 1259 1065; x_wconf 89' lang='lat' dir='ltr'>non</span> <span class='ocrx_word' id='word_1_409' title='bbox 1277 1036 1407 1075; x_wconf 86' lang='lat' dir='ltr'>amplius</span> <span class='ocrx_word' id='word_1_410' title='bbox 1422 1036 1454 1065; x_wconf 91' lang='lat' dir='ltr'>in</span> <span class='ocrx_word' id='word_1_411' title='bbox 1472 1041 1644 1075; x_wconf 72' lang='lat' dir='ltr'>posterum,</span> <span class='ocrx_word' id='word_1_412' title='bbox 1661 1040 1693 1064; x_wconf 90' lang='lat' dir='ltr'>ut</span> <span class='ocrx_word' id='word_1_413' title='bbox 1709 1035 1808 1064; x_wconf 79' lang='lat' dir='ltr'>adhuc</span> 
     </span>
     <span class='ocr_line' id='line_1_73' title="bbox 1092 1077 1442 1118; baseline 0.003 -12"><span class='ocrx_word' id='word_1_414' title='bbox 1092 1077 1212 1113; x_wconf 83' lang='lat' dir='ltr'>fuisset,</span> <span class='ocrx_word' id='word_1_415' title='bbox 1229 1079 1349 1118; x_wconf 85' lang='lat' dir='ltr'>copiam</span> <span class='ocrx_word' id='word_1_416' title='bbox 1365 1079 1442 1108; x_wconf 82' lang='lat' dir='ltr'>fore.</span> 
     </span>
    </p>

    <p class='ocr_par' dir='ltr' id='par_1_18' title="bbox 1090 1119 1811 1289">
     <span class='ocr_line' id='line_1_74' title="bbox 1134 1119 1811 1160; baseline 0.001 -10"><span class='ocrx_word' id='word_1_417' title='bbox 1134 1138 1178 1143; x_wconf 90' lang='lat'>-—</span> <span class='ocrx_word' id='word_1_418' title='bbox 1205 1123 1235 1151; x_wconf 87' lang='lat'>5.</span> <span class='ocrx_word' id='word_1_419' title='bbox 1269 1120 1389 1160; x_wconf 79' lang='grc' dir='ltr'>τούτων]</span> <span class='ocrx_word' id='word_1_420' title='bbox 1420 1121 1488 1151; x_wconf 86' lang='lat' dir='ltr'>scil.</span> <span class='ocrx_word' id='word_1_421' title='bbox 1520 1123 1574 1150; x_wconf 77' lang='grc' dir='ltr'>τῶν</span> <span class='ocrx_word' id='word_1_422' title='bbox 1596 1119 1732 1160; x_wconf 78' lang='grc' dir='ltr'>οἰομένων,</span> <span class='ocrx_word' id='word_1_423' title='bbox 1758 1120 1811 1151; x_wconf 78' lang='grc' dir='ltr'>δεῖν</span> 
     </span>
     <span class='ocr_line' id='line_1_75' title="bbox 1092 1162 1809 1205; baseline 0.004 -14"><span class='ocrx_word' id='word_1_424' title='bbox 1092 1162 1208 1197; x_wconf 73' lang='grc' dir='ltr'>ἑαυτοὺς</span> <span class='ocrx_word' id='word_1_425' title='bbox 1229 1166 1269 1194; x_wconf 76' lang='grc' dir='ltr'>τοὶ</span> <span class='ocrx_word' id='word_1_426' title='bbox 1290 1163 1440 1197; x_wconf 78' lang='grc' dir='ltr'>βέλτιστα</span> <span class='ocrx_word' id='word_1_427' title='bbox 1464 1163 1554 1203; x_wconf 76' lang='grc' dir='ltr'>λέγειν</span> <span class='ocrx_word' id='word_1_428' title='bbox 1575 1164 1644 1205; x_wconf 77' lang='grc' dir='ltr'>ὑπὲρ</span> <span class='ocrx_word' id='word_1_429' title='bbox 1667 1165 1754 1204; x_wconf 79' lang='grc' dir='ltr'>ὑμῶν.</span> <span class='ocrx_word' id='word_1_430' title='bbox 1778 1175 1809 1194; x_wconf 86' lang='lat' dir='ltr'>v.</span> 
     </span>
     <span class='ocr_line' id='line_1_76' title="bbox 1091 1207 1807 1247; baseline 0.001 -12"><span class='ocrx_word' id='word_1_431' title='bbox 1091 1208 1209 1244; x_wconf 82' lang='lat' dir='ltr'>penult.</span> <span class='ocrx_word' id='word_1_432' title='bbox 1235 1218 1266 1246; x_wconf 91' lang='lat' dir='ltr'>p.</span> <span class='ocrx_word' id='word_1_433' title='bbox 1288 1209 1361 1237; x_wconf 69' lang='grc' dir='ltr'>ο246.</span> <span class='ocrx_word' id='word_1_434' title='bbox 1388 1207 1503 1237; x_wconf 79' lang='lat' dir='ltr'>amicos</span> <span class='ocrx_word' id='word_1_435' title='bbox 1526 1208 1633 1247; x_wconf 86' lang='lat' dir='ltr'>patriae</span> <span class='ocrx_word' id='word_1_436' title='bbox 1654 1207 1807 1247; x_wconf 83' lang='lat' dir='ltr'>designat,</span> 
     </span>
     <span class='ocr_line' id='line_1_77' title="bbox 1090 1249 1400 1289; baseline 0.006 -11"><span class='ocrx_word' id='word_1_437' title='bbox 1090 1249 1232 1279; x_wconf 86' lang='lat' dir='ltr'>inimicos</span> <span class='ocrx_word' id='word_1_438' title='bbox 1250 1250 1400 1289; x_wconf 85' lang='lat' dir='ltr'>Philippi.</span> 
     </span>
    </p>

    <p class='ocr_par' dir='ltr' id='par_1_19' title="bbox 1090 1292 1807 1453">
     <span class='ocr_line' id='line_1_78' title="bbox 1132 1292 1807 1334; baseline -0.001 -11"><span class='ocrx_word' id='word_1_439' title='bbox 1132 1310 1177 1316; x_wconf 78' lang='lat'><strong>—</strong></span> <span class='ocrx_word' id='word_1_440' title='bbox 1191 1295 1222 1323; x_wconf 80' lang='lat'>7.</span> <span class='ocrx_word' id='word_1_441' title='bbox 1247 1293 1368 1334; x_wconf 84' lang='grc' dir='ltr'>τούτων]</span> <span class='ocrx_word' id='word_1_442' title='bbox 1396 1293 1467 1323; x_wconf 82' lang='lat' dir='ltr'>scil.</span> <span class='ocrx_word' id='word_1_443' title='bbox 1495 1296 1551 1323; x_wconf 80' lang='grc' dir='ltr'>τῶν</span> <span class='ocrx_word' id='word_1_444' title='bbox 1577 1292 1807 1333; x_wconf 79' lang='grc' dir='ltr'>κατηγορούντων.</span> 
     </span>
     <span class='ocr_line' id='line_1_79' title="bbox 1091 1336 1807 1376; baseline 0 -11"><span class='ocrx_word' id='word_1_445' title='bbox 1091 1347 1120 1365; x_wconf 85' lang='grc' dir='ltr'>ν.</span> <span class='ocrx_word' id='word_1_446' title='bbox 1139 1347 1231 1366; x_wconf 84' lang='lat' dir='ltr'>versu</span> <span class='ocrx_word' id='word_1_447' title='bbox 1249 1339 1279 1368; x_wconf 90' lang='lat'>5.</span> <span class='ocrx_word' id='word_1_448' title='bbox 1296 1338 1333 1366; x_wconf 88' lang='lat' dir='ltr'>ab</span> <span class='ocrx_word' id='word_1_449' title='bbox 1351 1337 1410 1372; x_wconf 81' lang='lat' dir='ltr'>bis,</span> <span class='ocrx_word' id='word_1_450' title='bbox 1427 1337 1478 1376; x_wconf 90' lang='lat' dir='ltr'>qui</span> <span class='ocrx_word' id='word_1_451' title='bbox 1491 1336 1563 1366; x_wconf 84' lang='lat' dir='ltr'>illos</span> <span class='ocrx_word' id='word_1_452' title='bbox 1574 1337 1670 1366; x_wconf 88' lang='lat' dir='ltr'>bonos</span> <span class='ocrx_word' id='word_1_453' title='bbox 1684 1342 1714 1366; x_wconf 88' lang='lat' dir='ltr'>et</span> <span class='ocrx_word' id='word_1_454' title='bbox 1726 1336 1807 1376; x_wconf 80' lang='lat' dir='ltr'>frugi</span> 
     </span>
     <span class='ocr_line' id='line_1_80' title="bbox 1090 1379 1806 1418; baseline 0.003 -10"><span class='ocrx_word' id='word_1_455' title='bbox 1090 1379 1186 1415; x_wconf 85' lang='lat' dir='ltr'>cives,</span> <span class='ocrx_word' id='word_1_456' title='bbox 1212 1380 1311 1411; x_wconf 87' lang='lat' dir='ltr'>vestri</span> <span class='ocrx_word' id='word_1_457' title='bbox 1333 1386 1482 1418; x_wconf 84' lang='lat' dir='ltr'>amantes,</span> <span class='ocrx_word' id='word_1_458' title='bbox 1506 1385 1654 1410; x_wconf 76' lang='lat' dir='ltr'>accusant</span> <span class='ocrx_word' id='word_1_459' title='bbox 1677 1385 1708 1409; x_wconf 87' lang='lat' dir='ltr'>et</span> <span class='ocrx_word' id='word_1_460' title='bbox 1727 1379 1806 1410; x_wconf 86' lang='lat' dir='ltr'>inse-</span> 
     </span>
     <span class='ocr_line' id='line_1_81' title="bbox 1090 1427 1221 1453; baseline 0.015 -2"><span class='ocrx_word' id='word_1_461' title='bbox 1090 1427 1221 1453; x_wconf 88' lang='lat' dir='ltr'>ctantnr.</span> 
     </span>
    </p>

    <p class='ocr_par' dir='ltr' id='par_1_20' title="bbox 1089 1465 1809 1549">
     <span class='ocr_line' id='line_1_82' title="bbox 1126 1465 1809 1508; baseline 0 -12"><span class='ocrx_word' id='word_1_462' title='bbox 1126 1483 1174 1493; x_wconf 88' lang='lat'>.--</span> <span class='ocrx_word' id='word_1_463' title='bbox 1191 1469 1244 1497; x_wconf 91' lang='lat'>10.</span> <span class='ocrx_word' id='word_1_464' title='bbox 1260 1468 1314 1496; x_wconf 78' lang='grc' dir='ltr'>τῶν</span> <span class='ocrx_word' id='word_1_465' title='bbox 1329 1467 1441 1508; x_wconf 79' lang='grc' dir='ltr'>αἰτιῶν]</span> <span class='ocrx_word' id='word_1_466' title='bbox 1466 1469 1521 1496; x_wconf 81' lang='grc' dir='ltr'>τῶν</span> <span class='ocrx_word' id='word_1_467' title='bbox 1536 1465 1719 1506; x_wconf 78' lang='grc' dir='ltr'>αἰτιωμένων.</span> <span class='ocrx_word' id='word_1_468' title='bbox 1737 1476 1809 1496; x_wconf 82' lang='lat' dir='ltr'>cau-</span> 
     </span>
     <span class='ocr_line' id='line_1_83' title="bbox 1089 1509 1690 1549; baseline 0.003 -12"><span class='ocrx_word' id='word_1_469' title='bbox 1089 1509 1233 1546; x_wconf 84' lang='lat' dir='ltr'>santium,</span> <span class='ocrx_word' id='word_1_470' title='bbox 1250 1510 1466 1546; x_wconf 77' lang='lat' dir='ltr'>incusantium,</span> <span class='ocrx_word' id='word_1_471' title='bbox 1483 1510 1690 1549; x_wconf 84' lang='lat' dir='ltr'>querentium.</span> 
     </span>
    </p>

    <p class='ocr_par' dir='ltr' id='par_1_21' title="bbox 1086 1552 1808 1973">
     <span class='ocr_line' id='line_1_84' title="bbox 1131 1552 1808 1594; baseline 0 -11"><span class='ocrx_word' id='word_1_472' title='bbox 1131 1570 1175 1575; x_wconf 83' lang='lat'>—</span> <span class='ocrx_word' id='word_1_473' title='bbox 1190 1556 1242 1583; x_wconf 75' lang='lat'>17.</span> <span class='ocrx_word' id='word_1_474' title='bbox 1257 1554 1403 1594; x_wconf 70' lang='grc' dir='ltr'>προσήκει]</span> <span class='ocrx_word' id='word_1_475' title='bbox 1425 1554 1523 1583; x_wconf 85' lang='lat' dir='ltr'>videri</span> <span class='ocrx_word' id='word_1_476' title='bbox 1540 1553 1639 1593; x_wconf 74' lang='lat' dir='ltr'>possit</span> <span class='ocrx_word' id='word_1_477' title='bbox 1651 1552 1808 1593; x_wconf 78' lang='grc' dir='ltr'>ὁμολογεῖν,</span> 
     </span>
     <span class='ocr_line' id='line_1_85' title="bbox 1089 1596 1805 1636; baseline 0 -11"><span class='ocrx_word' id='word_1_478' title='bbox 1089 1596 1137 1625; x_wconf 88' lang='lat' dir='ltr'>vel</span> <span class='ocrx_word' id='word_1_479' title='bbox 1155 1597 1215 1626; x_wconf 90' lang='lat' dir='ltr'>tale</span> <span class='ocrx_word' id='word_1_480' title='bbox 1233 1596 1307 1636; x_wconf 87' lang='lat' dir='ltr'>quid</span> <span class='ocrx_word' id='word_1_481' title='bbox 1324 1598 1445 1627; x_wconf 86' lang='lat' dir='ltr'>deesse.</span> <span class='ocrx_word' id='word_1_482' title='bbox 1457 1601 1489 1626; x_wconf 89' lang='lat' dir='ltr'>et</span> <span class='ocrx_word' id='word_1_483' title='bbox 1505 1607 1560 1626; x_wconf 85' lang='lat' dir='ltr'>cur</span> <span class='ocrx_word' id='word_1_484' title='bbox 1575 1596 1674 1626; x_wconf 87' lang='lat' dir='ltr'>hostis</span> <span class='ocrx_word' id='word_1_485' title='bbox 1690 1596 1757 1635; x_wconf 88' lang='lat' dir='ltr'>ipse</span> <span class='ocrx_word' id='word_1_486' title='bbox 1773 1596 1805 1625; x_wconf 89' lang='lat' dir='ltr'>id</span> 
     </span>
     <span class='ocr_line' id='line_1_86' title="bbox 1088 1639 1807 1677; baseline 0 -9"><span class='ocrx_word' id='word_1_487' title='bbox 1088 1639 1169 1669; x_wconf 87' lang='lat' dir='ltr'>ultro</span> <span class='ocrx_word' id='word_1_488' title='bbox 1192 1640 1334 1670; x_wconf 84' lang='lat' dir='ltr'>fateatur.</span> <span class='ocrx_word' id='word_1_489' title='bbox 1380 1641 1442 1669; x_wconf 90' lang='lat' dir='ltr'>Sed</span> <span class='ocrx_word' id='word_1_490' title='bbox 1471 1639 1542 1670; x_wconf 87' lang='lat' dir='ltr'>licet</span> <span class='ocrx_word' id='word_1_491' title='bbox 1566 1640 1721 1677; x_wconf 73' lang='lat' dir='ltr'>vulgatam</span> <span class='ocrx_word' id='word_1_492' title='bbox 1748 1639 1807 1668; x_wconf 80' lang='lat' dir='ltr'>alia</span> 
     </span>
     <span class='ocr_line' id='line_1_87' title="bbox 1088 1683 1807 1722; baseline 0 -11"><span class='ocrx_word' id='word_1_493' title='bbox 1088 1692 1211 1722; x_wconf 88' lang='lat' dir='ltr'>quoque</span> <span class='ocrx_word' id='word_1_494' title='bbox 1233 1684 1350 1713; x_wconf 87' lang='lat' dir='ltr'>ratione</span> <span class='ocrx_word' id='word_1_495' title='bbox 1366 1683 1538 1719; x_wconf 78' lang='lat' dir='ltr'>vindicare,</span> <span class='ocrx_word' id='word_1_496' title='bbox 1562 1683 1682 1718; x_wconf 86' lang='lat' dir='ltr'>aiendo,</span> <span class='ocrx_word' id='word_1_497' title='bbox 1704 1683 1807 1721; x_wconf 81' lang='lat' dir='ltr'>proje-</span> 
     </span>
     <span class='ocr_line' id='line_1_88' title="bbox 1086 1726 1807 1765; baseline 0 -11"><span class='ocrx_word' id='word_1_498' title='bbox 1086 1730 1167 1755; x_wconf 76' lang='lat' dir='ltr'>ctam</span> <span class='ocrx_word' id='word_1_499' title='bbox 1183 1730 1213 1756; x_wconf 89' lang='lat' dir='ltr'>et</span> <span class='ocrx_word' id='word_1_500' title='bbox 1231 1727 1327 1757; x_wconf 85' lang='lat' dir='ltr'>veluti</span> <span class='ocrx_word' id='word_1_501' title='bbox 1343 1737 1524 1765; x_wconf 87' lang='lat' dir='ltr'>suspensam</span> <span class='ocrx_word' id='word_1_502' title='bbox 1550 1737 1619 1755; x_wconf 86' lang='lat' dir='ltr'>esse</span> <span class='ocrx_word' id='word_1_503' title='bbox 1636 1726 1807 1764; x_wconf 86' lang='lat' dir='ltr'>interroga-</span> 
     </span>
     <span class='ocr_line' id='line_1_89' title="bbox 1087 1768 1806 1809; baseline -0.001 -11"><span class='ocrx_word' id='word_1_504' title='bbox 1087 1769 1183 1805; x_wconf 87' lang='lat' dir='ltr'>tione,</span> <span class='ocrx_word' id='word_1_505' title='bbox 1215 1769 1281 1799; x_wconf 88' lang='lat' dir='ltr'>sine</span> <span class='ocrx_word' id='word_1_506' title='bbox 1305 1769 1520 1809; x_wconf 77' lang='lat' dir='ltr'>responsione,</span> <span class='ocrx_word' id='word_1_507' title='bbox 1547 1779 1607 1809; x_wconf 93' lang='lat' dir='ltr'>quo</span> <span class='ocrx_word' id='word_1_508' title='bbox 1638 1768 1734 1798; x_wconf 85' lang='lat' dir='ltr'>lector</span> <span class='ocrx_word' id='word_1_509' title='bbox 1757 1768 1806 1799; x_wconf 86' lang='lat' dir='ltr'>vel</span> 
     </span>
     <span class='ocr_line' id='line_1_90' title="bbox 1088 1813 1805 1853; baseline -0.001 -11"><span class='ocrx_word' id='word_1_510' title='bbox 1088 1813 1209 1842; x_wconf 84' lang='lat' dir='ltr'>auditor</span> <span class='ocrx_word' id='word_1_511' title='bbox 1224 1813 1352 1853; x_wconf 88' lang='lat' dir='ltr'>quisque</span> <span class='ocrx_word' id='word_1_512' title='bbox 1369 1813 1462 1843; x_wconf 81' lang='lat' dir='ltr'>tacite</span> <span class='ocrx_word' id='word_1_513' title='bbox 1483 1823 1549 1843; x_wconf 89' lang='lat' dir='ltr'>eam</span> <span class='ocrx_word' id='word_1_514' title='bbox 1570 1813 1721 1850; x_wconf 80' lang='lat' dir='ltr'>subjiciat.</span> <span class='ocrx_word' id='word_1_515' title='bbox 1745 1822 1805 1851; x_wconf 89' lang='lat' dir='ltr'>quo</span> 
     </span>
     <span class='ocr_line' id='line_1_91' title="bbox 1086 1856 1805 1895; baseline -0.001 -10"><span class='ocrx_word' id='word_1_516' title='bbox 1086 1856 1129 1885; x_wconf 93' lang='lat' dir='ltr'>nil</span> <span class='ocrx_word' id='word_1_517' title='bbox 1146 1860 1194 1885; x_wconf 86' lang='lat' dir='ltr'>est</span> <span class='ocrx_word' id='word_1_518' title='bbox 1215 1857 1296 1886; x_wconf 85' lang='lat' dir='ltr'>sactu</span> <span class='ocrx_word' id='word_1_519' title='bbox 1313 1856 1448 1892; x_wconf 82' lang='lat' dir='ltr'>facilius,</span> <span class='ocrx_word' id='word_1_520' title='bbox 1470 1867 1502 1886; x_wconf 88' lang='lat' dir='ltr'>re</span> <span class='ocrx_word' id='word_1_521' title='bbox 1529 1856 1598 1895; x_wconf 83' lang='lat' dir='ltr'>ipsa</span> <span class='ocrx_word' id='word_1_522' title='bbox 1621 1856 1731 1894; x_wconf 86' lang='lat' dir='ltr'>cuique</span> <span class='ocrx_word' id='word_1_523' title='bbox 1747 1865 1805 1884; x_wconf 90' lang='lat' dir='ltr'>non</span> 
     </span>
     <span class='ocr_line' id='line_1_92' title="bbox 1087 1897 1805 1939; baseline -0.001 -11"><span class='ocrx_word' id='word_1_524' title='bbox 1087 1899 1261 1929; x_wconf 80' lang='lat' dir='ltr'>tardissimo</span> <span class='ocrx_word' id='word_1_525' title='bbox 1278 1900 1472 1939; x_wconf 85' lang='lat' dir='ltr'>subjiciente,</span> <span class='ocrx_word' id='word_1_526' title='bbox 1488 1899 1536 1928; x_wconf 78' lang='grc' dir='ltr'>καὶ</span> <span class='ocrx_word' id='word_1_527' title='bbox 1550 1898 1631 1938; x_wconf 77' lang='grc' dir='ltr'>αὐτῷ’</span> <span class='ocrx_word' id='word_1_528' title='bbox 1646 1897 1805 1939; x_wconf 59' lang='grc' dir='ltr'>ἀφεῖσθαι,</span> 
     </span>
     <span class='ocr_line' id='line_1_93' title="bbox 1088 1942 1515 1973; baseline 0.002 -2"><span class='ocrx_word' id='word_1_529' title='bbox 1088 1942 1133 1972; x_wconf 82' lang='lat' dir='ltr'>vel</span> <span class='ocrx_word' id='word_1_530' title='bbox 1152 1942 1199 1972; x_wconf 77' lang='grc' dir='ltr'>καὶ</span> <span class='ocrx_word' id='word_1_531' title='bbox 1216 1942 1299 1973; x_wconf 63' lang='lat' dir='ltr'>aia-rev</span> <span class='ocrx_word' id='word_1_532' title='bbox 1309 1942 1400 1972; x_wconf 77' lang='grc' dir='ltr'>ταύτὸ</span> <span class='ocrx_word' id='word_1_533' title='bbox 1412 1944 1515 1973; x_wconf 59' lang='grc' dir='ltr'>ποιεῖν.</span> 
     </span>
    </p>

    <p class='ocr_par' dir='ltr' id='par_1_22' title="bbox 1085 1984 1808 2112">
     <span class='ocr_line' id='line_1_94' title="bbox 1129 1984 1808 2027; baseline 0 -12"><span class='ocrx_word' id='word_1_534' title='bbox 1129 2003 1173 2008; x_wconf 89' lang='lat'>-—</span> <span class='ocrx_word' id='word_1_535' title='bbox 1183 1988 1236 2017; x_wconf 84' lang='lat'>19.</span> <span class='ocrx_word' id='word_1_536' title='bbox 1251 1986 1279 2016; x_wconf 83' lang='grc' dir='ltr'>οὐ</span> <span class='ocrx_word' id='word_1_537' title='bbox 1295 1986 1445 2027; x_wconf 82' lang='grc' dir='ltr'>πολεμεῖν]</span> <span class='ocrx_word' id='word_1_538' title='bbox 1459 1985 1561 2015; x_wconf 88' lang='lat' dir='ltr'>malim</span> <span class='ocrx_word' id='word_1_539' title='bbox 1578 1985 1606 2014; x_wconf 83' lang='grc' dir='ltr'>οὗ</span> <span class='ocrx_word' id='word_1_540' title='bbox 1622 1984 1706 2023; x_wconf 73' lang='grc' dir='ltr'>φήσει</span> <span class='ocrx_word' id='word_1_541' title='bbox 1721 1991 1808 2022; x_wconf 63' lang='grc' dir='ltr'>πολε·</span> 
     </span>
     <span class='ocr_line' id='line_1_95' title="bbox 1085 2027 1806 2069; baseline -0.003 -10"><span class='ocrx_word' id='word_1_542' title='bbox 1085 2030 1161 2068; x_wconf 84' lang='grc' dir='ltr'>μεῖν.</span> <span class='ocrx_word' id='word_1_543' title='bbox 1178 2029 1302 2069; x_wconf 87' lang='lat' dir='ltr'>negabit</span> <span class='ocrx_word' id='word_1_544' title='bbox 1318 2040 1351 2060; x_wconf 85' lang='lat' dir='ltr'>se</span> <span class='ocrx_word' id='word_1_545' title='bbox 1369 2029 1492 2059; x_wconf 86' lang='lat' dir='ltr'>bellare.</span> <span class='ocrx_word' id='word_1_546' title='bbox 1504 2038 1573 2058; x_wconf 85' lang='lat' dir='ltr'>nam</span> <span class='ocrx_word' id='word_1_547' title='bbox 1586 2032 1618 2057; x_wconf 89' lang='lat' dir='ltr'>ut</span> <span class='ocrx_word' id='word_1_548' title='bbox 1633 2027 1717 2067; x_wconf 74' lang='grc' dir='ltr'>φήσει</span> <span class='ocrx_word' id='word_1_549' title='bbox 1732 2029 1806 2058; x_wconf 90' lang='lat' dir='ltr'>sub-</span> 
     </span>
     <span class='ocr_line' id='line_1_96' title="bbox 1087 2072 1753 2112; baseline -0.003 -10"><span class='ocrx_word' id='word_1_550' title='bbox 1087 2073 1240 2109; x_wconf 82' lang='lat' dir='ltr'>audiatur,</span> <span class='ocrx_word' id='word_1_551' title='bbox 1255 2083 1333 2112; x_wconf 86' lang='lat' dir='ltr'>nego</span> <span class='ocrx_word' id='word_1_552' title='bbox 1350 2073 1443 2102; x_wconf 86' lang='lat' dir='ltr'>licere</span> <span class='ocrx_word' id='word_1_553' title='bbox 1459 2083 1516 2112; x_wconf 87' lang='lat' dir='ltr'>per</span> <span class='ocrx_word' id='word_1_554' title='bbox 1529 2075 1664 2101; x_wconf 85' lang='lat' dir='ltr'>naturam</span> <span class='ocrx_word' id='word_1_555' title='bbox 1680 2072 1753 2101; x_wconf 89' lang='lat' dir='ltr'>loci.</span> 
     </span>
    </p>

    <p class='ocr_par' dir='ltr' id='par_1_23' title="bbox 1128 2114 1719 2157">
     <span class='ocr_line' id='line_1_97' title="bbox 1128 2114 1719 2157; baseline -0.005 -11"><span class='ocrx_word' id='word_1_556' title='bbox 1128 2118 1234 2146; x_wconf 62' lang='lat' dir='ltr'>-QQ</span> <span class='ocrx_word' id='word_1_557' title='bbox 1251 2116 1400 2157; x_wconf 62' lang='grc' dir='ltr'>πρότερον]</span> <span class='ocrx_word' id='word_1_558' title='bbox 1419 2116 1487 2145; x_wconf 87' lang='lat' dir='ltr'>scil.</span> <span class='ocrx_word' id='word_1_559' title='bbox 1502 2114 1555 2153; x_wconf 81' lang='grc' dir='ltr'>εφη</span> <span class='ocrx_word' id='word_1_560' title='bbox 1572 2114 1719 2154; x_wconf 79' lang='grc' dir='ltr'>πολεμεῖν.</span> 
     </span>
    </p>

    <p class='ocr_par' dir='ltr' id='par_1_24' title="bbox 1083 2155 1808 2536">
     <span class='ocr_line' id='line_1_98' title="bbox 1131 2155 1804 2199; baseline -0.001 -11"><span class='ocrx_word' id='word_1_561' title='bbox 1131 2161 1203 2190; x_wconf 89' lang='grc'>150.</span> <span class='ocrx_word' id='word_1_562' title='bbox 1215 2159 1269 2188; x_wconf 85' lang='lat' dir='ltr'>ult.</span> <span class='ocrx_word' id='word_1_563' title='bbox 1282 2171 1326 2189; x_wconf 80' lang='grc' dir='ltr'>σοι</span> <span class='ocrx_word' id='word_1_564' title='bbox 1337 2158 1394 2198; x_wconf 79' lang='grc' dir='ltr'>μὲν</span> <span class='ocrx_word' id='word_1_565' title='bbox 1405 2161 1459 2199; x_wconf 73' lang='grc' dir='ltr'>γὰρ</span> <span class='ocrx_word' id='word_1_566' title='bbox 1468 2156 1499 2188; x_wconf 82' lang='grc' dir='ltr'>ην</span> <span class='ocrx_word' id='word_1_567' title='bbox 1511 2155 1711 2198; x_wconf 51' lang='grc' dir='ltr'>κλέπτης-Ἰ</span> <span class='ocrx_word' id='word_1_568' title='bbox 1723 2157 1804 2187; x_wconf 83' lang='lat' dir='ltr'>Her-</span> 
     </span>
     <span class='ocr_line' id='line_1_99' title="bbox 1085 2199 1805 2241; baseline -0.001 -10"><span class='ocrx_word' id='word_1_569' title='bbox 1085 2212 1231 2241; x_wconf 80' lang='lat' dir='ltr'>mogenes</span> <span class='ocrx_word' id='word_1_570' title='bbox 1247 2212 1278 2241; x_wconf 89' lang='lat' dir='ltr'>p.</span> <span class='ocrx_word' id='word_1_571' title='bbox 1296 2203 1370 2232; x_wconf 85' lang='lat'>194.</span> <span class='ocrx_word' id='word_1_572' title='bbox 1395 2201 1496 2235; x_wconf 82' lang='grc' dir='ltr'>κύκλος</span> <span class='ocrx_word' id='word_1_573' title='bbox 1521 2199 1640 2239; x_wconf 78' lang='grc' dir='ltr'>γίνεται,</span> <span class='ocrx_word' id='word_1_574' title='bbox 1664 2199 1731 2230; x_wconf 70' lang='grc' dir='ltr'>ὅταν</span> <span class='ocrx_word' id='word_1_575' title='bbox 1753 2200 1805 2240; x_wconf 75' lang='grc' dir='ltr'>ἀφ</span> 
     </span>
     <span class='ocr_line' id='line_1_100' title="bbox 1084 2242 1805 2286; baseline 0 -12"><span class='ocrx_word' id='word_1_576' title='bbox 1084 2242 1113 2274; x_wconf 75' lang='grc' dir='ltr'>οὗ</span> <span class='ocrx_word' id='word_1_577' title='bbox 1126 2256 1171 2279; x_wconf 81' lang='grc' dir='ltr'>τις</span> <span class='ocrx_word' id='word_1_578' title='bbox 1185 2244 1328 2286; x_wconf 74' lang='grc' dir='ltr'>ἄρξηται’</span> <span class='ocrx_word' id='word_1_579' title='bbox 1317 2244 1454 2284; x_wconf 84' lang='grc' dir='ltr'>ονόματος</span> <span class='ocrx_word' id='word_1_580' title='bbox 1469 2244 1483 2275; x_wconf 78' lang='grc' dir='ltr'>ἢ</span> <span class='ocrx_word' id='word_1_581' title='bbox 1496 2244 1635 2286; x_wconf 74' lang='grc' dir='ltr'>ῥήματος,</span> <span class='ocrx_word' id='word_1_582' title='bbox 1651 2244 1690 2278; x_wconf 85' lang='grc' dir='ltr'>εἷς</span> <span class='ocrx_word' id='word_1_583' title='bbox 1704 2242 1737 2274; x_wconf 81' lang='grc' dir='ltr'><strong>τό</strong></span> <span class='ocrx_word' id='word_1_584' title='bbox 1752 2244 1805 2274; x_wconf 86' lang='grc' dir='ltr'>αὔ-</span> 
     </span>
     <span class='ocr_line' id='line_1_101' title="bbox 1084 2286 1804 2330; baseline -0.001 -13"><span class='ocrx_word' id='word_1_585' title='bbox 1084 2287 1117 2317; x_wconf 74' lang='grc' dir='ltr'>τὸ</span> <span class='ocrx_word' id='word_1_586' title='bbox 1132 2288 1282 2330; x_wconf 73' lang='grc' dir='ltr'>καταληξη</span> <span class='ocrx_word' id='word_1_587' title='bbox 1297 2288 1396 2323; x_wconf 77' lang='grc' dir='ltr'>πάλιν,</span> <span class='ocrx_word' id='word_1_588' title='bbox 1408 2298 1486 2328; x_wconf 77' lang='grc' dir='ltr'>μητε</span> <span class='ocrx_word' id='word_1_589' title='bbox 1500 2289 1612 2317; x_wconf 79' lang='grc' dir='ltr'>πτῶσιν</span> <span class='ocrx_word' id='word_1_590' title='bbox 1623 2286 1804 2326; x_wconf 75' lang='grc' dir='ltr'>ἀλλάξας-</span> 
     </span>
     <span class='ocr_line' id='line_1_102' title="bbox 1084 2328 1806 2372; baseline 0 -12"><span class='ocrx_word' id='word_1_591' title='bbox 1084 2329 1142 2361; x_wconf 77' lang='grc' dir='ltr'>οῖον·</span> <span class='ocrx_word' id='word_1_592' title='bbox 1157 2331 1203 2362; x_wconf 72' lang='grc' dir='ltr'>σοι</span> <span class='ocrx_word' id='word_1_593' title='bbox 1215 2343 1270 2372; x_wconf 84' lang='grc' dir='ltr'>μεν</span> <span class='ocrx_word' id='word_1_594' title='bbox 1280 2333 1334 2372; x_wconf 58' lang='grc' dir='ltr'>γὰρ</span> <span class='ocrx_word' id='word_1_595' title='bbox 1347 2343 1375 2362; x_wconf 85' lang='grc' dir='ltr'>ην</span> <span class='ocrx_word' id='word_1_596' title='bbox 1387 2330 1517 2366; x_wconf 80' lang='grc' dir='ltr'>κλέπτης</span> <span class='ocrx_word' id='word_1_597' title='bbox 1532 2330 1544 2360; x_wconf 80' lang='grc' dir='ltr'>ὅ</span> <span class='ocrx_word' id='word_1_598' title='bbox 1558 2332 1666 2371; x_wconf 73' lang='grc' dir='ltr'>πατὴρ,</span> <span class='ocrx_word' id='word_1_599' title='bbox 1676 2329 1759 2371; x_wconf 68' lang='grc' dir='ltr'>εἶπες</span> <span class='ocrx_word' id='word_1_600' title='bbox 1774 2328 1806 2361; x_wconf 83' lang='grc' dir='ltr'>ην</span> 
     </span>
     <span class='ocr_line' id='line_1_103' title="bbox 1083 2372 1808 2415; baseline -0.001 -11"><span class='ocrx_word' id='word_1_601' title='bbox 1083 2373 1176 2415; x_wconf 78' lang='grc' dir='ltr'>δ’μοιος</span> <span class='ocrx_word' id='word_1_602' title='bbox 1192 2373 1246 2405; x_wconf 82' lang='grc' dir='ltr'>σοι’.</span> <span class='ocrx_word' id='word_1_603' title='bbox 1261 2373 1319 2406; x_wconf 63' lang='lat' dir='ltr'>nimi</span> <span class='ocrx_word' id='word_1_604' title='bbox 1334 2376 1390 2415; x_wconf 59' lang='grc' dir='ltr'>γὰρ</span> <span class='ocrx_word' id='word_1_605' title='bbox 1407 2386 1435 2404; x_wconf 88' lang='grc' dir='ltr'>ου</span> <span class='ocrx_word' id='word_1_606' title='bbox 1450 2373 1553 2415; x_wconf 75' lang='grc' dir='ltr'>ἤρξατο</span> <span class='ocrx_word' id='word_1_607' title='bbox 1568 2372 1675 2414; x_wconf 74' lang='grc' dir='ltr'>μοξίου,</span> <span class='ocrx_word' id='word_1_608' title='bbox 1690 2384 1742 2407; x_wconf 81' lang='grc' dir='ltr'>της</span> <span class='ocrx_word' id='word_1_609' title='bbox 1756 2374 1808 2403; x_wconf 73' lang='grc' dir='ltr'>ἄν·</span> 
     </span>
     <span class='ocr_line' id='line_1_104' title="bbox 1083 2416 1804 2457; baseline -0.003 -9"><span class='ocrx_word' id='word_1_610' title='bbox 1083 2416 1239 2457; x_wconf 82' lang='grc' dir='ltr'>τωνυμίας,</span> <span class='ocrx_word' id='word_1_611' title='bbox 1265 2419 1303 2452; x_wconf 80' lang='grc' dir='ltr'>εἷς</span> <span class='ocrx_word' id='word_1_612' title='bbox 1330 2416 1421 2448; x_wconf 78' lang='grc' dir='ltr'>ταύτὸ</span> <span class='ocrx_word' id='word_1_613' title='bbox 1443 2416 1547 2457; x_wconf 78' lang='grc' dir='ltr'>ἐ’ληξεν.</span> <span class='ocrx_word' id='word_1_614' title='bbox 1572 2427 1605 2456; x_wconf 90' lang='lat' dir='ltr'>p.</span> <span class='ocrx_word' id='word_1_615' title='bbox 1623 2419 1696 2448; x_wconf 74' lang='lat'>255.</span> <span class='ocrx_word' id='word_1_616' title='bbox 1721 2416 1804 2446; x_wconf 87' lang='lat' dir='ltr'>idem</span> 
     </span>
     <span class='ocr_line' id='line_1_105' title="bbox 1083 2458 1804 2501; baseline -0.006 -9"><span class='ocrx_word' id='word_1_617' title='bbox 1083 2462 1250 2492; x_wconf 83' lang='lat' dir='ltr'>dictionem</span> <span class='ocrx_word' id='word_1_618' title='bbox 1276 2462 1353 2492; x_wconf 87' lang='lat' dir='ltr'>hanc</span> <span class='ocrx_word' id='word_1_619' title='bbox 1380 2460 1411 2490; x_wconf 88' lang='lat' dir='ltr'>in</span> <span class='ocrx_word' id='word_1_620' title='bbox 1439 2460 1592 2500; x_wconf 85' lang='lat' dir='ltr'>exemplis</span> <span class='ocrx_word' id='word_1_621' title='bbox 1618 2458 1804 2501; x_wconf 73' lang='grc' dir='ltr'>σφοδρότητος</span> 
     </span>
     <span class='ocr_line' id='line_1_106' title="bbox 1084 2510 1253 2536; baseline 0.006 -1"><span class='ocrx_word' id='word_1_622' title='bbox 1084 2510 1253 2536; x_wconf 83' lang='lat' dir='ltr'>enumerat.</span> 
     </span>
    </p>
   </div>
   <div class='ocr_carea' id='block_1_5' title="bbox 489 2631 1643 2746">
    <p class='ocr_par' dir='ltr' id='par_1_25' title="bbox 489 2631 1643 2746">
     <span class='ocr_line' id='line_1_107' title="bbox 489 2631 1643 2681; baseline -0.004 -3"><span class='ocrx_word' id='word_1_623' title='bbox 489 2637 574 2678; x_wconf 90' lang='lat' dir='ltr'>AD</span> <span class='ocrx_word' id='word_1_624' title='bbox 608 2638 980 2681; x_wconf 85' lang='lat' dir='ltr'><strong>ORATIONEM</strong></span> <span class='ocrx_word' id='word_1_625' title='bbox 1014 2635 1339 2680; x_wconf 84' lang='lat' dir='ltr'><strong>ADVERSUS</strong></span> <span class='ocrx_word' id='word_1_626' title='bbox 1370 2631 1643 2677; x_wconf 89' lang='lat' dir='ltr'>PHILIPPI</span> 
     </span>
     <span class='ocr_line' id='line_1_108' title="bbox 882 2702 1251 2746; baseline -0.003 -1"><span class='ocrx_word' id='word_1_627' title='bbox 882 2702 1251 2746; x_wconf 89' lang='lat' dir='ltr'>EPISTOLAM.</span> 
     </span>
    </p>
   </div>
   <div class='ocr_carea' id='block_1_6' title="bbox 375 2811 1049 2854">
    <p class='ocr_par' dir='ltr' id='par_1_26' title="bbox 375 2811 1049 2854">
     <span class='ocr_line' id='line_1_109' title="bbox 375 2811 1049 2854; baseline -0.003 -11"><span class='ocrx_word' id='word_1_628' title='bbox 375 2813 448 2843; x_wconf 59' lang='lat'>152.</span> <span class='ocrx_word' id='word_1_629' title='bbox 466 2815 497 2843; x_wconf 85' lang='lat'>9.</span> <span class='ocrx_word' id='word_1_630' title='bbox 513 2811 645 2854; x_wconf 79' lang='grc' dir='ltr'>ὄρῥωδεῖν]</span> <span class='ocrx_word' id='word_1_631' title='bbox 661 2812 745 2842; x_wconf 87' lang='lat' dir='ltr'>Citat</span> <span class='ocrx_word' id='word_1_632' title='bbox 759 2812 789 2841; x_wconf 78' lang='lat' dir='ltr'>h.</span> <span class='ocrx_word' id='word_1_633' title='bbox 805 2812 825 2842; x_wconf 91' lang='lat' dir='ltr'>l.</span> <span class='ocrx_word' id='word_1_634' title='bbox 844 2812 1001 2851; x_wconf 80' lang='lat' dir='ltr'>Harpocr.</span> <span class='ocrx_word' id='word_1_635' title='bbox 1020 2822 1049 2841; x_wconf 89' lang='lat' dir='ltr'>v.</span> 
     </span>
    </p>
   </div>
   <div class='ocr_carea' id='block_1_7' title="bbox 329 2856 1051 2938">
    <p class='ocr_par' dir='ltr' id='par_1_27' title="bbox 329 2856 1051 2938">
     <span class='ocr_line' id='line_1_110' title="bbox 329 2856 458 2898; baseline 0.008 -13"><span class='ocrx_word' id='word_1_636' title='bbox 329 2856 458 2898; x_wconf 69' lang='grc' dir='ltr'>ὄῤῥωδειν.</span> 
     </span>
     <span class='ocr_line' id='line_1_111' title="bbox 374 2897 1051 2938; baseline -0.007 -8"><span class='ocrx_word' id='word_1_637' title='bbox 374 2903 446 2930; x_wconf 73' lang='lat'>153.</span> <span class='ocrx_word' id='word_1_638' title='bbox 471 2901 503 2930; x_wconf 82' lang='lat'>7.</span> <span class='ocrx_word' id='word_1_639' title='bbox 531 2910 580 2928; x_wconf 80' lang='grc' dir='ltr'>και</span> <span class='ocrx_word' id='word_1_640' title='bbox 607 2898 845 2938; x_wconf 71' lang='grc' dir='ltr'>γινώσκεται-]</span> <span class='ocrx_word' id='word_1_641' title='bbox 872 2897 1051 2927; x_wconf 82' lang='lat' dir='ltr'>Alexander</span> 
     </span>
    </p>
   </div>
   <div class='ocr_carea' id='block_1_8' title="bbox 326 2938 1052 3070">
    <p class='ocr_par' dir='ltr' id='par_1_28' title="bbox 326 2938 1052 3070">
     <span class='ocr_line' id='line_1_112' title="bbox 328 2938 1052 2982; baseline -0.003 -12"><span class='ocrx_word' id='word_1_642' title='bbox 328 2943 367 2971; x_wconf 87' lang='lat' dir='ltr'>de</span> <span class='ocrx_word' id='word_1_643' title='bbox 384 2942 488 2982; x_wconf 82' lang='lat' dir='ltr'>figuris</span> <span class='ocrx_word' id='word_1_644' title='bbox 505 2953 535 2982; x_wconf 90' lang='lat' dir='ltr'>p.</span> <span class='ocrx_word' id='word_1_645' title='bbox 553 2944 607 2973; x_wconf 88' lang='lat'>64.</span> <span class='ocrx_word' id='word_1_646' title='bbox 629 2952 788 2978; x_wconf 80' lang='grc' dir='ltr'>συνωνυμια</span> <span class='ocrx_word' id='word_1_647' title='bbox 809 2940 900 2974; x_wconf 80' lang='grc' dir='ltr'>ἐστιν,</span> <span class='ocrx_word' id='word_1_648' title='bbox 922 2938 990 2969; x_wconf 80' lang='grc' dir='ltr'>ὅταν</span> <span class='ocrx_word' id='word_1_649' title='bbox 1009 2939 1052 2979; x_wconf 74' lang='grc' dir='ltr'>τῷ</span> 
     </span>
     <span class='ocr_line' id='line_1_113' title="bbox 327 2981 1052 3039; baseline -0.004 -25"><span class='ocrx_word' id='word_1_650' title='bbox 327 2997 492 3039; x_wconf 58' lang='grc' dir='ltr'>χαρακτῆρι</span> <span class='ocrx_word' id='word_1_651' title='bbox 507 2984 665 3025; x_wconf 75' lang='grc' dir='ltr'>διαφόροις’</span> <span class='ocrx_word' id='word_1_652' title='bbox 655 2984 783 3025; x_wconf 77' lang='grc' dir='ltr'>ονόμασι,</span> <span class='ocrx_word' id='word_1_653' title='bbox 793 2984 830 3014; x_wconf 65' lang='lat' dir='ltr'>rii</span> <span class='ocrx_word' id='word_1_654' title='bbox 843 2984 958 3022; x_wconf 77' lang='grc' dir='ltr'>δυνάμει</span> <span class='ocrx_word' id='word_1_655' title='bbox 975 2981 1003 3011; x_wconf 75' lang='grc' dir='ltr'>δὲ</span> <span class='ocrx_word' id='word_1_656' title='bbox 1018 2995 1052 3012; x_wconf 89' lang='grc' dir='ltr'>το</span> 
     </span>
     <span class='ocr_line' id='line_1_114' title="bbox 326 3026 1050 3070; baseline -0.004 -13"><span class='ocrx_word' id='word_1_657' title='bbox 326 3041 397 3059; x_wconf 71' lang='grc' dir='ltr'>αυτ-ο</span> <span class='ocrx_word' id='word_1_658' title='bbox 411 3029 522 3059; x_wconf 77' lang='grc' dir='ltr'>δηλουσι</span> <span class='ocrx_word' id='word_1_659' title='bbox 536 3027 676 3070; x_wconf 78' lang='grc' dir='ltr'>χρώμεθα</span> <span class='ocrx_word' id='word_1_660' title='bbox 690 3027 825 3063; x_wconf 76' lang='grc' dir='ltr'>πλείοσιν,</span> <span class='ocrx_word' id='word_1_661' title='bbox 842 3026 868 3057; x_wconf 80' lang='grc' dir='ltr'>’ἐν</span> <span class='ocrx_word' id='word_1_662' title='bbox 888 3026 987 3067; x_wconf 77' lang='grc' dir='ltr'>μέντοι</span> <span class='ocrx_word' id='word_1_663' title='bbox 1002 3037 1050 3055; x_wconf 80' lang='grc' dir='ltr'>και</span> 
     </span>
    </p>
   </div>
   <div class='ocr_carea' id='block_1_9' title="bbox 1083 2803 1803 2892">
    <p class='ocr_par' dir='ltr' id='par_1_29' title="bbox 1083 2803 1803 2892">
     <span class='ocr_line' id='line_1_115' title="bbox 1083 2803 1801 2849; baseline -0.01 -9"><span class='ocrx_word' id='word_1_664' title='bbox 1083 2808 1174 2840; x_wconf 71' lang='grc' dir='ltr'>ταύτὸ</span> <span class='ocrx_word' id='word_1_665' title='bbox 1190 2808 1351 2849; x_wconf 78' lang='grc' dir='ltr'>Βουλόμενοι</span> <span class='ocrx_word' id='word_1_666' title='bbox 1368 2807 1471 2838; x_wconf 78' lang='grc' dir='ltr'>δηλουν.</span> <span class='ocrx_word' id='word_1_667' title='bbox 1489 2807 1524 2840; x_wconf 82' lang='grc' dir='ltr'>ὡς</span> <span class='ocrx_word' id='word_1_668' title='bbox 1538 2817 1586 2834; x_wconf 80' lang='grc' dir='ltr'>και</span> <span class='ocrx_word' id='word_1_669' title='bbox 1605 2803 1801 2845; x_wconf 68' lang='grc' dir='ltr'>Δημοσθένης·</span> 
     </span>
     <span class='ocr_line' id='line_1_116' title="bbox 1083 2847 1803 2892; baseline -0.008 -9"><span class='ocrx_word' id='word_1_670' title='bbox 1083 2865 1130 2882; x_wconf 89' lang='grc' dir='ltr'>και</span> <span class='ocrx_word' id='word_1_671' title='bbox 1147 2854 1318 2892; x_wconf 69' lang='grc' dir='ltr'>γινώσκεται</span> <span class='ocrx_word' id='word_1_672' title='bbox 1330 2850 1385 2890; x_wconf 82' lang='grc' dir='ltr'>μὲν</span> <span class='ocrx_word' id='word_1_673' title='bbox 1400 2849 1453 2881; x_wconf 75' lang='grc' dir='ltr'>ὑπὸ</span> <span class='ocrx_word' id='word_1_674' title='bbox 1469 2852 1524 2879; x_wconf 78' lang='grc' dir='ltr'>τῶν</span> <span class='ocrx_word' id='word_1_675' title='bbox 1536 2847 1745 2890; x_wconf 67' lang='grc' dir='ltr'>Πεςιιθίων--“</span> <span class='ocrx_word' id='word_1_676' title='bbox 1735 2858 1803 2878; x_wconf 75' lang='grc' dir='ltr'>υπο-</span> 
     </span>
    </p>
   </div>
   <div class='ocr_carea' id='block_1_10' title="bbox 1085 2890 1804 2978">
    <p class='ocr_par' dir='ltr' id='par_1_30' title="bbox 1085 2890 1804 2978">
     <span class='ocr_line' id='line_1_117' title="bbox 1085 2890 1499 2927; baseline -0.01 -1"><span class='ocrx_word' id='word_1_677' title='bbox 1085 2897 1226 2926; x_wconf 75' lang='grc' dir='ltr'>πτεύεται</span> <span class='ocrx_word' id='word_1_678' title='bbox 1244 2895 1271 2925; x_wconf 72' lang='grc' dir='ltr'>δὲ</span> <span class='ocrx_word' id='word_1_679' title='bbox 1289 2893 1343 2924; x_wconf 64' lang='lat' dir='ltr'>voro</span> <span class='ocrx_word' id='word_1_680' title='bbox 1359 2890 1499 2927; x_wconf 79' lang='grc' dir='ltr'>Θηβαίων.</span> 
     </span>
     <span class='ocr_line' id='line_1_118' title="bbox 1128 2934 1804 2978; baseline -0.007 -10"><span class='ocrx_word' id='word_1_681' title='bbox 1128 2957 1170 2961; x_wconf 86' lang='grc'>-</span> <span class='ocrx_word' id='word_1_682' title='bbox 1187 2941 1239 2968; x_wconf 85' lang='lat'>15.</span> <span class='ocrx_word' id='word_1_683' title='bbox 1264 2936 1381 2978; x_wconf 79' lang='grc' dir='ltr'>ἐκείνων]</span> <span class='ocrx_word' id='word_1_684' title='bbox 1412 2934 1704 2975; x_wconf 87' lang='lat' dir='ltr'>Peloponnesiorum</span> <span class='ocrx_word' id='word_1_685' title='bbox 1733 2943 1804 2963; x_wconf 83' lang='lat' dir='ltr'>oum</span> 
     </span>
    </p>
   </div>
   <div class='ocr_carea' id='block_1_11' title="bbox 1084 2978 1803 3064">
    <p class='ocr_par' dir='ltr' id='par_1_31' title="bbox 1084 2978 1803 3064">
     <span class='ocr_line' id='line_1_119' title="bbox 1084 2978 1802 3020; baseline -0.008 -7.949"><span class='ocrx_word' id='word_1_686' title='bbox 1084 2982 1251 3017; x_wconf 83' lang='lat' dir='ltr'>Thebanis,</span> <span class='ocrx_word' id='word_1_687' title='bbox 1261 2990 1315 3011; x_wconf 86' lang='lat' dir='ltr'>seu</span> <span class='ocrx_word' id='word_1_688' title='bbox 1327 2980 1407 3020; x_wconf 81' lang='lat' dir='ltr'>quod</span> <span class='ocrx_word' id='word_1_689' title='bbox 1423 2979 1506 3009; x_wconf 87' lang='lat' dir='ltr'>idem</span> <span class='ocrx_word' id='word_1_690' title='bbox 1520 2983 1578 3014; x_wconf 87' lang='lat' dir='ltr'>est,</span> <span class='ocrx_word' id='word_1_691' title='bbox 1590 2978 1802 3008; x_wconf 83' lang='lat' dir='ltr'>Thebanorum</span> 
     </span>
     <span class='ocr_line' id='line_1_120' title="bbox 1085 3018 1803 3064; baseline -0.01 -8"><span class='ocrx_word' id='word_1_692' title='bbox 1085 3036 1154 3056; x_wconf 76' lang='lat' dir='ltr'>cuin</span> <span class='ocrx_word' id='word_1_693' title='bbox 1172 3023 1419 3064; x_wconf 79' lang='lat' dir='ltr'>Peloponnesiis.</span> <span class='ocrx_word' id='word_1_694' title='bbox 1450 3023 1604 3052; x_wconf 77' lang='lat' dir='ltr'>Construo</span> <span class='ocrx_word' id='word_1_695' title='bbox 1622 3021 1688 3051; x_wconf 81' lang='lat' dir='ltr'>sio:</span> <span class='ocrx_word' id='word_1_696' title='bbox 1708 3018 1803 3059; x_wconf 75' lang='lat' dir='ltr'><em>&#39;&#39;Aywv</em></span> 
     </span>
    </p>
   </div>
  </div>
 </body>
</html>
