1931 3323
344 209 429 252 462
464 206 972 249 AMERSFOORDTII
1004 207 1076 249 ET
1109 206 1451 249 SCHAEFERI
1484 205 1741 249 ANNOTT.

347 320 446 349 lurum
470 320 591 349 navium
612 319 741 357 capacia.
786 317 933 354 Dubium,
954 323 1054 348 utrum

346 363 449 401 lignea
471 362 584 392 fuerint
607 372 642 391 an
664 361 796 401 lapidea.
841 361 934 391 Prius
956 366 1055 390 tamen

349 406 452 435 verius
468 405 588 435 videtur
600 415 637 433 ex
651 405 775 433 aliorum
789 405 921 434 locorum
934 414 1056 444 compa-

348 449 476 478 ratione.
523 448 721 483 Vocabulum,
737 449 823 487 cujus
845 447 940 477 rarior
962 447 1056 476 forma

347 494 409 521 νεῶν
436 490 503 522 οῖκοι
527 491 662 520 occurrit
689 491 769 529 apud
795 490 991 520 Plutarchum
1017 491 1055 519 de

351 535 427 573 glor.
443 534 553 564 Athen.
570 544 600 573 p.
615 535 689 564 439.
708 535 747 563 D.
770 533 888 563 abunde
907 533 1057 572 explicuit

350 579 560 616 Bergmannus
575 577 612 606 ad
629 577 777 606 Isocratis
787 577 902 616 Areop.
917 587 944 605 c.
959 578 1010 606 27.
1025 586 1054 615 p.

352 623 424 652 173.
456 621 486 650 in
517 621 603 658 cujus
636 619 794 659 diligentia
823 619 1059 658 acquiescimus.

350 664 445 693 Hunc
457 663 552 703 igitur
566 663 678 698 locum,
688 663 738 701 qui
755 662 945 700 omninolegi
961 672 1055 691 mere-

350 711 409 743 tur,
427 707 530 736 confer
549 711 579 736 et
598 707 634 735 ad
655 705 929 744 Harpocrationem
950 715 980 733 v.
996 704 1058 734 νεώ-

350 761 400 791 ριον
417 749 581 779 Valesium.
606 750 716 778 Tectos
731 757 861 786 superne
875 747 967 785 vulgo
982 747 1058 776 fuis-

351 804 384 823 se
401 791 566 826 νεωσοίκους,
582 796 693 830 piaeter
711 791 949 829 Xenophontem
972 789 1057 819 Hist.

351 837 406 866 Gr.
418 837 475 866 IV.
493 847 524 875 p.
541 837 614 865 523.
629 845 647 863 a
663 835 855 872 Bergmanno
871 833 992 863 allatum
1006 833 1058 862 do-

350 883 422 908 cent
444 879 623 909 Herodotus
647 882 677 906 et
699 876 896 915 Thucydides
919 876 969 905 hic
984 877 1060 905 Vll.

353 925 404 953 25.
426 922 478 951 ille
495 921 550 950 VI.
567 922 618 951 45.
642 920 692 949 nbi
714 920 894 959 Polycrates
910 919 1060 958 proditio-

353 976 421 995 nem
442 964 573 993 militum
596 967 734 992 metuens
758 972 871 992 uxores
892 968 924 992 et
945 962 1060 992 liberos

352 1018 454 1038 eorum
486 1005 512 1040 ἐς
538 1007 602 1040 τοὺς
625 1005 778 1039 νεωσοίκους
802 1006 968 1039 συνειλήσας
997 1005 1060 1046 εἶχε

351 1049 491 1089 ἑτοίμους,
518 1048 545 1080 ἢν
568 1049 622 1090 ἄξει
646 1049 791 1089 προδιδῶσι
814 1046 887 1078 οὗτοι
911 1049 977 1089 πρὸς
999 1050 1062 1082 τοὺς

352 1093 512 1128 κατιόντας,
545 1093 712 1132 ὑποωξῐῖσαι
741 1092 857 1122 αὐτοῖσι
887 1090 1061 1122 νεωσοίκοισι.

353 1136 515 1176 Syracusis
527 1136 618 1165 etiam
631 1135 656 1165 ἐν
669 1135 710 1174 τῷ
724 1135 816 1175 λιμένι
830 1140 913 1165 erant
925 1136 946 1165 οῖ
957 1136 1062 1166 νεώσοι-

353 1191 406 1210 κοι.
423 1181 461 1209 V.
473 1179 613 1218 Tlnucyd.
631 1179 650 1208 1.
664 1190 691 1208 c.
708 1180 984 1209 Amr-:Rsroonmn

397 1240 440 1246 —
455 1225 506 1252 16.
530 1221 574 1252 τόν
589 1221 616 1252 δὲ
636 1222 794 1263 τξιίιραρχον
811 1221 947 1262 ἕκαστον]
972 1221 1063 1252 Wol-

354 1267 411 1296 fius
428 1265 553 1304 conjicit
575 1266 737 1304 legendum
755 1276 823 1295 esse
845 1268 899 1295 τῶν
922 1265 950 1295 δὲ
974 1276 1063 1305 τριηρ-

356 1311 449 1350 άρχων
471 1308 627 1342 ἑκάστουςτ
651 1309 704 1339 sed
728 1308 877 1338 Reiskius
896 1309 934 1338 ad
957 1319 987 1338 v.
1011 1310 1062 1338 17.

355 1357 427 1393 post
441 1354 514 1391 φυλὴ
530 1349 586 1391 μία
602 1353 663 1381 duo
674 1352 784 1381 deesse
796 1352 944 1382 vocabula
955 1351 1064 1382 existi-

355 1400 430 1431 mat,
445 1407 610 1436 τςιηξαξχος
625 1398 671 1428 εἱς.
701 1395 835 1425 Wolfius
849 1395 943 1434 igitur
957 1394 1065 1424 existi-

355 1438 462 1473 mavit,
489 1438 599 1477 cuique
626 1438 742 1468 triremi
768 1438 954 1468 instruendae
976 1448 1064 1468 suum

355 1481 481 1512 affuisse
502 1482 613 1511 debere
636 1492 816 1522 τςιηξαρχοκ
841 1481 988 1512 Reiskius
1013 1492 1064 1512 au-

357 1530 432 1560 tem,
447 1525 544 1554 trihus
554 1524 723 1564 quibusque
735 1526 859 1554 navibus
875 1525 940 1554 sive
954 1524 1065 1564 cuique

355 1568 449 1609 νεωρίῳ
472 1568 550 1609 [Sed
571 1566 692 1606 singula
712 1568 802 1608 νεώρια
823 1568 955 1598 tricenas
971 1578 1065 1598 naves

355 1612 510 1642 tenebant.
533 1611 745 1651 SCHAEFER]
763 1621 852 1641 unum
867 1611 1065 1650 praepositum

357 1655 455 1685 fuisse
482 1654 655 1694 τριήραρχον.
699 1654 894 1684 Probabilior
924 1654 997 1684 mihi
1020 1654 1066 1684 vi-

358 1699 450 1728 detur
470 1698 581 1728 Wolfii
605 1698 789 1736 conjectura,
813 1708 881 1736 quae
903 1697 929 1726 si
954 1697 1067 1727 admis-

360 1752 393 1772 sa
420 1740 522 1776 fuerit,
549 1739 661 1778 cuique
687 1739 773 1768 navis
803 1741 948 1778 praet'ecto
976 1740 1069 1769 facul-

360 1790 407 1814 tas
432 1783 492 1813 erit
513 1783 668 1813 triremem
696 1781 812 1821 optime
836 1787 867 1812 et
890 1793 946 1822 pro
968 1783 1068 1813 lubitu

362 1838 418 1857 suo
439 1826 606 1857 instruendi
622 1830 651 1855 et
674 1835 691 1854 a
713 1825 897 1863 collegarum
913 1826 1001 1855 malis
1025 1836 1069 1856 ar·

362 1871 456 1905 tibus,
466 1880 532 1909 quae
549 1869 585 1898 ad
602 1868 825 1907 impediendam
839 1869 925 1898 navis
942 1869 1070 1898 adorna-

363 1914 475 1944 tionem
492 1911 630 1942 adhiberi
647 1911 776 1950 possint,
792 1912 930 1942 cavendi.
965 1912 1070 1942 Malim

362 1962 463 1987 tamen
487 1956 517 1985 in
545 1954 668 1985 caeteris
691 1955 835 1984 Wolfium
862 1960 986 1984 secutus
1015 1965 1071 1994 pro

363 2000 502 2033 ἑκάστους
525 1998 626 2038 legere
645 1996 777 2033 ἕκαστον,
793 1998 874 2036 quod
897 2003 929 2028 et
951 1998 991 2028 ad
1007 1999 1072 2028 vul—

363 2048 465 2083 gatam
488 2042 646 2072 lectionem
674 2041 801 2080 propius
827 2041 957 2078 accedit,
979 2045 1011 2071 et
1034 2052 1072 2070 ex

363 2087 451 2116 libris
504 2085 628 2124 scriptis
674 2085 877 2114 confirmatur.
934 2085 1074 2115 Amus-

365 2139 513 2160 roonDT.
569 2128 698 2167 Vulgata
727 2137 854 2166 prorsus
882 2127 963 2157 idem
994 2128 1075 2158 valet

365 2174 448 2213 quod
464 2174 518 2202 τῶν
532 2170 560 2201 δὲ
573 2171 744 2211 τξιηςίιξχων
755 2170 894 2205 ἑκάστους
906 2181 930 2200 5.
944 2169 1074 2201 {Quae-‘rav

364 2217 418 2246 Sio
433 2215 547 2246 dicitur
560 2225 633 2244 mox
649 2225 678 2244 v.
695 2217 746 2244 ¹20.
771 2215 820 2244 τοῦ
841 2213 869 2243 δὲ
888 2212 988 2254 μέρους
1008 2213 1074 2244 ἑκά-

365 2271 437 2290 στου
453 2264 530 2297 etp.
547 2258 693 2289 291.1.›‘2
709 2268 826 2297 τριττυς
840 2257 958 2288 ἑκάστη.
983 2257 1075 2287 Falsa

367 2308 467 2333 autem
484 2306 584 2332 narrat
594 2300 854 2331 Amerssoordtius
864 2301 902 2330 de
919 2300 1075 2341 ‘rgengo'cpxcp

366 2345 533 2386 praeposito
565 2344 695 2384 singulis
723 2348 776 2375 aut
806 2344 900 2374 ternis
929 2344 1073 2373 navibus:

366 2389 558 2429 Wolliusque
570 2393 601 2418 et
616 2387 760 2417 Reiskius
774 2387 829 2416 hac
842 2387 881 2417 de
897 2397 929 2416 re
942 2385 1000 2417 οὐδὲ
1014 2386 1075 2426 γςύ.

367 2433 407 2462 V.
424 2437 488 2462 not.
503 2442 588 2471 sequ.
613 2433 806 2461 SCHAEFER.

410 2493 452 2497 --
477 2477 526 2505 17.
550 2475 624 2514 φυλὴ
651 2473 724 2515 μία]
749 2473 882 2504 Multum
907 2477 988 2503 errat
1012 2471 1075 2514 (sc.

369 2517 548 2556 Reiskius):
576 2518 614 2546 ad
641 2528 728 2547 unam
758 2516 837 2546 enim
866 2519 953 2557 φυλὴν
982 2515 1076 2556 perti-

367 2565 442 2592 nent
468 2563 531 2591 1⁰20
554 2560 723 2602 τξιῆςαςχοι,
750 2560 771 2590 i.
796 2571 823 2589 e.
847 2561 980 2600 σώματα
1003 2570 1076 2599 ‘rgen-

369 2604 536 2646 ςαςχοῦντα,
550 2603 635 2633 cives
651 2609 769 2633 sumtus
781 2603 951 2633 facientes·
942 2613 973 2633 in
988 2603 1078 2632 trire-

371 2659 446 2678 mes.
493 2648 540 2676 De
563 2645 610 2675 his
634 2647 707 2676 solis
731 2646 936 2687 cogitandum,
957 2655 1015 2676 non
1037 2646 1076 2676 de

369 2689 543 2721 trierarchis
560 2688 626 2718 veri
649 2688 789 2726 nominis,
813 2689 834 2718 i.
852 2700 879 2719 e.
897 2689 1028 2719 ducibus
1052 2700 1075 2719 s.

370 2732 537 2774 praefectis‚
553 2731 606 2771 qui
625 2731 752 2771 singulis
772 2732 947 2762 triremibus
964 2732 1077 2772 singuli

370 2779 531 2817 praeerant.
569 2774 630 2804 Sed
646 2785 714 2804 cum
731 2775 877 2805 Reiskius
893 2776 988 2805 semel
1001 2777 1077 2805 hanc

371 2820 470 2850 animo
482 2818 652 2848 imbibisset
664 2817 848 2857 opinionem,
864 2819 1078 2848 Demostheni-

371 2873 438 2893 cam
455 2861 684 2901 symmoriarnm
700 2861 935 2901 descriptionem
950 2861 1078 2900 intelligi

372 2910 515 2946 oportere
542 2905 581 2934 de
602 2903 763 2940 militibus,
787 2904 855 2943 quis
876 2904 1006 2934 miretur
1031 2915 1080 2934 er-

373 2958 472 2978 rorem
488 2947 574 2977 illum
590 2947 656 2977 viro
671 2947 745 2977 alias
763 2946 1033 2986 perspicacissimo
1048 2948 1079 2977 in

371 2992 468 3021 totius
483 2991 543 3021 loci
558 2995 589 3020 et
603 2990 853 3030 interpretatione
869 2995 900 3021 et
915 2990 988 3020 crisi
1005 2991 1081 3021 mul-

372 3033 496 3065 timodis
511 3033 717 3073 imposuisse?
741 3035 844 3064 IDEM.

1131 334 1175 340 —
1192 319 1242 347 17.
1261 316 1286 347 ὃν
1301 317 1324 347 δ’
1338 319 1385 360 ἂν]
1413 319 1482 351 Non
1498 318 1629 349 vitandae
1643 315 1796 347 confusio-

1091 360 1139 389 nis
1155 371 1258 396 causa,
1274 362 1329 391 sed
1345 363 1416 400 quia
1436 362 1564 401 singulae
1583 359 1674 400 φυλαὶ
1694 362 1797 390 tenent

1090 408 1192 432 ternas
1207 406 1335 443 τριττῦς.
1366 406 1406 436 V.
1422 406 1537 435 Anecd.
1560 403 1663 434 Bekk.
1678 414 1707 443 p.
1723 404 1797 433 306.

1091 449 1142 476 ⁶24.
1169 447 1273 477 lnmu.

1132 507 1175 511 --
1192 492 1242 520 19.
1265 488 1455 529 ἐπικληςῶσαι
1471 491 1527 523 τὰς
1541 488 1672 530 τριττῦς]
1688 488 1800 518 Tertiae

1091 532 1222 562 tribuum
1243 532 1367 573 [φυλῶν]
1386 538 1500 573 partes,
1516 539 1575 563 tam
1591 533 1710 562 Solonis
1726 536 1798 560 aeta-

1091 581 1132 611 te,
1149 585 1207 615 qua
1223 583 1350 614 quatuor
1373 581 1457 606 erant
1476 575 1585 616 populi
1603 573 1798 605 Atheniensis

1090 619 1199 654 tribus,
1221 629 1308 657 quam
1333 626 1449 657 postea,
1471 629 1562 658 quum
1583 619 1689 648 decem
1713 617 1800 646 factae

1091 666 1163 691 sunt
1178 661 1277 700 φυλαί.
1316 662 1407 692 Prius
1421 666 1504 702 patet
1521 672 1560 691 ex
1576 662 1643 691 loco
1661 658 1800 690 Pollucis

1091 705 1187 733 V111.
1197 704 1222 743 ᾗ.
1239 708 1308 735 111.
1322 703 1534 746 ναυκξαρίαδ’
1521 709 1549 735 ἠν
1560 703 1728 743 τέωςφυλης
1745 702 1802 731 δυο-

1092 746 1206 776 aena-rav
1227 746 1319 787 μέρος,
1341 748 1389 777 καὶ
1413 749 1526 778 δυόδεκα
1548 745 1704 787 ναυκξαρίαι
1720 744 1804 781 ἦσαν,

1092 788 1230 829 τέσσαρες
1244 793 1323 820 κατὰ
1341 802 1454 830 τςιττυν
1477 791 1609 821 ἑκάστην.
1654 790 1799 826 Quaenam

1093 837 1192 862 autem
1207 833 1284 862 ratio
1300 833 1458 872 impulerit
1473 834 1693 863 Schbmannum
1706 833 1726 861 l.
1738 832 1758 861 l.
1772 842 1804 870 p.

1094 877 1167 906 361.
1185 886 1238 905 cur
1257 878 1373 917 τριττῦς
1385 877 1414 906 11.
1430 877 1451 906 l.
1467 883 1647 906 memoratas
1662 876 1802 905 diversas

1094 929 1163 948 esse
1179 919 1367 949 existimaret
1383 921 1420 949 ab
1435 919 1499 949 illis
1508 921 1562 948 τῶν
1575 921 1668 959 φυλῶν
1683 918 1804 957 τξιττῦ-

1094 973 1137 998 σι,
1153 963 1285 991 nondum
1302 962 1470 1002 perspicio.
1514 963 1575 992 Sed
1591 962 1630 991 de
1646 961 1692 991 his
1707 960 1803 990 omni-

1095 1006 1152 1035 bus
1172 1005 1377 1044 copiosiorem
1400 1010 1533 1035 nostram
1556 1004 1803 1044 disquisitionem

1097 1054 1247 1087 exspecta
1262 1049 1291 1078 in
1309 1049 1526 1088 Disputatione
1538 1049 1658 1078 edenda
1669 1049 1707 1077 de
1721 1057 1803 1087 sym-

1096 1092 1201 1121 moriis
1217 1092 1305 1131 ipsiS.
1329 1093 1604 1123 Amssnsroonnr.

1139 1152 1182 1158 --
1197 1137 1248 1165 20.
1273 1134 1298 1165 ἓν
1319 1134 1446 1168 ἑκάστης
1470 1133 1554 1176 μέςος
1573 1133 1591 1166 ἱῗ
1614 1136 1668 1164 τῶν
1692 1133 1802 1174 φυλῶν]

1098 1178 1184 1208 01·ᾶο
1202 1178 1415 1218 grammaticus
1430 1178 1480 1207 hic
1496 1183 1561 1208 est:
1586 1176 1612 1207 ἓν
1633 1176 1716 1218 μέρος
1734 1177 1804 1218 [τῶν

1098 1220 1165 1251 δέκα
1179 1220 1295 1262 νεωρίων,
1310 1221 1332 1251 i.
1350 1233 1376 1252 e.
1391 1220 1416 1252 ἓν
1431 1221 1544 1262 νεώριον]
1568 1219 1586 1263 ᾗ
1608 1220 1732 1254 ἑκάστης
1751 1222 1806 1249 τῶν

1096 1267 1199 1305 φυλῶν.
1224 1267 1329 1295 IDEM.

1140 1326 1182 1330 -—
1190 1308 1266 1338 ibid.
1274 1307 1412 1349 ἑκάστης]
1426 1306 1545 1349 ἑκάστῃ,
1553 1310 1704 1346 repertum
1714 1305 1804 1335 etiam

1097 1361 1114 1380 a
1131 1352 1277 1382 Bekkero
1294 1351 1323 1381 in
1340 1352 1417 1383 Cod.
1435 1351 1510 1381 satis
1531 1351 1644 1390 placet.
1673 1350 1805 1380 Senme-

1098 1404 1176 1425 rna.

1139 1439 1178 1468 P.
1198 1439 1273 1468 291.
1297 1440 1327 1466 1.
1349 1435 1419 1478 ἔχῃ]
1447 1435 1594 1467 Reiskius
1614 1439 1685 1476 post
1708 1435 1806 1466 (πόσαι

1098 1481 1188 1521 plene
1204 1480 1413 1519 interpunxit:
1439 1480 1520 1520 quod
1534 1479 1661 1511 mutavi.
1707 1480 1808 1509 Muta-

1099 1525 1142 1555 vit
1158 1524 1248 1554 etiam
1265 1523 1437 1554 Bekkerus.
1460 1524 1566 1554 ΙΒΕΜ.

1140 1585 1184 1592 --
1199 1570 1229 1598 Ξ.
1253 1566 1292 1600 εἷς
1312 1565 1367 1596 ὁδὸν
1387 1565 1542 1608 καταστῇ]
1565 1565 1688 1596 Reiskii
1708 1565 1808 1595 Index

1099 1612 1208 1642 habet:
1232 1609 1300 1646 ὁδὸς,
1319 1619 1474 1648 processus.
1517 1610 1627 1639 Totum
1647 1610 1747 1639 locum
1764 1608 1810 1638 sio

1100 1655 1337 1693 interpretatur:
1362 1652 1420 1683 haec
1434 1654 1485 1683 ubi
1499 1653 1584 1683 semel
1587 1652 1662 1693 fieri
1675 1656 1767 1691 coepta
1782 1656 1811 1681 et

1100 1698 1202 1727 ιοίιιΐ“
1193 1707 1225 1727 m
1239 1697 1315 1726 viam
1329 1695 1593 1736 immissafuerint,
1605 1697 1637 1725 in
1652 1695 1707 1725 den
1721 1694 1810 1735 Gang

1098 1739 1237 1791 gebracht
1255 1739 1323 1768 oder
1342 1737 1520 1779 gekommen.
1561 1739 1695 1768 Videtur
1710 1743 1808 1767 tamen

1102 1784 1140 1816 εἷς
1163 1781 1218 1812 ὁδον
1237 1782 1383 1831 scriptum
1404 1791 1473 1811 esse
1493 1791 1547 1821 pro
1569 1779 1595 1810 ἐν
1614 1781 1672 1821 ὁδῳ.
1719 1782 1811 1810 Hunc

1103 1836 1189 1856 usum
1219 1825 1445 1874 praepositionis
1471 1824 1509 1857 εἷς
1539 1824 1651 1863 saepius
1676 1824 1811 1860 obvium,

1103 1869 1253 1908 imprimis
1269 1868 1350 1907 apud
1366 1867 1541 1907 Scriptores
1554 1868 1594 1897 N.
1609 1868 1657 1904 F„
1673 1867 1811 1897 vindica-

1104 1917 1167 1942 tum
1198 1911 1267 1941 vide
1294 1921 1312 1941 a
1340 1910 1414 1940 viris
1439 1910 1551 1945 doctis,
1576 1921 1653 1949 quos
1673 1910 1814 1940 laudavit

1105 1955 1327 1985 Schleusnerus
1345 1953 1375 1983 in
1398 1954 1476 1983 Lex.
1498 1954 1528 1983 in
1552 1954 1592 1983 N.
1610 1956 1649 1983 Τ.
1672 1953 1814 1984 Antiens-

1107 2008 1255 2029 Foonn‘r.
1287 1997 1434 2027 Fallitur:
1459 1996 1541 2026 aliud
1558 1997 1597 2032 εἰς
1611 1996 1676 2033 ὁδὸν,
1690 1996 1773 2026 aliud
1788 1996 1815 2026 ἐν

1107 2041 1168 2081 ὁδῷ.
1212 2040 1384 2080 Mirumque
1413 2040 1492 2069 tales
1521 2041 1673 2079 enallagas
1698 2040 1814 2070 dudum

1108 2085 1251 2124 explosas
1266 2083 1431 2114 identidem
1446 2083 1602 2113 inculcari.
1617 2084 1813 2114 SCHAEFER.

1149 2145 1193 2150 —
1204 2129 1234 2158 5.
1243 2126 1358 2167 μέρους]
1370 2127 1545 2156 Assentitur
1553 2126 1682 2156 Reiskio
1691 2127 1815 2156 Amers·

1107 2171 1277 2201 soordtius:
1301 2181 1358 2210 ego
1369 2180 1428 2200 non
1441 2169 1525 2200 item.
1547 2171 1648 2200 IDEM.

1150 2232 1193 2237 --
1215 2216 1246 2243 7.
1267 2213 1329 2244 οῖδα
1351 2212 1428 2252 λόγον
1452 2211 1570 2251 μέλλων
1592 2212 1697 2253 λέγειν]
1729 2214 1816 2244 Bene

1109 2256 1254 2287 Reiskius
1268 2269 1274 2287 :
1312 2258 1394 2296 quod
1422 2256 1516 2287 miror
1543 2256 1816 2287 Amersfoordtium

1108 2301 1315 2331 addubitasse.
1338 2301 1445 2331 IDEM.

1150 2362 1194 2367 —
1203 2347 1255 2373 11.
1271 2342 1317 2373 ἐὰν
1329 2342 1385 2382 μὲν
1396 2343 1442 2374 ἤδη
1455 2341 1600 2383 ζητῶμεν]
1618 2342 1652 2373 Si
1663 2344 1726 2382 jam
1736 2354 1817 2373 nunc

1109 2398 1178 2417 eum
1202 2386 1289 2427 πόρον,
1310 2386 1392 2416 illam
1415 2396 1455 2415 ex
1477 2385 1702 2416 contributione
1724 2397 1819 2426 pecu-

1108 2430 1200 2465 niam,
1225 2440 1336 2469 cogere
1360 2430 1546 2464 studeamus,
1567 2430 1699 2459 nondum
1721 2430 1816 2460 mani-

1109 2474 1188 2503 festo
1209 2473 1300 2509 bello,
1315 2483 1374 2502 non
1389 2473 1494 2509 credo,
1508 2482 1572 2501 eam
1589 2478 1672 2508 tunc,
1691 2473 1720 2502 h.
1735 2483 1764 2502 e.
1779 2483 1816 2503 eo

1110 2521 1259 2557 tempore,
1275 2526 1335 2556 quo
1356 2526 1392 2546 ea
1410 2525 1488 2555 opus
1508 2515 1578 2552 erit,
1591 2515 1622 2545 in
1641 2515 1710 2556 ipso
1725 2516 1819 2552 bello,

1111 2560 1199 2590 nobis
1224 2559 1366 2590 idoneam
1389 2559 1548 2589 affuturam
1572 2569 1652 2589 esse.
1695 2559 1818 2588 Idcirco

1110 2603 1201 2642 longe
1218 2612 1296 2633 nunc
1313 2603 1456 2632 absumus
1471 2602 1529 2631 hoc
1541 2605 1678 2641 tempore
1694 2612 1712 2631 a
1725 2612 1818 2641 pecu-

1111 2646 1161 2676 nia
1172 2646 1354 2685 praebenda;
1367 2646 1562 2676 vehementer
1573 2655 1638 2674 eam
1654 2655 1733 2675 nunc
1745 2644 1819 2675 dare

1111 2699 1300 2719 recusamus.
1329 2690 1369 2719 In
1385 2687 1488 2719 verbis
1503 2687 1646 2729 ὑπάρχειν
1656 2686 1819 2727 ἡγησόμεθα

1112 2736 1159 2762 est
1180 2732 1317 2771 enallage
1338 2731 1504 2771 temporis:
1527 2730 1642 2760 dicitur
1661 2730 1740 2759 enim
1762 2741 1819 2783 pro

1112 2775 1249 2815 υωάςξειν
1262 2774 1421 2827 ἡγούμεθα.
1452 2773 1618 2813 Sequentia
1632 2778 1731 2803 autem
1748 2772 1820 2804 ου’τω

1113 2819 1187 2849 πολυ
1201 2819 1250 2848 τοῦ
1267 2816 1386 2858 ωορίσαι
1401 2817 1509 2847 melius
1523 2817 1600 2846 sorte
1616 2816 1660 2846 sic
1676 2817 1820 2846 constitui

1113 2860 1250 2902 possint:
1273 2872 1344 2890 ουτω
1358 2861 1407 2890 τοῦ
1423 2860 1496 2890 1νιόλυ
1509 2857 1636 2900 ‘nogia-at:
1653 2860 1714 2889 etsi
1729 2860 1820 2889 etiam

1114 2905 1238 2944 vulgata
1262 2903 1355 2934 lectio
1380 2903 1500 2938 habeat,
1525 2913 1586 2941 quo
1611 2913 1643 2933 se
1669 2902 1820 2933 defendat.

1113 2948 1388 2979 Amnnsroonn’r.
1433 2947 1554 2975 Horum
1568 2944 1641 2975 nihil
1659 2945 1733 2975 mihi
1753 2945 1819 2984 qui-

1114 2991 1184 3020 dem
1200 2991 1248 3022 vir
1263 2990 1374 3021 doctus
1390 2988 1543 3028 probavit.
1587 2988 1723 3019 Primum
1740 2989 1817 3019 enim

1116 3033 1207 3073 ζητεῖν
1227 3043 1288 3064 11011
1302 3036 1350 3064 est
1363 3042 1474 3074 cogere,
1490 3032 1546 3062 sed
1559 3032 1726 3072 disceptare.
1762 3032 1820 3061 Su-
