1931 3323
321 214 404 256 408

323 314 514 355 succubuere
545 318 646 349 Graeci
662 315 837 354 {Philippm
866 308 1033 351 Sophocles

327 368 433 409 [Ajac.
450 363 587 398 Lorario,
604 372 649 391 νε.
666 360 740 391 485.
757 356 798 397 5.]

542 423 592 455 τῆς
606 416 760 458 ἀναγκαίας
772 417 866 458 τύχης

370 470 418 501 οἰκ
433 468 510 499 ’ἐστιν
522 465 594 496 οὐδὲν
609 463 704 505 μεῖζον
719 460 866 501 ἀνθςώποις
880 457 971 487 κακὲν.

328 543 377 569 est
392 542 493 567 aulem
508 531 646 572 ἀναγκαία.
660 526 930 571 τύχη,υθοεεεὶίες
946 533 1037 553 even-

328 587 415 612 tuum
435 580 485 610 vel
500 587 638 612 casuum,
661 576 774 614 quibus
800 570 954 600 hominum
975 567 1039 596 vita

329 624 464 655 obnoxia
498 626 555 652 est.
595 618 763 657 Euripides
775 614 785 621 '¹
799 612 952 654 [Helenn,
991 619 1039 638 vs.

329 667 420 707 5⁶21]
457 666 540 698 δεινῆς
577 664 699 700 ἀνάγκης
726 657 797 688 οὐδὲν
821 654 917 696 ἰσχύει
945 651 1038 683 πλέον.

332 712 424 742 Hanc
438 708 588 746 significat
605 705 721 735 Paulus
732 703 766 743 [1
790 701 860 729 Cor.
875 696 954 726 VH.
969 694 1039 734 96]

331 753 436 795 νομίζω
454 750 495 782 οἷν
511 752 595 780 τοῦτο
608 747 692 778 καλὸν
708 746 844 784 ὑπάρχειν
866 740 911 769 διὰ
927 740 974 769 τὴν
990 736 1042 766 ἐνε-

334 800 453 828 στῶσαν
477 795 608 832 ἀνάγκην,
626 792 656 821 id
682 794 739 823 est,
762 788 806 816 διὰ
825 783 858 813 τό
881 783 931 811 ’τοῦ
952 781 1043 820 καιροῦ

334 838 483 883 χαλεπόν.
500 843 531 867 ut
542 846 614 865 mox
629 845 661 864 se
676 833 779 871 ipsum
795 826 965 866 explicans,
980 824 1045 853 τοῦ·

334 897 368 915 το
383 884 411 913 δὲ
427 881 516 923 φημὶ,
530 877 643 918 ὁκαιςός
658 870 888 911 συνεσταλμένος
902 867 976 898 ἐστι’.
987 876 1045 896 non

336 928 417 957 euim
442 926 480 955 de
506 922 603 953 seculi
633 919 784 949 brevitate
814 910 1046 950 intelligenti-um

338 976 398 1005 est,
427 968 493 1003 sed,
514 972 547 996 ut
574 964 685 995 Cicero
706 960 800 995 dixit,
833 953 1048 986 “necessariis

339 1013 461 1053 reipub.
489 1003 712 1048 temporibus.’'
735 1003 841 1041 ἀνάγκη
857 1000 912 1040 γᾶς
927 997 975 1028 καὶ
997 1008 1049 1026 συ-

339 1058 441 1092 στολὴ,
461 1065 523 1085 vox
551 1058 679 1090 utraque
695 1047 864 1088 angustiam
887 1040 1049 1081 signifieat,

341 1104 376 1129 ut
387 1098 469 1139 apud
479 1096 644 1127 Horatium
656 1097 678 1110 “
691 1093 848 1121 contracta
858 1082 1051 1128 paupertas.'’

342 1143 422 1173 male
444 1141 637 1180 interpretes,
667 1135 791 1174 Tempus
814 1133 847 1161 in
870 1129 986 1160 collecto
1001 1131 1051 1162 est,

344 1191 379 1216 ut
394 1184 577 1225 Cyprianus.
624 1180 720 1211 Arist.
746 1173 899 1218 [Metaph.
914 1171 989 1212 IV.]
1006 1170 1054 1200 καῖ

344 1231 400 1270 γᾶς
416 1227 449 1259 τὸ
464 1227 559 1262 βίαιον,
576 1223 725 1262 ἀναγκαῖον
736 1219 865 1258 λέγεται.
911 1214 973 1245 Sed
990 1215 1054 1245 haec

344 1273 403 1302 ὁδοῦ
428 1272 570 1311 πάρεργον.
595 1267 705 1299 Livius
738 1264 806 1305 [lib.
826 1259 908 1300 HL]
935 1262 956 1276 ‘⁶
971 1256 1055 1294 Quin

343 1316 605 1356 congrederentur
624 1310 701 1345 acie,
727 1304 991 1341 inclinandamque
1008 1310 1057 1331 se-

345 1360 406 1389 mel
422 1360 550 1388 fortunae
567 1365 630 1384 rem
650 1350 791 1383 darent.''
812 1348 958 1379 inclinare
983 1353 1057 1379 rem,

345 1401 428 1444 κρίσιν
437 1401 532 1432 ποιεῖν.
547 1401 688 1429 Summus
702 1400 787 1425 vates
799 1392 856 1434 [Il.
871 1390 918 1421 X.
929 1390 1002 1419 173.
1015 1387 1056 1428 s.]

391 1464 433 1494 νῦν
449 1464 503 1500 γὰρ
518 1461 546 1491 δὴ
561 1459 718 1489 πάντεσσιν
730 1454 777 1486 ἐπὶ
793 1453 870 1494 ξυξοῦ
883 1450 1006 1481 ἵσταται

478 1505 575 1543 ἀκμῆς

393 1549 407 1581 ἢ
423 1549 511 1589 μάλα
525 1544 623 1585 λυγξδς
637 1542 742 1583 ὄλεθρος
755 1540 897 1581 Ἀχαιοῖς,
910 1536 938 1569 ἦὲ
956 1535 1061 1570 Biavana.

347 1619 378 1649 t’n
393 1618 454 1647 acie
465 1613 623 1648 novaculae,
639 1622 695 1651 pro
712 1621 748 1640 eo
769 1608 850 1648 quod
865 1611 913 1636 est
928 1606 957 1635 in
978 1615 1060 1635 sum-

350 1672 400 1692 mo
423 1660 494 1690 vitae
517 1656 705 1688 discrimine.
750 1653 870 1682 Hector
894 1649 994 1689 pridie
1017 1648 1060 1677 sic

352 1706 478 1735 Graecos
495 1701 655 1733 afflixerat,
668 1701 702 1727 ut
715 1694 866 1735 postridie
881 1691 967 1732 κςίσις
981 1692 1062 1720 futu-

351 1758 386 1778 ra
394 1746 469 1778 belli
485 1745 652 1774 videretur.
674 1741 750 1769 banc
761 1738 839 1767 euim
856 1735 904 1765 his
921 1734 1062 1764 versibus

352 1795 445 1832 poeta
459 1787 567 1818 innuit.
583 1785 629 1826 [p.
648 1785 719 1814 163.
734 1781 783 1811 ed.
801 1778 857 1819 D.]
876 1783 907 1809 et
928 1777 987 1807 hoc
1004 1781 1064 1811 est,

352 1834 435 1875 quod
452 1832 580 1861 Plautus
603 1828 645 1857 ait
664 1825 783 1867 [Casin.
798 1822 874 1853 Adr.
892 1822 957 1851 Ill.
971 1820 1022 1850 Sc.
1035 1820 1064 1849 Ι.

354 1889 384 1908 v.
409 1875 456 1916 2.]
492 1874 615 1903 “Nune
636 1869 789 1909 specimen
815 1864 961 1906 specitur,
985 1873 1064 1892 nunc

354 1924 507 1951 certamen
524 1912 693 1948 cernitur,''
717 1913 730 1942 ἡ
753 1907 842 1949 κςίσις
860 1905 990 1947 κξίνεται.
1009 1906 1065 1935 So-

355 1962 493 2004 phocles,
512 1956 714 2000 [Ti-achiniis,
730 1965 776 1985 VS.
793 1954 867 1984 265.
884 1950 964 1991 seq.]

399 2029 500 2068 λέγων,
513 2026 603 2069 χεροῖν
615 2025 670 2065 μὲν
685 2024 720 2057 ὡς
733 2020 840 2062 ἔφατ’
854 2019 926 2062 ’ἔχων
941 2017 1011 2052 HQ„

401 2076 455 2104 τῶν
466 2070 502 2102 ὧν
509 2070 611 2101 τέκνων
625 2066 750 2098 λείποιτο
760 2063 826 2106 πξδς
836 2063 919 2103 τόξου
929 2062 1024 2104 κρίσιν.

357 2152 436 2182 Haec
446 2151 582 2188 Eurytus
593 2144 737 2179 Herculi,
748 2144 837 2183 cujus
847 2140 966 2181 sagittae
982 2140 1069 2170 vide·

357 2196 466 2225 bantur
488 2202 558 2223 esse
579 2188 786 2221 inevitabiles.
831 2185 947 2216 Ennius
964 2187 984 2201 ‘¹
997 2185 1071 2214 Fer-

358 2249 406 2275 ro,
434 2247 492 2266 nou
514 2244 599 2269 auro,
625 2232 720 2263 vitam
740 2238 897 2260 cernamus
919 2224 1070 2266 utrique.’'

362 2281 408 2322 [p.
438 2282 489 2310 61.
529 2279 578 2308 ed.
609 2274 722 2315 Hess.]
758 2271 891 2313 ἐξήγησις
923 2269 1071 2309 sequitur,

360 2330 382 2343 “
393 2325 498 2354 Vosne
515 2321 602 2356 velit,
623 2329 660 2349 an
675 2328 723 2348 me
735 2325 864 2355 regnare
880 2313 985 2344 bera.’'
1006 2313 1073 2342 haec

363 2367 444 2398 enim
460 2370 507 2396 est
521 2363 619 2404 κρίσις.
643 2362 728 2396 bera,
744 2360 865 2389 fortuna
889 2361 937 2386 est
952 2356 1074 2386 domina

365 2420 476 2442 rerum.
523 2409 679 2438 Homerus
697 2403 832 2445 [Iliados
846 2401 892 2432 ΙῘ.
905 2398 995 2440 385.]

408 2476 534 2517 στυγερῷ
543 2472 692 2517 κρινώμεθ’
706 2471 778 2514 ἄρηϊ.

366 2553 551 2586 Theocritus
573 2550 765 2594 [Dioscuri5‚
789 2559 814 2579 s.
838 2547 935 2587 Idyll.
959 2544 1077 2576 XXII.

372 2598 462 2639 175.]

412 2660 460 2688 νῶϊ
474 2655 496 2686 δ’
510 2655 564 2693 ἐγὼ
575 2654 697 2692 Κάστωρ
713 2662 745 2682 τε
758 2647 953 2691 διακρινώμεθ’
965 2647 1037 2688 digni*-

371 2727 437 2766 ἄςης
457 2728 585 2762 utroque
605 2731 695 2751 versu
713 2717 838 2760 ferrum
860 2722 919 2752 est,
935 2721 970 2746 ut
991 2714 1081 2746 docet

372 2767 564 2800 Euslatbius.
599 2765 661 2794 Sed
676 2763 742 2792 haec
754 2762 848 2791 v'erba
862 2760 935 2799 quid
949 2757 1082 2796 valeant,

373 2811 620 2895 Zpgxfioemus.
643 2805 731 2845 Virg.
762 2803 831 2844 [lib.
861 2803 924 2833 XI.
958 2800 1030 2831 AEn.
1049 2810 1081 2833 v.

417 2918 437 2931 ¹‘
449 2914 557 2953 Ipsum
574 2908 676 2944 armis,
688 2904 965 2947 ipsumquejubent
977 2902 1083 2933 decer-

463 2966 533 2985 nere
551 2951 663 2984 ferro.'‘

377 3023 535 3054 Decernere
558 3024 605 3050 est
627 3016 769 3048 cernendi
795 3015 880 3045 {inem
911 3014 1027 3043 facere:
1053 3015 1085 3040 ut

656 202 910 248 DOUNAEI
944 193 1420 242 PRAELECTIONES
1460 198 1463 201 ’

1070 322 1186 364 deflere,
1198 321 1302 351 fletum
1314 318 1488 353 absolvere,
1504 314 1661 350 debellare,
1677 310 1787 353 dffune

1068 369 1113 407 gi.
1136 366 1224 396 mem
1238 363 1353 394 ibidem
1367 359 1534 403 [X1.59.]

1071 440 1091 453 ‘¹
1107 437 1184 465 Haec
1199 432 1250 463 ubi
1261 428 1472 467 dessevit,tolli
1487 425 1659 459 miserabile
1673 431 1785 462 corpus

1117 475 1283 517 Imperat.”

1073 552 1242 584 Horatius:
1261 551 1305 592 [Ι.
1319 550 1378 580 Od.
1398 551 1448 579 18.
1459 558 1487 577 v.
1502 548 1535 576 7.
1551 543 1594 585 s.]

1117 617 1136 631 “
1148 613 1190 642 At
1207 623 1243 641 ne
1260 610 1328 650 quis
1354 607 1466 639 modici
1493 603 1645 636 transiliat
1661 609 1788 631 munera

1166 655 1271 685 Liberi

1120 700 1292 728 Centaurea
1319 699 1422 726 monet
1447 703 1517 723 cum
1553 688 1694 730 Lapithis
1720 685 1790 715 rixa

1166 751 1260 778 super
1276 750 1360 769 mero

1123 781 1318 813 Debellata.'’

1080 844 1248 882 Interpres,
1274 842 1364 871 armis
1385 839 1560 880 dijudicata.
1581 834 1689 866 Livius
1722 831 1791 873 [lib.

1079 886 1228 927 XVIII]
1253 889 1274 903 “
1288 884 1321 914 Si
1339 885 1402 923 jam
1416 881 1490 912 satis
1506 884 1554 910 est
1570 877 1674 913 animi,
1685 877 1792 905 decer-

1083 930 1174 969 nique
1190 926 1325 969 placet.'’
1348 925 1541 967 uflvwstemw,
1558 922 1670 952 factum
1682 919 1796 948 aGrae-

1083 984 1132 1010 co,
1142 974 1221 1003 κατὰ
1236 970 1401 1012 μετάθεσιν
1415 971 1446 999 et
1455 964 1651 997 mutationem
1665 960 1792 992 vocalis.

1083 1016 1288 1046 Themistius:
1310 1014 1352 1044 νῦν
1365 1012 1392 1042 δὲ
1409 1009 1536 1050 γυναικὸς
1548 1005 1647 1048 ὡραίας
1661 1004 1708 1037 ἤδη
1724 1002 1796 1037 τινὲς

1084 1058 1297 1099 ἐπιθυμοῦντες,
1337 1054 1447 1095 αἶ’ματι
1482 1051 1527 1083 τὸν
1564 1051 1654 1091 {ewra
1683 1048 1796 1087 ἐ’κρινιιν.

1086 1105 1170 1134 Hine
1187 1102 1267 1141 apud
1292 1099 1429 1130 medicos
1444 1094 1532 1138 κρίσις
1547 1096 1603 1124 τῶν
1620 1091 1797 1132 νοσημάτων,

1087 1151 1118 1177 et
1131 1144 1228 1186 ἡμέραι
1240 1142 1373 1185 κξίσιμοι.
1407 1141 1527 1172 Natura
1540 1137 1617 1167 enim
1634 1145 1703 1165 cum
1717 1143 1797 1163 mor-

1087 1191 1128 1220 bo
1149 1188 1286 1219 dimical.
1302 1186 1355 1216 sed
1373 1183 1465 1214 certis
1489 1181 1598 1211 diebus
1615 1176 1726 1209 medici
1744 1186 1799 1205 no-

1087 1236 1170 1268 runt,
1186 1231 1254 1271 quis
1271 1228 1411 1269 superior
1426 1227 1547 1257 futurus
1569 1223 1620 1253 sit.
1663 1218 1799 1250 Tametsi

1090 1277 1225 1307 Galenus
1244 1284 1261 1303 a
1283 1270 1455 1303 forensibus
1475 1266 1603 1308 judiciis
1620 1263 1798 1296 translatum

1090 1319 1168 1354 vult,
1183 1317 1266 1357 quod
1281 1315 1355 1346 mihi
1371 1313 1496 1353 quidem
1510 1320 1569 1340 non
1587 1308 1722 1338 videtur.
1753 1305 1800 1345 [p.

1092 1365 1165 1394 164.
1183 1361 1233 1391 ed.
1249 1360 1307 1401 D.]
1333 1359 1412 1388 Nam
1431 1364 1534 1396 pugna
1547 1349 1715 1383 Cannensis
1729 1348 1805 1378 belli

1093 1405 1202 1436 Punici
1218 1402 1304 1444 κρίσιν
1326 1401 1450 1434 fecerat,
1476 1397 1502 1427 si
1524 1397 1553 1426 in
1578 1394 1677 1425 animo
1692 1391 1804 1421 fuisset

1092 1446 1237 1480 Annibali
1266 1444 1426 1476 victoriam
1445 1438 1601 1480 persequi,
1623 1435 1671 1466 vel
1698 1434 1802 1474 potius

1093 1492 1137 1523 uti
1153 1489 1294 1522 victoria.
1338 1487 1410 1517 Hoc
1425 1485 1520 1525 igitur
1543 1486 1589 1512 est
1603 1480 1636 1510 τό
1653 1475 1804 1519 κςίνειν,]ῖ-

1093 1537 1158 1566 nire
1196 1538 1343 1564 certamen
1380 1533 1412 1559 at
1440 1526 1474 1558 τὸ
1501 1521 1646 1567 κρίνεσθαι,
1683 1526 1805 1552 certare.

1095 1579 1184 1617 Virg.
1202 1575 1289 1617 [AEn.
1301 1574 1355 1605 lib.
1369 1574 1416 1604 11.
1433 1582 1462 1602 v.
1481 1568 1549 1609 30.]

1139 1649 1160 1662 “
1177 1641 1337 1674 elassibus
1359 1640 1408 1670 hic
1424 1639 1524 1672 locus,
1539 1635 1591 1666 hic
1608 1633 1689 1665 acies
1708 1636 1806 1662 certa-

1224 1696 1256 1715 re
1274 1680 1442 1714 solebant.''

1096 1756 1188 1796 Quod
1203 1754 1338 1785 Thomas
1355 1751 1475 1781 Pharus
1491 1748 1539 1779 vir
1554 1747 1663 1776 doctus
1687 1743 1731 1773 sic
1747 1744 1808 1773 An-

1099 1800 1178 1840 glice
1191 1809 1198 1828 ι
1217 1797 1312 1828 Heere
1324 1795 1402 1825 stood
1416 1792 1464 1824 the
1475 1791 1595 1830 shippes,
1607 1789 1669 1819 and
1684 1786 1765 1816 heere
1781 1793 1809 1816 to

1098 1845 1154 1873 trie
1161 1850 1233 1871 were
1242 1844 1319 1869 went
1329 1838 1378 1867 the
1388 1836 1493 1866 armies
1502 1838 1590 1864 stont.
1613 1832 1696 1862 Hinc
1708 1830 1810 1859 foren-

1101 1896 1134 1916 se
1147 1883 1300 1925 judicium
1314 1880 1461 1914 dicimus,
1476 1887 1536 1917 quo
1558 1885 1609 1905 res
1625 1874 1771 1908 cernitur,
1794 1884 1813 1902 a

1100 1928 1185 1964 trial,
1196 1924 1294 1966 uelem.
1339 1923 1399 1954 Sed
1417 1918 1625 1961 ἀντικξίνεσὲαι
1642 1917 1716 1957 quid
1733 1920 1814 1946 esset

1101 1972 1184 2012 apud
1205 1969 1370 2003 AElianum,
1390 1965 1538 1998 diximus,
1560 1961 1613 1992 ubi
1627 1960 1749 1995 scribit,
1764 1960 1812 1998 pi-

1101 2015 1149 2046 los
1164 2013 1347 2044 camelorum
1364 2007 1552 2048 quorundam
1570 2004 1700 2034 mollitie
1717 2002 1814 2032 velle-

1102 2059 1186 2089 ribus
1207 2059 1326 2086 certare
1347 2050 1496 2084 Milesiis.
1520 2049 1600 2080 Hor.
1625 2046 1688 2087 [11.
1703 2045 1767 2077 Od.
1782 2047 1814 2081 6,

1103 2103 1155 2134 15.
1172 2101 1216 2141 s.]

1146 2174 1168 2188 “
1183 2170 1209 2199 V
1212 2167 1361 2207 iridisque
1378 2166 1476 2195 certat
1490 2162 1593 2192 Bacca
1607 2155 1774 2188 Venafro.”

1105 2238 1270 2269 Matthaeus
1286 2234 1370 2275 [cap.
1385 2233 1424 2262 V.
1442 2240 1488 2262 ve.
1503 2228 1571 2269 4o.]
1586 2225 1634 2257 καὶ
1653 2225 1697 2265 τῷ
1710 2222 1821 2255 Θέλοντί

1106 2293 1150 2312 σοι
1162 2279 1294 2321 κριθῆναι,
1308 2278 1358 2319 qui
1372 2275 1437 2306 vult
1453 2279 1548 2304 tecum
1563 2269 1682 2311 judicio
1697 2273 1817 2298 conteu-

1106 2325 1184 2355 dere.
1217 2322 1316 2353 Hebr.
1343 2319 1382 2358 *1¹7
1414 2316 1521 2350 uem-³¹7
1550 2315 1583 2344 in
1612 2312 1738 2352 Niphal.
1770 2310 1818 2341 sic

1108 2367 1190 2398 enim
1202 2365 1233 2395 in
1245 2366 1301 2395 hac
1313 2361 1528 2401 conjugatione
1540 2360 1665 2388 utuntur
1679 2355 1737 2384 hoc
1752 2364 1820 2384 ver-

1108 2412 1160 2441 bo.
1205 2409 1257 2439 Sic
1273 2404 1481 2445 accipiendum
1497 2401 1576 2432 illud
1591 2399 1650 2428 fuit
1665 2397 1766 2438 [Psal.
1781 2397 1820 2427 Ι..

1110 2453 1157 2494 4.]
1174 2452 1250 2486 ὅπως
1262 2450 1294 2480 ἂν
1309 2446 1465 2487 δικαιωθῇς
1479 2444 1504 2476 ἒν
1518 2444 1577 2478 τοῖς
1591 2441 1682 2480 λόγοις
1697 2451 1759 2477 σου,
1770 2440 1820 2470 καὶ

1110 2496 1220 2537 νικήσῃς
1234 2493 1260 2525 ἒν
1271 2493 1313 2532 τῷ
1335 2487 1472 2528 κρίνεσθαί
1485 2497 1532 2524 σε,
1547 2496 1607 2517 non
1622 2488 1658 2515 ut
1670 2483 1820 2523 interpre-

1111 2538 1237 2570 tesw’wvi
1253 2537 1302 2567 τοῦ
1317 2534 1419 2575 κρίνειν,
1431 2531 1503 2572 quia
1516 2530 1563 2560 sic
1577 2528 1699 2561 videtur
1711 2536 1779 2556 esse
1790 2525 1823 2555 in

1112 2583 1261 2614 Hebraeo.
1284 2580 1337 2609 sed
1364 2585 1471 2608 sensus
1496 2579 1562 2604 est:
1599 2580 1669 2602 cum
1698 2578 1821 2600 causam

1113 2631 1195 2656 tuam
1221 2622 1308 2663 quasi
1329 2619 1411 2661 apud
1429 2617 1566 2658 judicem
1599 2613 1690 2644 dicis.
1743 2611 1822 2641 Haec

1113 2669 1194 2699 enim
1213 2665 1386 2697 humanitus
1402 2662 1441 2692 de
1457 2661 1540 2695 Deo,
1555 2663 1590 2688 ut
1604 2656 1698 2687 multa
1717 2654 1824 2684 dicun-

1113 2718 1180 2743 tur:
1203 2714 1235 2741 et
1258 2718 1326 2739 curn
1347 2705 1462 2747 populo
1485 2713 1541 2734 suo
1561 2709 1644 2740 saepe
1670 2708 1757 2737 aequa
1778 2697 1826 2727 di-

1116 2752 1306 2794 sceptatione
1328 2745 1504 2781 contendit:
1527 2749 1562 2775 ut
1579 2743 1649 2773 loco
1673 2740 1826 2775 Michaeae‚

1115 2807 1207 2838 quem
1229 2799 1302 2835 post
1324 2801 1424 2832 pauca
1448 2788 1627 2820 subdemus.
1648 2794 1717 2814 nam
1736 2787 1772 2813 ut
1790 2782 1826 2813 τδ

1116 2838 1269 2880 δικαιωθῇς
1283 2836 1331 2867 καὶ
1347 2834 1380 2865 τὸ
1405 2833 1514 2873 νικήσῃς
1534 2830 1616 2860 idem
1626 2827 1742 2862 valent,
1756 2825 1826 2868 (hic

1118 2884 1199 2915 enim
1219 2880 1292 2921 νικξίν
1313 2882 1360 2909 est
1378 2885 1497 2907 cansam
1516 2873 1643 2904 obtinere
1654 2870 1687 2900 ‘ln
1693 2870 1826 2910 judicio,

1119 2926 1201 2966 quod
1217 2925 1308 2954 etiam
1319 2921 1424 2951 dicunt
1435 2917 1506 2948 ἑλεῖν
1517 2917 1566 2947 τὴν
1581 2912 1669 2954 δίκην)
1679 2913 1725 2943 sic
1741 2911 1826 2951 paria

1120 2971 1179 2999 sint
1196 2971 1327 3006 oportet,
1353 2962 1378 2993 ἒν
1397 2962 1456 2995 τοῖς
1478 2958 1568 2997 λόγοις
1592 2969 1654 2992 σου,
1678 2956 1726 2986 καὶ
1746 2954 1772 2985 ἐν
1786 2953 1830 2993 τῷ

1121 3009 1256 3053 κρίνεσθαί
1290 3019 1335 3044 σε,
1376 3008 1407 3036 in
1436 3000 1619 3041 disceptando
1642 3005 1681 3030 te.
1705 2998 1830 3030 eandem
