1931 3322
366 206 450 247 AD
485 203 856 248 ORATIONEM
891 204 956 246 IN
988 204 1368 251 STEPHANUM
1401 209 1436 252 Ι.

218 312 312 341 1104.
326 313 358 341 4.
383 308 402 352 ᾖ
413 310 471 350 μῆν
493 309 592 350 φησιν]
610 310 732 340 correxi
748 321 816 340 meo
831 320 886 350 pe-

173 353 272 383 n'culo
288 354 311 383 εἰ
327 353 370 392 μή
385 361 471 392 φησιν
484 371 528 375 -
539 359 570 382 et
585 353 634 382 hic
651 359 681 383 et
696 364 730 392 p.
742 356 838 385 1109.
854 356 885 384 5.

173 401 205 425 et
222 399 272 425 11.
287 406 354 425 cum
371 395 509 425 Phormio
522 397 698 434 sponsionem
713 396 886 435 Apollodoro

174 438 311 478 deferret,
327 438 404 468 hanc
429 440 453 468 si
472 446 555 478 neget
579 439 779 477 Apollodorus,
801 448 885 478 quem

171 481 339 510 codicillum
354 481 490 510 Phormio
501 489 626 511 curasset
641 481 741 511 echino
758 481 885 517 includi,

172 532 238 552 enm
255 527 350 553 tenere
365 524 524 563 exemplum
541 526 704 554 testamenti
724 536 742 553 a
762 524 886 554 Pusione

171 565 284 601 relicti,
306 573 342 596 ut
364 572 427 596 tum
444 567 637 606 Apollodorus
656 568 783 605 aperiret
797 573 885 596 testa-

171 613 302 638 mentum
316 611 422 648 ipsum.
443 610 597 639 cohaereut
610 609 690 639 inter
709 620 742 639 se
761 610 885 649 πξούκα-

172 651 253 681 λεῖτο
275 656 308 682 et
331 651 451 690 ἀνοίγειν.
497 653 700 682 confirmatur
729 653 794 682 haeo
818 663 886 683 mea

172 695 348 732 conjectura
363 705 380 724 a
392 695 499 724 codice
516 697 592 725 Bav.
610 706 668 725 non
687 696 746 724 hoc
762 695 886 734 quidem

171 735 254 772 loco,
271 742 304 767 at
318 747 351 776 p.
369 740 462 768 1109.
477 740 508 768 5.
520 743 633 774 tamen,
649 739 701 768 ubi
718 738 799 768 vide.

213 796 259 802 —-
273 782 305 809 7.
319 780 489 821 παρείχετο]
512 791 570 810 non
586 781 705 810 damn0.
723 786 772 810 est
786 786 885 810 tamen

172 821 306 852 activum
328 823 358 853 in
377 824 529 862 ejusmodi
551 833 585 853 re
605 824 759 853 usitatius.
806 824 887 853 Dedi

172 866 296 906 παρεῖχε
320 866 358 896 de
379 877 459 897 meo.
483 878 513 897 v.
534 877 564 906 p.
582 867 678 897 1105.
699 869 730 897 3.
754 871 786 897 et
804 869 835 897 8.
855 871 887 896 et

173 908 259 938 alibi.

214 968 259 973 —
270 953 301 981 8.
313 948 460 992 Ἀμφίων]
473 952 510 982 In
521 952 642 981 nomine
655 952 780 991 proprio
792 952 888 982 ambi-

173 992 266 1032 gitur.
289 994 432 1034 Amphias
447 995 659 1035 appellatur-v.
677 998 728 1024 21.
745 1000 775 1025 et
793 997 887 1025 1106.

175 1038 228 1066 18.
250 1047 355 1067 rursus
379 1037 525 1077 Amphion
546 1048 579 1077 p.
596 1040 691 1068 1130.
712 1040 762 1068 12.
786 1044 818 1068 ut
836 1038 886 1068 hic

173 1078 247 1109 loci.

214 1139 260 1145 —
273 1124 324 1152 10.
339 1122 516 1164 ἀντίγραφα]
531 1133 559 1153 v.
571 1122 729 1163 ἇντίγξαφα
742 1134 759 1153 a
770 1122 887 1154 lectore

173 1164 267 1194 tacite
283 1170 330 1195 est
343 1165 524 1206 iterandum.
540 1175 595 1195 esse
609 1171 708 1195 autem
727 1167 888 1205 exemplam

173 1207 264 1243 illud,
291 1208 399 1238 echino
422 1209 585 1244 inclusum,
613 1209 774 1248 exemplum
800 1215 887 1240 testa-

173 1252 276 1281 menti.
848 1250 859 1253 '⁷

215 1310 259 1316 —
274 1296 327 1324 14.
353 1295 402 1324 τήν
416 1292 471 1333 μὲν
485 1295 574 1336 ἀρχὴν
583 1295 642 1335 -]
660 1294 782 1325 initium
799 1296 888 1325 testi-

171 1336 269 1365 monii
300 1338 480 1367 confirmare
508 1339 547 1367 de
577 1338 708 1368 veritate
734 1339 887 1377 modoque

172 1379 358 1417 sponsionis,
373 1381 461 1410 finem
478 1388 578 1410 antem
592 1382 632 1410 de
645 1381 775 1411 veritate
792 1387 887 1412 testa-

172 1422 278 1452 menti.

215 1481 259 1487 —-
274 1467 327 1495 16.
351 1468 407 1496 τῶν
419 1465 683 1507 μεμαρτυρημένων
700 1467 819 1507 ὡσπερεὶ
841 1478 887 1498 κε-

171 1507 309 1548 φάλαιον]
326 1514 525 1549 posteaquam
541 1511 716 1546 ostendero,
735 1512 887 1549 ejusmodi

172 1551 369 1590 sponsionem
388 1552 500 1581 nullam
517 1563 648 1591 uuquam
664 1553 772 1589 fuisse,
788 1564 887 1593 neque

173 1593 248 1623 mihi
265 1594 411 1630 oblatam,
427 1595 523 1625 multo
539 1596 639 1625 minus
659 1606 676 1625 e
694 1606 743 1625 me
765 1606 885 1626 recusa-

172 1641 253 1675 tam3
275 1637 308 1667 id
324 1638 405 1676 quod
422 1638 476 1667 hac
490 1638 520 1667 in
533 1649 624 1668 causa
635 1643 683 1668 est
697 1639 886 1678 primarium.

215 1696 260 1702 —-
273 1682 326 1711 22·
341 1680 376 1714 ἃς
388 1680 468 1711 αὐτοὶ
479 1681 722 1722 μεμαρτυρήκασι
738 1680 885 1724 διαθήκας]

170 1721 249 1752 illud
267 1723 442 1764 exemplum
466 1725 652 1760 testamenti,
672 1726 754 1764 quod
777 1735 849 1755 esse
870 1736 888 1755 a

171 1766 355 1796 Phormione
383 1767 492 1797 echino
514 1767 668 1797 inclusum
691 1773 724 1798 et
744 1768 784 1798 ad
807 1769 887 1798 arbi-

173 1813 254 1839 trum
268 1810 386 1839 Tisiam
402 1810 538 1847 allatum,
554 1811 624 1850 ipsi,
640 1811 815 1851 Stephanus
831 1822 888 1852 pu-

174 1855 206 1881 ta
217 1857 250 1882 et
263 1852 411 1892 Skythes‚
422 1857 586 1884 testentur.

215 1912 260 1918 —-
271 1897 324 1925 23.
339 1896 524 1937 ἀντιγςόφους
536 1894 659 1936 {uelum-a]
675 1897 742 1926 scil.
758 1899 814 1927 τῶν
828 1898 888 1928 δια-

173 1934 272 1974 annau,
289 1937 324 1973 ἃς
339 1938 352 1968 ὃ
366 1941 461 1980 warine
475 1938 558 1973 ὄντως
569 1938 744 1970 κατέλιπεν.

216 1998 259 2003 -
273 1980 350 2011 ibid.
366 1980 419 2012 εἶθ’
433 1983 447 2012 ἦ
465 1981 585 2013 διαθήκη
609 1981 797 2024 γέγραπται]
814 1994 888 2024 ergo

172 2025 387 2054 testamentum
412 2035 430 2054 a
451 2031 537 2064 patre
564 2025 707 2061 Pasioue,
731 2027 889 2056 conditum

173 2071 222 2096 est
241 2067 377 2106 aliquod,
400 2072 432 2098 et
451 2068 576 2108 quidem
599 2069 687 2104 illud,
708 2069 789 2108 quod
807 2075 890 2100 esset

172 2120 268 2149 penes
283 2110 456 2151 Amphiam.
492 2112 559 2151 Ego
575 2122 660 2147 vero,
676 2112 776 2151 inquit
791 2113 888 2152 Apol-

171 2152 310 2190 lodorus,
333 2165 413 2195 nego
435 2165 454 2184 a
475 2151 563 2193 phtre
581 2165 649 2184 meo
674 2160 888 2187 testamentum

173 2196 270 2226 ullum
283 2207 412 2236 unquam
428 2197 523 2227 fnisse
538 2198 707 2228 conditum.

216 2241 328 2271 -Ξὸ,
356 2240 434 2271 οὐδέν
459 2251 506 2270 πω
529 2239 621 2282 λέγω]
653 2242 784 2280 negabat
807 2241 888 2272 enim

173 2282 461 2321 Apollodorusjraec
477 2285 538 2314 duo
553 2283 721 2323 praecipua.
746 2289 777 2314 1.
793 2296 886 2324 spon-

172 2325 290 2355 sionem
307 2327 366 2356 sibi
381 2327 478 2357 fnisse
500 2328 592 2357 talem
617 2327 760 2358 oblatam.
785 2331 816 2359 2.
831 2339 888 2369 pa-

171 2370 252 2398 trem
268 2373 481 2400 testamentum
497 2371 671 2409 reliquisse.
750 2391 754 2398 ,

214 2413 311 2442 1105.
328 2415 359 2443 2.
383 2412 406 2442 εἰ
429 2412 484 2452 μὲν
498 2412 650 2454 'telvm—J
674 2413 751 2454 quod
773 2415 798 2444 si
820 2424 889 2455 ergo

167 2459 246 2489 tum,
262 2465 354 2494 quum
369 2460 550 2486 testarentur
569 2457 604 2486 de
619 2456 712 2497 jacta
731 2460 889 2496 sponsione,

167 2507 228 2527 non
242 2498 311 2527 item
333 2500 432 2528 testati
446 2504 537 2529 essent
553 2500 588 2528 de
597 2500 687 2540 jacto
708 2506 888 2537 testamento,

165 2545 195 2569 et
208 2542 376 2571 testamenti
391 2541 475 2571 illius
490 2543 701 2582 primigenium
723 2548 810 2584 atque
832 2556 888 2574 au-

166 2581 334 2614 thenticum
350 2586 511 2623 exemplum
526 2584 656 2615 oblatum
670 2595 727 2616 esse
741 2587 783 2616 ud
797 2589 896 2627 inspi-=

166 2626 362 2658 ciendum—.

211 2686 257 2692 --
272 2671 303 2701 5.
327 2669 544 2711 ἀκουσαμένων]
570 2672 702 2701 subaudi
719 2672 762 2702 ἂν.
778 2678 807 2702 et
822 2683 890 2703 cum

161 2711 283 2751 judices
297 2718 395 2743 tamen
410 2714 549 2743 audituri
560 2720 647 2744 essent
667 2716 788 2745 recitari
804 2721 889 2746 testa-

168 2760 312 2793 mentum,
321 2757 434 2792 vellem,
447 2767 487 2787 an
499 2757 617 2792 nollem,
630 2767 728 2797 neque
738 2758 889 2797 impedire

168 2808 303 2838 possem,
315 2799 478 2839 quominus
493 2800 539 2829 illi
555 2800 748 2830 audirent—.

212 2857 258 2864 —
272 2844 304 2872 8.
318 2841 394 2882 λόγῳ
409 2843 467 2884 -]
495 2842 527 2873 Si
542 2843 719 2874 solummodo
733 2844 824 2874 obiter
837 2854 890 2883 per

168 2883 286 2914 modum
303 2887 442 2916 sermonis
463 2887 637 2916 mentionem
657 2889 819 2917 testamenti
836 2886 890 2928 fe-

170 2926 283 2955 curent.
483 2936 485 2938 ·
545 2935 549 2938 ’

215 2985 257 2991 —
273 2971 304 2999 9.
319 2979 366 3003 τις
378 2969 492 3011 αὐτοῖς]
517 2970 578 3001 imo
595 2981 670 3002 vero
685 2983 730 3006 τις
746 2972 848 3003 αὐτῶν.
866 2974 891 3003 si

171 3011 237 3050 quis
251 3019 351 3047 eorum
373 3011 553 3045 exhibuisset·
570 3019 777 3046 testamentum
799 3015 890 3056 [mihi

1547 211 1633 254 245

921 310 1020 351 puta}

960 370 1005 375 —
1022 356 1075 383 14.
1099 354 1135 387 ὡς
1155 357 1423 400 κατασκευάζουσι]
1446 359 1478 388 id
1505 363 1564 395 est,
1587 357 1632 388 ἔτι

919 395 1183 434 κατασκευάζουσιν
1206 398 1294 428 αὗταί.
1320 402 1410 430 etiam
1434 402 1473 431 de
1493 401 1633 440 reliquis,

920 439 1001 476 quod
1026 439 1092 468 soil.
1120 450 1154 469 ea
1178 442 1322 471 versutiis
1344 445 1632 474 commachinentur.

919 481 1022 510 malim
1039 487 1137 511 tamen
1152 480 1190 513 ᾰῗν
1204 494 1334 513 naz-ran.

963 542 1005 547 —
1016 525 1090 554 ibid.
1104 524 1191 554 ταῦτ’
1206 524 1273 565 ἐνῆν]
1291 528 1414 556 correxi
1431 528 1468 556 de
1481 539 1548 558 meo
1559 529 1633 558 ταῦ-

919 568 960 596 τιὶ
987 566 1051 597 ἐνῆν.
1079 569 1125 597 sin
1151 574 1250 598 antem
1269 571 1369 598 eadem
1387 572 1447 609 ipsa
1470 574 1632 609 reperiren-

920 614 972 638 tur
986 611 1018 639 z'n
1034 615 1202 640 testamento
1223 612 1343 651 scripta,
1362 623 1424 652 quae
1445 613 1490 642 illi
1510 614 1548 643 ibi
1562 616 1633 644 scri-

917 659 969 691 pta
982 662 1038 682 esse
1050 659 1252 683 asseverarent.

962 712 1006 717 —
1022 697 1073 725 15.
1095 695 1142 725 τὸν
1167 696 1382 739 werpeno-xima]
1410 697 1479 727 scil.
1501 699 1550 729 τὴν
1573 698 1635 727 δια-

920 737 1018 768 θήκην.

962 798 1006 804 —
1021 781 1098 811 ibid.
1114 781 1198 812 αὗτέν
1212 783 1377 824 μαρτυρεῖν]
1402 782 1502 823 ipsum
1521 783 1634 819 solum,

921 833 976 853 suo
992 825 1112 854 nomine
1124 835 1240 864 suoque
1255 826 1395 865 periculo
1407 826 1571 864 jussissem
1589 831 1634 855 te-

921 867 1006 902 stari,
1021 877 1126 897 verum
1141 869 1197 897 hoc
1213 873 1244 898 et
1259 869 1426 908 genuinum
1441 879 1510 898 esse
1528 869 1636 898 Pasie-

922 908 970 938 nis
984 914 1210 940 testamentum.

964 969 1008 974 -—
1025 955 1075 983 16.
1091 952 1288 995 ἐθελήσαντος]
1305 964 1362 993 pro
1378 953 1564 984 ἐθελήσαντα.
1580 964 1634 985 no-

923 999 954 1024 to
970 996 1134 1026 schemate.
1151 999 1173 1026 si
1188 998 1303 1036 ‹plidem
1318 998 1369 1027 ille
1384 998 1429 1027 nil
1443 1004 1612 1028 recusasset.

964 1054 1007 1060 —-
1021 1041 1070 1068 18.
1088 1038 1206 1080 ἐκείνως]
1223 1040 1272 1069 illo
1286 1041 1386 1079 priore
1399 1041 1491 1070 modo.
1508 1041 1536 1070 si
1551 1051 1634 1071 nem-

921 1090 960 1119 pe
980 1081 1018 1116 is,
1041 1082 1091 1120 qui
1117 1083 1279 1112 exhiberet
1305 1088 1531 1119 testamentum,
1556 1084 1634 1113 affir-

921 1129 1018 1153 maret
1034 1130 1124 1163 atque
1140 1130 1317 1162 testaretur,
1335 1127 1366 1156 id
1384 1126 1527 1156 Pasionis
1543 1132 1636 1157 testa-

921 1171 1056 1196 mentum
1073 1178 1153 1197 esse.

964 1226 1006 1233 -
1025 1212 1075 1241 19.
1094 1209 1155 1251 Eva]
1179 1216 1228 1241 est
1243 1211 1321 1242 euim
1338 1212 1435 1242 multo
1454 1212 1574 1242 facilius
1590 1217 1635 1242 at·

921 1263 980 1291 que
1004 1254 1183 1293 expeditius
1205 1266 1273 1284 cum
1300 1266 1359 1284 uno
1384 1256 1488 1295 aliquo
1509 1265 1634 1286 causam

922 1295 1051 1335 agitare,
1065 1307 1152 1336 quam
1170 1308 1237 1327 cum
1255 1298 1371 1328 multis.

964 1356 1006 1361 ·—-
1021 1342 1075 1370 21.
1106 1339 1188 1370 ‘rate'
1216 1341 1324 1382 εἵλετο]
1358 1341 1419 1376 hoc,
1450 1341 1634 1372 contendere

921 1382 988 1411 scil.
1013 1393 1081 1412 cum
1106 1384 1224 1420 multis,
1248 1385 1410 1420 maluisset,
1432 1395 1521 1425 quam
1544 1384 1636 1420 illud,

921 1427 1109 1457 contendere
1121 1437 1189 1457 cum
1208 1428 1288 1457 uno‘!

963 1486 1007 1491 ——
1022 1471 1074 1499 24.
1091 1471 1146 1498 τῶν
1170 1469 1397 1510 πραττομένων]
1427 1470 1560 1500 cohaeret
1582 1472 1638 1500 τῶν

920 1510 1126 1551 πςαττομένων
1141 1523 1198 1543 non
1215 1524 1284 1542 cum
1301 1511 1376 1552 ὂςγῆ,
1391 1513 1446 1542 sed
1466 1523 1534 1542 cum
1554 1512 1636 1547 ὁό-οις.

919 1554 1140 1594 quibuscunque
1151 1558 1274 1596 negotiis
1286 1557 1444 1585 intervenit
1458 1557 1626 1586 iracundia.

966 1599 1063 1627 1106.
1077 1601 1107 1628 8.
1122 1598 1289 1640 πςόκλησιν]
1308 1598 1390 1628 Citat
1405 1598 1469 1628 h.1.
1479 1599 1636 1638 Harpocr-

921 1649 952 1670 v.
969 1640 1133 1680 πρόκλησις.

964 1700 1006 1705 —
1024 1687 1074 1714 10.
1097 1683 1152 1722 ἔξω
1175 1694 1236 1713 mov
1256 1686 1309 1718 τῖς
1329 1684 1442 1725 χώρας]
1459 1685 1637 1724 exemplum

922 1725 1014 1766 hujus
1030 1727 1074 1756 rei
1091 1727 1145 1756 dat
1162 1727 1231 1766 ipse
1252 1729 1478 1757 Demosthenes
1499 1729 1637 1758 oratione

922 1769 993 1798 adv.
1010 1770 1210 1799 Zenothemin
1224 1782 1255 1809 p.
1272 1773 1344 1801 887.
1363 1774 1395 1802 4.

965 1828 1008 1834 --
1024 1815 1076 1843 12.
1091 1813 1140 1842 καὶ
1156 1816 1211 1842 τῶν
1226 1814 1322 1843 ἄλλων
1337 1816 1392 1843 τῶν
1407 1812 1553 1855 τοιούτων]
1570 1813 1638 1844 scil.

921 1853 976 1884 ὅσα
991 1857 1034 1895 μὴ
1050 1856 1161 1885 δυνατόν
1172 1855 1237 1886 ἐστι
1252 1856 1318 1896 πρὸς
1334 1858 1411 1897 ὑμᾶς
1426 1857 1555 1895 ἀγαγεῖν,
1572 1868 1639 1897 προ·

921 1898 1037 1933 κλήσεις
1049 1898 1204 1939 εὑρέθησαν.
1221 1910 1249 1929 e.
1267 1910 1298 1929 V.
1315 1903 1344 1930 8.

965 1959 1008 1963 —
1023 1944 1076 1972 23.
1097 1941 1146 1971 ἐπὶ
1162 1942 1267 1971 τούτων
1281 1942 1340 1983 εἴα]
1358 1942 1481 1971 correxi
1499 1952 1567 1972 meo
1585 1944 1639 1981 ju·

923 1983 1006 2013 dicio
1021 1983 1068 2014 ἐπὶ
1086 1986 1184 2014 τοῦτον
1197 1983 1247 2026 ᾖα..
1269 1987 1302 2015 in
1315 1995 1382 2015 enm
1396 1986 1486 2020 issem,
1502 1986 1531 2014 h.
1546 1997 1574 2015 e.
1587 1995 1637 2015 me

922 2027 1153 2063 convertissem,
1164 2039 1232 2058 cum
1246 2038 1282 2057 eo
1293 2028 1532 2067 coepissemjure
1542 2039 1639 2067 expe-

922 2070 985 2099 riri.
999 2067 1036 2111 ᾖα
1053 2077 1098 2101 est
1112 2072 1207 2109 prima
1223 2081 1355 2110 persona
1371 2071 1500 2109 perfecti
1512 2071 1605 2101 medii
1620 2082 1637 2101 a

924 2124 955 2142 v.
982 2113 1060 2143 ἱέναι.
1104 2114 1194 2143 Wolf
1216 2115 1297 2143 idem
1325 2114 1458 2153 conjecit
1487 2115 1517 2143 in
1542 2114 1639 2149 notis,

922 2166 1101 2195 quamquam
1115 2157 1145 2187 in
1159 2157 1265 2187 Latina
1280 2156 1534 2196 interpretatione
1553 2157 1638 2187 aliud

923 2200 1090 2238 expressit.

964 2259 1008 2266 —
1026 2244 1082 2273 ult.
1107 2244 1129 2273 οἱ
1150 2242 1178 2273 δὲ
1199 2243 1236 2284 τῇ
1251 2243 1421 2284 προκλήσει]
1449 2243 1563 2273 frustra
1586 2242 1636 2272 hio

920 2285 1040 2315 laborat
1066 2287 1242 2316 Lambinus.
1263 2286 1335 2316 nihil
1361 2287 1427 2316 h.1.
1447 2290 1639 2325 corruptum,

921 2333 979 2364 est,
1008 2329 1200 2359 solummodo
1227 2330 1475 2359 translocaudum
1506 2339 1637 2365 comma,

920 2377 957 2402 ut
970 2372 1084 2402 factum
1104 2377 1152 2402 est
1172 2373 1202 2402 in
1224 2374 1274 2403 ed.
1294 2372 1411 2403 Wolfii.
1434 2373 1637 2411 provocatione

920 2416 967 2445 usi
980 2425 1036 2454 pro
1045 2420 1202 2454 praeteatn.

966 2460 1062 2488 1107.
1079 2461 1108 2489 3.
1132 2459 1182 2487 τοῦ
1198 2456 1282 2496 λόγου
1296 2457 1411 2500 τυχεῖν]
1426 2459 1476 2488 τοῦ
1492 2458 1638 2494 cohaeret,

921 2511 981 2530 nou
997 2511 1066 2532 cum
1083 2501 1177 2539 λόγου,
1190 2502 1245 2531 sed
1261 2512 1330 2531 cum
1346 2503 1456 2543 τυχεῖν.

965 2562 1008 2567 ——
1018 2548 1049 2575 4.
1066 2542 1138 2574 οὗτοι
1154 2543 1182 2574 δὲ
1193 2545 1363 2586 φωραθεῖεν]
1377 2555 1483 2584 margo
1495 2545 1547 2574 dat
1563 2541 1637 2574 οὗτοι

922 2585 951 2616 δὲ
976 2588 1006 2617 οὗ
1028 2587 1194 2628 φωραθεῖεν.
1219 2588 1423 2627 probabiliter
1447 2588 1485 2617 ad
1510 2588 1638 2627 primam

922 2630 1045 2669 quidem
1069 2631 1216 2670 speciem,
1239 2636 1270 2661 et
1293 2632 1454 2671 probarem
1479 2631 1558 2669 ipse,
1577 2630 1637 2660 nisi

921 2672 1117 2713 insequentia
1137 2674 1375 2704 intercederent.
1420 2674 1482 2704 Sed
1498 2674 1563 2704 haec
1579 2683 1636 2702 non

923 2717 1100 2755 patiuntur:
1117 2715 1210 2747 καίτοι
1221 2717 1255 2747 τό
1265 2716 1294 2755 γ’
1302 2716 1417 2747 ἐναντίον
1428 2716 1510 2756 ᾤοντο
1527 2715 1638 2750 τούτου,

923 2759 992 2789 scil.
1016 2758 1192 2798 γενήσεσθαι.
1214 2761 1262 2790 illi
1283 2762 1381 2791 testati
1401 2766 1470 2789 sunt
1493 2760 1528 2788 de
1552 2764 1638 2787 testu-

924 2808 1028 2838 mento,
1051 2821 1093 2826 —
1114 2814 1170 2843 quo
1185 2801 1310 2844 falsitas
1333 2803 1488 2833 testimonii
1511 2801 1545 2829 ab
1573 2802 1638 2839 ipsis

921 2845 1062 2884 perhibiti
1076 2847 1273 2888 detegeretur,
1289 2848 1402 2876 tametsi
1421 2844 1571 2885 futurum
1592 2844 1640 2874 illi

923 2889 1091 2926 sperabant,
1105 2895 1140 2919 ut
1157 2890 1270 2919 lateret.
1292 2889 1410 2918 fatebor
1427 2888 1540 2925 itaque.
1558 2885 1638 2915 hunc

923 2931 1024 2961 locum
1051 2932 1125 2962 mihi
1147 2932 1265 2961 invium
1287 2941 1365 2961 esse.
1388 2930 1509 2959 videtur
1532 2928 1637 2967 utique

923 2975 1075 3013 particula
1089 2974 1221 3005 infitiuns
1235 2974 1283 3003 hie
1301 2983 1370 3002 esse
1387 2970 1572 3006 massaria,
1582 2972 1636 3002 sed

925 3018 1021 3049 verbu
1039 3015 1132 3048 nai-roc
1147 3016 1180 3047 τό
1199 3015 1227 3053 γ’
1242 3015 1358 3046 ἐναντίον
1376 3014 1459 3055 ᾆοντο
1475 3013 1577 3046 τούτου
1596 3025 1639 3045 ex
