1931 3322
632 222 1117 264 ANNOTATIONES.

147 333 250 365 lentiae
272 343 289 362 a
312 329 485 369 semetipsis
507 329 713 359 condemnari.
758 328 851 364 Quod

151 377 176 406 si
194 375 268 406 mihi
288 384 345 405 non
361 375 500 407 creduut,
516 372 709 403 sciscitentur
725 372 851 402 doctos:

151 424 203 449 aut
225 418 284 457 ipsi
300 418 402 455 legant
426 416 501 445 alias
522 415 802 454 interpretationes,
823 417 854 443 et

150 462 324 492 conferant:
344 464 433 498 atque
456 459 629 498 intelligere
649 458 779 494 discant,
794 468 852 487 non

149 511 210 534 tam
234 504 348 534 referre
370 503 441 542 quid
467 502 596 542 quisque
618 502 747 540 primus,
764 511 852 540 quam

149 547 224 584 quid
244 546 358 586 optime
377 546 493 575 fecerit.
537 546 639 584 Atque
655 546 685 574 in
705 554 741 573 ea
760 543 853 573 colla-

148 590 244 625 tione,
268 590 294 619 si
317 599 365 618 me
386 589 478 618 ullam
501 586 788 617 circumductionem
815 585 852 615 ab

147 633 218 662 aliis
229 643 298 663 esse
307 636 473 662 mutuatum
485 630 722 670 deprehendent,
736 630 762 659 si
777 629 852 660 alios

146 675 268 706 fidelius
297 679 328 705 et
353 674 518 704 dilucidius
541 674 756 713 interpretatos
785 682 853 702 esse

147 719 333 758 intelligent,
349 727 408 746 non
426 727 548 752 recuso,
564 727 624 756 quo
640 717 738 746 minus
753 720 784 745 et
799 716 851 745 ali-

148 772 221 792 enas
241 760 468 791 lucubrationes
489 760 671 799 compilasse
695 765 726 789 et
747 769 852 799 super-

148 815 314 836 vacaneum
338 804 470 843 coepisse
493 803 628 833 laborem
656 803 749 832 dicar.
795 802 850 832 Sin

147 858 245 888 prava
258 847 353 877 multa
371 846 505 883 correxi,
521 847 615 877 multa
632 847 762 876 obscura
780 845 851 875 illu-

148 891 254 927 stravi,
265 901 282 920 a
291 891 441 921 sententia
454 900 490 919 ne
505 890 596 929 longe
606 891 793 925 recederem,
805 899 849 919 se-

147 934 222 964 dulo
235 934 318 968 cavi,
334 939 365 964 et
384 943 451 972 quae
468 933 534 962 loca
549 933 623 962 mihi
639 943 696 962 non
714 933 789 962 satis
805 943 851 962 es-

148 985 216 1007 sent
225 977 394 1018 explorata,
405 977 552 1006 lectorem
566 976 632 1015 ipse
643 976 760 1005 monui:
778 975 851 1015 quid

147 1021 259 1051 habent
275 1020 329 1050 isti
348 1030 403 1050 cur
417 1020 455 1049 de
471 1030 538 1048 mea
554 1018 780 1048 existimatione
801 1018 853 1049 de·

146 1065 278 1100 trahant,
292 1073 451 1102 meumque
473 1063 609 1092 laborem
631 1061 851 1100 aspernentur?

146 1107 275 1137 Illorum
297 1107 419 1146 quidem
443 1105 695 1145 reprehensiones
719 1105 852 1144 aequiore

146 1151 259 1180 ferrem
279 1150 391 1185 auimo,
408 1150 458 1188 qui
481 1159 576 1188 genus
598 1148 745 1178 orationis
765 1158 853 1178 orna·

147 1194 220 1230 tius,
243 1198 274 1223 et
303 1193 339 1223 ad
363 1191 563 1223 imitationem
590 1197 727 1222 veterum
753 1192 852 1232 magis

145 1237 312 1272 elimatum,
327 1247 344 1266 a
359 1246 406 1266 me
421 1235 620 1275 postularent.
664 1235 725 1265 Sed
741 1234 798 1264 hac
814 1236 853 1266 de

145 1291 177 1311 re
190 1280 260 1320 quia
274 1290 330 1310 suo
342 1279 411 1309 loco
426 1279 476 1319 egi
489 1278 651 1318 prolixius,
664 1288 743 1308 nunc
758 1278 854 1318 pluria

147 1324 204 1354 bus
215 1334 273 1354 non
284 1328 332 1353 est
345 1333 434 1362 opus.
464 1323 500 1352 In
518 1323 723 1352 Demosthene
738 1328 852 1359 autem,

145 1378 163 1398 a
182 1367 362 1407 turpissimo
383 1366 454 1396 furti
478 1365 602 1396 crimine
625 1370 654 1395 et
679 1366 853 1405 suspicione

147 1410 247 1452 (quod
263 1420 322 1450 ego
340 1420 378 1439 ex
395 1409 494 1441 animo
511 1410 659 1445 detestor,
676 1414 707 1438 et
728 1409 851 1448 ignotus

147 1454 288 1485 omnibus
302 1463 371 1484 esse
385 1453 517 1489 mallem,
533 1463 623 1492 quam
639 1456 690 1482 aut
706 1463 853 1492 superva-

146 1507 242 1528 caneo
260 1497 366 1526 labore
383 1497 513 1536 perdere
529 1500 659 1534 tempus,
674 1500 726 1525 aut
746 1496 852 1526 alienae

149 1540 256 1580 gloriae
284 1540 393 1571 falsam
431 1539 517 1580 quasi
549 1540 757 1569 haereditatem
785 1551 852 1570 cer-

147 1583 236 1623 nere)
259 1593 329 1613 cum
347 1594 396 1613 res
418 1584 484 1623 ipsa
504 1593 563 1619 me,
580 1588 644 1613 tum
663 1583 739 1612 illud
761 1584 852 1613 etiam

148 1627 296 1663 vindicat,
311 1627 393 1666 quod
406 1626 464 1656 etsi
478 1627 629 1656 nonnullae
645 1627 799 1656 orationes
815 1627 853 1657 ab

147 1670 217 1700 aliis
233 1680 388 1701 conversae
403 1675 484 1706 sunt,
500 1680 605 1709 eaeque
623 1680 741 1708 paucae,
763 1680 853 1700 nemo

146 1718 246 1744 tamen
262 1713 363 1755 (quod
378 1724 436 1752 ego
451 1712 574 1753 quidem
595 1723 782 1752 cognoscere
797 1724 853 1753 po-

147 1756 274 1798 tuerim)
299 1758 360 1796 jain
391 1757 438 1786 bis
467 1756 552 1786 mille
581 1767 726 1786 annorum
754 1757 853 1797 spatio

149 1800 387 1830 Demosthenem
405 1804 501 1830 totum
513 1799 774 1839 interpretandum
787 1811 852 1830 sus-

149 1843 244 1882 cepit,
260 1843 328 1872 aliis
343 1843 396 1872 alii
415 1844 508 1872 rebus
523 1843 663 1873 deterriti
677 1854 684 1871 ε
710 1843 854 1882 opinione

149 1885 350 1922 difficultatis,
365 1889 397 1915 ut
416 1884 490 1915 mihi
505 1886 690 1924 persuadeo,
706 1886 855 1925 plerique.

151 1928 220 1967 Ego
235 1939 320 1964 vero,
341 1928 398 1958 etsi
420 1928 533 1958 alicubi
557 1929 790 1964 dubitationem,
809 1929 856 1969 ig-

149 1971 336 2001 norationem
364 1981 574 2009 nonuunquam
601 1982 697 2001 meam
726 1972 855 2011 ingenue

151 2014 308 2050 confiteor,
341 2019 372 2044 et
399 2024 545 2054 nusquam
574 2014 604 2044 id
647 2015 727 2045 scire
757 2016 855 2046 videri

149 2058 233 2093 volo,
256 2058 337 2097 quod
359 2057 466 2097 ignoro
489 2057 568 2099 (quo
591 2057 678 2093 vitio,
696 2063 727 2088 et
749 2069 804 2089 suo
826 2065 857 2090 et

150 2100 277 2131 aliorum
293 2101 386 2137 malo,
397 2111 456 2131 nou
471 2101 563 2140 pauci
577 2100 743 2142 laborant),
760 2102 789 2132 in
800 2113 855 2142 spe

148 2148 249 2175 tamen
273 2143 390 2183 optima
414 2155 492 2181 sum,
519 2155 623 2184 aequos
651 2146 782 2175 lectores
806 2147 854 2187 (in

149 2191 233 2217 tanto
242 2187 413 2226 praesertim
424 2187 544 2229 Opere)
557 2188 672 2218 veniam
685 2194 716 2218 et
726 2190 855 2220 fortunae

148 2241 224 2262 meae
245 2230 351 2272 (quam
367 2241 437 2261 cum
450 2231 618 2261 Isocratem
632 2232 766 2268 ederem,
780 2233 854 2263 satis

148 2274 320 2314 deploravi,
336 2278 366 2304 et
383 2275 493 2304 frustra
507 2275 641 2313 quidem.
694 2277 730 2305 ln
746 2277 854 2306 eodem

148 2318 228 2347 enim
253 2318 351 2348 adhuc
373 2317 438 2347 luto
457 2318 617 2354 haeremus,
640 2318 720 2349 idem
745 2329 855 2350 saxum

150 2360 314 2392 etiamnum
338 2360 513 2402 versamus)
535 2366 567 2392 et
589 2362 855 2402 occupationibus,

148 2407 180 2434 et
190 2403 303 2444 ingenii
314 2404 454 2435 tenuitati
469 2405 605 2436 daturos.
635 2407 685 2436 Ita
696 2407 773 2437 euim
787 2417 854 2437 sum

149 2453 285 2486 paratus,
303 2451 338 2477 ut
360 2452 391 2478 et
406 2448 546 2484 candide,
561 2459 628 2487 quae
648 2449 724 2486 scio,
740 2451 854 2480 docere

151 2491 309 2530 studeam;
331 2494 364 2521 et
386 2502 453 2530 quae
480 2491 587 2531 ignoro
610 2490 696 2533 (quae
722 2493 856 2533 plurima

149 2544 219 2565 esse
241 2534 323 2565 haud
344 2533 441 2576 nego)
465 2536 638 2566 verecunde
661 2537 699 2566 ab
719 2536 799 2574 aliis,
823 2542 855 2568 et

1515 222 1596 262 343

887 327 987 357 animo
1012 337 1071 356 non
1095 328 1192 357 solum
1218 328 1406 367 aequissimo,
1426 330 1481 361 sed
1503 329 1594 359 etiam

887 369 1062 409 gratissimo
1074 370 1194 400 discere
1210 372 1343 409 cupiam.
1375 372 1485 411 Neque
1500 372 1595 402 sacul-

886 418 979 443 tatem
995 413 1168 451 ademptam
1189 414 1261 442 mihi
1276 415 1345 444 volo
1360 425 1439 449 eam,
1456 425 1515 454 qua
1529 416 1595 454 ple-

887 456 975 495 rique
992 461 1055 485 tum
1079 461 1228 491 veterum,
1245 461 1308 486 tum
1329 459 1495 488 recentium
1520 459 1595 488 scri-

889 505 1005 538 ptorum
1021 498 1070 528 usi
1087 504 1166 533 sunt,
1183 504 1272 537 atque
1289 505 1424 537 utuntur,
1440 506 1473 530 ut
1493 512 1594 531 meum

886 542 945 572 hoc
970 543 1055 582 Opus
1077 552 1129 582 per
1149 541 1242 572 otium
1260 543 1422 581 aliquando
1443 549 1593 580 retexam,

887 590 919 614 et
948 585 1128 621 accuratius,
1163 584 1311 620 ornatius,
1342 591 1432 624 atque
1471 588 1594 617 uberius

887 628 987 658 omnia
1003 633 1199 668 pertractem.
1243 628 1319 657 Cum
1343 629 1422 657 enim
1442 629 1594 666 Solonem,

887 672 984 702 virum
1011 671 1282 711 sapientissimum,
1302 672 1437 710 profiteri
1460 682 1519 702 non
1537 683 1593 712 pu-

887 716 999 750 duerit,
1016 726 1048 744 se
1074 715 1223 744 discendo
1247 725 1368 753 semper
1388 715 1485 744 multa
1508 726 1594 746 sene-

888 769 991 788 scere:
1018 768 1072 787 cur
1087 768 1156 796 ego,
1172 759 1196 787 si
1218 758 1337 797 longior
1355 762 1440 793 aetas,
1460 763 1511 788 aut
1532 769 1595 788 ma-

882 803 934 840 jor
954 802 1155 831 commoditas
1179 802 1360 836 studiorum,
1385 805 1414 830 et
1436 803 1595 831 doctorum

887 845 1090 881 consuetudo,
1106 845 1259 884 aliquanto
1275 845 1344 884 plus
1361 844 1508 874 doctrinae
1521 845 1596 874 mibi

888 889 1062 924 contulerit,
1086 888 1220 918 dubitem
1244 888 1278 917 id
1302 898 1424 927 quoque
1446 888 1595 918 studiosis

888 931 1059 970 impertiri?
1083 932 1146 962 Cur
1171 930 1313 966 studiosi,
1333 931 1414 970 qnod
1437 941 1517 960 nunc
1538 941 1595 971 pro

888 979 1024 1014 tempore
1042 975 1185 1014 praestiti,
1207 974 1265 1004 etsi
1285 974 1385 1004 minus
1404 974 1543 1004 absolute
1566 979 1597 1004 et

887 1024 992 1047 ornate
1004 1028 1092 1057 qnam
1109 1018 1231 1054 vellem,
1245 1022 1274 1047 et
1289 1018 1432 1053 decebat,
1443 1017 1475 1047 id
1491 1027 1596 1057 asper-

887 1066 1006 1097 nentur,
1023 1071 1058 1090 ac
1080 1071 1138 1090 non
1157 1061 1260 1100 potius
1282 1061 1355 1090 boni
1374 1061 1545 1098 consulant,
1562 1071 1595 1091 se

888 1104 1003 1143 aliquid
1021 1115 1037 1133 a
1051 1104 1140 1134 nobis
1154 1104 1268 1134 habere
1285 1104 1365 1143 quod
1383 1104 1494 1143 prosit,
1506 1115 1596 1143 qnam

888 1148 912 1177 si
923 1148 1037 1177 nullum
1048 1157 1174 1187 prorsus
1184 1158 1222 1177 ex
1239 1147 1351 1177 nostris
1364 1147 1521 1177 laboribus
1533 1148 1599 1178 fru-

887 1195 969 1220 ctum
995 1189 1182 1231 coepissent?
1227 1191 1264 1220 Id
1286 1191 1368 1230 quod
1385 1200 1466 1229 saepe
1482 1191 1598 1222 accidit

889 1234 1036 1265 eruditis:
1063 1234 1114 1273 qui
1130 1234 1201 1263 dum
1218 1233 1291 1263 nihil
1310 1233 1368 1263 nisi
1384 1234 1525 1265 omnibus
1542 1246 1599 1265 nu·

890 1278 983 1308 meris
998 1278 1171 1308 absolutum
1184 1277 1214 1306 in
1223 1277 1380 1316 publicum
1394 1277 1534 1308 emittere
1544 1288 1600 1308 vo·

890 1321 967 1358 lunt,
988 1327 1040 1351 ant
1054 1326 1152 1351 morte
1167 1321 1333 1360 intercepti
1349 1320 1398 1361 (id
1416 1322 1496 1359 quod
1513 1322 1599 1361 Opo-

890 1364 976 1395 rinus
994 1376 1076 1404 saepe
1087 1365 1161 1394 mihi
1177 1363 1340 1405 occinuit),
1357 1369 1409 1394 aut
1421 1364 1489 1394 aliis
1505 1375 1599 1404 nego-

892 1408 944 1438 tiis
957 1409 1110 1448 impediti,
1127 1408 1200 1438 nihil
1219 1407 1339 1437 omniuo
1356 1407 1508 1437 emittunt.
1536 1410 1598 1438 De-

889 1452 980 1492 nique
996 1463 1063 1482 cum
1080 1451 1155 1481 nihil
1171 1452 1199 1482 in
1215 1451 1458 1482 rebus-humanis
1474 1451 1513 1481 sit
1528 1462 1599 1491 per-

888 1496 1015 1532 sectum,
1032 1500 1063 1525 et
1078 1505 1166 1525 nemo
1181 1495 1241 1524 nisi
1253 1495 1342 1533 plane
1358 1494 1532 1533 impudens,
1548 1495 1599 1525 vel

889 1539 1047 1580 Epistolas
1059 1539 1224 1568 familiares
1240 1538 1307 1568 Cic.
1324 1548 1356 1567 se
1372 1538 1493 1576 penitus
1509 1538 1602 1568 intel-

888 1583 986 1622 ligere
1010 1582 1147 1622 profiteri
1172 1582 1300 1611 audeat:
1324 1581 1443 1611 veniam
1467 1582 1596 1611 dandam

888 1637 957 1656 esse
973 1636 1085 1656 censeo
1098 1625 1211 1655 nostris
1225 1635 1346 1665 quoque
1359 1624 1482 1664 scriptis
1498 1626 1598 1655 minus

888 1669 1048 1710 expolitis,
1071 1679 1168 1707 neque
1185 1667 1408 1703 incesseudam,
1427 1667 1455 1697 si
1471 1679 1530 1707 qua
1544 1679 1599 1698 nos

887 1714 1030 1753 sugerunt
1051 1712 1081 1742 iu
1104 1712 1323 1746 Demosthene,
1339 1715 1463 1741 auctore
1483 1712 1599 1751 gravis·

889 1757 966 1786 simo
995 1761 1027 1786 et
1054 1755 1245 1791 difficillimo,
1261 1754 1432 1791 inscitiam3
1463 1756 1517 1784 sed
1548 1755 1599 1785 vel

889 1800 961 1830 boni
974 1799 1203 1835 consulendam,
1216 1798 1265 1828 vel
1282 1798 1511 1828 emendandam.
1526 1799 1599 1829 Hoc

888 1844 967 1873 enim
989 1843 1137 1882 polliceor
1158 1841 1309 1877 omnibns,
1328 1841 1381 1880 qui
1404 1841 1525 1880 privato
1544 1841 1599 1872 ali-

889 1897 950 1925 quo
970 1887 1100 1926 scripto,
1117 1890 1148 1915 ct
1166 1884 1232 1914 sine
1248 1884 1385 1914 convitio
1406 1889 1498 1923 atque
1519 1895 1602 1915 acer-

889 1930 998 1965 bitate,
1014 1940 1062 1959 me
1079 1930 1118 1959 de
1130 1928 1241 1958 erratis
1256 1927 1410 1966 aliquibus
1426 1932 1478 1957 aut
1491 1938 1600 1967 parum

889 1973 1045 2012 exquisito
1072 1981 1182 2011 genere
1208 1969 1352 2000 dictionis
1376 1970 1602 2008 admonuerint,

888 2021 940 2046 aut
955 2027 991 2046 ea
1010 2016 1085 2045 mihi
1108 2013 1294 2054 explicarint
1308 2024 1376 2053 quae
1396 2013 1523 2052 ignoro:
1546 2025 1600 2045 eos

889 2070 937 2089 me
951 2070 1068 2089 summo
1081 2057 1230 2089 beneficio
1246 2057 1422 2086 devinctum
1440 2057 1499 2087 sibi
1515 2058 1601 2087 habi-

889 2107 986 2133 turos.
1031 2104 1109 2141 Quae
1128 2106 1227 2131 autem
1251 2099 1290 2130 iis
1315 2110 1332 2129 a
1352 2110 1400 2130 me
1425 2101 1523 2139 gratia
1546 2102 1601 2131 de-

889 2147 1007 2182 beatur,
1023 2147 1074 2186 qui
1092 2155 1138 2175 me
1155 2145 1204 2175 vel
1221 2154 1277 2183 pro
1292 2148 1438 2183 suggesto
1454 2149 1506 2174 aut
1523 2145 1602 2175 bene

889 2190 927 2220 de
944 2200 977 2220 se
990 2190 1142 2224 meritum,
1154 2192 1206 2218 aut
1222 2187 1330 2217 saltem
1347 2197 1402 2226 per
1417 2187 1599 2218 calumniam

888 2233 1100 2272 proscindunt,
1132 2232 1180 2261 vel
1216 2230 1332 2270 scripta
1366 2240 1420 2260 sua
1445 2231 1599 2261 Wolfiani

889 2277 1020 2307 nominis
1045 2274 1263 2315 suggillatione
1293 2278 1455 2309 exornant,
1489 2273 1515 2304 ἓν
1543 2273 1600 2313 μὲν

889 2319 902 2351 ἢ
925 2320 969 2350 δύο
988 2319 1002 2352 ἢ
1023 2320 1071 2350 καὶ
1091 2316 1155 2359 τρία
1170 2316 1378 2357 ἐλαττώματα,
1397 2316 1523 2356 λυγκὲως
1539 2317 1600 2357 ὀξυ-

888 2363 1054 2405 &pstor-egos
1084 2361 1255 2398 κατιδόντες,
1284 2359 1372 2401 μυρία.
1403 2359 1431 2390 δὲ
1461 2360 1600 2402 κατορθώ-

887 2420 977 2447 ματα.
997 2407 1133 2447 Τειρεσίου
1152 2403 1317 2445 τυφλότεροι
1334 2403 1503 2445 παριδόντες,
1517 2405 1602 2444 judi·

888 2456 958 2481 cent
980 2451 1044 2487 alii,
1060 2461 1114 2480 nec
1133 2449 1192 2487 ipsi
1216 2448 1378 2485 mirentur,
1395 2447 1422 2478 εἴ
1440 2457 1511 2478 ποτε
1532 2447 1601 2491 ἔργα

888 2492 1047 2525 παλίντιτα
1062 2491 1140 2529 αὖθις
1154 2490 1286 2523 ἕλωνται.
