1931 3322
623 207 1111 251 ANNOTATIONES.

150 311 257 342 audita
270 320 302 341 re
315 311 475 350 accipiatis,
489 310 627 341 auditum
641 311 811 351 sequamini.

195 354 324 384 —ibich
348 352 515 387 ἀκούσαντες
537 353 670 394 λάβοιτε]
692 353 788 392 Quasi
809 353 856 384 di-

152 400 222 426 cat:
239 396 350 427 Nullus
365 403 415 426 est
428 397 571 426 audiendi
581 397 675 434 labor,
687 407 777 436 quum
795 407 857 427 ma-

154 449 213 479 gna
227 449 296 469 esse
311 439 409 478 possit
425 440 552 469 utilitas.

193 498 236 504 —-
249 481 327 512 ibid.
349 483 400 516 τῆς
413 482 554 523 ὑμετέρας
568 482 674 524 τύχης]
696 482 857 512 Fortunati

150 527 223 554 sunt
246 525 460 562 Athenienses,
482 536 555 565 ergo
578 536 676 565 neque
701 525 857 563 supplices

151 567 305 604 deserere,
320 578 418 607 neque
436 569 552 599 hostem
573 574 720 603 metuere,
736 574 767 597 et
789 578 857 597 cum

151 619 207 649 spe
223 611 338 649 optima
352 621 420 641 esse
430 612 552 641 debent.
594 612 645 641 Sic
658 611 767 641 miscet
783 611 857 640 affe-

151 657 221 683 ctus
235 653 316 684 inter
331 664 364 684 se
379 655 556 689 contrarios,
571 654 669 694 injicit
687 653 858 684 solicitudi-

148 705 230 731 nem,
245 701 277 726 et
292 701 398 735 postea
411 697 596 727 consolatur.

193 738 329 769 —ibid.
356 741 407 774 τῆς
433 738 574 780 ὑμετέρας
597 738 704 780 τύχης]
730 739 858 769 Scilicet

150 779 226 821 ἔργον
239 780 254 813 ἢ
269 781 326 816 ἔθος
339 781 420 819 εῖναι,
435 783 468 812 id
481 787 538 818 est,
552 785 601 814 τήν
616 781 754 822 ὑμετέραν
767 782 859 824 τύχην

150 824 217 855 εἶναι
239 825 378 862 τοιαύτην,
401 826 480 866 ὑμᾶς
502 822 589 860 οὕτως
607 826 748 867 εὐτυχεῖν.
794 827 859 856 De-

150 868 328 898 mosthenes
350 880 434 909 saepe
459 873 600 905 testatur,
619 869 650 899 iu
671 869 858 908 Philippicis

149 912 335 951 praesertim,
351 918 382 943 et
402 912 539 943 oratione
559 913 598 943 de
615 913 748 949 Corona,
763 913 859 942 furtu,

150 960 239 985 natos
256 965 325 985 esse
339 955 561 986 Athenienses:
584 955 751 994 multisque
766 954 796 985 in
812 956 857 985 lo-

150 998 197 1028 cis
224 1008 330 1029 eornm
357 1003 389 1029 et
413 999 566 1038 ignaviam
593 1004 625 1029 et
655 998 856 1028 temeritatem

150 1041 233 1071 haud
248 1042 376 1072 obscure
389 1041 597 1081 reprehendit.
614 1043 628 1073 ἦ
645 1044 699 1072 τῶν
712 1040 858 1072 Ἀθηναίων

151 1083 306 1117 δυσ-Βουλία
328 1085 398 1115 olim
414 1084 578 1124 proverbio
603 1085 768 1124 exagitata,
785 1095 857 1114 con-

150 1131 258 1167 traque
274 1128 289 1158 ἧ
311 1126 443 1169 εὗτυχία,
467 1129 620 1158 celebrata
643 1129 711 1163 fuit,
738 1132 856 1158 noctuae

149 1171 299 1201 Palladiae
315 1171 473 1201 beneficio.
520 1172 626 1201 Potuit
640 1171 735 1209 igitur
754 1177 785 1200 et
803 1171 858 1201 illa

149 1213 328 1253 respublica
356 1214 478 1245 dicere:
510 1213 590 1244 θέλω
622 1214 714 1255 τύχης
741 1220 858 1244 σταλα-

148 1255 231 1297 nativ,
250 1257 265 1288 ἢ
281 1256 364 1287 πίθον
379 1260 486 1298 ege-ufir,
498 1255 528 1292 ἧς
541 1260 583 1298 μη
603 1258 742 1299 παρούσης
753 1257 858 1288 δυσ-τυ-

112 1308 114 1311 ’
147 1301 248 1343 χοῦσιν
261 1301 291 1330 αἱ
307 1299 407 1341 φρένες.

191 1361 235 1367 —-
251 1346 282 1374 2.
303 1341 514 1386 ὑπολαμὲίινω]
538 1345 656 1374 Iterum
677 1343 758 1385 fugit
780 1343 858 1374 affir-

149 1387 254 1418 mandi
267 1387 480 1417 temeritatem.

192 1447 236 1453 —-
248 1430 325 1460 ibid.
341 1433 440 1461 πολλὰ
455 1432 510 1461 τῶν
518 1429 642 1471 δεόντων]
658 1430 736 1461 Vide
752 1435 786 1461 ut
798 1441 858 1461 non

150 1472 223 1513 plus
242 1474 356 1503 tribuat
372 1473 502 1514 ingeniis
518 1480 684 1510 oratorum,
700 1484 788 1514 quam
810 1485 859 1504 ur-

151 1516 200 1548 bis
215 1516 367 1547 felicitati.

196 1577 238 1582 —
249 1559 326 1590 ibid.
341 1561 439 1589 πολλὰ
453 1562 508 1590 τῶν
521 1559 644 1600 δεόντων]
671 1561 745 1596 Pro,
762 1562 859 1590 πολλοὶ

152 1604 193 1634 τὰ
208 1601 314 1633 δέοντα.
330 1603 525 1642 participium
542 1602 597 1634 δέον
611 1604 644 1634 fit
660 1604 697 1633 ab
713 1604 860 1643 imperso-

151 1646 213 1676 nali
231 1646 283 1681 δεῖ,
297 1647 387 1682 decet,
402 1647 492 1682 debet,
515 1651 634 1685 oportet,
656 1657 728 1686 opus
747 1653 797 1683 est,
811 1657 860 1685 op-

149 1693 314 1728 portunum
341 1693 392 1725 est,
420 1691 598 1730 requiritur,
620 1691 659 1720 ad
685 1700 747 1720 rem
765 1689 860 1730 facit.

153 1732 245 1763 Unde
257 1733 348 1763 etiarn
365 1732 518 1772 participii
528 1733 710 1771 significatio
722 1740 791 1762 nota
803 1738 862 1769 est,

151 1776 236 1815 quod
259 1781 361 1806 tamen
387 1786 468 1815 saepe
489 1777 629 1806 absolute
652 1776 782 1815 capitur,
806 1786 861 1815 pro

153 1829 243 1858 quum
264 1824 405 1858 oporteat,
427 1824 586 1857 oporteret:
612 1824 657 1855 ut,
684 1818 741 1849 δέον
764 1830 862 1849 σωου-

155 1859 257 1900 segem,
273 1863 313 1892 τὲ
337 1862 473 1901 metesa.
500 1860 606 1902 παίζει,
628 1872 695 1892 curn
715 1863 796 1891 ssriae
818 1871 863 1891 res

155 1903 274 1944 agenda:
303 1909 406 1940 essent,
432 1905 519 1942 pueri
549 1905 669 1934 ludunt.
724 1904 862 1933 Pericles

157 1956 248 1985 quum
271 1945 302 1975 in
323 1946 404 1976 bello
423 1946 683 1985 Peloponnesiaco
703 1946 863 1985 magistra-

156 1993 206 2019 tus
228 1988 523 2019 Lacedaemoniorum
545 1989 743 2028 corrupisset,
763 1989 865 2020 πεντή-

154 2043 240 2062 κοντα
259 2032 394 2063 τάλαντα
417 2032 454 2066 εἷς
472 2030 527 2061 δέον
541 2030 707 2063 ἀνηλωκέναι
728 2031 790 2072 ἔφη,
807 2033 864 2063 hoc

157 2080 216 2111 est,
232 2084 260 2104 se
273 2075 491 2115 quinquaginta
510 2076 679 2114 impendisse
694 2077 806 2106 talenta
819 2076 865 2106 di-

156 2119 211 2154 xit,
227 2116 401 2158 qziojiiisset
412 2128 493 2156 opus.

199 2178 242 2184 -—
256 2162 287 2191 3.
302 2159 390 2202 ἐνίοις]
417 2162 461 2191 Ut
477 2162 621 2198 Demadi,
641 2162 693 2200 qui
712 2162 865 2192 excellen-

155 2203 275 2236 tissimo
305 2208 337 2235 et
360 2204 592 2245 promptissimo
621 2205 717 2235 fuisse
742 2204 865 2245 ingenio

153 2247 342 2289 perhibetur.

197 2307 240 2313 —-—
249 2290 327 2320 ibid.
343 2288 376 2320 ἐκ
390 2290 439 2320 τοῦ
450 2290 647 2332 παςαχρῧμα]
660 2291 785 2322 Scilicet
799 2291 865 2334 χςό-

156 2345 210 2370 νου,
229 2344 264 2364 ex
282 2343 313 2363 eo
330 2338 465 2374 tempore,
481 2336 556 2374 quod
569 2336 663 2374 juxta
678 2345 740 2364 rem
758 2340 809 2370 est,
833 2335 864 2365 id

157 2382 216 2413 est,
231 2380 422 2416 extempore,
439 2378 552 2414 subito,
568 2378 834 2417 impraemeditato.

200 2437 244 2443 —
266 2419 341 2450 ibid.
360 2419 509 2460 ἐπελθεῖν]
531 2421 657 2457 subiisse,
678 2424 866 2459 succurrisse,

155 2463 191 2494 id
213 2466 272 2499 est,
294 2461 342 2494 ἐπὶ
359 2464 414 2493 νοῦν
432 2462 540 2499 ἐλθεῖν,
554 2465 586 2494 in
608 2469 730 2494 mentem
749 2466 866 2501 venisse,

157 2507 266 2542 venire,
293 2511 453 2537 venturum
477 2516 543 2537 esse.
586 2507 676 2537 Licet
701 2509 780 2538 enim
806 2519 864 2538 non

155 2558 226 2580 raro
254 2549 412 2588 praeterita
440 2549 628 2584 Graecorum,
653 2552 866 2589 praesentibus,

156 2596 209 2623 aut
220 2592 312 2622 etiam
325 2592 435 2623 futuris
449 2593 598 2623 reddere:
613 2598 645 2623 et
656 2599 774 2630 contra,
788 2605 865 2634 prae-

156 2635 258 2666 sentia
273 2635 436 2674 praeteritis
456 2642 508 2665 aut
530 2635 661 2666 futuris:
686 2642 776 2677 prout
798 2648 866 2669 sen-

155 2678 252 2709 tentia
265 2679 413 2718 postulat,
429 2678 479 2708 cui
503 2683 652 2718 perpetuo
672 2681 866 2712 serviendum

157 2725 217 2758 est,
234 2725 266 2752 et
285 2731 303 2752 a
321 2722 412 2753 nimia
435 2722 584 2752 servitute
600 2723 761 2754 verborum
781 2735 867 2754 rece-

158 2764 302 2796 dendum.

202 2824 245 2830 -—
259 2807 336 2838 ibid.
362 2805 509 2845 ἐπελθεῖν,
532 2808 642 2850 εἰπεῖν]
673 2808 867 2845 Sumam-isse,

160 2849 276 2888 dixisse,
298 2850 330 2882 id
347 2855 406 2887 est,
421 2852 544 2882 dicturis
559 2853 591 2882 in
613 2856 739 2883 mentem
752 2855 868 2889 venisse,

162 2892 224 2928 vel,
246 2904 308 2934 quae
336 2894 450 2925 dicant.
494 2896 561 2935 Ego
591 2896 676 2926 dictu.
705 2901 868 2935 opporttma

161 2935 310 2973 converti,
325 2946 384 2967 non
397 2937 479 2976 quod
496 2937 592 2969 δέοντα
614 2939 702 2970 εἰπεῖν
715 2940 868 2970 cohaerere

160 2979 331 3010 necessario
350 2984 511 3019 putarem:
537 2982 591 3012 sed
607 2982 679 3022 quia
695 2982 740 3013 sic
755 2993 868 3022 oppor-

163 3020 265 3054 tunius
289 3023 384 3054 verba
396 3023 554 3062 collocari,
571 3029 601 3056 et
617 3025 777 3057 sententia>
795 3026 867 3057 nihil

1514 211 1597 251 :325

888 311 1038 341 decedere
1054 311 1224 342 videbatur.
1271 313 1449 352 Quanquam
1473 323 1520 343 me
1536 324 1595 344 nou

888 353 978 393 fugit,
1005 353 1186 384 Ciceronem
1210 355 1242 384 in
1267 356 1459 387 Academicis
1487 357 1596 387 eodem

889 396 980 426 modo
1002 397 1138 426 locutum
1161 408 1247 427 esse:
1275 400 1389 429 “lllud
1412 405 1511 430 autem
1532 400 1599 440 (iu-

890 439 972 479 quit)
992 439 1068 469 mihi
1089 445 1158 469 aute
1182 441 1239 469 hoc
1259 445 1379 481 tempus
1399 452 1550 481 nunquam
1565 442 1598 473 in

891 487 1020 511 mentem
1049 483 1134 512 veuit
1158 493 1175 512 a
1202 488 1231 512 te
1256 485 1444 522 requirere,”
1475 486 1507 515 id
1537 490 1598 522 est,

890 523 971 554 ἐκεῖνο
983 524 1007 554 δ’
1020 525 1047 555 οὐ
1059 524 1173 555 πώποτ’
1185 524 1247 564 ἐμοὶ
1261 526 1385 567 πρότερον
1399 526 1502 558 ἐπῆλθε
1518 529 1597 569 παρά,

890 579 941 597 σου
955 558 1089 597 &viamen
1102 567 1116 599 ἢ
1133 567 1266 608 ἔκζητεῖν.

934 611 976 633 -ἰ-
991 611 1068 641 ibid.
1093 609 1124 650 ἐξ
1145 610 1294 651 ἁπάντων]
1319 611 1455 649 Scilicet,
1474 615 1530 644 τῶν
1551 620 1597 644 λε-

889 653 1033 695 χθέντων,
1049 656 1103 683 τῶν
1118 653 1413 693 συμβεὲουλευμένων.

934 697 1063 728 —ibid.
1078 696 1150 727 ὥστ’
1164 696 1210 738 ἐξ]
1227 698 1420 737 Enthymena
1434 702 1481 729 est
1496 698 1600 729 inver-

893 750 971 777 sum,
987 742 1168 771 antecedens
1187 741 1357 781 posteriore
1381 742 1450 771 loco
1466 741 1599 781 positum

892 783 1017 819 habens,
1042 785 1125 823 quod
1149 784 1194 814 sic
1219 788 1304 814 recto
1331 785 1466 824 proferas
1493 785 1601 815 ordine

890 826 984 856 licet:
1009 827 1058 857 Ex
1073 827 1235 857 multorum
1254 827 1413 858 sententiis
1434 827 1533 858 facilis
1553 834 1601 859 est

891 869 999 909 optimi
1016 871 1137 901 consilii
1149 871 1297 902 delectus.
1322 872 1405 910 Ergo
1416 876 1600 902 suntomnes

890 913 1049 943 audiendi.

933 974 976 978 —
989 956 1066 986 ibid.
1081 955 1154 986 ὥστ’
1167 954 1198 995 ἐξ
1212 956 1367 998 ἁπάντων]
1384 956 1461 987 Tum
1477 957 1517 988 iis
1533 968 1601 998 quae

890 1000 1106 1038 praemeditati,
1130 1005 1195 1030 tum
1224 1000 1263 1029 iis
1291 1010 1359 1040 quae
1383 1000 1536 1040 ingeniosi
1562 1011 1602 1032 ex

891 1047 1028 1081 tempore
1042 1043 1181 1073 afferunt.

933 1103 976 1108 —
991 1085 1070 1116 ibid.
1085 1084 1188 1127 ῥᾳδίαν]
1206 1084 1305 1126 ῥᾴδιος,
1320 1083 1397 1126 ῥᾴων,
1414 1087 1493 1117 unde
1508 1085 1604 1128 ῥαΐζω,

890 1128 1004 1170 ῥᾷστος,
1021 1130 1124 1159 Ioniee
1140 1129 1248 1171 ῥηίδιος,
1262 1128 1412 1170 ῥᾳθυμεῖν,
1427 1129 1602 1171 ῥᾳδιουργεῖν,

890 1172 1028 1214 ῥᾳστώνη.

933 1234 975 1238 -
989 1215 1065 1246 ibid.
1081 1213 1186 1256 ῥᾳδίαν]
1205 1214 1344 1246 Pertinet
1359 1220 1389 1245 et
1400 1216 1459 1246 hoc
1474 1216 1511 1246 ad
1526 1227 1601 1247 con-

891 1258 1050 1289 solandum
1077 1258 1181 1296 simul,
1205 1263 1236 1289 et
1259 1258 1455 1289 excitandum
1481 1260 1601 1290 audito-

891 1312 966 1333 rem.

934 1363 977 1368 --
987 1348 1017 1376 4.
1030 1346 1080 1376 τοῦ
1092 1344 1297 1386 συμφέροντος]
1310 1343 1498 1386 conferentis,
1511 1346 1605 1384 utilis,

892 1389 1042 1425 utilitatis,
1059 1391 1123 1429 ejus
1138 1389 1214 1428 quod
1225 1390 1351 1427 expedit.

936 1450 979 1454 ——
998 1433 1074 1462 ibid.
1102 1431 1184 1472 ὑμῖν]
1215 1430 1397 1472 ἔμφατικῶς,
1428 1432 1605 1463 Graecorum

893 1476 1154 1515 prudentissimis.
1200 1477 1278 1505 Nam
1301 1474 1470 1505 Pausanias
1495 1477 1610 1506 Demo-

894 1519 1018 1549 cratiam
1033 1518 1265 1549 Atheniensium
1279 1518 1351 1548 ideo
1361 1518 1536 1549 diutissime
1551 1520 1608 1549 du-

893 1572 978 1593 rasse
995 1563 1085 1599 dicit,
1105 1563 1187 1602 qued
1206 1567 1238 1592 et
1260 1561 1423 1601 prudentia
1445 1567 1478 1592 et
1500 1563 1607 1593 obser-

896 1606 998 1635 vantia
1013 1606 1114 1645 legum
1130 1605 1256 1644 reliquis
1269 1603 1478 1644 praestiterint.

938 1666 981 1671 —
995 1649 1071 1679 ibid.
1094 1648 1209 1689 αἵρεσιν]
1237 1649 1295 1677 Est
1321 1648 1416 1686 igitur
1439 1648 1569 1678 oratoris
1592 1648 1607 1679 ἦ

895 1689 1009 1731 εὕρεο-ις,
1023 1692 1170 1721 auditoris
1187 1693 1201 1722 ἦ
1217 1689 1330 1730 αἵρεσις.
1348 1690 1402 1719 sed
1419 1696 1546 1730 utraque
1559 1702 1608 1721 re-

895 1734 990 1773 quirit
1014 1735 1181 1774 ingenium,
1209 1734 1370 1769 fortunam,
1392 1733 1485 1763 animi
1511 1738 1608 1764 atten-

897 1777 1021 1807 tionem.

939 1837 982 1842 —
998 1819 1073 1850 ibid.
1098 1818 1216 1859 αἶ’ξεσιν]
1240 1819 1327 1848 Sicut
1349 1818 1493 1856 dicimus,
1518 1821 1609 1860 αἱροῦ·

896 1874 954 1902 μαι
977 1861 1009 1901 ἐξ
1031 1863 1163 1893 ἁπάντων
1189 1861 1222 1892 τὸ
1241 1861 1402 1903 συμφέρονι
1428 1863 1484 1898 sic,
1502 1863 1608 1904 αἵρεσις

896 1906 946 1934 τοῦ
961 1905 1152 1945 συμφέροντος
1173 1904 1205 1943 ἐξ
1226 1906 1369 1935 ἁπάντων.
1407 1906 1521 1936 Postea
1537 1917 1608 1936 con-

894 1950 1017 1986 junges,
1032 1947 1167 1987 γενέσθαι
1185 1949 1252 1987 ὑμῖν
1266 1947 1357 1989 ῥᾳδίαν
1376 1959 1446 1983 non,
1462 1949 1511 1978 τοῦ
1527 1961 1608 1990 συμ-

898 1989 1022 2030 φέροντος
1039 1992 1116 2031 ὑμῖν.
1135 2001 1307 2030 quanquam
1331 1992 1388 2020 hoc
1410 2002 1529 2030 quoque
1545 1998 1607 2023 tam

899 2034 1046 2064 sententia
1062 2044 1150 2073 quam
1168 2034 1356 2064 constructio
1372 2035 1495 2073 patitur.

941 2094 984 2100 --
995 2079 1025 2108 5.
1038 2077 1050 2107 ὅ
1061 2077 1116 2118 μὲν
1132 2074 1172 2106 οὖν
1187 2078 1295 2118 παρὼν]
1316 2078 1452 2108 Exordio
1467 2083 1538 2117 apte
1554 2089 1608 2109 au·

897 2121 994 2150 nectit
1008 2120 1261 2160 propositionem,
1283 2131 1380 2159 neque
1399 2131 1465 2150 eam
1485 2122 1608 2157 nudam,

899 2164 952 2193 sed
981 2169 1115 2194 ornatam
1143 2169 1175 2194 et
1199 2164 1393 2199 instructam,
1424 2174 1458 2193 ac
1486 2166 1609 2203 poetica

898 2207 993 2237 ferme
1018 2207 1142 2236 licentia
1167 2212 1336 2242 tractatam,
1362 2207 1406 2237 sic
1435 2212 1547 2243 tamen,
1575 2214 1610 2238 ut

899 2250 1031 2280 oratoria
1048 2250 1230 2280 verecundia
1240 2254 1390 2280 servetur.
1436 2251 1494 2281 Est
1509 2256 1609 2282 autem

898 2293 1070 2332 propositio
1086 2293 1252 2333 generalis:
1275 2294 1402 2324 Graeciae
1418 2294 1610 2333 principatus

899 2340 946 2366 est
960 2337 1188 2376 recuperandas
1201 2341 1301 2367 vestra
1312 2337 1473 2367 industria.
1486 2338 1612 2368 additur

899 2379 1129 2410 circumstantia
1159 2380 1307 2419 temporis
1337 2380 1609 2419 opportunissimi:

899 2428 933 2453 ut
952 2433 1012 2453 non
1030 2424 1266 2458 Demosthenes,
1283 2427 1335 2453 ant
1355 2424 1514 2462 quisquam
1533 2424 1611 2454 alius

898 2471 1014 2503 orator,
1039 2467 1090 2497 sed
1116 2466 1183 2506 ipsa
1207 2466 1327 2496 occasio
1353 2467 1513 2496 consilium
1537 2467 1611 2497 dare

900 2509 1053 2546 videatur.
1070 2510 1146 2539 hanc
1167 2510 1191 2539 si
1212 2510 1282 2549 quis
1300 2510 1540 2549 προκατάστασιν
1557 2521 1612 2550 ap-

899 2553 1015 2592 pellare
1038 2552 1167 2587 mavult,
1193 2563 1252 2582 nou
1278 2552 1426 2592 impedio.
1469 2554 1614 2593 Sequitur

899 2596 977 2626 enim
995 2597 1083 2634 hujus
1097 2595 1267 2635 argumenti
1282 2596 1418 2636 propria,
1433 2596 1481 2626 his
1492 2597 1611 2627 verbis:

899 2638 965 2669 ’ἐστι
983 2639 1012 2670 δὴ
1026 2638 1095 2677 τοίγ’
1110 2638 1172 2678 ἐμοὶ
1189 2639 1330 2669 δοκοῦντα.

942 2699 985 2704 —-
998 2682 1072 2712 ibid.
1090 2681 1170 2721 ὃμὲν
1185 2680 1241 2723 οὖν]
1257 2682 1404 2722 Sequitur
1418 2682 1448 2712 in
1465 2681 1612 2713 redditio-

899 2736 949 2761 ne,
966 2726 1048 2764 ἡμεῖς
1061 2723 1099 2755 δέ.

943 2786 985 2791 —
999 2768 1076 2799 ibid.
1098 2768 1111 2797 ὅ
1129 2767 1184 2808 μὲν
1204 2766 1246 2797 οὖν
1268 2770 1361 2809 παρὼν
1383 2765 1488 2808 wacek]
1510 2767 1614 2808 χρόνος,

901 2817 1013 2850 tempus
1026 2818 1053 2842 et
1067 2822 1163 2842 mora.-
1185 2810 1286 2852 καιρὸς,
1300 2822 1370 2852 pars
1381 2817 1407 2841 et
1423 2811 1548 2850 qualitas
1565 2815 1613 2839 est

901 2855 951 2884 τοῦ
967 2854 1073 2896 χρόνου,
1090 2865 1125 2885 ac
1141 2866 1222 2894 saepe
1239 2866 1293 2894 pro
1307 2854 1483 2892 temporibus
1497 2858 1525 2882 et
1540 2862 1612 2892 qua-

902 2899 986 2928 litate
995 2899 1189 2938 negotiorum,
1199 2908 1252 2927 seu
1267 2896 1504 2931 circumstantiis,
1519 2896 1613 2926 inter-

902 2941 973 2971 dum
991 2942 1079 2972 etiam
1097 2952 1151 2981 pro
1167 2941 1248 2971 modo
1268 2946 1295 2971 et
1319 2948 1453 2969 mensura
1474 2939 1611 2978 capitur:

903 2989 935 3015 ut
958 2984 1047 3026 καιρὸς
1067 2983 1092 3014 δ’
1112 2984 1160 3014 ἐπὶ
1186 2985 1281 3014 πᾶσιν
1304 2983 1428 3022 ἄριστος,
1452 2982 1553 3013 modus
1576 2988 1615 3012 est

901 3028 1101 3068 pulcherrima
1119 3029 1223 3058 virtus.
1259 3027 1336 3056 Item
1352 3024 1440 3065 μηδὲν
1452 3025 1534 3064 ἄγαν,
1551 3036 1614 3056 καί·
