1964 3323
374 185 454 226 160

367 291 577 331 epistolarum.
621 293 682 323 Sed
708 292 794 332 prius
818 303 870 324 eas
895 293 969 323 mihi
995 303 1078 323 mon-

367 340 442 371 stra,
457 341 489 365 ut
508 335 639 371 videam,
655 346 722 375 quae
742 337 813 372 sint,
829 337 945 375 tibique
963 337 1046 366 locos
1061 346 1078 366 a

366 382 396 408 te
411 378 586 408 recitandos
595 379 811 409 demonstrem.
836 380 888 420 [In
903 380 976 409 Var.
991 381 1077 409 Lect-

365 431 382 450 e
409 427 514 451 contra
532 432 603 452 voc.
624 420 763 460 ἐπιδείξας
787 423 921 452 deletum
946 422 1024 460 ivit3
1046 428 1077 452 et

362 463 434 494 lect.
460 464 537 495 cod.
555 466 663 496 Bavar.
678 466 848 503 suspicatus
861 470 906 494 est
919 470 1017 494 natam
1035 475 1073 494 ex

364 507 438 536 hoe:
463 506 650 547 ἐπιδείξαντος
665 507 817 539 ἐπιστολὴν
832 507 908 546 λέγει
921 507 952 546 ἐξ
966 507 1074 548 ἑτέροις.

361 559 428 580 cum
437 551 528 581 scriba
538 552 701 581 ostendisset
713 552 870 590 epistolam,
878 551 965 591 jubet
977 559 1075 581 orator

362 603 395 623 er
408 594 470 623 alia
485 593 633 633 recitari]

403 638 476 666 674.
495 640 545 667 10.
561 639 601 667 τὰ
620 637 722 677 λοιπὰ]
740 647 775 666 ea
794 637 997 667 Cherrhonesi
1018 649 1073 678 op-

359 678 581 719 pidalocaque,
594 690 661 719 quae
677 679 765 710 vobis
775 680 875 710 adhuc
887 682 952 720 ejus
966 692 1071 721 super-

361 729 441 752 sunt.

402 783 445 787 ——
460 768 510 796 13.
525 765 578 806 οὐχ
593 764 771 805 ὑπεδέξατο]
789 765 890 795 malim
907 766 954 796 οὐκ
969 766 1073 798 ἀπεδέ-

358 808 441 847 ξατο,
455 809 519 838 scil.
535 808 629 845 αὐτὸν,
644 808 690 837 vel
702 807 748 838 τὸν
763 807 950 849 Ἀλέξανδρον,
966 809 996 839 id
1014 817 1072 846 est,

356 853 396 881 τὰ,
413 851 465 881 ὑπὸ
481 854 533 880 τῶν
548 849 726 890 Ἀλεξάνδρου
741 849 915 892 πρεσὲευτῶν
931 851 1072 892 δεδομένοι.

359 905 392 923 se
417 895 598 933 repudiasse
623 894 812 923 conditiones
837 896 874 923 ab
901 895 1071 926 Alexandri

357 937 466 975 legatis
481 937 609 966 oblatas.
632 937 667 965 In
685 937 751 966 aliis
761 937 853 967 codd.
869 941 917 967 est
932 938 960 968 οὐ
975 949 1069 979 mpor-

357 980 483 1018 εδέξατο,
511 990 599 1019 quam
627 980 789 1009 lectionem
812 981 926 1019 Taylor
945 982 1070 1020 praefert

359 1023 501 1061 vulgatae.
521 1022 642 1052 videtur
658 1023 688 1052 111
705 1023 834 1052 vetustis
849 1023 936 1054 libris
951 1025 1068 1064 duplex

355 1066 448 1095 fuisse
458 1066 626 1100 leotio‚haec
636 1066 724 1096 modo
732 1066 933 1102 allata,etista
941 1078 958 1097 e
967 1069 1069 1107 conje-

355 1114 443 1138 ctura
455 1113 557 1138 nostra
566 1109 694 1148 prolata.
708 1119 775 1139 nam
788 1109 816 1139 in
828 1109 951 1148 vulgata
962 1110 1068 1141 vitium

357 1152 463 1191 utique
488 1152 611 1182 videtur
635 1153 754 1189 inesse·⁷
778 1163 846 1182 nam
870 1153 1070 1195 ὑποδέχεσθαί

356 1206 419 1226 τινα
434 1200 494 1230 est,
509 1195 639 1233 aliquem
664 1195 798 1234 hospitio
820 1196 980 1235 excipere,
1000 1208 1068 1237 quae

358 1238 510 1268 sententia
531 1239 568 1267 ab
589 1239 646 1268 hoc
669 1238 738 1268 loco
760 1243 806 1268 est
826 1239 944 1277 aliena;
966 1240 1068 1270 ἀποδέ-

354 1281 469 1322 χεσθαι
489 1286 589 1310 autem
614 1286 671 1316 est,
687 1282 835 1312 accedere
852 1283 976 1313 alterius
998 1295 1068 1314 sen·

355 1325 469 1361 tentiae,
484 1334 609 1364 eamque
624 1326 832 1364 comprobare.

401 1384 443 1390 -—
459 1371 509 1399 16.
531 1368 559 1397 οὐ
580 1365 664 1398 τοίνυν
680 1369 755 1409 etc.]
772 1367 823 1397 alii
847 1368 935 1398 aliter
955 1370 1012 1399 hoc
1028 1371 1067 1400 de

355 1411 426 1441 loco
457 1415 599 1448 statuere,
626 1421 752 1449 quorum
778 1412 856 1441 scita
883 1413 998 1442 referre
1025 1413 1068 1443 nil

352 1455 451 1491 juvat.
467 1454 540 1483 mihi
558 1454 602 1483 sic
619 1455 740 1483 videtur
758 1455 817 1493 leg.
833 1466 915 1484 esse:
940 1456 968 1484 οὐ
983 1455 1069 1486 τοίνυν

354 1495 385 1526 ἐκ
402 1496 505 1526 τούτων
519 1496 598 1535 μόνον
614 1497 678 1537 [vel
694 1497 796 1538 μόνων]
813 1497 889 1528 δῆλον
903 1497 981 1535 ἔσθ’,
998 1498 1069 1529 οὕτω

354 1542 456 1578 σαφῶς
471 1539 579 1569 δηλων’
567 1551 658 1574 omar,
672 1541 706 1573 ὡς
720 1539 790 1570 οὐδὲν
801 1558 852 1570 -—.

401 1585 457 1613 07·
444 1594 473 1613 o.
490 1585 519 1612 ⁶2.
535 1584 601 1629 οἰχ
602 1595 626 1612 ον
640 1581 735 1618 ἐκεῖνος
748 1582 847 1622 ἔφησεν
857 1583 936 1622 αὐτῷ
951 1583 1068 1626 φθονεῖν]

357 1627 478 1656 correxi
500 1639 554 1667 ουχ
578 1631 613 1655 ὠν
632 1624 727 1660 ἐκεῖνος
746 1626 845 1665 ἔφησεν
865 1627 897 1656 ἂν
913 1627 994 1663 αὐτῷ’
1012 1628 1068 1666 φῦ.

357 1680 426 1708 quo
420 1670 436 1698 1
464 1670 544 1699 idem
572 1674 616 1698 est
643 1680 677 1698 ac
703 1670 728 1699 si
755 1670 905 1699 dixisset·
936 1669 1069 1710 ποιξόντος

355 1711 452 1746 cudero:
474 1723 506 1741 ἐκ
527 1723 631 1742 Τΰυτων
649 1714 703 1741 τῶν
726 1715 888 1750 στατηγῶν,
911 1725 954 1746 Ους
976 1713 1069 1753 ἑαυτῳ

356 1754 460 1794 φθονεῖν
475 1754 570 1788 ἐκεῖνος
586 1755 618 1785 ἃν
636 1754 745 1794 ἔφησεν.
760 1761 864 1796 agente
884 1756 926 1785 ibi
942 1757 1068 1786 locorum

358 1800 528 1837 imperatore
544 1799 658 1838 quidem
674 1805 782 1834 nostro,
798 1804 830 1828 at
848 1809 905 1829 non
921 1810 951 1829 eo
965 1809 998 1829 ex
1013 1801 1067 1829 im-

354 1848 523 1880 peratorum
547 1851 678 1876 numero,
705 1852 773 1881 quos
801 1842 851 1872 itte
875 1843 929 1872 sibi
956 1843 1068 1874 invidos

356 1892 444 1925 atque
458 1884 577 1924 infestos
591 1894 645 1914 esse
660 1891 796 1916 causatus
809 1890 886 1915 esset.

399 1946 443 1951 -—
463 1931 514 1957 12.
540 1928 617 1966 ἡμᾶς
640 1928 785 1968 πολεμῶν]
813 1928 893 1958 haud
920 1939 969 1958 me
989 1929 1069 1968 fugit

355 1971 411 2000 hoc
435 1972 559 2000 verbum
580 1981 648 2000 cum
669 1972 846 2001 accusativo
869 1971 966 2001 solere
985 1983 1068 2002 com-

354 2015 441 2053 poni;
474 2014 575 2043 malim
603 2018 714 2049 tamen,
741 2020 774 2043 ut
804 2015 960 2050 usitatius,
986 2016 1069 2055 quod

356 2068 459 2097 margo
472 2058 542 2086 Lut.
558 2067 624 2086 cum
643 2057 709 2086 aliis
722 2057 809 2087 libris
825 2059 888 2093 dat,
906 2059 982 2097 ἡμῖν.
1007 2059 1069 2088 Ve-

355 2111 419 2130 rum
440 2110 521 2130 nunc
545 2099 648 2136 video,
667 2101 744 2140 ἧμὲίς
760 2111 816 2130 non
841 2112 907 2130 cum
925 2104 1068 2142 πολεμῶν,

355 2144 409 2173 sed
425 2154 493 2173 cum
508 2142 636 2180 διήγαγεν
651 2145 815 2178 coh'aerere,
835 2145 1005 2180 ductitavit,
1021 2155 1067 2175 ew-

355 2188 446 2216 traxit
461 2196 511 2216 nos
527 2186 671 2215 bellando.
687 2197 778 2225 quare
797 2188 873 2216 bene
894 2188 986 2217 habet
1000 2188 1029 2217 h.
1046 2189 1069 2218 l.

395 2247 439 2252 ——-
455 2231 505 2260 19.
516 2227 683 2269 κατέῤῥαξε]
700 2230 808 2259 melius
820 2230 949 2260 creduut
963 2230 1068 2271 κοιτῆῤ-

354 2272 429 2314 ῥαξε.
476 2273 537 2302 Sed
558 2272 715 2301 falluntur.
741 2273 836 2302 nihilo
858 2278 914 2303 est.
939 2274 1067 2312 perinde

355 2321 413 2349 est,
429 2315 495 2345 sive
517 2326 533 2345 a
555 2316 797 2355 κατ-ἀράσσων
814 2321 947 2355 repetas,
965 2317 1030 2348 sive
1050 2327 1068 2346 a

352 2359 545 2400 κοιταῤῥάσσω
559 2359 605 2396 (11.
623 2370 649 2387 e.
665 2370 682 2389 a
697 2361 775 2388 κατὰ.
790 2363 820 2388 et
834 2358 959 2400 ῥάσσω).

395 2420 439 2424 ——
452 2405 504 2432 22.
527 2400 609 2431 τοῦτ’
625 2401 658 2430 ἂν
676 2402 747 2432 εἴποι
765 2402 823 2442 τις]
847 2402 920 2433 dedi
937 2401 1023 2432 τοῦτο’
1039 2401 1068 2440 γ’

353 2444 386 2475 ἂν
400 2445 469 2475 εἶ’ποι
486 2457 540 2480 τις.
558 2447 584 2475 νὴ
601 2444 654 2480 Δί’,
671 2444 842 2485 ἀμυνόμενος
857 2463 900 2468 —-—
915 2445 985 2475 ficta
1002 2446 1066 2476 haec

354 2488 486 2527 objectio
508 2488 684 2522 adversarii,
709 2488 923 2518 Charidemum
942 2488 1068 2525 tuentis,

352 2530 504 2569 incipiens
517 2541 534 2560 a
545 2531 648 2560 verbis
664 2533 690 2561 νὴ
707 2529 764 2562 Δία
779 2532 864 2561 etsie
881 2531 1025 2562 desinens
1034 2531 1066 2562 in

353 2585 383 2604 v.
407 2573 500 2609 κακὸν,
527 2585 556 2603 v.
583 2575 634 2603 Q-l«.
660 2575 765 2604 sanavi
792 2575 891 2605 locum
919 2576 997 2605 bona
1019 2575 1066 2606 di-

353 2617 528 2646 stinctione.

394 2661 469 2690 676.
484 2662 514 2690 6.
530 2658 583 2689 ὑπὸ
598 2657 712 2699 τούτου]
730 2670 747 2689 a
762 2661 982 2700 Cephisodoto.

393 2719 437 2726 -——
451 2704 486 2733 Δ7.
501 2701 630 2743 πράξειν]
654 2703 776 2733 correxi
797 2703 910 2743 πρᾶξαι.
934 2704 1067 2734 cohaeret

351 2746 432 2776 enim
456 2756 525 2775 cum
546 2743 679 2776 ἐπείσθη.
724 2747 881 2776 Sententia
907 2748 971 2776 haec
998 2753 1061 2778 est.
1055 2760 1061 2766 ·

349 2789 554 2820 Charidemus
564 2788 817 2827 Cephisodotum,
826 2800 842 2819 a
853 2800 885 2819 se
895 2791 1067 2827 obsessum,

350 2834 406 2863 hac
423 2834 546 2862 admota
561 2832 757 2866 necessitate,
773 2833 860 2871 prius
877 2833 990 2872 coegit,
1007 2844 1065 2863 non

351 2876 468 2916 optime
485 2875 562 2913 reip.
585 2880 695 2906 vestrae
719 2876 892 2910 consulere,
909 2884 997 2914 quam
1013 2887 1065 2916 pa-

352 2923 468 2949 teretur
485 2929 501 2949 a
522 2918 733 2957 Cephisodoto
751 2918 810 2948 sibi
826 2919 1017 2957 persuaderi,
1034 2924 1066 2949 ut

350 2971 453 2992 earum
466 2962 686 2999 conditionum,
697 2961 807 3001 quibus
818 2961 1066 3000 subscripsisset,

349 3010 381 3035 et
399 3005 625 3036 satisfacturum
643 3004 824 3045 recepisset,
840 3004 888 3035 vel
907 3004 958 3034 uni
976 3005 1064 3035 satis-

746 185 779 226 Ι.
801 185 834 228 1.
857 185 1084 228 REISKE
1115 184 1443 229 ANNOTATA

1110 292 1236 324 faceret

1149 351 1194 359 --
1215 337 1265 365 11.
1286 346 1379 366 ωεντε
1402 335 1554 371 ταλάντοις
1575 333 1599 365 δ’
1620 333 1818 376 ἐζημιώσατε]

1109 378 1209 408 malim
1237 377 1320 409 πέντε
1347 379 1499 413 ταλαντοις
1526 378 1732 419 ζημιώσαντες.
1761 378 1820 408 nisi

1108 430 1164 460 pro
1179 420 1263 451 πέντε
1280 421 1427 452 malumus
1443 432 1632 452 ωεντηκοντοι.
1661 421 1818 461 Quinqua-

1109 463 1193 503 ginta
1214 464 1292 493 enim
1312 465 1428 495 talenta
1442 469 1526 495 erant
1541 464 1675 495 solennis
1694 465 1819 501 mulcta,

1107 517 1166 546 qua
1183 518 1235 537 eos
1258 508 1455 542 mulctabant,
1472 507 1499 537 si
1516 518 1592 547 quos
1610 519 1628 538 a
1642 518 1709 547 rep.
1725 507 1821 537 admi-

1107 550 1260 580 nistranda
1285 551 1375 590 plane
1399 552 1582 581 submovere
1597 550 1722 581 vellent.
1739 561 1770 581 v.
1786 560 1817 590 p.

1107 595 1180 623 668.
1197 604 1264 634 pen.

1148 654 1192 659 —
1201 636 1280 666 ibid.
1293 636 1371 676 μόνοι
1384 636 1472 676 ψῆφοι
1488 634 1661 674 διηνὲγκαντο
1673 636 1716 676 μὴ
1726 635 1759 666 θ.
1769 634 1816 675 τη]

1106 679 1228 709 correxi
1239 679 1320 719 μόναι
1331 680 1379 721 (et
1391 681 1435 710 sic
1445 679 1516 709 dedi
1527 678 1566 709 de
1581 689 1649 709 meo
1662 678 1693 708 in
1707 689 1818 718 genere

1105 721 1373 772 Γωυ11111110>ψῆφοι
1386 723 1525 761 διήνεγκαν
1535 722 1582 762 (111
1597 721 1714 761 activo)
1728 721 1760 751 τὸ
1773 723 1817 761 μὴ

1105 764 1138 794 θ.
1160 777 1189 795 τ.
1211 767 1270 796 tria
1284 766 1342 796 sola
1361 765 1507 808 suffragia
1527 766 1708 796 distulerunt
1729 763 1775 804 [11.
1790 775 1818 794 e.

1105 807 1346 859 impediverunt]
1367 809 1428 846 hoc,
1451 815 1486 840 ut
1507 819 1555 839 vos
1579 819 1613 839 ne
1636 813 1725 838 morte
1751 817 1817 837 enm

1104 851 1294 882 mulctaretis.
1313 852 1551 882 intercesserunt
1567 862 1663 892 poenae
1680 850 1816 890 capitali.

1147 904 1271 932 -pen
1282 894 1486 937 Σμικυθίωνος]
1499 895 1618 925 citath.
1629 894 1816 933 l.Harpoc1.

1104 946 1134 965 v.
1149 935 1315 976 Σμικυθίων.

1147 981 1221 1009 677.
1251 983 1303 1011 10.
1331 978 1397 1019 πρὸς
1424 979 1556 1020 τούτους]
1585 979 1667 1010 facto
1699 979 1816 1009 foedere

1104 1022 1259 1059 cumillis,
1273 1023 1340 1053 scil.
1357 1023 1500 1053 Berisade
1517 1027 1548 1053 et
1561 1023 1730 1053 Amadoco.

1144 1082 1189 1089 --
1212 1066 1294 1097 Ibid.
1319 1067 1472 1108 πολεμεῖν]
1503 1066 1572 1096 scil.
1599 1075 1668 1096 cum
1698 1065 1818 1095 Kerso-

1102 1108 1207 1148 blepte
1223 1114 1254 1138 et
1265 1109 1461 1140 Charidemo-

1145 1169 1189 1176 -—-
1204 1153 1256 1182 22.
1275 1151 1395 1194 ἔξαρνος]
1421 1157 1491 1183 ante
1511 1151 1616 1193 ἔξαρνος
1632 1151 1818 1188 subaudien-

1102 1194 1175 1225 dum
1196 1200 1243 1226 est
1260 1196 1382 1230 ταύτας,
1402 1196 1525 1226 tametsi
1543 1195 1680 1225 additum
1698 1195 1813 1225 malim.

1103 1238 1231 1269 formula
1262 1238 1412 1277 γίγνεσθαι
1442 1237 1548 1279 ’ἔξαρνός
1577 1249 1608 1268 τι
1638 1238 1815 1268 tantundem

1104 1281 1185 1311 valet
1215 1286 1305 1320 atque
1335 1281 1484 1320 γίγνεσθαι
1513 1280 1529 1311 δ’
1554 1292 1584 1311 τι
1615 1280 1816 1322 ἐξαρνούμενος.

1102 1324 1166 1353 fieri
1183 1324 1220 1359 is,
1234 1324 1285 1363 qui
1298 1324 1414 1364 aliquid
1431 1329 1533 1364 neget.

1146 1369 1219 1398 678.
1243 1370 1293 1397 10.
1319 1370 1360 1398 τὸ,
1386 1367 1556 1408 πςάγμοιτοι
1578 1366 1638 1402 ἤδη,
1664 1366 1816 1407 τριβόντων

1102 1409 1223 1452 τούτων]
1240 1411 1285 1440 sic
1300 1410 1440 1441 distinxi.
1456 1420 1524 1440 cum
1536 1410 1579 1446 hi,
1590 1410 1816 1450 Kersobleptes

1103 1457 1134 1482 et
1146 1453 1360 1491 Charidemus,
1370 1458 1509 1493 tempora
1524 1453 1568 1483 rei
1578 1454 1657 1483 'bene
1674 1453 1816 1493 gerendae

1104 1496 1289 1533 omitterent,
1319 1502 1370 1527 aut
1400 1496 1621 1527 absolutionem
1651 1496 1815 1536 legationis

1103 1541 1327 1578 protraherent.

1146 1600 1188 1605 —
1205 1585 1256 1613 12.
1274 1580 1349 1624 ἷκεν]
1366 1582 1433 1613 scil.
1454 1583 1590 1613 Athenas
1604 1592 1643 1612 ex
1658 1581 1746 1618 Asia,
1761 1582 1815 1612 ubi

1103 1625 1254 1656 Artabazo
1270 1626 1419 1656 adversus
1436 1636 1541 1667 regem
1559 1626 1723 1655 Persarum
1741 1636 1817 1665 ope-

1102 1677 1165 1697 ram
1182 1673 1358 1700 navaverat.
1375 1680 1404 1699 v.
1419 1668 1540 1699 Simson
1556 1668 1699 1698 Chronic.
1714 1668 1752 1699 A.
1767 1669 1814 1699 Μ.

1102 1713 1200 1743 3649.
1225 1723 1254 1752 p.
1279 1715 1354 1744 883.
1375 1711 1449 1754 ’έχων
1469 1722 1506 1742 an
1529 1710 1604 1750 ἄγων
1618 1711 1751 1750 legatur,
1768 1712 1817 1742 in-

1102 1758 1218 1785 teresse
1232 1755 1275 1785 nil
1291 1760 1376 1795 puto.

1144 1815 1187 1821 --
1199 1801 1250 1829 14.
1266 1799 1382 1839 γράφει]
1400 1796 1602 1827 Charidemus
1616 1800 1700 1837 puta.

1151 1858 1195 1865 --
1217 1844 1268 1872 17.
1292 1839 1509 1882 καιροφυλακεῖ]
1539 1840 1686 1879 analogiae
1717 1840 1816 1880 magis

1102 1885 1265 1915 convenire
1283 1885 1405 1914 videtur
1418 1883 1652 1924 καιροφυλακτεῖ.

1144 1944 1188 1950 —-
1204 1930 1255 1959 19.
1271 1926 1303 1957 ἐκ
1320 1927 1521 1969 προσαγωγῆς]
1543 1925 1665 1956 correxi
1684 1924 1717 1957 ἐκ
1731 1936 1816 1967 προοι-

1102 1972 1207 2009 γοογῗις,
1233 1975 1356 2001 auctore
1380 1970 1633 2009 Harpocratione.
1659 1969 1818 2009 eleganter

1102 2013 1218 2044 dicitur
1246 2015 1276 2044 h.
1307 2014 1328 2044 l.
1355 2013 1558 2044 Charidemus
1584 2012 1817 2043 Atheniensium

1103 2057 1222 2088 amicus
1237 2056 1270 2087 ἔκ
1281 2058 1447 2097 πςοαγωγῆς
1460 2067 1475 2087 e
1490 2056 1643 2092 lenocinio,
1659 2057 1774 2095 phrasi,
1784 2056 1816 2086 ni

1101 2100 1203 2136 fallor,
1231 2100 1409 2130 Socratica.·
1427 2109 1559 2130 amorem
1587 2109 1661 2138 erga
1682 2099 1816 2138 aliquem

1102 2143 1154 2182 qui
1171 2144 1291 2173 simulat
1307 2144 1346 2173 ad
1366 2147 1502 2182 tempus,
1517 2142 1709 2172 necessitatis
1731 2152 1818 2181 ergo,

1101 2186 1185 2216 nullo
1208 2188 1321 2216 ductus
1349 2196 1462 2221 amore,
1488 2195 1572 2225 saepe
1593 2194 1716 2224 quoque
1743 2185 1816 2215 odio

1101 2230 1169 2267 ejus
1185 2230 1306 2265 ardens,
1327 2229 1382 2258 sed
1405 2228 1611 2264 dissimulato,
1631 2227 1685 2258 ille
1702 2228 1816 2258 dicitur

1101 2282 1169 2302 eum
1190 2271 1222 2302 ἐκ
1238 2274 1414 2313 πξοαγωγῆς,
1429 2275 1462 2301 ut
1479 2272 1636 2306 meretrix,
1657 2281 1714 2311 per
1730 2271 1816 2301 leno-

1101 2314 1214 2345 cinium
1226 2315 1397 2350 conciliata,
1409 2324 1519 2345 amare.
1542 2314 1725 2344 Meretrices
1736 2314 1817 2345 enim

1101 2369 1174 2398 erga
1188 2369 1254 2394 eos,
1270 2359 1307 2388 ad
1325 2369 1401 2397 quos
1416 2368 1433 2387 a
1447 2358 1527 2387 lenis
1545 2361 1637 2396 atque
1652 2357 1815 2388 lenonibus

1099 2401 1305 2437 adducuntur,
1316 2411 1449 2431 amorem
1459 2400 1617 2436 simulant,
1627 2410 1686 2430 non
1697 2411 1815 2437 verum,

1084 2445 1156 2474 rsed
1173 2444 1409 2484 temporarium3
1430 2454 1498 2474 cum
1521 2453 1605 2483 saepe
1620 2443 1683 2479 fiat,
1701 2447 1735 2474 ut
1749 2455 1815 2480 eos,

1100 2487 1211 2527 quibus
1233 2488 1476 2524 substernuntur,
1495 2491 1565 2516 ante
1589 2490 1709 2526 turpem
1731 2486 1815 2517 illam

1100 2531 1366 2567 consuetudinem,
1377 2540 1414 2560 ne
1430 2531 1528 2560 oeulis
1529 2529 1665 2578 quide-m
1682 2539 1814 2568 unquam

1100 2574 1246 2611 viderint,
1256 2584 1356 2614 neque
1370 2583 1477 2604 rursus
1490 2568 1603 2603 visurae
1618 2572 1690 2602 siut.
1727 2573 1814 2603 Leno

1099 2618 1279 2659 προαγωγευς
1288 2617 1412 2652 dicitur,
1426 2627 1485 2646 non
1501 2614 1709 2658 προσαγωγεύς.
1727 2626 1757 2645 v.
1770 2620 1816 2645 ta-

1099 2671 1168 2691 men
1184 2661 1223 2691 ad
1239 2671 1271 2700 p.
1286 2661 1360 2691 750.
1377 2663 1428 2690 21.

1142 2705 1217 2736 679.
1230 2706 1282 2735 14.
1294 2702 1461 2744 Συνθῆκαι]
1473 2700 1695 2742 designatillud
1706 2701 1819 2738 l'oedus,

1100 2747 1138 2777 de
1151 2757 1210 2786 quo
1226 2757 1257 2786 p.
1273 2748 1346 2777 677.
1367 2748 1416 2776 12.

1142 2807 1186 2813 --
1205 2791 1257 2821 15.
1273 2787 1404 2830 γράψεις]
1422 2787 1622 2818 Charidemus
1638 2791 1723 2826 puta.
1745 2787 1816 2817 'rri-

1099 2833 1168 2863 buit
1179 2832 1362 2863 Charidemo
1377 2832 1489 2867 foedus,
1505 2831 1588 2870 quod
1602 2830 1715 2860 modo'
1708 2829 1814 2860 iniisse

1100 2876 1224 2906 dixerat
1245 2874 1485 2913 Kersoblepten.
1507 2877 1593 2903 reete
1618 2883 1702 2903 vero.
1727 2874 1816 2903 ambo

1101 2919 1181 2949 enim
1204 2919 1330 2949 eandem
1351 2927 1473 2947 causam
1495 2916 1637 2957 agebant,
1656 2921 1687 2946 et
1708 2914 1814 2946 Chari-

1099 2962 1208 2992 demus
1223 2966 1288 2992 erat
1299 2959 1519 3000 Kersobleptis
1534 2959 1712 3000 imperator,
1727 2963 1759 2990 et
1772 2959 1814 2989 le-

1101 3010 1200 3044 gatus.
