1997 3323
390 198 443 239 86
765 197 798 239 1.
822 197 857 239 I.
881 197 1102 240 REISKE
1135 198 1460 240 ANNOTATA

429 320 471 325 —-
495 305 525 334 5.
551 303 648 344 αὐτοῖ]
677 304 797 343 praetuli
826 301 909 335 οὗτοι.
940 306 982 341 hi,
1012 306 1097 336 cives

335 363 344 377 ι
386 346 501 376 Athen.

428 406 471 410 —
485 391 517 418 7.
541 387 692 431 ἦμετὲροιν]
715 391 836 420 correxi
861 392 947 431 ὑμετ.
968 391 1095 430 alloqui-

385 436 435 460 tur
449 431 623 462 AEscliineni
639 434 764 472 ejusque
781 435 910 464 sodales.
935 435 1096 464 multitudo

384 475 530 505 librorum
551 476 597 505 vel
613 477 735 514 optimae
746 482 835 512 notae,
847 476 1031 513 εὐθενούντων,
1042 488 1096 516 per

384 528 396 547 ε
414 517 446 547 in
461 519 594 548 secunda
609 520 738 558 syllaba,
754 520 976 556 exhibentium,
991 525 1021 550 et
1042 521 1094 550 ob·

385 561 514 591 scuritas
530 562 735 601 etymologiis,
759 564 962 601 grammaticis
981 564 1019 593 de
1036 564 1095 593 ori-

385 603 455 642 gine
472 605 556 634 verbi
575 605 691 634 incerta
709 606 808 635 omnia
823 606 1026 641 tradentibus,
1041 607 1094 635 ‹le-

384 647 476 676 duxit
499 658 546 677 me
570 658 586 676 a
612 647 819 687 persuasione,
837 659 896 688 qua
921 649 992 678 olim
1011 653 1095 679 tene—

384 690 451 726 bar,
467 690 498 719 in
523 691 655 720 secunda.
679 691 795 730 syllaba
816 703 830 721 η
853 692 999 722 obtinere.
1023 703 1094 731 qua-

383 739 508 772 propter
529 733 638 771 reliqui
661 744 672 763 ε
694 734 758 763 11.1.
784 734 950 770 immotum,
974 735 1095 764 tametsi

383 777 496 815 Taylor
506 776 536 805 id
547 776 727 814 expulisset.
737 787 769 806 v.
779 776 897 806 Alberti
907 778 944 807 ad
956 778 1093 817 Hesycli.

384 829 415 849 v.
433 819 562 849 εὐθηνεῖν.

428 880 472 884 —-—
499 864 550 892 10.
584 858 620 891 ὧν
653 860 786 902 ἐφρόνουν]
821 862 948 892 brevius
980 863 1093 901 utique,

386 915 475 943 quam
493 915 546 943 par
562 908 638 940 erat,
661 909 692 933 et
712 905 920 943 imperfectius
943 906 1096 944 expressit

386 948 532 987 cogitata.
555 947 634 976 ἄδεια
653 944 689 975 οἷν
704 949 793 985 φρονεῖ
814 959 870 982 τις,
888 953 946 983 est,
968 948 1096 977 facultas

386 991 524 1020 internos
540 989 631 1019 animi
652 1000 759 1019 sensus
776 990 871 1020 libere
885 994 916 1019 et
932 991 996 1020 sine
1012 996 1094 1021 metu

387 1034 492 1064 verbis
505 1033 633 1062 saetisve
646 1032 811 1071 aperiendi.
828 1044 932 1063 verum
949 1033 1022 1063 satis
1037 1044 1095 1064 non

387 1081 445 1111 est,
470 1080 500 1106 te
523 1076 643 1115 cepisse
665 1076 815 1114 ejusmodi
830 1076 1017 1112 facultatem,
1037 1077 1095 1107 hoc

387 1119 499 1158 agitur,
511 1119 663 1157 quomodo
675 1129 712 1148 ea
723 1119 828 1149 utaris.
843 1130 913 1149 num
925 1131 997 1159 ergo
1009 1120 1096 1150 deest

387 1162 480 1203 ταύτῃ
518 1160 780 1202 ἀποχρησαμὲνους.
817 1173 881 1198 eos,
914 1163 965 1202 qui
995 1163 1097 1193 oblata

387 1205 616 1244 opportunitate
636 1205 742 1245 ⁴libere
765 1206 890 1236 dicendi
914 1206 1097 1246 agendique,

387 1259 456 1288 quae
470 1248 593 1283 vellent,
608 1248 696 1277 abusi
712 1254 823 1278 essent.

428 1308 472 1314 ——-
488 1291 540 1321 15.
561 1289 736 1331 γεγενημένον
761 1290 843 1332 εῖναι]
871 1291 967 1322 rarior
990 1291 1096 1323 dictio

387 1334 613 1370 existimabant,
626 1339 775 1364 oratorem
789 1338 931 1373 oportere
947 1345 1026 1370 esse,
1038 1345 1096 1364 non

387 1387 469 1413 eum,
484 1377 535 1416 qui
551 1377 649 1407 sactus
666 1377 826 1416 aliquando
843 1383 937 1414 esset,
953 1379 980 1407 h.
1000 1388 1026 1407 e.
1044 1378 1096 1416 qui

385 1420 549 1459 aliquando
564 1420 674 1450 suisset
695 1431 764 1450 cum
784 1420 922 1450 hostibus
937 1421 1096 1450 defuncto-

386 1474 453 1493 rum
481 1464 536 1492 sub
566 1464 670 1493 eodem
698 1468 780 1493 tecto
807 1470 944 1494 versatus
959 1475 967 1500 ;
999 1474 1097 1503 neque

386 1516 467 1541 eum,
488 1506 540 1545 qui
560 1517 628 1536 cum
651 1506 761 1536 iisdem
781 1507 919 1537 hostibus
933 1507 1096 1546 aliquando

388 1560 428 1579 ex
445 1550 551 1579 eadem
567 1554 672 1588 patera
689 1548 824 1580 libasset.

430 1610 472 1614 ——
489 1594 539 1622 16.
557 1591 725 1634 παιανίζειν]
749 1603 818 1622 num
835 1603 889 1632 per
904 1605 935 1628 οι,
952 1603 987 1622 an
1004 1603 1061 1632 per
1076 1605 1097 1622 ω

387 1635 572 1665 exarandum
589 1635 639 1671 sit,
651 1636 758 1675 quaerit
770 1636 889 1666 Alberti
905 1637 943 1666 ad
958 1636 1097 1676 Hesycli.

387 1677 475 1708 παίων
490 1683 520 1708 et
534 1678 728 1717 ’ω-αιωνισμός.

428 1739 473 1744 —-
491 1723 540 1751 18.
563 1721 729 1761 τιμᾶσθαι,
744 1721 791 1751 καὶ
808 1720 897 1761 μηδὲ]
924 1721 1028 1752 delevi
1044 1732 1096 1752 co-

388 1765 502 1803 pulam.
520 1775 579 1794 non
596 1765 676 1794 enim
690 1766 755 1794 liaec
768 1769 815 1794 est
831 1765 1001 1795 sententia:
1017 1770 1097 1795 etue

387 1818 465 1837 voce
490 1808 612 1847 quidem
632 1814 721 1838 tenus
747 1808 890 1837 simulare
916 1808 1096 1847 plorantem.

387 1851 441 1880 sed
456 1851 538 1880 haec:
555 1861 651 1890 neque
664 1855 806 1890 oportere
817 1850 970 1881 dicturum
986 1852 1097 1881 solum-

386 1893 479 1924 modo
496 1904 570 1924 voce
586 1896 721 1933 ploratus
738 1894 890 1924 simulare.

430 1954 473 1959 ——
490 1939 540 1967 24.
570 1936 637 1966 τότε
662 1936 828 1977 αἱρεθέντες]
859 1936 961 1967 delevi
989 1937 1097 1967 adver-

385 1979 480 2008 bium.
505 1985 609 2010 contra
625 1980 725 2010 malini
741 1980 899 2009 articulum
916 1980 937 2009 οῖ
951 1980 1098 2019 praeponi.

385 2023 408 2052 οἱ
425 2021 583 2062 αίξεθέντες.
601 2023 653 2063 qui
671 2024 708 2053 ad
724 2024 830 2053 funera
841 2024 974 2053 curanda
985 2023 1098 2054 delecti

384 2064 527 2095 fuissent.

428 2110 502 2138 322.
519 2111 550 2139 3.
566 2108 659 2150 αὐτῷ]
669 2109 806 2139 AEschini
822 2114 905 2148 puta,
922 2121 958 2140 ne
972 2110 1098 2146 nesciat,

386 2151 441 2180 sed
467 2156 499 2180 ut
520 2159 729 2191 argumentum
746 2154 811 2191 ejus
833 2152 934 2192 ipsum
955 2158 1046 2193 angat
1068 2157 1099 2182 et

387 2194 515 2225 cruciet.

429 2255 472 2259 —
488 2241 538 2267 10
552 2237 722 2277 μαρνάμενοι
738 2236 761 2266 δ
772 2239 871 2278 olgea-ng
885 2250 933 2268 και
947 2237 1096 2279 δείματος]

387 2279 538 2310 subaudi‘
530 2290 618 2310 ενεκα.

428 2341 472 2345 ——-
490 2326 538 2354 17.
558 2321 667 2363 {im-oga]
693 2323 814 2353 correxi
839 2325 877 2354 de
909 2335 977 2354 meo
1005 2334 1098 2354 sensu

385 2363 485 2406 ἕτερον.
531 2366 727 2396 Constructio
742 2367 807 2396 haec
822 2371 887 2397 est:
907 2367 954 2397 οὐκ
966 2366 1042 2402 ἐὀ-τι.
1065 2367 1097 2396 id

385 2414 447 2445 est,
470 2409 517 2439 οὐκ
539 2408 647 2448 ἔξεο-τι,
671 2409 718 2439 οὐκ
745 2408 901 2451 ἐνδέχεται,
927 2421 986 2440 uon
1013 2410 1098 2445 lieet,

386 2452 489 2481 datum
506 2463 564 2481 non
586 2458 646 2488 est,
665 2451 751 2493 ἕτερόν
770 2465 800 2483 τι
816 2456 913 2492 φυγεῖν
925 2455 974 2484 τὴν
987 2454 1095 2494 μοῖςαν.

385 2500 420 2524 ut
443 2495 525 2524 aliud
549 2496 622 2534 quid
642 2496 769 2535 effugiat
791 2497 912 2527 fatalem
933 2497 1099 2527 necessita-

385 2541 457 2567 teni.

429 2582 502 2611 3⁰23.
521 2584 550 2610 1.
567 2580 753 2623 λαρυγγίζων]
780 2582 916 2612 meminit
931 2583 1020 2622 hujus
1037 2582 1098 2613 loci

386 2624 500 2654 Pollux
516 2627 547 2659 Q,
564 2626 637 2654 207.
652 2636 680 2654 v.
693 2625 875 2665 λαςυγγίζειν.

428 2685 471 2689 ———
486 2669 536 2698 13.
558 2668 708 2708 τοο-αὔτα]
732 2673 802 2706 post
823 2680 956 2698 τοο-αντα
979 2668 1100 2698 videtur

387 2708 436 2741 ἔτη
451 2711 573 2744 deesse,
590 2715 629 2740 tot
645 2722 744 2740 ιιηηοε.

429 2771 472 2775 —
488 2756 539 2784 27.
556 2753 791 2794 ἀνοιτετξοψότες]
814 2755 1005 2785 adumbravit
1028 2755 1055 2784 11.
1077 2755 1098 2783 l.

385 2795 543 2826 Aristides
559 2796 598 2825 de
615 2797 656 2825 D.
672 2799 707 2826 G.
726 2809 754 2836 p.
770 2799 843 2828 166.
856 2808 928 2835 pen.

427 2839 633 2872 335.ι1.εῑτά
648 2838 684 2878 μ’
699 2838 852 2890 {pm-&fit
843 2840 1040 2870 Marcellinus
1064 2851 1101 2879 p.

388 2883 461 2913 105.
486 2885 573 2912 1.--
588 2881 602 2913 ἢ
618 2881 685 2912 κατ’
699 2881 839 2922 {pm-ruffo,
854 2882 882 2913 ‘rm
897 2895 944 2912 και
961 2883 1101 2923 δαιμονίαν

384 2925 396 2953 ὁ
425 2925 452 2966 ῥη
465 2937 522 2966 τως
546 2937 719 2967 ωαρεσχετο
745 2925 769 2955 ἐν
791 2927 834 2965 τῷ
854 2925 922 2966 ὑπὲρ
949 2927 1100 2965 Στεφάνου.

383 2967 535 3003 Βουληθεῖς
550 2969 604 3009 7⁶⁸²?
625 2968 748 2999 πάντα
739 2980 763 2998 εν
779 2968 923 3008 κεφαλαίῳ
947 2968 1099 3007 διεξελθειν

386 3012 425 3040 τὰ
438 3011 538 3042 ἑαυτοῦ
554 3011 693 3053 ἐγκώμια,
710 3012 810 3043 ἐπειδὴ
827 3011 956 3054 ἐπαχθὲς
970 3011 1000 3044 ἦν
1016 3014 1099 3042 τοῦτο

1130 307 1190 339 τοῖς
1205 304 1344 342 dunowa-t,
1359 307 1407 337 τὴν
1416 308 1466 340 τῆς
1475 315 1631 346 semona-em
1645 302 1732 344 ἐξεῦρε
1746 302 1839 343 μέθο·

1130 348 1179 384 δον,
1203 347 1274 377 καθ
1296 347 1325 378 ‘riv
1346 359 1508 388 πομω-ικως
1527 348 1594 388 ἅμα.
1608 347 1655 377 καὶ
1670 357 1732 387 μετ
1756 346 1837 386 ἔργα·

1130 390 1206 426 σίας,
1227 392 1290 420 ἄνευ
1311 403 1360 420 του
1385 390 1540 431 ἒπαχθους,
1563 391 1668 431 ἔμελλε
1683 392 1732 420 τὴν
1748 389 1841 427 {am-qo

1130 445 1286 485 προσ-ουσαν
1304 435 1400 474 ἀρετὴν
1415 433 1548 472 διεξιεναι,
1563 433 1610 463 καὶ
1630 445 1690 463 κατ
1721 432 1841 470 ἀνάγκην

1130 476 1218 515 λεγων
1238 475 1394 516 φαίνεσθαι.
1413 477 1448 510 ὡς
1472 475 1617 528 ἐρωτῶντα,
1636 479 1691 516 γᾶς
1707 475 1840 506 πεποίηκε

1129 531 1174 549 τον
1189 519 1322 561 Αἶσχίννν
1336 520 1456 557 εἰσάγων
1470 517 1566 553 οὕτως·
1589 518 1656 549 εῖτοί
1670 517 1708 560 μ’
1726 517 1842 568 ἐρωτᾷς,

1129 562 1190 591 ἀντὶ
1213 563 1294 596 ποίας
1317 564 1416 603 ἀρετῆς
1436 580 1479 584 -—-
1500 561 1554 602 ἐμὲ
1578 562 1640 592 οὔτε
1662 573 1761 603 καιρος,
1782 558 1842 591 οὔτ’

1128 606 1274 635 ἆλλοτιοῖν
1288 605 1407 636 ἔπεισεν.

1171 665 1214 670 ——
1238 650 1287 679 15.
1318 650 1358 678 τὰ
1386 648 1506 688 πάντα]
1537 647 1698 678 articulum
1725 645 1841 675 addidi.

1129 693 1222 720 verba
1241 692 1305 721 haeo
1325 694 1365 721 τὰ
1390 692 1494 721 πάντα
1509 702 1561 731 μοι
1584 689 1754 731 πέπρακται
1771 699 1838 718 cuni

1128 733 1209 763 haud
1224 734 1351 764 diffitear
1365 735 1455 764 facile
1472 739 1502 764 et
1516 734 1581 763 sine
1598 733 1707 762 damno
1723 736 1840 761 senten-

1129 775 1179 805 tiae
1192 778 1297 806 abesse
1309 788 1413 817 posse,
1427 782 1489 807 tum
1506 787 1561 806 cur
1576 777 1728 812 damnem,
1740 784 1840 807 causae

1128 819 1170 848 nil
1183 820 1285 849 video.

1171 865 1280 892 ——QQ
1302 862 1370 902 ἄξιαι
1394 862 1504 916 μὲν»-
1525 860 1616 915 κείνω]
1645 861 1745 892 malim
1772 859 1840 899 ἄξια.

1128 903 1183 943 μὲν
1197 917 1315 946 χάριτος
1328 917 1377 935 καί
1392 906 1501 935 Επαίνῦυ
1516 917 1564 935 καί
1581 916 1659 934 αντα.
1674 902 1759 945 κρίνω.
1775 904 1840 933 llaeo

1129 947 1196 985 ipsa
1212 958 1333 987 quoque
1350 948 1441 987 digna
1459 948 1566 987 judico
1583 948 1748 986 gratiarum
1767 946 1840 975 acti-

1129 1000 1185 1019 one
1211 995 1242 1019 et
1263 992 1430 1029 praeconio,
1445 990 1699 1030 quemadmodum
1723 989 1842 1027 reliqua

1129 1043 1195 1063 mea
1207 1034 1245 1062 de
1261 1043 1326 1072 r.ep
1339 1033 1458 1063 merita.

1171 1094 1214 1098 -—
1229 1079 1281 1107 22.
1299 1076 1327 1106 οὗ
1340 1078 1394 1117 γὰρ
1414 1075 1496 1110 λίθοις
1515 1075 1574 1115 —-]
1591 1075 1700 1106 nobilis
1721 1079 1841 1104 senten-

1129 1118 1182 1155 tia,
1213 1120 1377 1149 multorum
1406 1119 1559 1153 laudibus,
1589 1129 1665 1157 quas
1696 1123 1842 1152 meretur,

1129 1162 1292 1192 celebrata.
1317 1163 1467 1201 Hermog.
1489 1173 1521 1201 p.
1544 1163 1617 1192 258.
1642 1161 1714 1195 ὅλως
1736 1171 1768 1190 τε
1793 1158 1841 1189 ἐπὶ

1129 1216 1188 1239 τοις
1214 1205 1383 1246 διαπρεπεσι
1405 1207 1461 1234 τῶν
1483 1205 1575 1246 ἔργων,
1595 1204 1643 1234 καὶ
1666 1203 1712 1243 ἐφ’
1725 1215 1761 1238 οις
1775 1202 1841 1232 ἔστι

1129 1248 1346 1289 λαμπξύνεσθαι
1362 1250 1397 1282 ὡς
1407 1246 1621 1282 ἀληθῶς-ἔπι
1637 1259 1747 1281 τουτοις
1763 1245 1842 1275 ἐστὶν

1132 1292 1145 1322 ἦ
1162 1291 1341 1332 λαμπρότης.
1365 1289 1422 1322 οἷον·
1436 1291 1463 1321 οὐ
1479 1289 1586 1324 λίθοις’
1577 1289 1710 1332 ετείχισοι
1728 1292 1775 1320 την
1791 1289 1842 1319 πό-

1132 1340 1182 1364 λιν.
1199 1335 1270 1364 item
1287 1346 1318 1374 p.
1336 1337 1410 1365 430.
1426 1338 1453 1364 1.
1471 1334 1602 1374 pertinet
1614 1334 1673 1363 huc
1685 1333 1840 1362 annotatio

1132 1377 1313 1407 Scholiastae
1337 1378 1374 1407 ad
1391 1378 1538 1416 Hermog.
1561 1387 1592 1416 p.
1617 1379 1692 1408 396.
1716 1375 1842 1406 ἐντευθεν

1132 1419 1251 1456 δηλον,”
1235 1433 1277 1450 οτι
1292 1421 1304 1450 ἆ
1319 1420 1380 1460 πεξῖ
1403 1432 1453 1450 του
1477 1418 1616 1459 Στεφοίνου
1637 1419 1728 1458 λόγος,
1750 1419 1772 1448 εἶ
1794 1417 1842 1447 καὶ

1131 1474 1182 1492 του
1198 1464 1331 1493 δικανικου
1346 1462 1455 1498 εἰδους’
1446 1475 1535 1497 εστιν,
1550 1462 1621 1492 ἀλλ’
1636 1466 1677 1491 οὐν
1691 1462 1764 1492 πολυ
1785 1472 1842 1501 με-

1132 1516 1215 1547 τεχει
1238 1518 1271 1536 το
1294 1506 1492 1547 ωανηγυξικόν.
1515 1505 1576 1536 ιδιον
1591 1504 1619 1535 δὲ
1635 1505 1685 1534 τοῦ
1701 1503 1843 1543 ἒγκωμίου

1131 1549 1165 1579 τὸ
1181 1548 1299 1589 ἀξίωμα
1320 1561 1368 1579 και
1392 1551 1406 1581 ἡ
1429 1548 1609 1602 λαμπρότης.
1632 1547 1782 1578 Aristides
1804 1547 1842 1576 de

1133 1593 1174 1623 D.
1191 1593 1226 1622 C.
1249 1603 1280 1632 p.
1299 1595 1371 1623 186
1395 1603 1442 1622 και
1465 1605 1498 1622 το
1523 1593 1562 1622 τιὶ
1583 1590 1668 1622 ηττον
1689 1590 1842 1630 ἐκτετιμη-

1131 1634 1232 1675 μένει
1221 1634 1420 1675 προβάλλοντα
1442 1647 1490 1665 και
1515 1635 1688 1674 ἂναιξοῧντοι,
1708 1632 1843 1664 &wazo-d-

1132 1689 1188 1716 γειν
1201 1680 1242 1708 τὰ
1256 1680 1371 1719 μᾶλλον
1385 1677 1619 1719 πςοτετιμημένοι
1640 1679 1691 1711 τῆς
1706 1676 1844 1717 σεμνότη-

1132 1721 1181 1755 τός
1201 1720 1289 1751 ἔστιν.
1308 1733 1335 1752 ου
1351 1721 1435 1755 λίθοις
1458 1720 1599 1772 ἐτείχισα
1604 1721 1653 1751 ’τὴν
1668 1719 1762 1756 πόλιν,
1778 1719 1841 1750 ουτε

1133 1763 1278 1798 πλίνθοις’
1268 1765 1334 1803 εγώ.
1348 1763 1416 1795 ἀλλ’
1430 1764 1475 1795 ἐὰν
1487 1763 1533 1795 τὸν
1547 1762 1614 1804 ἐμὸν
1627 1762 1782 1804 τειχισμὸν
1796 1761 1841 1792 θέ-

1132 1813 1182 1848 λης
1196 1806 1310 1847 μαθειν·
1332 1809 1374 1838 νῦν
1394 1810 1434 1838 τὰ
1459 1809 1573 1847 μᾶλλον
1595 1805 1840 1847 πςοτετιμημένοι·

1132 1851 1251 1891 εὑρήσεις
1265 1849 1353 1887 δ’πλα,
1368 1851 1416 1880 καὶ
1429 1850 1523 1884 πόλεις
1539 1854 1597 1880 etc.

1174 1912 1218 1916 —-
1233 1895 1284 1924 27.
1295 1893 1498 1934 ἀμυνομένους]
1509 1892 1630 1924 correxi
1639 1891 1846 1932 ἀμυνουμένους

1132 1936 1161 1966 in
1176 1937 1293 1966 futuro.
1310 1937 1416 1967 τούτων
1433 1935 1646 1977 proculdubio
1669 1936 1698 1965 11.
1714 1936 1735 1964 1.
1752 1945 1843 1974 gene-

1133 1980 1175 2009 ris
1202 1980 1340 2010 neutrius
1370 1985 1430 2016 est,
1464 1990 1524 2009 non
1557 1977 1729 2010 masculini.
1773 1978 1842 2016 Ego

1133 2027 1215 2053 certe
1233 2033 1301 2053 oum
1321 2023 1436 2054 Wolfio
1457 2023 1507 2053 hic
1533 2022 1613 2052 malo
1634 2027 1726 2057 stare,
1752 2031 1839 2061 quam

1132 2076 1200 2096 cum
1217 2067 1347 2106 Tayloro
1362 2071 1393 2096 et
1407 2066 1598 2096 Marklando.

1174 2111 1248 2140 326.
1266 2113 1316 2140 17.
1330 2109 1459 2150 Εὔβοιαν]
1483 2113 1530 2138 est
1551 2118 1647 2148 prava
1666 2106 1795 2146 smiptio
1812 2117 1841 2136 v.

1127 2150 1251 2182 Ἀἔυδον.
1267 2153 1350 2191 quod
1372 2152 1463 2182 facile
1485 2150 1706 2192 perspicietis,
1726 2149 1777 2188 qui
1795 2160 1842 2179 re-

1131 2195 1259 2233 cogitet,
1274 2207 1293 2224 οι
1309 2199 1339 2225 et
1352 2206 1381 2225 ευ
1399 2196 1430 2225 in
1443 2195 1559 2225 Graecis
1575 2193 1673 2224 MStis
1695 2194 1737 2223 ita
1758 2192 1842 2222 cerni

1131 2237 1210 2267 inter
1226 2249 1258 2268 se
1274 2238 1415 2268 similiter
1438 2237 1566 2278 scripta,
1581 2240 1616 2266 ut
1630 2246 1767 2276 persaepe
1788 2246 1841 2265 ne-

1132 2285 1233 2320 gatum
1249 2291 1376 2320 prorsus
1392 2281 1433 2311 sit
1443 2291 1479 2311 ea
1494 2281 1679 2311 discernere.
1694 2283 1756 2309 tum
1774 2289 1796 2307 οι
1813 2284 1844 2308 et

1132 2336 1148 2353 υ
1159 2334 1176 2353 a
1190 2323 1324 2354 librariis
1339 2324 1456 2354 Graecis
1469 2324 1643 2364 promiscue
1657 2321 1773 2358 haberi,
1789 2322 1843 2351 tle-

1132 2366 1222 2407 nique
1238 2374 1262 2397 A
1276 2372 1305 2397 et
1320 2373 1346 2398 Δ
1360 2367 1477 2408 pariter
1501 2377 1596 2407 prono
1619 2375 1721 2396 errore
1738 2375 1843 2394 secum

1131 2410 1307 2450 permutari.

1175 2471 1217 2477 —
1232 2456 1283 2485 22.
1301 2452 1524 2494 βεβουλευμένα]
1538 2452 1672 2483 cohaeret
1683 2461 1752 2481 cum
1765 2448 1844 2492 ὀρθῶς

1133 2497 1163 2528 in
1180 2507 1270 2526 versu
1287 2497 1442 2536 proximo.

1175 2557 1219 2562 —-
1233 2543 1285 2571 27.
1303 2539 1333 2579 [ἢ
1349 2539 1442 2581 τύχης
1455 2538 1557 2579 τινος]]
1566 2538 1640 2568 tolle
1656 2547 1762 2571 uncOS,
1774 2547 1845 2575 per-

1134 2593 1238 2622 petam
1262 2594 1279 2613 a
1302 2593 1351 2613 me
1375 2584 1538 2613 festinante
1555 2583 1702 2621 ingestos.
1719 2579 1844 2608 diversa

1135 2632 1206 2656 sunt
1221 2637 1328 2656 ‘numen
1344 2631 1376 2656 et
1391 2636 1460 2656 sois.
1477 2635 1582 2657 verum
1599 2624 1637 2653 ad
1658 2620 1785 2662 δαίμονός
1799 2633 1844 2651 τι-

1132 2681 1171 2702 νος
1190 2669 1363 2699 addendum
1380 2667 1503 2700 videtur
1521 2666 1632 2708 φθόνος,
1659 2670 1711 2696 aut
1734 2663 1844 2705 δυσ-με-

1133 2723 1199 2742 νεια.

1178 2757 1252 2786 3⁰27.
1270 2757 1301 2785 2.
1318 2755 1340 2785 εἰ
1356 2753 1390 2791 δ’,
1407 2752 1457 2788 οἷος
1467 2752 1497 2785 ’ἧν
1512 2753 1570 2793 —-]
1587 2751 1672 2782 citat
1687 2752 1716 2782 11.
1731 2752 1753 2781 l.
1769 2751 1844 2781 Ale-

1134 2799 1252 2828 xander
1275 2798 1332 2828 Rh.
1359 2809 1391 2838 p.
1407 2800 1459 2828 24.
1478 2795 1678 2827 Marcellinus
1703 2794 1741 2824 ad
1764 2795 1845 2824 Her-

1132 2852 1214 2881 mog.
1226 2852 1257 2881 Ρ.
1272 2843 1344 2872 173.

1235 2886 1265 2914 6.
1282 2883 1344 2914 οὔτε
1356 2884 1411 2914 τῶν
1421 2882 1502 2923 ε’ίσω]
1516 2883 1617 2912 locum
1631 2881 1661 2910 h.
1674 2879 1749 2909 citat
1762 2880 1844 2910 Tho-

1132 2937 1161 2957 m
1252 2938 1306 2957 ..V
1324 2926 1400 2956 Είσω.

1176 2989 1217 2993 —
1237 2971 1286 3000 13.
1303 2968 1413 3009 λαβὼν]
1430 2969 1547 2999 malunt
1565 2966 1616 2996 alii
1640 2964 1722 3001 λίιζε,
1744 2965 1794 2995 hio
1813 2968 1845 2994 et

1133 3015 1251 3052 p.363.
1269 3015 1318 3044 10.
1336 3013 1442 3049 credo,
1460 3012 1531 3052 quia
1543 3008 1609 3049 λέγε
1623 3020 1671 3040 και
1690 3007 1843 3047 ἀνάγνωθι,
