1931 3323
289 181 374 223 316
420 180 474 222 Η.
499 177 721 221 WOLFH
757 175 820 219 IN
854 175 1088 219 LIBANII
1121 175 1562 218 ARGUMENTUM

291 285 403 316 habet:
420 295 510 324 quem
527 284 635 315 Latine
650 285 780 314 fortasse
792 283 892 326 (quod
908 289 1007 314 tamen

291 328 323 357 in
333 329 465 367 propriis
477 327 661 364 nominibus,
675 337 742 367 quae
755 338 819 357 suae
835 327 948 365 linguae
961 336 1008 355 re-

291 371 459 410 linquenda
475 375 555 407 sunt,
569 370 634 400 fieri
650 381 709 400 non
720 370 828 410 debet)
842 369 1010 399 Thurinum

294 414 450 454 appellare
472 414 585 454 possis.
629 413 702 443 Fuit
722 418 824 443 autem
846 412 1011 443 Antioche-

294 466 353 486 nus
379 456 488 496 patria,
514 455 670 496 sophistes
695 455 933 486 celeberrimus:
958 455 1012 484 sso-

295 499 361 529 ruit
376 499 565 538 temporibus
576 498 690 529 Juliani
705 499 910 539 imperatoris.
936 498 1013 536 Ejus

296 542 462 577 orationes,
472 542 723 577 declamationes,
733 547 764 571 et
771 542 936 580 ecphrases
945 551 1014 580 per-

296 584 456 625 elegantes
471 590 610 615 exstant:
628 595 704 625 quas
714 585 876 624 aliquando
889 585 1015 614 Germa-

299 628 347 657 nis
362 627 452 658 etiam
468 627 713 662 communicabit,
735 632 769 657 ut
794 637 896 666 spero,
911 631 1016 657 noster

301 671 479 712 Oporinus:
503 681 601 710 eoque
618 672 727 709 magis,
741 671 824 709 quod
837 672 1016 708 Augustana

300 714 476 753 respublica
490 725 568 744 anno
589 715 685 745 1564.
709 714 949 751 manuscriptum
966 723 1018 741 co-

301 757 404 787 dicem
420 758 513 796 triplo
531 758 674 795 majorem
690 755 745 784 illo
761 755 814 794 qui
834 755 938 785 editus
958 760 1018 790 est,

302 801 509 839 comparavit,
535 800 615 829 haud
647 798 798 838 gravatim
828 799 1019 837 typographo

303 843 449 882 diligenti
465 844 531 881 ejus
548 852 636 871 usum
651 840 922 871 communicatura.
967 841 1020 870 vi-

304 891 368 916 tam
395 896 480 915 suam
504 885 630 923 copiose
653 889 684 914 et
710 887 827 919 ornate,
851 889 884 913 ut
908 883 1021 919 omnia,

302 928 372 968 ipse
389 927 567 967 descripsit.
610 929 713 966 Quare
729 937 784 956 nos
807 927 858 956 hic
882 937 940 956 non
963 927 1023 956 eri-

303 981 372 1001 mus
389 971 554 1010 longiores.

350 1031 394 1037 —-
415 1014 490 1044 ibid.
505 1014 706 1055 ΎΠΟΘΕΣΙΣ]
734 1013 821 1044 Alias
848 1012 942 1049 θέσει,
965 1013 1023 1042 hoc

307 1062 368 1093 est,
394 1057 614 1093 consultationi,
635 1059 792 1096 proposito,
819 1067 876 1087 seu
899 1056 1024 1096 infinita:

308 1100 458 1140 quaestioni
474 1100 651 1140 opponitur,
667 1111 702 1130 ac
718 1100 860 1130 Ciceroni
884 1110 972 1130 cansa
994 1104 1026 1129 et

308 1145 502 1173 controversia
526 1143 660 1173 dicitur:
685 1143 760 1173 alias
773 1142 1024 1184 fundamentum,

309 1191 342 1216 et
364 1186 509 1226 quoddam
533 1187 615 1226 quasi
626 1185 791 1225 fulcrum:
815 1187 891 1216 alias
914 1187 1026 1225 princi-

305 1231 404 1269 pium,
419 1230 601 1259 institutum.
626 1229 675 1259 hic
692 1231 830 1270 περιοχὴν,
848 1229 879 1259 id
894 1234 952 1265 est,
965 1239 1027 1257 ma-

309 1273 426 1307 teriam,
447 1276 668 1313 argumentum,
691 1283 835 1302 summam
863 1273 1028 1311 brevemque

309 1315 421 1355 negotii
443 1317 641 1354 expositionem
665 1315 826 1355 significat.
871 1316 942 1345 Hoc
959 1315 1028 1344 loco

308 1358 447 1389 monitos
463 1359 618 1389 studiosos
633 1358 724 1388 velim
742 1370 748 1387 :
773 1358 915 1397 primum,
929 1357 1028 1388 varias

311 1402 481 1431 eorundem
493 1402 712 1431 vocabulorum
724 1401 973 1439 significationes,
985 1401 1031 1429 di-

312 1444 445 1484 ligenter
483 1454 552 1474 esse
584 1443 788 1483 colligendas,
818 1450 849 1474 et
878 1443 1030 1482 exemplis

312 1487 599 1527 probatissimorum
635 1490 795 1517 auctorum
821 1487 1030 1516 illustrandas.

312 1530 452 1565 Deinde,
466 1530 517 1559 vix
540 1539 633 1568 posse
653 1530 728 1564 fieri,
750 1535 785 1558 ut
800 1529 949 1559 vocabula
965 1527 1030 1567 ple·

312 1583 408 1613 raque
434 1583 491 1612 per
519 1582 563 1608 se,
587 1571 660 1610 quid
686 1571 811 1610 proprie
843 1571 1030 1610 significent,

313 1615 537 1655 intelligantur,
552 1614 611 1644 nisi
633 1618 665 1644 et
678 1614 801 1654 phrasis
821 1619 852 1644 et
875 1618 939 1644 tota
964 1624 1033 1643 sen-

313 1659 413 1688 tentia
428 1658 650 1688 consideretur.
682 1658 820 1687 Tradunt
834 1656 929 1695 igitur
940 1658 1034 1686 verba

316 1706 349 1731 et
381 1701 540 1731 sententiae
567 1704 688 1730 mutuas
715 1710 843 1739 operas:
878 1705 909 1729 et
934 1704 968 1729 ut
993 1709 1033 1728 ex

317 1744 423 1776 verbis
449 1744 620 1778 sententiae,
645 1742 690 1773 sic
716 1753 733 1772 e
756 1742 918 1772 sententiis
941 1743 1034 1773 verba

318 1797 402 1826 saepe
433 1791 504 1816 sunt
531 1786 745 1824 intelligenda.
791 1786 966 1821 Postremo,
1002 1786 1033 1815 in

317 1829 491 1869 conjunctis
509 1829 610 1858 verbis
627 1829 665 1858 ad
685 1828 783 1858 Latini
799 1828 948 1858 sermonis
963 1839 1034 1858 con-

319 1872 513 1903 suetudinem
531 1882 600 1902 esse
624 1871 864 1910 respiciendum,
880 1871 932 1911 qui
949 1873 1034 1901 Grae-

319 1927 389 1946 cum
406 1926 465 1945 non
481 1925 536 1954 per
552 1915 652 1944 omnia
665 1915 814 1953 sequitur,
828 1914 882 1944 sed
895 1915 1034 1953 quaedam

318 1957 1036 1996 mutatetinvertit‚quaedamdetrahit,quaedam

319 2002 437 2041 adjicit,
454 2006 487 2031 ut
502 2001 576 2030 alibi
592 2001 783 2031 commodius
799 2001 1008 2031 ostendemus.

364 2063 408 2068 —
424 2044 501 2074 ibid.
523 2044 617 2085 Tor]
637 2046 685 2074 De
710 2054 766 2074 usu
784 2048 815 2073 et
834 2044 1037 2074 collocatione

322 2088 533 2123 arficulorum,
547 2087 586 2116 iis
601 2088 699 2127 magis
716 2087 913 2117 laborandum
931 2092 989 2122 est,
1006 2092 1041 2117 ut

320 2136 354 2162 et
383 2131 423 2160 de
453 2130 571 2160 ratione
603 2136 793 2165 accentuum,
826 2129 878 2168 qui
905 2130 1039 2160 scribere

321 2173 397 2213 ipsi,
411 2184 501 2212 quam
517 2173 570 2212 qui
584 2172 688 2213 legere
703 2174 811 2203 Graeca
825 2172 1040 2203 instituerunt:

324 2222 357 2246 et
372 2217 402 2246 in
419 2221 562 2256 promptu
576 2221 648 2246 sunt
661 2220 819 2255 praecepta
831 2218 1042 2254 grammatico-

321 2270 404 2295 rum,
420 2269 591 2299 quanquam
608 2259 637 2288 in
651 2260 707 2289 hac
723 2264 810 2298 parte
828 2269 900 2288 usus
918 2264 977 2288 tam
996 2264 1044 2289 est

323 2302 442 2340 varius,
451 2307 484 2332 ut
496 2302 578 2332 haud
592 2302 686 2333 sciam
699 2313 736 2332 an
746 2312 779 2332 se
786 2301 880 2332 certis
892 2302 1044 2342 adstringi

326 2346 451 2385 legibus
469 2345 612 2385 patiatur.

370 2406 414 2412 —-
429 2389 505 2419 ibid.
529 2389 786 2430 ΟΛΎΝΘΙΑΚΟΥ]
805 2388 954 2419 Undecim
982 2389 1046 2418 De-

326 2432 497 2462 mosthenis
517 2432 670 2462 orationes
691 2433 720 2462 in
739 2433 925 2471 Philippum,
942 2433 1046 2461 Mace-

327 2476 444 2505 donum
459 2485 576 2514 regem,
592 2476 768 2505 Graecorum
791 2477 965 2505 libertatem
990 2484 1047 2513 op-

328 2528 523 2558 pressurum,
539 2528 599 2547 una
622 2517 652 2547 in
678 2519 744 2557 ejus
767 2519 861 2548 filium
877 2523 908 2548 et
923 2528 1047 2547 succes-

329 2571 431 2591 sorem
456 2561 679 2597 Alexandrum,
708 2566 850 2592 exstant:
875 2570 1047 2600 quanquam

329 2613 392 2634 una
412 2608 504 2642 utque
529 2604 626 2633 altera
640 2604 718 2634 falso
734 2604 829 2634 tribui
845 2603 1048 2634 Demostheni

329 2650 488 2686 putantur.
533 2647 593 2675 Hae
607 2646 705 2685 igitur
724 2646 983 2686 appellationibus
1001 2646 1049 2676 di-

331 2690 552 2729 stinguuntur:
586 2699 621 2717 ac
644 2690 795 2720 nonnullae
817 2690 966 2726 indicant,
990 2700 1049 2719 non

329 2733 364 2763 in
380 2742 482 2772 quem,
507 2732 562 2761 sed
582 2741 642 2770 qua
661 2732 699 2761 de
724 2743 757 2762 re
781 2733 840 2762 sint
862 2733 993 2763 habitae:
1017 2738 1051 2762 ut

333 2775 540 2816 Olynthiacae,
555 2785 612 2814 pro
629 2774 806 2805 defensione
818 2775 1050 2815 Olynthiorum:

332 2817 590 2850 Chersonesitana
609 2818 648 2846 de
672 2818 786 2847 tuenda
800 2819 1006 2854 Chersoneso,
1021 2823 1053 2849 et

336 2860 497 2900 Diopithis
529 2859 667 2890 exercitu
697 2860 858 2890 retinendo
874 2872 881 2889 :
919 2861 979 2891 alia
1013 2862 1052 2891 de

334 2904 528 2938 Halonnes0‚
544 2903 603 2933 alia
616 2904 655 2933 de
671 2904 822 2933 servanda
838 2914 926 2942 pace,
942 2904 1001 2934 alia
1012 2905 1052 2934 de

335 2947 472 2988 Philippi
486 2946 595 2983 literis,
608 2946 668 2976 alia
679 2946 717 2976 de
729 2945 926 2976 Alexandreo
938 2947 1053 2977 foedere

338 2990 465 3022 violato.
495 2990 597 3027 Quare
613 3000 672 3021 non
687 2988 859 3031 miraberis,
871 3000 962 3030 quum
980 3001 1052 3030 qua-

1041 287 1112 314 tuor
1126 282 1276 314 duntaxat
1289 281 1455 318 orationes,
1464 282 1558 322 vulgo
1568 280 1755 323 Philippicas

1043 326 1263 363 inscribantur,
1278 327 1318 356 ab
1340 326 1472 365 Ulpiano
1497 325 1678 355 mentionem
1703 325 1758 355 ali-

1044 369 1165 410 quando
1181 369 1248 399 fieri
1265 368 1449 408 Philippicas
1466 372 1576 403 sextae,
1592 372 1644 397 aut
1659 377 1758 398 nonae.

1088 430 1132 435 -
1155 412 1234 442 ibid.
1258 412 1513 452 oArNfflAKo'r]
1544 412 1590 441 Ab
1620 410 1759 449 Olyntho

1046 456 1121 485 fiunt
1144 453 1327 489 ὀλυνὲιιικδς
1349 459 1381 484 et
1402 453 1557 490 Ὀλύνθιος,
1585 453 1758 492 adjectiva:

1048 499 1101 528 sed
1118 498 1195 527 illud
1211 499 1276 528 fere
1292 499 1396 533 rebus,
1410 498 1468 527 hoc
1481 496 1620 536 personis
1640 506 1762 527 accom-

1047 541 1205 570 modatur:
1230 546 1274 576 ut,
1291 539 1467 581 Εὖθυκςίιτης
1488 539 1537 569 καὶ
1553 538 1701 573 Λασθένης
1714 537 1762 569 ’0-

1048 582 1157 618 λύνθιοι,
1171 585 1222 618 ’τῆς
1234 582 1366 624 πατξίδος
1382 583 1528 624 προδόται·
1542 581 1633 620 λόγος,
1649 580 1663 612 ἢ
1677 582 1763 613 πόλε-

1049 639 1104 666 μος
1117 626 1310 660 Ὀλυνθιακός.
1332 627 1565 656 Observandum
1577 625 1682 665 igitur,
1695 636 1764 664 qnae

1050 670 1204 709 adjectiva
1219 669 1371 709 personis,
1386 680 1453 710 quae
1468 670 1560 700 rebus
1576 668 1701 708 adjungi
1713 679 1764 699 so-

1050 713 1145 748 leant,
1160 724 1227 751 quae
1242 713 1391 752 utrisque.

1094 773 1138 778 -
1152 755 1227 785 ibid.
1253 755 1438 796 ΠΡΩΤΟΎ.]
1465 757 1543 787 Tres
1571 765 1640 784 esse
1667 754 1766 794 Olyn-

1054 797 1184 834 thiacas,
1197 809 1286 828 nemo
1301 799 1421 837 ignorat
1433 808 1440 827 :
1457 809 1578 829 an-vero
1588 798 1653 828 haec
1667 800 1766 837 prima

1056 841 1098 871 sit
1114 841 1351 871 Demosthenica
1365 841 1485 878 concio,
1502 845 1606 871 nostra
1620 841 1668 871 vel
1681 841 1769 877 nihil,

1056 884 1105 914 vel
1123 894 1228 923 parum
1245 884 1396 914 interesse
1410 895 1533 915 censeo.

1099 944 1143 949 —-
1158 927 1236 956 ibid.
1258 927 1444 968 nPnTO‘r]
1468 925 1529 968 πρὸ,
1552 926 1688 967 πρότερος,
1702 925 1770 967 πρέ-

1056 981 1158 1006 ἰ-οιτος,
1171 969 1248 1000 elisa
1258 982 1278 999 τ
1289 970 1388 1006 litera,
1398 970 1528 1010 credar-oc,
1540 974 1572 1000 et
1585 980 1641 1010 per
1650 972 1747 1010 κρᾶσιν
1759 982 1772 999 ο

1058 1018 1090 1043 et
1109 1025 1129 1042 α.
1145 1013 1341 1049 vocabulum,
1358 1015 1474 1054 πρῶτος.
1519 1014 1566 1043 Ac
1582 1013 1772 1053 superlativa

1058 1057 1098 1086 de
1115 1057 1267 1096 pluribus,
1291 1057 1330 1086 de
1356 1056 1435 1087 binis
1451 1055 1593 1086 usitatius
1614 1065 1772 1095 compara-

1059 1100 1125 1130 tiva
1140 1100 1213 1135 dici,
1230 1102 1335 1129 notum
1352 1104 1411 1131 est.

1103 1160 1144 1165 —
1154 1143 1414 1174 ibid.AIBAN10”r
1431 1148 1616 1174 ’ΥΠΟΘΕΣῙΣ
1630 1143 1770 1183 ΛΟΓΟΥ]

1061 1186 1146 1217 Nihil
1158 1190 1243 1217 vetat
1256 1186 1344 1216 binos
1357 1186 1513 1227 genitivos
1526 1187 1583 1216 hoc
1596 1187 1687 1216 modo
1700 1197 1773 1216 con-

1056 1229 1159 1269 jungi,
1175 1233 1209 1259 ut
1225 1230 1307 1269 apud
1321 1230 1520 1260 Ciceronem:
1545 1233 1566 1247 “
1578 1231 1615 1259 L.
1626 1229 1731 1269 Syllae,
1743 1233 1775 1258 et

1061 1273 1097 1303 C.
1115 1272 1246 1303 Caesaris
1261 1272 1417 1303 translatio
1432 1272 1629 1312 pecuniarum
1646 1282 1664 1301 a
1681 1272 1774 1311 justis

1062 1316 1194 1345 dominis
1207 1316 1245 1346 ad
1256 1315 1406 1346 alienos.''
1427 1315 1586 1353 Significat
1598 1315 1678 1344 enim
1692 1315 1777 1354 prior

1063 1364 1232 1394 auctorem,
1261 1359 1320 1388 hoc
1346 1362 1405 1394 est,
1432 1368 1606 1397 personam,
1631 1368 1685 1387 seu
1710 1368 1776 1388 rem

1063 1406 1204 1439 agentem
1219 1411 1226 1428 ε
1259 1400 1411 1439 posterior
1431 1410 1604 1439 personam,
1631 1410 1683 1430 seu
1712 1410 1777 1431 rem

1064 1444 1241 1483 patientem.
1277 1442 1370 1479 Quod
1386 1442 1430 1472 ita
1443 1443 1669 1482 deprehendes,
1687 1444 1713 1473 si
1726 1454 1780 1473 no·

1064 1497 1132 1515 men
1159 1486 1257 1515 verbo
1281 1488 1462 1522 commutes,
1486 1486 1545 1515 hoo
1573 1486 1683 1516 modo:
1716 1490 1725 1503 ‘
1742 1487 1777 1516 L.

1065 1529 1149 1567 Sylla
1164 1528 1320 1558 transtulit
1335 1528 1482 1566 pecunias
1503 1539 1521 1558 a
1538 1529 1631 1567 justis
1647 1529 1782 1559 dominis

1065 1572 1104 1601 ad
1127 1570 1266 1602 alienos.’
1309 1571 1380 1607 Vel,
1405 1575 1442 1601 ‘a
1466 1572 1504 1602 L.
1524 1572 1613 1613 Sylla
1640 1572 1781 1611 pecuniae

1065 1614 1220 1645 translatae
1230 1618 1300 1644 sunt
1313 1624 1330 1643 a
1339 1613 1434 1653 justis
1445 1614 1577 1645 dominis
1590 1616 1627 1645 ad
1643 1615 1786 1645 alienos!

1067 1658 1178 1688 Posset
1203 1658 1294 1687 etiam
1321 1657 1431 1687 tei-tius
1462 1658 1621 1694 accedere,
1653 1656 1782 1691 Λιβανίου

1067 1698 1414 1740 ὑπόθεσιςΔημοο-θένους
1427 1699 1529 1739 λόγουε
1555 1702 1607 1730 sed
1626 1701 1706 1740 apud
1723 1702 1781 1731 L«-

1067 1744 1148 1773 tinos
1171 1744 1277 1773 durius
1292 1743 1461 1778 videretur,
1484 1743 1604 1774 Libanii
1624 1754 1783 1784 argumen-

1068 1792 1132 1816 tum
1151 1786 1351 1817 Demosthenis
1368 1785 1553 1825 Olynthium:
1568 1788 1706 1817 orationis
1716 1788 1783 1826 pri-

1068 1840 1132 1859 mae.
1176 1831 1278 1869 Quare
1310 1827 1502 1868 Δημοσθένους
1532 1830 1562 1859 in
1594 1829 1782 1868 adjectivum

1069 1879 1232 1903 convertas
1255 1873 1341 1907 licet,
1357 1871 1576 1911 Δημοσθενείου,
1600 1873 1786 1902 Demosthe-

1069 1915 1158 1952 nicae,
1189 1917 1248 1945 hoc
1277 1916 1388 1945 modo:
1426 1914 1548 1945 Libanii
1576 1922 1786 1956 argumentum

1072 1957 1298 1989 Demosthenicae
1311 1959 1415 1998 primae
1428 1960 1570 1988 orationis
1590 1958 1787 1999 Olynthiacae.

1071 2002 1132 2031 Sed
1148 2002 1219 2041 quia
1234 2002 1285 2032 hic
1301 2012 1421 2041 quoque
1443 2002 1502 2032 tria
1525 2007 1708 2032 concurrunt
1731 2003 1786 2033 ad-

1067 2045 1198 2084 jectiva,
1214 2056 1273 2075 non
1297 2055 1407 2084 magna
1426 2055 1496 2075 cum
1516 2044 1677 2082 suavitate,
1702 2046 1789 2085 geni-

1073 2088 1157 2118 tivus
1174 2088 1259 2126 λόγου
1274 2088 1381 2119 mutari
1398 2092 1500 2126 potest
1520 2089 1551 2118 in
1565 2088 1788 2126 accusativum,

1073 2131 1112 2165 εἷς
1132 2131 1221 2170 λόγον,
1237 2132 1281 2162 sic
1297 2132 1348 2161 fiet
1365 2131 1462 2161 oratio
1477 2131 1662 2161 dilucidior:
1686 2131 1788 2171 Argu-

1074 2180 1204 2204 mentum
1230 2175 1349 2205 Libanii
1374 2176 1406 2204 in
1429 2174 1559 2213 primam
1589 2173 1790 2205 Demosthenis

1078 2217 1288 2257 Olynthiacam
1324 2217 1492 2248 orationem.
1538 2217 1676 2246 Possunt
1708 2217 1788 2247 enim

1077 2270 1158 2299 saepe
1178 2261 1268 2299 jungi
1288 2260 1459 2290 nominibus
1482 2260 1513 2290 iu
1535 2264 1663 2299 utraque
1686 2260 1791 2300 lingua

1076 2304 1324 2342 praepositiones,
1339 2303 1403 2333 sive
1418 2302 1489 2332 κατ’
1503 2301 1640 2340 ἔλλειψιν,
1656 2303 1722 2334 sive
1734 2304 1795 2333 alia

1077 2346 1218 2385 quapiam
1247 2347 1376 2382 ratione,
1398 2357 1466 2385 quae
1494 2346 1598 2376 verbis
1624 2347 1791 2376 eorundem

1078 2389 1232 2419 nominum
1246 2390 1334 2429 jungi
1351 2399 1408 2419 non
1427 2393 1563 2428 possunt.
1588 2393 1622 2418 ut
1636 2391 1717 2428 apud
1735 2391 1792 2420 La-

1078 2433 1172 2468 tinos,
1187 2444 1267 2463 amor
1283 2433 1316 2462 in
1331 2439 1359 2463 te
1370 2442 1450 2463 meus
1464 2436 1560 2468 recte,
1571 2432 1704 2462 dicitur:
1727 2443 1792 2462 amo

1078 2477 1166 2512 inte,
1182 2486 1239 2515 pro
1258 2486 1322 2506 amo
1346 2481 1386 2510 te,
1407 2486 1466 2505 non
1488 2476 1614 2505 dicitur.
1639 2475 1684 2505 sic
1708 2476 1792 2514 apud

1081 2520 1220 2554 Graecos,
1241 2517 1275 2548 τὸ
1289 2520 1347 2549 τῶν
1361 2518 1494 2548 Ἑλλήνων
1508 2518 1546 2553 εἷς
1559 2519 1624 2552 τοὺς
1639 2516 1793 2558 eugeni-gone

1079 2562 1181 2601 μῖσος,
1198 2562 1301 2591 dicere
1317 2562 1402 2592 licet.
1427 2559 1589 2596 οἱἽΞλληνες
1608 2562 1742 2600 μισοῦσιν
1757 2561 1796 2595 εἷς

1081 2605 1146 2638 τοὺς
1160 2604 1328 2645 Βοιςβάςους,
1349 2616 1409 2635 non
1423 2605 1511 2641 item,
1529 2604 1584 2634 sed
1599 2605 1718 2643 μισοῦσι
1732 2604 1797 2638 τοὺς

1082 2647 1236 2688 βαρβάρους
1257 2648 1420 2678 dicendum
1438 2651 1494 2677 est.
1539 2646 1659 2676 Similia
1683 2657 1739 2685 per
1763 2657 1797 2677 se

1083 2691 1214 2730 quisque
1226 2691 1418 2725 observabit,
1432 2700 1500 2729 quae
1516 2690 1610 2719 multa
1625 2698 1697 2718 sane
1713 2694 1796 2725 sunt,

1083 2734 1113 2763 in
1129 2734 1242 2773 quibus
1259 2744 1276 2763 a
1296 2733 1426 2764 curiosis
1449 2732 1563 2772 alioqui
1581 2732 1798 2762 Grammaticis

1083 2778 1228 2816 majorem
1245 2776 1435 2815 diligentiam
1455 2775 1603 2814 requiras.

1128 2837 1171 2842 —-
1196 2822 1227 2850 2.
1254 2818 1407 2859 Ὄλυνθος]
1439 2817 1537 2849 Grossi
1567 2822 1638 2848 sunt
1663 2818 1798 2854 Latinis,

1085 2863 1174 2898 ficus,
1196 2867 1231 2892 ut
1254 2862 1305 2892 alii
1325 2862 1444 2897 volunt,
1466 2861 1656 2891 immaturae:
1681 2866 1714 2892 ut
1735 2861 1801 2897 alii,

1086 2916 1144 2935 non
1162 2908 1411 2935 maturescentes.
1456 2904 1632 2940 Pausanias,
1649 2904 1700 2943 qui
1721 2914 1800 2943 prae-

1087 2949 1169 2979 clara
1183 2948 1367 2978 monimenta
1382 2951 1413 2977 et
1428 2946 1572 2978 historias
1594 2948 1690 2977 totius
1712 2948 1800 2976 Grae·

1087 2991 1143 3023 ciae
1174 2990 1349 3031 descripsit,
1379 2999 1475 3031 eaque
1504 2990 1639 3021 continet
1668 2990 1801 3030 plurima
