<?xml version="1.0" encoding="UTF-8"?>
<!DOCTYPE html PUBLIC "-//W3C//DTD XHTML 1.0 Transitional//EN"
    "http://www.w3.org/TR/xhtml1/DTD/xhtml1-transitional.dtd">
<html xmlns="http://www.w3.org/1999/xhtml" xml:lang="en" lang="en">
 <head>
  <title>
</title>
<meta http-equiv="Content-Type" content="text/html;charset=utf-8" />
  <meta name='ocr-system' content='tesseract 3.04.00' />
  <meta name='ocr-capabilities' content='ocr_page ocr_carea ocr_par ocr_line ocrx_word'/>
</head>
<body>
  <div class='ocr_page' id='page_1' title='image "./oratoresatticie09dobs/oratoresatticie09dobs_0396.png"; bbox 0 0 1931 3323; ppageno 0'>
   <div class='ocr_carea' id='block_1_1' title="bbox 336 202 420 244">
    <p class='ocr_par' dir='ltr' id='par_1_1' title="bbox 336 202 420 244">
     <span class='ocr_line' id='line_1_1' title="bbox 336 202 420 244; baseline 0 -1"><span class='ocrx_word' id='word_1_1' title='bbox 336 202 420 244; x_wconf 63' lang='lat'>364</span> 
     </span>
    </p>
   </div>
   <div class='ocr_carea' id='block_1_2' title="bbox 322 313 1055 3090">
    <p class='ocr_par' dir='ltr' id='par_1_2' title="bbox 322 313 1055 3090">
     <span class='ocr_line' id='line_1_2' title="bbox 333 313 1052 358; baseline 0.006 -14"><span class='ocrx_word' id='word_1_2' title='bbox 333 313 492 345; x_wconf 78' lang='lat' dir='ltr'>avaritiam</span> <span class='ocrx_word' id='word_1_3' title='bbox 507 315 687 352; x_wconf 84' lang='lat' dir='ltr'>defendunt,</span> <span class='ocrx_word' id='word_1_4' title='bbox 702 321 800 348; x_wconf 82' lang='lat' dir='ltr'>tantas</span> <span class='ocrx_word' id='word_1_5' title='bbox 817 327 892 358; x_wconf 87' lang='lat' dir='ltr'>opes</span> <span class='ocrx_word' id='word_1_6' title='bbox 908 329 941 348; x_wconf 93' lang='lat' dir='ltr'>se</span> <span class='ocrx_word' id='word_1_7' title='bbox 962 329 1052 348; x_wconf 81' lang='lat' dir='ltr'>accu-</span> 
     </span>
     <span class='ocr_line' id='line_1_3' title="bbox 334 359 1054 401; baseline 0.007 -14"><span class='ocrx_word' id='word_1_8' title='bbox 334 359 450 388; x_wconf 79' lang='lat' dir='ltr'>mulare</span> <span class='ocrx_word' id='word_1_9' title='bbox 467 363 498 388; x_wconf 88' lang='lat' dir='ltr'>et</span> <span class='ocrx_word' id='word_1_10' title='bbox 520 369 716 395; x_wconf 80' lang='lat' dir='ltr'>coacervare,</span> <span class='ocrx_word' id='word_1_11' title='bbox 734 367 768 390; x_wconf 83' lang='lat' dir='ltr'>ut</span> <span class='ocrx_word' id='word_1_12' title='bbox 790 361 840 396; x_wconf 82' lang='lat' dir='ltr'>sit,</span> <span class='ocrx_word' id='word_1_13' title='bbox 857 373 917 401; x_wconf 86' lang='lat' dir='ltr'>quo</span> <span class='ocrx_word' id='word_1_14' title='bbox 939 363 1054 392; x_wconf 83' lang='lat' dir='ltr'>subve-</span> 
     </span>
     <span class='ocr_line' id='line_1_4' title="bbox 334 402 1052 442; baseline 0.006 -11"><span class='ocrx_word' id='word_1_15' title='bbox 334 403 435 432; x_wconf 78' lang='lat' dir='ltr'>niatur</span> <span class='ocrx_word' id='word_1_16' title='bbox 462 402 595 441; x_wconf 84' lang='lat' dir='ltr'>publicis</span> <span class='ocrx_word' id='word_1_17' title='bbox 621 404 870 435; x_wconf 82' lang='lat' dir='ltr'>necessitatibus.</span> <span class='ocrx_word' id='word_1_18' title='bbox 918 405 1002 442; x_wconf 86' lang='lat' dir='ltr'><strong>Quid</strong></span> <span class='ocrx_word' id='word_1_19' title='bbox 1028 406 1052 434; x_wconf 90' lang='lat' dir='ltr'>si</span> 
     </span>
     <span class='ocr_line' id='line_1_5' title="bbox 334 445 1052 487; baseline 0.007 -14"><span class='ocrx_word' id='word_1_20' title='bbox 334 445 414 475; x_wconf 79' lang='lat' dir='ltr'>forte</span> <span class='ocrx_word' id='word_1_21' title='bbox 428 446 494 484; x_wconf 84' lang='lat' dir='ltr'>regi</span> <span class='ocrx_word' id='word_1_22' title='bbox 511 456 588 484; x_wconf 80' lang='lat' dir='ltr'>opus</span> <span class='ocrx_word' id='word_1_23' title='bbox 605 447 646 476; x_wconf 86' lang='lat' dir='ltr'>sit</span> <span class='ocrx_word' id='word_1_24' title='bbox 660 448 809 487; x_wconf 79' lang='lat' dir='ltr'>pecunia?</span> <span class='ocrx_word' id='word_1_25' title='bbox 833 459 930 478; x_wconf 86' lang='lat' dir='ltr'>nonne</span> <span class='ocrx_word' id='word_1_26' title='bbox 947 449 986 478; x_wconf 81' lang='lat' dir='ltr'>ad</span> <span class='ocrx_word' id='word_1_27' title='bbox 1005 449 1052 479; x_wconf 89' lang='lat' dir='ltr'>‹li-</span> 
     </span>
     <span class='ocr_line' id='line_1_6' title="bbox 335 488 1053 531; baseline 0.007 -14"><span class='ocrx_word' id='word_1_28' title='bbox 335 488 415 518; x_wconf 85' lang='lat' dir='ltr'>vites</span> <span class='ocrx_word' id='word_1_29' title='bbox 438 490 576 519; x_wconf 74' lang='lat' dir='ltr'>reditu».</span> <span class='ocrx_word' id='word_1_30' title='bbox 571 491 581 509; x_wconf 69' lang='lat'>²</span> <span class='ocrx_word' id='word_1_31' title='bbox 606 502 698 521; x_wconf 84' lang='lat' dir='ltr'>onera</span> <span class='ocrx_word' id='word_1_32' title='bbox 720 492 852 531; x_wconf 87' lang='lat' dir='ltr'>denique</span> <span class='ocrx_word' id='word_1_33' title='bbox 868 492 1053 522; x_wconf 73' lang='lat' dir='ltr'>inclinantur</span> 
     </span>
     <span class='ocr_line' id='line_1_7' title="bbox 334 531 1051 576; baseline 0.01 -17"><span class='ocrx_word' id='word_1_34' title='bbox 334 531 366 560; x_wconf 85' lang='grc'>111</span> <span class='ocrx_word' id='word_1_35' title='bbox 397 532 522 562; x_wconf 68' lang='lat' dir='ltr'>divites.</span> <span class='ocrx_word' id='word_1_36' title='bbox 575 533 640 564; x_wconf 88' lang='lat' dir='ltr'>Cic.</span> <span class='ocrx_word' id='word_1_37' title='bbox 674 535 745 575; x_wconf 84' lang='lat' dir='ltr'>[pro</span> <span class='ocrx_word' id='word_1_38' title='bbox 775 536 894 571; x_wconf 79' lang='lat' dir='ltr'>Sextio,</span> <span class='ocrx_word' id='word_1_39' title='bbox 927 547 954 566; x_wconf 89' lang='lat' dir='ltr'>c.</span> <span class='ocrx_word' id='word_1_40' title='bbox 981 538 1033 566; x_wconf 59' lang='lat'>45²».</span> <span class='ocrx_word' id='word_1_41' title='bbox 1038 535 1051 576; x_wconf 90' lang='lat'>]</span> 
     </span>
     <span class='ocr_line' id='line_1_8' title="bbox 333 575 1052 617; baseline 0.006 -12"><span class='ocrx_word' id='word_1_42' title='bbox 333 578 354 591; x_wconf 91' lang='lat'><em>“</em></span> <span class='ocrx_word' id='word_1_43' title='bbox 365 576 440 605; x_wconf 85' lang='lat' dir='ltr'>Cum</span> <span class='ocrx_word' id='word_1_44' title='bbox 451 575 622 615; x_wconf 76' lang='lat' dir='ltr'>locupletes</span> <span class='ocrx_word' id='word_1_45' title='bbox 636 578 887 617; x_wconf 81' lang='lat' dir='ltr'><strong>possessionibus</strong></span> <span class='ocrx_word' id='word_1_46' title='bbox 897 579 1052 609; x_wconf 82' lang='lat' dir='ltr'>dinturnis</span> 
     </span>
     <span class='ocr_line' id='line_1_9' title="bbox 334 621 1053 662; baseline 0.007 -15"><span class='ocrx_word' id='word_1_47' title='bbox 334 624 541 655; x_wconf 81' lang='lat' dir='ltr'>moverentur,</span> <span class='ocrx_word' id='word_1_48' title='bbox 556 621 681 659; x_wconf 72' lang='lat' dir='ltr'>spoliari</span> <span class='ocrx_word' id='word_1_49' title='bbox 705 623 1053 662; x_wconf 78' lang='lat' dir='ltr'>rc1np.propugnatori-</span> 
     </span>
     <span class='ocr_line' id='line_1_10' title="bbox 334 661 1052 706; baseline 0.007 -16"><span class='ocrx_word' id='word_1_50' title='bbox 334 662 390 690; x_wconf 81' lang='lat' dir='ltr'>bus</span> <span class='ocrx_word' id='word_1_51' title='bbox 413 661 648 694; x_wconf 58' lang='lat' dir='ltr'>arbitrabantur.</span> <span class='ocrx_word' id='word_1_52' title='bbox 652 664 669 676; x_wconf 82' lang='lat'>&#39;’</span> <span class='ocrx_word' id='word_1_53' title='bbox 715 666 907 704; x_wconf 81' lang='lat' dir='ltr'>Hesychius,</span> <span class='ocrx_word' id='word_1_54' title='bbox 930 672 1052 706; x_wconf 62' lang='grc' dir='ltr'>λειτουρ-</span> 
     </span>
     <span class='ocr_line' id='line_1_11' title="bbox 332 706 1051 749; baseline 0.006 -15"><span class='ocrx_word' id='word_1_55' title='bbox 332 707 391 742; x_wconf 79' lang='grc' dir='ltr'>γεῖν</span> <span class='ocrx_word' id='word_1_56' title='bbox 410 706 496 745; x_wconf 84' lang='lat' dir='ltr'>qnasi</span> <span class='ocrx_word' id='word_1_57' title='bbox 519 709 678 747; x_wconf 75' lang='grc' dir='ltr'>λη“ι”ε’“τουργ</span> <span class='ocrx_word' id='word_1_58' title='bbox 667 720 699 737; x_wconf 92' lang='grc' dir='ltr'>ιν.</span> <span class='ocrx_word' id='word_1_59' title='bbox 724 709 817 738; x_wconf 66' lang='grc' dir='ltr'>λιὲϊτον</span> <span class='ocrx_word' id='word_1_60' title='bbox 837 711 890 749; x_wconf 72' lang='grc' dir='ltr'>γὰρ</span> <span class='ocrx_word' id='word_1_61' title='bbox 909 709 942 738; x_wconf 80' lang='grc' dir='ltr'>τὸ</span> <span class='ocrx_word' id='word_1_62' title='bbox 964 709 1051 748; x_wconf 75' lang='grc' dir='ltr'>δημό-</span> 
     </span>
     <span class='ocr_line' id='line_1_12' title="bbox 332 750 1054 789; baseline 0.007 -11"><span class='ocrx_word' id='word_1_63' title='bbox 332 750 707 789; x_wconf 68' lang='grc' dir='ltr'>σιον.[1ρὶειηι15;λεῖτον</span> <span class='ocrx_word' id='word_1_64' title='bbox 723 751 751 781; x_wconf 78' lang='grc' dir='ltr'>δὲ</span> <span class='ocrx_word' id='word_1_65' title='bbox 768 751 882 782; x_wconf 71' lang='grc' dir='ltr'>ἐκάλουν</span> <span class='ocrx_word' id='word_1_66' title='bbox 898 752 919 780; x_wconf 82' lang='grc' dir='ltr'>οἳ</span> <span class='ocrx_word' id='word_1_67' title='bbox 934 752 1054 782; x_wconf 70' lang='grc' dir='ltr'>παλαιοὶ</span> 
     </span>
     <span class='ocr_line' id='line_1_13' title="bbox 332 791 1053 836; baseline 0.004 -15"><span class='ocrx_word' id='word_1_68' title='bbox 332 791 366 821; x_wconf 78' lang='grc' dir='ltr'>τὸ</span> <span class='ocrx_word' id='word_1_69' title='bbox 382 792 499 830; x_wconf 59' lang='grc' dir='ltr'>δημόσια</span> <span class='ocrx_word' id='word_1_70' title='bbox 502 804 524 829; x_wconf 83' lang='grc' dir='ltr'>ν,</span> <span class='ocrx_word' id='word_1_71' title='bbox 541 793 598 823; x_wconf 76' lang='grc' dir='ltr'>ὅθεν</span> <span class='ocrx_word' id='word_1_72' title='bbox 613 796 792 835; x_wconf 81' lang='grc' dir='ltr'>λειτουργεῖν,</span> <span class='ocrx_word' id='word_1_73' title='bbox 809 795 842 824; x_wconf 66' lang='grc' dir='ltr'>τὸ</span> <span class='ocrx_word' id='word_1_74' title='bbox 857 795 896 828; x_wconf 83' lang='grc' dir='ltr'>εἰς</span> <span class='ocrx_word' id='word_1_75' title='bbox 914 794 948 824; x_wconf 81' lang='grc' dir='ltr'>τὸ</span> <span class='ocrx_word' id='word_1_76' title='bbox 965 794 1053 836; x_wconf 74' lang='grc' dir='ltr'>δημό-</span> 
     </span>
     <span class='ocr_line' id='line_1_14' title="bbox 333 834 1053 876; baseline 0.006 -12"><span class='ocrx_word' id='word_1_77' title='bbox 333 846 391 864; x_wconf 87' lang='grc' dir='ltr'>σιον</span> <span class='ocrx_word' id='word_1_78' title='bbox 406 834 593 876; x_wconf 66' lang='grc' dir='ltr'>ἐργάζεσθαι,</span> <span class='ocrx_word' id='word_1_79' title='bbox 608 836 664 866; x_wconf 82' lang='grc' dir='ltr'>οΘεν</span> <span class='ocrx_word' id='word_1_80' title='bbox 676 839 724 867; x_wconf 74' lang='grc' dir='ltr'>καὶ</span> <span class='ocrx_word' id='word_1_81' title='bbox 740 838 801 867; x_wconf 83' lang='grc' dir='ltr'>λεία</span> <span class='ocrx_word' id='word_1_82' title='bbox 818 837 949 876; x_wconf 78' lang='grc' dir='ltr'>λέγεται,</span> <span class='ocrx_word' id='word_1_83' title='bbox 965 840 978 870; x_wconf 77' lang='grc' dir='ltr'>ἦ</span> <span class='ocrx_word' id='word_1_84' title='bbox 995 849 1053 868; x_wconf 75' lang='grc' dir='ltr'>πα-</span> 
     </span>
     <span class='ocr_line' id='line_1_15' title="bbox 331 879 1053 927; baseline 0.007 -20"><span class='ocrx_word' id='word_1_85' title='bbox 331 880 365 927; x_wconf 80' lang='grc' dir='ltr'>ροὶ</span> <span class='ocrx_word' id='word_1_86' title='bbox 381 881 436 907; x_wconf 70' lang='grc' dir='ltr'>τῶν</span> <span class='ocrx_word' id='word_1_87' title='bbox 451 879 595 918; x_wconf 75' lang='grc' dir='ltr'>πολεμίων</span> <span class='ocrx_word' id='word_1_88' title='bbox 610 880 632 909; x_wconf 81' lang='grc' dir='ltr'>ε’</span> <span class='ocrx_word' id='word_1_89' title='bbox 625 892 648 914; x_wconf 89' lang='grc' dir='ltr'>ς</span> <span class='ocrx_word' id='word_1_90' title='bbox 667 880 700 910; x_wconf 80' lang='grc' dir='ltr'><strong>τό</strong></span> <span class='ocrx_word' id='word_1_91' title='bbox 715 881 796 912; x_wconf 72' lang='grc' dir='ltr'>κοινὲν</span> <span class='ocrx_word' id='word_1_92' title='bbox 813 885 869 911; x_wconf 68' lang='grc' dir='ltr'>’τῶν</span> <span class='ocrx_word' id='word_1_93' title='bbox 890 881 1053 922; x_wconf 76' lang='grc' dir='ltr'>διαρπαζόν-</span> 
     </span>
     <span class='ocr_line' id='line_1_16' title="bbox 333 921 1053 966; baseline 0.01 -17"><span class='ocrx_word' id='word_1_94' title='bbox 333 925 389 950; x_wconf 78' lang='grc' dir='ltr'>των</span> <span class='ocrx_word' id='word_1_95' title='bbox 406 921 540 960; x_wconf 65' lang='grc' dir='ltr'>ωφέλεια.</span> <span class='ocrx_word' id='word_1_96' title='bbox 571 925 681 961; x_wconf 61' lang='lat' dir='ltr'>praeda.</span> <span class='ocrx_word' id='word_1_97' title='bbox 722 926 907 955; x_wconf 76' lang='lat' dir='ltr'>Plutarchus</span> <span class='ocrx_word' id='word_1_98' title='bbox 923 926 969 966; x_wconf 86' lang='lat' dir='ltr'>[in</span> <span class='ocrx_word' id='word_1_99' title='bbox 988 926 1053 956; x_wconf 85' lang='lat' dir='ltr'>Ro-</span> 
     </span>
     <span class='ocr_line' id='line_1_17' title="bbox 333 966 1053 1010; baseline 0.008 -17"><span class='ocrx_word' id='word_1_100' title='bbox 333 966 428 999; x_wconf 82' lang='lat' dir='ltr'>mulo,</span> <span class='ocrx_word' id='word_1_101' title='bbox 447 976 474 994; x_wconf 70' lang='grc' dir='ltr'>υ.</span> <span class='ocrx_word' id='word_1_102' title='bbox 492 967 541 994; x_wconf 74' lang='lat'>⁰)5.</span> <span class='ocrx_word' id='word_1_103' title='bbox 560 968 656 1008; x_wconf 64' lang='lat' dir='ltr'>exon]</span> <span class='ocrx_word' id='word_1_104' title='bbox 684 968 755 1001; x_wconf 75' lang='grc' dir='ltr'>εῖκός</span> <span class='ocrx_word' id='word_1_105' title='bbox 770 967 798 998; x_wconf 74' lang='grc' dir='ltr'>δὲ</span> <span class='ocrx_word' id='word_1_106' title='bbox 820 969 964 1010; x_wconf 76' lang='grc' dir='ltr'>λικτώρεις</span> <span class='ocrx_word' id='word_1_107' title='bbox 983 968 1053 999; x_wconf 74' lang='grc' dir='ltr'>ἐντι·</span> 
     </span>
     <span class='ocr_line' id='line_1_18' title="bbox 331 1007 1054 1054; baseline 0.01 -18"><span class='ocrx_word' id='word_1_108' title='bbox 331 1007 454 1047; x_wconf 62' lang='grc' dir='ltr'>θεμένου</span> <span class='ocrx_word' id='word_1_109' title='bbox 468 1021 517 1038; x_wconf 86' lang='grc' dir='ltr'>του</span> <span class='ocrx_word' id='word_1_110' title='bbox 534 1020 552 1037; x_wconf 80' lang='grc' dir='ltr'>κ</span> <span class='ocrx_word' id='word_1_111' title='bbox 567 1011 608 1038; x_wconf 75' lang='grc' dir='ltr'>νῦν</span> <span class='ocrx_word' id='word_1_112' title='bbox 624 1009 830 1052; x_wconf 63' lang='grc' dir='ltr'>ὀνομάζεσθαι.</span> <span class='ocrx_word' id='word_1_113' title='bbox 852 1012 978 1053; x_wconf 70' lang='grc' dir='ltr'>πρότεξον</span> <span class='ocrx_word' id='word_1_114' title='bbox 999 1015 1054 1054; x_wconf 68' lang='grc' dir='ltr'>γιὶξ</span> 
     </span>
     <span class='ocr_line' id='line_1_19' title="bbox 330 1051 1054 1094; baseline 0.01 -15"><span class='ocrx_word' id='word_1_115' title='bbox 330 1051 467 1091; x_wconf 80' lang='grc' dir='ltr'>λιτωρεις,</span> <span class='ocrx_word' id='word_1_116' title='bbox 481 1051 616 1082; x_wconf 77' lang='grc' dir='ltr'>Ελληνισ</span> <span class='ocrx_word' id='word_1_117' title='bbox 617 1065 645 1082; x_wconf 76' lang='grc' dir='ltr'>τι</span> <span class='ocrx_word' id='word_1_118' title='bbox 663 1056 859 1094; x_wconf 73' lang='grc' dir='ltr'>λειτουξγους’</span> <span class='ocrx_word' id='word_1_119' title='bbox 853 1055 946 1090; x_wconf 68' lang='grc' dir='ltr'>ὄντας.</span> <span class='ocrx_word' id='word_1_120' title='bbox 960 1057 1054 1087; x_wconf 80' lang='grc' dir='ltr'>ληϊτον</span> 
     </span>
     <span class='ocr_line' id='line_1_20' title="bbox 331 1094 1055 1135; baseline 0.01 -12"><span class='ocrx_word' id='word_1_121' title='bbox 331 1096 386 1134; x_wconf 56' lang='grc' dir='ltr'>γὰρ</span> <span class='ocrx_word' id='word_1_122' title='bbox 399 1094 445 1123; x_wconf 75' lang='grc' dir='ltr'>τὸν</span> <span class='ocrx_word' id='word_1_123' title='bbox 466 1094 578 1134; x_wconf 70' lang='grc' dir='ltr'>δημον”</span> <span class='ocrx_word' id='word_1_124' title='bbox 567 1107 610 1125; x_wconf 85' lang='grc' dir='ltr'>ετι</span> <span class='ocrx_word' id='word_1_125' title='bbox 631 1097 679 1125; x_wconf 76' lang='grc' dir='ltr'>καὶ</span> <span class='ocrx_word' id='word_1_126' title='bbox 702 1109 745 1128; x_wconf 84' lang='grc' dir='ltr'>νυν</span> <span class='ocrx_word' id='word_1_127' title='bbox 757 1097 903 1135; x_wconf 80' lang='grc' dir='ltr'>Ἐλληνες,</span> <span class='ocrx_word' id='word_1_128' title='bbox 919 1099 967 1129; x_wconf 74' lang='grc' dir='ltr'>καὶ</span> <span class='ocrx_word' id='word_1_129' title='bbox 987 1099 1055 1130; x_wconf 74' lang='grc' dir='ltr'>λαὸν</span> 
     </span>
     <span class='ocr_line' id='line_1_21' title="bbox 330 1137 1055 1179; baseline 0.011 -14"><span class='ocrx_word' id='word_1_130' title='bbox 330 1137 365 1167; x_wconf 67' lang='grc' dir='ltr'>τὸ</span> <span class='ocrx_word' id='word_1_131' title='bbox 388 1137 502 1172; x_wconf 58' lang='grc' dir='ltr'>πλῆθος</span> <span class='ocrx_word' id='word_1_132' title='bbox 524 1138 702 1178; x_wconf 73' lang='grc' dir='ltr'>ὀνομάζουσι.</span> <span class='ocrx_word' id='word_1_133' title='bbox 749 1141 801 1170; x_wconf 85' lang='lat' dir='ltr'>Sic</span> <span class='ocrx_word' id='word_1_134' title='bbox 821 1143 917 1178; x_wconf 73' lang='grc' dir='ltr'>αὐτὸς,</span> <span class='ocrx_word' id='word_1_135' title='bbox 937 1148 1055 1179; x_wconf 78' lang='lat' dir='ltr'>auctor,</span> 
     </span>
     <span class='ocr_line' id='line_1_22' title="bbox 331 1181 1053 1223; baseline 0.01 -14"><span class='ocrx_word' id='word_1_136' title='bbox 331 1183 502 1217; x_wconf 61' lang='lat' dir='ltr'>mannitus,</span> <span class='ocrx_word' id='word_1_137' title='bbox 525 1181 583 1212; x_wconf 71' lang='grc' dir='ltr'>ἀπο</span> <span class='ocrx_word' id='word_1_138' title='bbox 606 1194 656 1211; x_wconf 85' lang='grc' dir='ltr'>του</span> <span class='ocrx_word' id='word_1_139' title='bbox 680 1183 767 1216; x_wconf 80' lang='grc' dir='ltr'>αυτὸς</span> <span class='ocrx_word' id='word_1_140' title='bbox 786 1184 852 1223; x_wconf 71' lang='grc' dir='ltr'>ἐ’φα.</span> <span class='ocrx_word' id='word_1_141' title='bbox 898 1187 977 1215; x_wconf 86' lang='lat' dir='ltr'>Nam</span> <span class='ocrx_word' id='word_1_142' title='bbox 1001 1186 1053 1216; x_wconf 78' lang='grc' dir='ltr'>αὐ-</span> 
     </span>
     <span class='ocr_line' id='line_1_23' title="bbox 331 1225 1054 1267; baseline 0.01 -15"><span class='ocrx_word' id='word_1_143' title='bbox 331 1227 474 1264; x_wconf 73' lang='grc' dir='ltr'>κτωριτὰς</span> <span class='ocrx_word' id='word_1_144' title='bbox 489 1227 569 1263; x_wconf 85' lang='lat' dir='ltr'>apud</span> <span class='ocrx_word' id='word_1_145' title='bbox 594 1225 726 1256; x_wconf 78' lang='lat' dir='ltr'>Dionem</span> <span class='ocrx_word' id='word_1_146' title='bbox 747 1237 898 1266; x_wconf 82' lang='lat' dir='ltr'>expresse</span> <span class='ocrx_word' id='word_1_147' title='bbox 914 1228 1054 1267; x_wconf 76' lang='lat' dir='ltr'>tegimus.</span> 
     </span>
     <span class='ocr_line' id='line_1_24' title="bbox 331 1267 1054 1306; baseline 0.006 -9"><span class='ocrx_word' id='word_1_148' title='bbox 331 1267 384 1297; x_wconf 82' lang='lat' dir='ltr'>sic</span> <span class='ocrx_word' id='word_1_149' title='bbox 402 1268 582 1304; x_wconf 77' lang='lat' dir='ltr'>Quinctius,</span> <span class='ocrx_word' id='word_1_150' title='bbox 597 1269 835 1306; x_wconf 77' lang='lat' dir='ltr'>QuinctiIIanus.</span> <span class='ocrx_word' id='word_1_151' title='bbox 866 1271 930 1300; x_wconf 87' lang='lat' dir='ltr'>Sed</span> <span class='ocrx_word' id='word_1_152' title='bbox 946 1271 1054 1302; x_wconf 85' lang='lat' dir='ltr'>melior</span> 
     </span>
     <span class='ocr_line' id='line_1_25' title="bbox 331 1312 1053 1350; baseline 0.006 -10"><span class='ocrx_word' id='word_1_153' title='bbox 331 1321 395 1341; x_wconf 81' lang='lat' dir='ltr'>suae</span> <span class='ocrx_word' id='word_1_154' title='bbox 423 1312 536 1350; x_wconf 78' lang='lat' dir='ltr'>linguae</span> <span class='ocrx_word' id='word_1_155' title='bbox 564 1313 687 1343; x_wconf 88' lang='lat' dir='ltr'>scilicet</span> <span class='ocrx_word' id='word_1_156' title='bbox 709 1318 817 1343; x_wconf 87' lang='lat' dir='ltr'>auctor</span> <span class='ocrx_word' id='word_1_157' title='bbox 845 1318 892 1343; x_wconf 86' lang='lat' dir='ltr'>est</span> <span class='ocrx_word' id='word_1_158' title='bbox 919 1314 1053 1344; x_wconf 84' lang='lat' dir='ltr'>Festus:</span> 
     </span>
     <span class='ocr_line' id='line_1_26' title="bbox 329 1355 1053 1397; baseline 0.006 -13"><span class='ocrx_word' id='word_1_159' title='bbox 329 1355 508 1385; x_wconf 82' lang='lat' dir='ltr'>“Lictores</span> <span class='ocrx_word' id='word_1_160' title='bbox 533 1355 686 1393; x_wconf 86' lang='lat' dir='ltr'>dicuntur,</span> <span class='ocrx_word' id='word_1_161' title='bbox 712 1356 823 1397; x_wconf 88' lang='lat' dir='ltr'>inquit,</span> <span class='ocrx_word' id='word_1_162' title='bbox 847 1358 929 1396; x_wconf 87' lang='lat' dir='ltr'>quod</span> <span class='ocrx_word' id='word_1_163' title='bbox 953 1358 1053 1388; x_wconf 86' lang='lat' dir='ltr'>fasces</span> 
     </span>
     <span class='ocr_line' id='line_1_27' title="bbox 330 1397 1052 1440; baseline 0.006 -13"><span class='ocrx_word' id='word_1_164' title='bbox 330 1397 485 1437; x_wconf 87' lang='lat' dir='ltr'>virgarum</span> <span class='ocrx_word' id='word_1_165' title='bbox 501 1398 615 1438; x_wconf 87' lang='lat' dir='ltr'>ligatos</span> <span class='ocrx_word' id='word_1_166' title='bbox 630 1400 742 1430; x_wconf 83' lang='lat' dir='ltr'>ferunt.</span> <span class='ocrx_word' id='word_1_167' title='bbox 768 1400 812 1430; x_wconf 91' lang='lat' dir='ltr'>Hi</span> <span class='ocrx_word' id='word_1_168' title='bbox 828 1406 972 1440; x_wconf 84' lang='lat' dir='ltr'>parentes</span> <span class='ocrx_word' id='word_1_169' title='bbox 990 1411 1052 1431; x_wconf 86' lang='lat' dir='ltr'>ma-</span> 
     </span>
     <span class='ocr_line' id='line_1_28' title="bbox 331 1441 1052 1484; baseline 0.004 -13"><span class='ocrx_word' id='word_1_170' title='bbox 331 1441 525 1480; x_wconf 78' lang='lat' dir='ltr'>gistratibus,</span> <span class='ocrx_word' id='word_1_171' title='bbox 549 1443 801 1483; x_wconf 79' lang='lat' dir='ltr'>delinquentibus</span> <span class='ocrx_word' id='word_1_172' title='bbox 830 1444 939 1484; x_wconf 79' lang='lat' dir='ltr'><strong>plagas</strong></span> <span class='ocrx_word' id='word_1_173' title='bbox 963 1444 1052 1484; x_wconf 86' lang='lat' dir='ltr'>inge—</span> 
     </span>
     <span class='ocr_line' id='line_1_29' title="bbox 327 1485 1053 1527; baseline 0.007 -14"><span class='ocrx_word' id='word_1_174' title='bbox 327 1485 431 1515; x_wconf 81' lang='lat' dir='ltr'>runt.&#39;’</span> <span class='ocrx_word' id='word_1_175' title='bbox 468 1486 560 1516; x_wconf 90' lang='lat' dir='ltr'>Unde</span> <span class='ocrx_word' id='word_1_176' title='bbox 576 1486 667 1516; x_wconf 86' lang='lat' dir='ltr'>etiam</span> <span class='ocrx_word' id='word_1_177' title='bbox 685 1488 876 1527; x_wconf 72' lang='lat' dir='ltr'>apparitores</span> <span class='ocrx_word' id='word_1_178' title='bbox 892 1488 980 1524; x_wconf 83' lang='lat' dir='ltr'>dicti,</span> <span class='ocrx_word' id='word_1_179' title='bbox 997 1488 1053 1518; x_wconf 89' lang='lat' dir='ltr'>sed</span> 
     </span>
     <span class='ocr_line' id='line_1_30' title="bbox 329 1529 1053 1570; baseline 0.007 -13"><span class='ocrx_word' id='word_1_180' title='bbox 329 1532 361 1561; x_wconf 86' lang='lat' dir='ltr'>et</span> <span class='ocrx_word' id='word_1_181' title='bbox 378 1530 415 1558; x_wconf 91' lang='lat' dir='ltr'>ab</span> <span class='ocrx_word' id='word_1_182' title='bbox 430 1529 489 1559; x_wconf 88' lang='lat' dir='ltr'>hoc</span> <span class='ocrx_word' id='word_1_183' title='bbox 501 1529 600 1560; x_wconf 90' lang='lat' dir='ltr'>officio</span> <span class='ocrx_word' id='word_1_184' title='bbox 617 1531 679 1561; x_wconf 84' lang='lat' dir='ltr'>dici</span> <span class='ocrx_word' id='word_1_185' title='bbox 692 1535 859 1570; x_wconf 83' lang='lat' dir='ltr'>potnerunt</span> <span class='ocrx_word' id='word_1_186' title='bbox 875 1532 982 1561; x_wconf 84' lang='lat' dir='ltr'>eadem</span> <span class='ocrx_word' id='word_1_187' title='bbox 1000 1543 1053 1562; x_wconf 92' lang='lat' dir='ltr'>no-</span> 
     </span>
     <span class='ocr_line' id='line_1_31' title="bbox 328 1572 1052 1615; baseline 0.006 -14"><span class='ocrx_word' id='word_1_188' title='bbox 328 1572 455 1603; x_wconf 78' lang='lat' dir='ltr'>tatione.</span> <span class='ocrx_word' id='word_1_189' title='bbox 475 1573 521 1614; x_wconf 73' lang='grc' dir='ltr'>[ρ.</span> <span class='ocrx_word' id='word_1_190' title='bbox 539 1576 592 1604; x_wconf 78' lang='lat'>82.</span> <span class='ocrx_word' id='word_1_191' title='bbox 607 1575 657 1604; x_wconf 87' lang='lat' dir='ltr'>ed.</span> <span class='ocrx_word' id='word_1_192' title='bbox 676 1574 732 1614; x_wconf 85' lang='lat' dir='ltr'>D.]</span> <span class='ocrx_word' id='word_1_193' title='bbox 761 1575 851 1614; x_wconf 76' lang='lat' dir='ltr'>Unde</span> <span class='ocrx_word' id='word_1_194' title='bbox 875 1575 951 1605; x_wconf 86' lang='lat' dir='ltr'>illud</span> <span class='ocrx_word' id='word_1_195' title='bbox 968 1576 1052 1615; x_wconf 89' lang='lat' dir='ltr'>apud</span> 
     </span>
     <span class='ocr_line' id='line_1_32' title="bbox 331 1615 1050 1658; baseline 0.006 -13"><span class='ocrx_word' id='word_1_196' title='bbox 331 1615 396 1645; x_wconf 80' lang='lat' dir='ltr'>Cic.</span> <span class='ocrx_word' id='word_1_197' title='bbox 415 1622 448 1646; x_wconf 82' lang='lat' dir='ltr'>et</span> <span class='ocrx_word' id='word_1_198' title='bbox 461 1616 605 1647; x_wconf 84' lang='lat' dir='ltr'>Livium:</span> <span class='ocrx_word' id='word_1_199' title='bbox 623 1622 643 1636; x_wconf 82' lang='lat'><strong><em>“</em></strong></span> <span class='ocrx_word' id='word_1_200' title='bbox 655 1619 672 1648; x_wconf 93' lang='lat'>1</span> <span class='ocrx_word' id='word_1_201' title='bbox 688 1619 790 1652; x_wconf 79' lang='lat' dir='ltr'>lictor,</span> <span class='ocrx_word' id='word_1_202' title='bbox 804 1618 916 1658; x_wconf 83' lang='lat' dir='ltr'>colliga</span> <span class='ocrx_word' id='word_1_203' title='bbox 931 1629 1050 1656; x_wconf 88' lang='lat' dir='ltr'>manus,</span> 
     </span>
     <span class='ocr_line' id='line_1_33' title="bbox 328 1661 1051 1702; baseline 0.006 -14"><span class='ocrx_word' id='word_1_204' title='bbox 328 1664 421 1698; x_wconf 86' lang='lat' dir='ltr'>caput</span> <span class='ocrx_word' id='word_1_205' title='bbox 441 1661 601 1698; x_wconf 85' lang='lat' dir='ltr'>obnubito,</span> <span class='ocrx_word' id='word_1_206' title='bbox 621 1663 729 1692; x_wconf 84' lang='lat' dir='ltr'>arbore</span> <span class='ocrx_word' id='word_1_207' title='bbox 750 1661 867 1692; x_wconf 88' lang='lat' dir='ltr'>infelici</span> <span class='ocrx_word' id='word_1_208' title='bbox 887 1663 1051 1702; x_wconf 83' lang='lat' dir='ltr'>suspendi-</span> 
     </span>
     <span class='ocr_line' id='line_1_34' title="bbox 329 1702 1052 1745; baseline 0.006 -13"><span class='ocrx_word' id='word_1_209' title='bbox 329 1707 373 1732; x_wconf 84' lang='lat' dir='ltr'>t0.</span> <span class='ocrx_word' id='word_1_210' title='bbox 379 1702 397 1714; x_wconf 79' lang='lat'>&#39;³</span> <span class='ocrx_word' id='word_1_211' title='bbox 421 1709 469 1732; x_wconf 82' lang='lat' dir='ltr'>est</span> <span class='ocrx_word' id='word_1_212' title='bbox 484 1703 580 1742; x_wconf 83' lang='lat' dir='ltr'>igitur</span> <span class='ocrx_word' id='word_1_213' title='bbox 595 1706 773 1745; x_wconf 77' lang='grc' dir='ltr'>λειτουργεῖν,</span> <span class='ocrx_word' id='word_1_214' title='bbox 794 1706 912 1744; x_wconf 79' lang='lat' dir='ltr'>publico</span> <span class='ocrx_word' id='word_1_215' title='bbox 930 1716 1052 1736; x_wconf 80' lang='lat' dir='ltr'>munere</span> 
     </span>
     <span class='ocr_line' id='line_1_35' title="bbox 329 1743 1050 1788; baseline 0.003 -12"><span class='ocrx_word' id='word_1_216' title='bbox 329 1743 431 1786; x_wconf 62' lang='lat' dir='ltr'>fungi.</span> <span class='ocrx_word' id='word_1_217' title='bbox 478 1746 652 1788; x_wconf 61' lang='grc' dir='ltr'>λειτουργία,</span> <span class='ocrx_word' id='word_1_218' title='bbox 690 1759 810 1784; x_wconf 77' lang='lat' dir='ltr'>munus,</span> <span class='ocrx_word' id='word_1_219' title='bbox 844 1750 1050 1779; x_wconf 77' lang='lat' dir='ltr'>ministerium.</span> 
     </span>
     <span class='ocr_line' id='line_1_36' title="bbox 327 1786 1052 1832; baseline 0.006 -14"><span class='ocrx_word' id='word_1_220' title='bbox 327 1790 407 1819; x_wconf 82' lang='lat' dir='ltr'>Sane</span> <span class='ocrx_word' id='word_1_221' title='bbox 431 1786 591 1821; x_wconf 78' lang='lat' dir='ltr'>s&#39;ciendum</span> <span class='ocrx_word' id='word_1_222' title='bbox 616 1796 676 1826; x_wconf 80' lang='lat' dir='ltr'>est,</span> <span class='ocrx_word' id='word_1_223' title='bbox 695 1802 819 1831; x_wconf 85' lang='lat' dir='ltr'>spe‹1es</span> <span class='ocrx_word' id='word_1_224' title='bbox 846 1792 979 1832; x_wconf 89' lang='lat' dir='ltr'>quinque</span> <span class='ocrx_word' id='word_1_225' title='bbox 1002 1804 1052 1826; x_wconf 83' lang='grc' dir='ltr'>της</span> 
     </span>
     <span class='ocr_line' id='line_1_37' title="bbox 328 1832 1052 1884; baseline 0.004 -23"><span class='ocrx_word' id='word_1_226' title='bbox 328 1832 503 1884; x_wconf 77' lang='grc' dir='ltr'>λειτουργίας</span> <span class='ocrx_word' id='word_1_227' title='bbox 526 1834 622 1864; x_wconf 85' lang='lat' dir='ltr'>fuisse</span> <span class='ocrx_word' id='word_1_228' title='bbox 645 1835 900 1870; x_wconf 81' lang='lat' dir='ltr'>Atheniensibus,</span> <span class='ocrx_word' id='word_1_229' title='bbox 929 1847 1052 1875; x_wconf 62' lang='grc' dir='ltr'>τριηραρ-</span> 
     </span>
     <span class='ocr_line' id='line_1_38' title="bbox 328 1874 1051 1919; baseline 0.006 -16"><span class='ocrx_word' id='word_1_230' title='bbox 328 1874 408 1916; x_wconf 82' lang='grc' dir='ltr'>χίαν,</span> <span class='ocrx_word' id='word_1_231' title='bbox 435 1876 580 1918; x_wconf 75' lang='grc' dir='ltr'>χορηγίαν,</span> <span class='ocrx_word' id='word_1_232' title='bbox 597 1876 843 1919; x_wconf 79' lang='grc' dir='ltr'>γυμνασιαρχίαν,</span> <span class='ocrx_word' id='word_1_233' title='bbox 858 1877 1051 1918; x_wconf 67' lang='grc' dir='ltr'>ἑστιατοξίαν,</span> 
     </span>
     <span class='ocr_line' id='line_1_39' title="bbox 328 1919 1051 1961; baseline 0.006 -14"><span class='ocrx_word' id='word_1_234' title='bbox 328 1919 468 1959; x_wconf 56' lang='grc' dir='ltr'>εἰσφοράν,</span> <span class='ocrx_word' id='word_1_235' title='bbox 493 1931 560 1960; x_wconf 86' lang='lat' dir='ltr'>qnae</span> <span class='ocrx_word' id='word_1_236' title='bbox 584 1932 712 1951; x_wconf 82' lang='lat' dir='ltr'>munera</span> <span class='ocrx_word' id='word_1_237' title='bbox 734 1932 791 1961; x_wconf 78' lang='lat' dir='ltr'>pro</span> <span class='ocrx_word' id='word_1_238' title='bbox 815 1921 880 1951; x_wconf 90' lang='lat' dir='ltr'>suis</span> <span class='ocrx_word' id='word_1_239' title='bbox 898 1922 1051 1952; x_wconf 80' lang='lat' dir='ltr'>facultati-</span> 
     </span>
     <span class='ocr_line' id='line_1_40' title="bbox 329 1957 1051 2004; baseline 0.007 -13"><span class='ocrx_word' id='word_1_240' title='bbox 329 1963 386 1993; x_wconf 82' lang='lat' dir='ltr'>bus</span> <span class='ocrx_word' id='word_1_241' title='bbox 403 1963 541 1999; x_wconf 85' lang='lat' dir='ltr'>obibant,</span> <span class='ocrx_word' id='word_1_242' title='bbox 557 1965 638 1994; x_wconf 87' lang='lat' dir='ltr'>sed</span> <span class='ocrx_word' id='word_1_243' title='bbox 629 1976 659 1994; x_wconf 78' lang='lat' dir='ltr'>in</span> <span class='ocrx_word' id='word_1_244' title='bbox 676 1965 791 1994; x_wconf 78' lang='lat' dir='ltr'>classes</span> <span class='ocrx_word' id='word_1_245' title='bbox 809 1957 905 1994; x_wconf 84' lang='lat' dir='ltr'>divisi</span> <span class='ocrx_word' id='word_1_246' title='bbox 921 1976 978 2004; x_wconf 87' lang='lat' dir='ltr'>pro</span> <span class='ocrx_word' id='word_1_247' title='bbox 994 1976 1051 1996; x_wconf 88' lang='lat' dir='ltr'>suo</span> 
     </span>
     <span class='ocr_line' id='line_1_41' title="bbox 328 2006 1051 2048; baseline 0.006 -13"><span class='ocrx_word' id='word_1_248' title='bbox 328 2007 480 2046; x_wconf 87' lang='lat' dir='ltr'>cujusque</span> <span class='ocrx_word' id='word_1_249' title='bbox 494 2017 600 2043; x_wconf 88' lang='lat' dir='ltr'>censu,</span> <span class='ocrx_word' id='word_1_250' title='bbox 611 2019 686 2047; x_wconf 78' lang='lat' dir='ltr'>quas</span> <span class='ocrx_word' id='word_1_251' title='bbox 697 2007 745 2039; x_wconf 89' lang='grc'>1111</span> <span class='ocrx_word' id='word_1_252' title='bbox 757 2006 933 2048; x_wconf 77' lang='grc' dir='ltr'>συμμορίας.</span> <span class='ocrx_word' id='word_1_253' title='bbox 959 2009 1051 2039; x_wconf 88' lang='lat' dir='ltr'>Dem.</span> 
     </span>
     <span class='ocr_line' id='line_1_42' title="bbox 330 2047 1048 2104; baseline 0.006 -26"><span class='ocrx_word' id='word_1_254' title='bbox 330 2047 693 2104; x_wconf 65' lang='lat' dir='ltr'>[Olynth.11.p.f26.]</span> <span class='ocrx_word' id='word_1_255' title='bbox 712 2051 840 2092; x_wconf 59' lang='grc' dir='ltr'>πρότερον</span> <span class='ocrx_word' id='word_1_256' title='bbox 862 2051 918 2092; x_wconf 81' lang='grc' dir='ltr'>μὲν</span> <span class='ocrx_word' id='word_1_257' title='bbox 939 2054 1048 2093; x_wconf 73' lang='grc' dir='ltr'>γὰρ,ω</span> 
     </span>
     <span class='ocr_line' id='line_1_43' title="bbox 325 2091 1050 2136; baseline 0.006 -15"><span class='ocrx_word' id='word_1_258' title='bbox 325 2091 419 2132; x_wconf 69' lang='grc' dir='ltr'>ἄνδρες</span> <span class='ocrx_word' id='word_1_259' title='bbox 434 2092 585 2129; x_wconf 76' lang='grc' dir='ltr'>Ἀθηναῖοι,</span> <span class='ocrx_word' id='word_1_260' title='bbox 598 2094 756 2135; x_wconf 79' lang='grc' dir='ltr'>εἶσεφέρετε</span> <span class='ocrx_word' id='word_1_261' title='bbox 780 2097 860 2125; x_wconf 72' lang='grc' dir='ltr'>κατὰ</span> <span class='ocrx_word' id='word_1_262' title='bbox 875 2095 1050 2136; x_wconf 63' lang='grc' dir='ltr'>συμμορίας·</span> 
     </span>
     <span class='ocr_line' id='line_1_44' title="bbox 325 2135 1051 2178; baseline 0.007 -14"><span class='ocrx_word' id='word_1_263' title='bbox 325 2136 377 2165; x_wconf 80' lang='grc' dir='ltr'>νυνὶ</span> <span class='ocrx_word' id='word_1_264' title='bbox 394 2135 422 2165; x_wconf 78' lang='grc' dir='ltr'>δὲ</span> <span class='ocrx_word' id='word_1_265' title='bbox 448 2137 643 2168; x_wconf 64' lang='grc' dir='ltr'>’πολιτεύεσθε</span> <span class='ocrx_word' id='word_1_266' title='bbox 666 2141 747 2168; x_wconf 72' lang='grc' dir='ltr'>κατὰ.</span> <span class='ocrx_word' id='word_1_267' title='bbox 772 2137 949 2178; x_wconf 72' lang='grc' dir='ltr'>συμμορίας.</span> <span class='ocrx_word' id='word_1_268' title='bbox 994 2139 1051 2169; x_wconf 89' lang='lat' dir='ltr'>Ul-</span> 
     </span>
     <span class='ocr_line' id='line_1_45' title="bbox 327 2179 1050 2220; baseline 0.006 -11"><span class='ocrx_word' id='word_1_269' title='bbox 327 2179 456 2220; x_wconf 88' lang='lat' dir='ltr'>pianus:</span> <span class='ocrx_word' id='word_1_270' title='bbox 483 2191 551 2210; x_wconf 89' lang='lat' dir='ltr'>cum</span> <span class='ocrx_word' id='word_1_271' title='bbox 577 2181 682 2211; x_wconf 88' lang='lat' dir='ltr'>decem</span> <span class='ocrx_word' id='word_1_272' title='bbox 705 2182 806 2211; x_wconf 85' lang='lat' dir='ltr'>tribus</span> <span class='ocrx_word' id='word_1_273' title='bbox 830 2187 934 2211; x_wconf 86' lang='lat' dir='ltr'>essent</span> <span class='ocrx_word' id='word_1_274' title='bbox 953 2183 1050 2213; x_wconf 87' lang='lat' dir='ltr'>Athe-</span> 
     </span>
     <span class='ocr_line' id='line_1_46' title="bbox 325 2221 1049 2265; baseline 0.006 -13"><span class='ocrx_word' id='word_1_275' title='bbox 325 2221 387 2257; x_wconf 86' lang='lat' dir='ltr'>nis,</span> <span class='ocrx_word' id='word_1_276' title='bbox 403 2233 532 2254; x_wconf 84' lang='lat' dir='ltr'>necesse</span> <span class='ocrx_word' id='word_1_277' title='bbox 547 2224 701 2254; x_wconf 87' lang='lat' dir='ltr'>habebant</span> <span class='ocrx_word' id='word_1_278' title='bbox 712 2223 764 2263; x_wconf 78' lang='grc' dir='ltr'>ἀφ’</span> <span class='ocrx_word' id='word_1_279' title='bbox 777 2224 904 2259; x_wconf 77' lang='grc' dir='ltr'>ἑκάστης</span> <span class='ocrx_word' id='word_1_280' title='bbox 920 2225 1049 2265; x_wconf 58' lang='grc' dir='ltr'>προβάλ-</span> 
     </span>
     <span class='ocr_line' id='line_1_47' title="bbox 326 2264 1050 2308; baseline 0.006 -13"><span class='ocrx_word' id='word_1_281' title='bbox 326 2264 430 2296; x_wconf 58' lang='lat' dir='ltr'>zea-Gai</span> <span class='ocrx_word' id='word_1_282' title='bbox 446 2278 512 2302; x_wconf 80' lang='grc' dir='ltr'>τους</span> <span class='ocrx_word' id='word_1_283' title='bbox 533 2267 758 2308; x_wconf 71' lang='grc' dir='ltr'>πλουσιωτέξους</span> <span class='ocrx_word' id='word_1_284' title='bbox 779 2268 878 2304; x_wconf 73' lang='grc' dir='ltr'>αὐτ-ης,</span> <span class='ocrx_word' id='word_1_285' title='bbox 899 2268 999 2299; x_wconf 72' lang='grc' dir='ltr'>ἕκατον</span> <span class='ocrx_word' id='word_1_286' title='bbox 1013 2269 1050 2299; x_wconf 78' lang='grc' dir='ltr'>εἶ·</span> 
     </span>
     <span class='ocr_line' id='line_1_48' title="bbox 327 2309 1050 2365; baseline 0.007 -27"><span class='ocrx_word' id='word_1_287' title='bbox 327 2320 390 2339; x_wconf 80' lang='grc' dir='ltr'>κοσι</span> <span class='ocrx_word' id='word_1_288' title='bbox 421 2309 520 2351; x_wconf 73' lang='grc' dir='ltr'>ἄνδςας</span> <span class='ocrx_word' id='word_1_289' title='bbox 545 2323 610 2345; x_wconf 89' lang='grc' dir='ltr'>τους</span> <span class='ocrx_word' id='word_1_290' title='bbox 635 2311 886 2365; x_wconf 73' lang='grc' dir='ltr'>λειτουργήσοντας</span> <span class='ocrx_word' id='word_1_291' title='bbox 905 2311 974 2352; x_wconf 76' lang='grc' dir='ltr'>ὑπές</span> <span class='ocrx_word' id='word_1_292' title='bbox 999 2315 1050 2347; x_wconf 75' lang='grc' dir='ltr'>τῆς</span> 
     </span>
     <span class='ocr_line' id='line_1_49' title="bbox 327 2352 1051 2408; baseline 0.003 -24"><span class='ocrx_word' id='word_1_293' title='bbox 327 2352 446 2389; x_wconf 74' lang='grc' dir='ltr'>πόλεως.</span> <span class='ocrx_word' id='word_1_294' title='bbox 470 2353 536 2385; x_wconf 80' lang='grc' dir='ltr'>εἰτα</span> <span class='ocrx_word' id='word_1_295' title='bbox 557 2355 578 2385; x_wconf 78' lang='grc' dir='ltr'>οἳ</span> <span class='ocrx_word' id='word_1_296' title='bbox 600 2353 700 2385; x_wconf 71' lang='grc' dir='ltr'>ἑκατὸν</span> <span class='ocrx_word' id='word_1_297' title='bbox 721 2354 806 2386; x_wconf 84' lang='grc' dir='ltr'>ε’ίκοσι</span> <span class='ocrx_word' id='word_1_298' title='bbox 829 2366 902 2384; x_wconf 89' lang='grc' dir='ltr'>ουτοι</span> <span class='ocrx_word' id='word_1_299' title='bbox 926 2354 1051 2408; x_wconf 79' lang='grc' dir='ltr'>ἐμέριζον</span> 
     </span>
     <span class='ocr_line' id='line_1_50' title="bbox 326 2397 1051 2439; baseline 0.007 -15"><span class='ocrx_word' id='word_1_300' title='bbox 326 2397 444 2431; x_wconf 80' lang='grc' dir='ltr'>εαυτους</span> <span class='ocrx_word' id='word_1_301' title='bbox 462 2397 501 2432; x_wconf 85' lang='grc' dir='ltr'>εἷς</span> <span class='ocrx_word' id='word_1_302' title='bbox 523 2397 568 2429; x_wconf 80' lang='grc' dir='ltr'>δύο</span> <span class='ocrx_word' id='word_1_303' title='bbox 589 2397 744 2439; x_wconf 65' lang='grc' dir='ltr'>μεξίδας,“</span> <span class='ocrx_word' id='word_1_304' title='bbox 736 2411 779 2429; x_wconf 87' lang='grc' dir='ltr'>ινα</span> <span class='ocrx_word' id='word_1_305' title='bbox 803 2397 935 2437; x_wconf 77' lang='grc' dir='ltr'>ἑξηκοντα</span> <span class='ocrx_word' id='word_1_306' title='bbox 959 2399 1051 2430; x_wconf 74' lang='grc' dir='ltr'>αὐτῶν</span> 
     </span>
     <span class='ocr_line' id='line_1_51' title="bbox 327 2437 1049 2482; baseline 0.007 -15"><span class='ocrx_word' id='word_1_307' title='bbox 327 2437 439 2470; x_wconf 78' lang='grc' dir='ltr'>ἔσονται</span> <span class='ocrx_word' id='word_1_308' title='bbox 452 2441 474 2471; x_wconf 85' lang='grc' dir='ltr'>οἳ</span> <span class='ocrx_word' id='word_1_309' title='bbox 493 2442 567 2472; x_wconf 76' lang='grc' dir='ltr'>πάνυ</span> <span class='ocrx_word' id='word_1_310' title='bbox 580 2442 724 2479; x_wconf 77' lang='grc' dir='ltr'>πλούσιοι,</span> <span class='ocrx_word' id='word_1_311' title='bbox 736 2443 758 2472; x_wconf 77' lang='grc' dir='ltr'>οῖ</span> <span class='ocrx_word' id='word_1_312' title='bbox 769 2441 797 2472; x_wconf 75' lang='grc' dir='ltr'>δὲ</span> <span class='ocrx_word' id='word_1_313' title='bbox 813 2442 898 2471; x_wconf 75' lang='grc' dir='ltr'>ἄλλοι</span> <span class='ocrx_word' id='word_1_314' title='bbox 913 2441 1049 2482; x_wconf 72' lang='grc' dir='ltr'>ἑξηκοντα</span> 
     </span>
     <span class='ocr_line' id='line_1_52' title="bbox 327 2484 1048 2527; baseline 0.007 -16"><span class='ocrx_word' id='word_1_315' title='bbox 327 2493 411 2513; x_wconf 86' lang='grc' dir='ltr'>ηττον</span> <span class='ocrx_word' id='word_1_316' title='bbox 426 2484 578 2515; x_wconf 61' lang='grc' dir='ltr'>«πλούσιοι.</span> <span class='ocrx_word' id='word_1_317' title='bbox 601 2484 717 2524; x_wconf 77' lang='grc' dir='ltr'>ἐλέγετο</span> <span class='ocrx_word' id='word_1_318' title='bbox 734 2485 762 2516; x_wconf 75' lang='grc' dir='ltr'>δὲ</span> <span class='ocrx_word' id='word_1_319' title='bbox 783 2498 816 2515; x_wconf 89' lang='grc' dir='ltr'>το</span> <span class='ocrx_word' id='word_1_320' title='bbox 832 2485 978 2527; x_wconf 78' lang='grc' dir='ltr'>σύστημα</span> <span class='ocrx_word' id='word_1_321' title='bbox 999 2487 1048 2516; x_wconf 82' lang='grc' dir='ltr'>αὖ·</span> 
     </span>
     <span class='ocr_line' id='line_1_53' title="bbox 326 2527 1049 2571; baseline 0.007 -17"><span class='ocrx_word' id='word_1_322' title='bbox 326 2527 382 2554; x_wconf 77' lang='grc' dir='ltr'>τῶν</span> <span class='ocrx_word' id='word_1_323' title='bbox 399 2529 455 2556; x_wconf 78' lang='grc' dir='ltr'>τῶν</span> <span class='ocrx_word' id='word_1_324' title='bbox 477 2527 622 2567; x_wconf 77' lang='grc' dir='ltr'>ἑξήκοντα,</span> <span class='ocrx_word' id='word_1_325' title='bbox 647 2528 810 2571; x_wconf 74' lang='grc' dir='ltr'>συμμορία,</span> <span class='ocrx_word' id='word_1_326' title='bbox 825 2528 898 2560; x_wconf 79' lang='grc' dir='ltr'>οἱονεὶ</span> <span class='ocrx_word' id='word_1_327' title='bbox 918 2530 997 2570; x_wconf 62' lang='lat' dir='ltr'>wag&amp;</span> <span class='ocrx_word' id='word_1_328' title='bbox 1015 2542 1049 2559; x_wconf 87' lang='grc' dir='ltr'>το</span> 
     </span>
     <span class='ocr_line' id='line_1_54' title="bbox 325 2567 1048 2612; baseline 0.007 -14"><span class='ocrx_word' id='word_1_329' title='bbox 325 2567 411 2610; x_wconf 77' lang='grc' dir='ltr'>μέρος</span> <span class='ocrx_word' id='word_1_330' title='bbox 424 2568 492 2600; x_wconf 79' lang='grc' dir='ltr'>εῖναι</span> <span class='ocrx_word' id='word_1_331' title='bbox 506 2582 558 2605; x_wconf 75' lang='grc' dir='ltr'>τνς</span> <span class='ocrx_word' id='word_1_332' title='bbox 573 2571 692 2606; x_wconf 75' lang='grc' dir='ltr'>πόλεως.</span> <span class='ocrx_word' id='word_1_333' title='bbox 738 2574 814 2603; x_wconf 84' lang='lat' dir='ltr'>Cum</span> <span class='ocrx_word' id='word_1_334' title='bbox 830 2571 927 2612; x_wconf 82' lang='lat' dir='ltr'>igitur</span> <span class='ocrx_word' id='word_1_335' title='bbox 939 2573 1048 2604; x_wconf 86' lang='lat' dir='ltr'>decem</span> 
     </span>
     <span class='ocr_line' id='line_1_55' title="bbox 325 2613 1048 2656; baseline 0.008 -15"><span class='ocrx_word' id='word_1_336' title='bbox 325 2618 431 2642; x_wconf 86' lang='lat' dir='ltr'>essent</span> <span class='ocrx_word' id='word_1_337' title='bbox 454 2613 564 2651; x_wconf 90' lang='lat' dir='ltr'>tribus,</span> <span class='ocrx_word' id='word_1_338' title='bbox 587 2621 617 2646; x_wconf 83' lang='lat' dir='ltr'>et</span> <span class='ocrx_word' id='word_1_339' title='bbox 641 2627 771 2656; x_wconf 88' lang='lat' dir='ltr'>quaeque</span> <span class='ocrx_word' id='word_1_340' title='bbox 794 2616 901 2646; x_wconf 80' lang='lat' dir='ltr'>ederet</span> <span class='ocrx_word' id='word_1_341' title='bbox 924 2620 1048 2648; x_wconf 86' lang='lat' dir='ltr'>centum</span> 
     </span>
     <span class='ocr_line' id='line_1_56' title="bbox 326 2654 1048 2695; baseline 0.007 -10"><span class='ocrx_word' id='word_1_342' title='bbox 326 2654 437 2695; x_wconf 83' lang='lat' dir='ltr'>viginti</span> <span class='ocrx_word' id='word_1_343' title='bbox 453 2656 551 2693; x_wconf 81' lang='lat' dir='ltr'>viros,</span> <span class='ocrx_word' id='word_1_344' title='bbox 571 2658 673 2693; x_wconf 74' lang='grc' dir='ltr'>συνέβη</span> <span class='ocrx_word' id='word_1_345' title='bbox 695 2671 759 2694; x_wconf 84' lang='grc' dir='ltr'>τους</span> <span class='ocrx_word' id='word_1_346' title='bbox 779 2659 893 2693; x_wconf 73' lang='grc' dir='ltr'>πάντας</span> <span class='ocrx_word' id='word_1_347' title='bbox 907 2665 972 2690; x_wconf 81' lang='grc' dir='ltr'>εἰναι</span> <span class='ocrx_word' id='word_1_348' title='bbox 988 2665 1048 2690; x_wconf 87' lang='grc' dir='ltr'>λει-</span> 
     </span>
     <span class='ocr_line' id='line_1_57' title="bbox 326 2700 1048 2742; baseline 0.008 -14"><span class='ocrx_word' id='word_1_349' title='bbox 326 2700 457 2740; x_wconf 81' lang='grc' dir='ltr'>τουργοὺς</span> <span class='ocrx_word' id='word_1_350' title='bbox 472 2700 557 2730; x_wconf 89' lang='lat' dir='ltr'>mille</span> <span class='ocrx_word' id='word_1_351' title='bbox 575 2702 735 2732; x_wconf 86' lang='lat' dir='ltr'>ducentos.</span> <span class='ocrx_word' id='word_1_352' title='bbox 778 2703 840 2733; x_wconf 89' lang='lat' dir='ltr'>Sed</span> <span class='ocrx_word' id='word_1_353' title='bbox 856 2703 887 2732; x_wconf 87' lang='lat' dir='ltr'>hi</span> <span class='ocrx_word' id='word_1_354' title='bbox 903 2704 1048 2742; x_wconf 84' lang='lat' dir='ltr'>graviora</span> 
     </span>
     <span class='ocr_line' id='line_1_58' title="bbox 325 2743 1048 2778; baseline 0.008 -6"><span class='ocrx_word' id='word_1_355' title='bbox 325 2743 430 2774; x_wconf 84' lang='lat' dir='ltr'>munia</span> <span class='ocrx_word' id='word_1_356' title='bbox 445 2744 599 2775; x_wconf 87' lang='lat' dir='ltr'>subibant.</span> <span class='ocrx_word' id='word_1_357' title='bbox 632 2746 704 2775; x_wconf 89' lang='lat' dir='ltr'>Hoc</span> <span class='ocrx_word' id='word_1_358' title='bbox 719 2745 894 2776; x_wconf 85' lang='lat' dir='ltr'>institutum</span> <span class='ocrx_word' id='word_1_359' title='bbox 910 2746 1048 2778; x_wconf 88' lang='lat' dir='ltr'>imitatus</span> 
     </span>
     <span class='ocr_line' id='line_1_59' title="bbox 325 2782 1047 2832; baseline 0.008 -16"><span class='ocrx_word' id='word_1_360' title='bbox 325 2782 375 2816; x_wconf 74' lang='lat' dir='ltr'>est&#39;</span> <span class='ocrx_word' id='word_1_361' title='bbox 391 2787 519 2818; x_wconf 86' lang='lat' dir='ltr'>Servius</span> <span class='ocrx_word' id='word_1_362' title='bbox 533 2788 654 2819; x_wconf 90' lang='lat' dir='ltr'>Tullius</span> <span class='ocrx_word' id='word_1_363' title='bbox 672 2789 800 2829; x_wconf 79' lang='lat' dir='ltr'>[Livius</span> <span class='ocrx_word' id='word_1_364' title='bbox 816 2789 870 2820; x_wconf 86' lang='lat' dir='ltr'>lib.</span> <span class='ocrx_word' id='word_1_365' title='bbox 888 2790 914 2820; x_wconf 94' lang='grc' dir='ltr'>Ι.</span> <span class='ocrx_word' id='word_1_366' title='bbox 931 2801 958 2820; x_wconf 84' lang='lat' dir='ltr'>c.</span> <span class='ocrx_word' id='word_1_367' title='bbox 975 2790 1047 2832; x_wconf 69' lang='lat'>24]</span> 
     </span>
     <span class='ocr_line' id='line_1_60' title="bbox 324 2831 1047 2865; baseline 0.008 -6"><span class='ocrx_word' id='word_1_368' title='bbox 324 2833 346 2846; x_wconf 92' lang='lat'><em>“</em></span> <span class='ocrx_word' id='word_1_369' title='bbox 364 2831 499 2861; x_wconf 87' lang='lat' dir='ltr'>Censum</span> <span class='ocrx_word' id='word_1_370' title='bbox 526 2831 607 2863; x_wconf 88' lang='lat' dir='ltr'>enim</span> <span class='ocrx_word' id='word_1_371' title='bbox 631 2831 768 2862; x_wconf 84' lang='lat' dir='ltr'>instituit</span> <span class='ocrx_word' id='word_1_372' title='bbox 790 2843 855 2863; x_wconf 89' lang='lat' dir='ltr'>rem</span> <span class='ocrx_word' id='word_1_373' title='bbox 881 2833 1047 2865; x_wconf 86' lang='lat' dir='ltr'>saluberri-</span> 
     </span>
     <span class='ocr_line' id='line_1_61' title="bbox 325 2875 1046 2915; baseline 0.007 -12"><span class='ocrx_word' id='word_1_374' title='bbox 325 2883 406 2904; x_wconf 86' lang='lat' dir='ltr'>mam</span> <span class='ocrx_word' id='word_1_375' title='bbox 421 2878 506 2904; x_wconf 85' lang='lat' dir='ltr'>tanto</span> <span class='ocrx_word' id='word_1_376' title='bbox 529 2876 632 2913; x_wconf 85' lang='lat' dir='ltr'>futuro</span> <span class='ocrx_word' id='word_1_377' title='bbox 652 2875 804 2915; x_wconf 85' lang='lat' dir='ltr'>imperio:</span> <span class='ocrx_word' id='word_1_378' title='bbox 828 2887 868 2906; x_wconf 81' lang='lat' dir='ltr'>ex</span> <span class='ocrx_word' id='word_1_379' title='bbox 886 2887 948 2915; x_wconf 89' lang='lat' dir='ltr'>quo</span> <span class='ocrx_word' id='word_1_380' title='bbox 970 2877 1046 2908; x_wconf 90' lang='lat' dir='ltr'>belli</span> 
     </span>
     <span class='ocr_line' id='line_1_62' title="bbox 322 2916 1046 2957; baseline 0.008 -11"><span class='ocrx_word' id='word_1_381' title='bbox 322 2916 471 2957; x_wconf 87' lang='lat' dir='ltr'>pacisque</span> <span class='ocrx_word' id='word_1_382' title='bbox 486 2919 591 2949; x_wconf 89' lang='lat' dir='ltr'>munia</span> <span class='ocrx_word' id='word_1_383' title='bbox 611 2929 672 2949; x_wconf 87' lang='lat' dir='ltr'>non</span> <span class='ocrx_word' id='word_1_384' title='bbox 688 2919 816 2954; x_wconf 87' lang='lat' dir='ltr'>viritim,</span> <span class='ocrx_word' id='word_1_385' title='bbox 835 2923 869 2949; x_wconf 82' lang='lat' dir='ltr'>ut</span> <span class='ocrx_word' id='word_1_386' title='bbox 890 2925 969 2956; x_wconf 85' lang='lat' dir='ltr'>ante,</span> <span class='ocrx_word' id='word_1_387' title='bbox 990 2922 1046 2952; x_wconf 85' lang='lat' dir='ltr'>sed</span> 
     </span>
     <span class='ocr_line' id='line_1_63' title="bbox 322 2961 1046 3002; baseline 0.006 -12"><span class='ocrx_word' id='word_1_388' title='bbox 322 2969 382 2998; x_wconf 90' lang='lat' dir='ltr'>pro</span> <span class='ocrx_word' id='word_1_389' title='bbox 394 2961 500 2993; x_wconf 87' lang='lat' dir='ltr'>habitu</span> <span class='ocrx_word' id='word_1_390' title='bbox 516 2962 713 3002; x_wconf 82' lang='lat' dir='ltr'>pecuniarum</span> <span class='ocrx_word' id='word_1_391' title='bbox 729 2963 846 2993; x_wconf 85' lang='lat' dir='ltr'>fierent.</span> <span class='ocrx_word' id='word_1_392' title='bbox 871 2963 950 2993; x_wconf 88' lang='lat' dir='ltr'>Tum</span> <span class='ocrx_word' id='word_1_393' title='bbox 966 2965 1046 2994; x_wconf 87' lang='lat' dir='ltr'>clas-</span> 
     </span>
     <span class='ocr_line' id='line_1_64' title="bbox 322 3005 1045 3046; baseline 0.007 -13"><span class='ocrx_word' id='word_1_394' title='bbox 322 3013 373 3033; x_wconf 88' lang='lat' dir='ltr'>ses</span> <span class='ocrx_word' id='word_1_395' title='bbox 386 3005 600 3046; x_wconf 83' lang='lat' dir='ltr'>centuriasque</span> <span class='ocrx_word' id='word_1_396' title='bbox 611 3011 642 3036; x_wconf 88' lang='lat' dir='ltr'>et</span> <span class='ocrx_word' id='word_1_397' title='bbox 656 3007 736 3037; x_wconf 89' lang='lat' dir='ltr'>hunc</span> <span class='ocrx_word' id='word_1_398' title='bbox 749 3006 887 3038; x_wconf 83' lang='lat' dir='ltr'>ordinem</span> <span class='ocrx_word' id='word_1_399' title='bbox 898 3017 937 3036; x_wconf 86' lang='lat' dir='ltr'>ex</span> <span class='ocrx_word' id='word_1_400' title='bbox 950 3017 1045 3038; x_wconf 87' lang='lat' dir='ltr'>censu</span> 
     </span>
     <span class='ocr_line' id='line_1_65' title="bbox 322 3045 1046 3090; baseline 0.008 -14"><span class='ocrx_word' id='word_1_401' title='bbox 322 3045 504 3088; x_wconf 79' lang='lat' dir='ltr'>descripsit,</span> <span class='ocrx_word' id='word_1_402' title='bbox 519 3050 570 3081; x_wconf 84' lang='lat' dir='ltr'>vel</span> <span class='ocrx_word' id='word_1_403' title='bbox 592 3050 661 3090; x_wconf 88' lang='lat' dir='ltr'>paci</span> <span class='ocrx_word' id='word_1_404' title='bbox 683 3049 841 3087; x_wconf 86' lang='lat' dir='ltr'>decorum,</span> <span class='ocrx_word' id='word_1_405' title='bbox 859 3050 908 3081; x_wconf 88' lang='lat' dir='ltr'>vel</span> <span class='ocrx_word' id='word_1_406' title='bbox 930 3050 1024 3082; x_wconf 88' lang='lat' dir='ltr'>bello.</span> <span class='ocrx_word' id='word_1_407' title='bbox 1027 3050 1046 3066; x_wconf 89' lang='lat'>&#39;&#39;</span> 
     </span>
    </p>
   </div>
   <div class='ocr_carea' id='block_1_3' title="bbox 680 200 1456 244">
    <p class='ocr_par' dir='ltr' id='par_1_3' title="bbox 680 200 1456 244">
     <span class='ocr_line' id='line_1_66' title="bbox 680 200 1456 244; baseline 0 -1"><span class='ocrx_word' id='word_1_408' title='bbox 680 201 936 243; x_wconf 85' lang='lat' dir='ltr'>DOUNAEI</span> <span class='ocrx_word' id='word_1_409' title='bbox 974 200 1456 244; x_wconf 83' lang='lat' dir='ltr'><strong>PRAELECTIONES</strong></span> 
     </span>
    </p>
   </div>
   <div class='ocr_carea' id='block_1_4' title="bbox 1086 317 1812 1568">
    <p class='ocr_par' dir='ltr' id='par_1_4' title="bbox 1086 317 1812 1568">
     <span class='ocr_line' id='line_1_67' title="bbox 1088 317 1810 360; baseline 0.006 -13"><span class='ocrx_word' id='word_1_410' title='bbox 1088 318 1254 348; x_wconf 80' lang='lat' dir='ltr'>Sallustius</span> <span class='ocrx_word' id='word_1_411' title='bbox 1279 317 1378 359; x_wconf 80' lang='lat' dir='ltr'>[Bell.</span> <span class='ocrx_word' id='word_1_412' title='bbox 1393 318 1466 358; x_wconf 86' lang='lat' dir='ltr'>Jug.</span> <span class='ocrx_word' id='word_1_413' title='bbox 1481 329 1510 350; x_wconf 89' lang='lat' dir='ltr'>c.</span> <span class='ocrx_word' id='word_1_414' title='bbox 1526 318 1596 360; x_wconf 56' lang='lat'>82]</span> <span class='ocrx_word' id='word_1_415' title='bbox 1623 320 1744 359; x_wconf 66' lang='lat' dir='ltr'>,ulpse</span> <span class='ocrx_word' id='word_1_416' title='bbox 1763 320 1810 351; x_wconf 87' lang='lat' dir='ltr'>in-</span> 
     </span>
     <span class='ocr_line' id='line_1_68' title="bbox 1088 361 1808 403; baseline 0.007 -14"><span class='ocrx_word' id='word_1_417' title='bbox 1088 366 1173 391; x_wconf 85' lang='lat' dir='ltr'>terea</span> <span class='ocrx_word' id='word_1_418' title='bbox 1188 361 1305 391; x_wconf 87' lang='lat' dir='ltr'>milites</span> <span class='ocrx_word' id='word_1_419' title='bbox 1317 361 1464 398; x_wconf 85' lang='lat' dir='ltr'>scribere,</span> <span class='ocrx_word' id='word_1_420' title='bbox 1482 373 1540 392; x_wconf 88' lang='lat' dir='ltr'>non</span> <span class='ocrx_word' id='word_1_421' title='bbox 1552 373 1638 393; x_wconf 86' lang='lat' dir='ltr'>more</span> <span class='ocrx_word' id='word_1_422' title='bbox 1648 365 1808 403; x_wconf 85' lang='lat' dir='ltr'>majorum,</span> 
     </span>
     <span class='ocr_line' id='line_1_69' title="bbox 1087 405 1811 446; baseline 0.006 -13"><span class='ocrx_word' id='word_1_423' title='bbox 1087 415 1186 444; x_wconf 86' lang='lat' dir='ltr'>neque</span> <span class='ocrx_word' id='word_1_424' title='bbox 1203 416 1242 434; x_wconf 84' lang='lat' dir='ltr'>ex</span> <span class='ocrx_word' id='word_1_425' title='bbox 1259 405 1426 442; x_wconf 85' lang='lat' dir='ltr'>classibus,</span> <span class='ocrx_word' id='word_1_426' title='bbox 1442 406 1495 435; x_wconf 88' lang='lat' dir='ltr'>sed</span> <span class='ocrx_word' id='word_1_427' title='bbox 1512 406 1556 436; x_wconf 85' lang='lat' dir='ltr'>uti</span> <span class='ocrx_word' id='word_1_428' title='bbox 1572 407 1722 446; x_wconf 85' lang='lat' dir='ltr'>cujusque</span> <span class='ocrx_word' id='word_1_429' title='bbox 1737 407 1811 437; x_wconf 85' lang='lat' dir='ltr'>libi-</span> 
     </span>
     <span class='ocr_line' id='line_1_70' title="bbox 1087 448 1806 490; baseline 0.006 -13"><span class='ocrx_word' id='word_1_430' title='bbox 1087 448 1127 477; x_wconf 88' lang='lat' dir='ltr'>do</span> <span class='ocrx_word' id='word_1_431' title='bbox 1143 452 1221 484; x_wconf 85' lang='lat' dir='ltr'>erat,</span> <span class='ocrx_word' id='word_1_432' title='bbox 1237 448 1339 487; x_wconf 84' lang='lat' dir='ltr'>capite</span> <span class='ocrx_word' id='word_1_433' title='bbox 1354 459 1462 478; x_wconf 85' lang='lat' dir='ltr'>censos</span> <span class='ocrx_word' id='word_1_434' title='bbox 1476 448 1678 490; x_wconf 87' lang='lat' dir='ltr'>plerosque.&#39;&#39;</span> <span class='ocrx_word' id='word_1_435' title='bbox 1694 449 1725 480; x_wconf 90' lang='lat' dir='ltr'>hi</span> <span class='ocrx_word' id='word_1_436' title='bbox 1742 461 1806 481; x_wconf 86' lang='lat' dir='ltr'>rem</span> 
     </span>
     <span class='ocr_line' id='line_1_71' title="bbox 1086 492 1808 531; baseline 0.006 -11"><span class='ocrx_word' id='word_1_437' title='bbox 1086 502 1144 521; x_wconf 90' lang='lat' dir='ltr'>non</span> <span class='ocrx_word' id='word_1_438' title='bbox 1157 492 1321 522; x_wconf 84' lang='lat' dir='ltr'>habebant.</span> <span class='ocrx_word' id='word_1_439' title='bbox 1332 492 1436 531; x_wconf 80' lang='lat' dir='ltr'>itaque</span> <span class='ocrx_word' id='word_1_440' title='bbox 1448 492 1597 523; x_wconf 87' lang='lat' dir='ltr'>immunes</span> <span class='ocrx_word' id='word_1_441' title='bbox 1607 498 1701 524; x_wconf 83' lang='lat' dir='ltr'>erant.</span> <span class='ocrx_word' id='word_1_442' title='bbox 1727 493 1808 524; x_wconf 88' lang='lat' dir='ltr'>Nam</span> 
     </span>
     <span class='ocr_line' id='line_1_72' title="bbox 1088 535 1807 576; baseline 0.004 -12"><span class='ocrx_word' id='word_1_443' title='bbox 1088 539 1121 564; x_wconf 91' lang='lat' dir='ltr'>ut</span> <span class='ocrx_word' id='word_1_444' title='bbox 1135 535 1198 565; x_wconf 89' lang='lat' dir='ltr'>dici</span> <span class='ocrx_word' id='word_1_445' title='bbox 1211 536 1302 571; x_wconf 85' lang='lat' dir='ltr'>solet,</span> <span class='ocrx_word' id='word_1_446' title='bbox 1320 536 1369 564; x_wconf 88' lang='lat' dir='ltr'>ubi</span> <span class='ocrx_word' id='word_1_447' title='bbox 1385 546 1443 565; x_wconf 89' lang='lat' dir='ltr'>non</span> <span class='ocrx_word' id='word_1_448' title='bbox 1457 537 1600 575; x_wconf 79' lang='lat' dir='ltr'>estquod</span> <span class='ocrx_word' id='word_1_449' title='bbox 1615 537 1735 576; x_wconf 78' lang='lat' dir='ltr'>exigas,</span> <span class='ocrx_word' id='word_1_450' title='bbox 1751 547 1807 567; x_wconf 88' lang='lat' dir='ltr'>rex</span> 
     </span>
     <span class='ocr_line' id='line_1_73' title="bbox 1088 578 1802 618; baseline 0.004 -11"><span class='ocrx_word' id='word_1_451' title='bbox 1088 589 1208 617; x_wconf 81' lang='lat' dir='ltr'>quoqne</span> <span class='ocrx_word' id='word_1_452' title='bbox 1233 579 1300 618; x_wconf 88' lang='lat' dir='ltr'>ipse</span> <span class='ocrx_word' id='word_1_453' title='bbox 1319 579 1372 617; x_wconf 83' lang='lat' dir='ltr'>jus</span> <span class='ocrx_word' id='word_1_454' title='bbox 1396 589 1484 608; x_wconf 87' lang='lat' dir='ltr'>sunm</span> <span class='ocrx_word' id='word_1_455' title='bbox 1507 578 1632 610; x_wconf 84' lang='lat' dir='ltr'>amittit.</span> <span class='ocrx_word' id='word_1_456' title='bbox 1676 581 1802 610; x_wconf 84' lang='lat' dir='ltr'>Festus:</span> 
     </span>
     <span class='ocr_line' id='line_1_74' title="bbox 1087 622 1808 661; baseline 0.001 -10"><span class='ocrx_word' id='word_1_457' title='bbox 1087 626 1109 638; x_wconf 91' lang='lat'>“</span> <span class='ocrx_word' id='word_1_458' title='bbox 1124 623 1251 652; x_wconf 80' lang='lat' dir='ltr'>Manem</span> <span class='ocrx_word' id='word_1_459' title='bbox 1282 622 1453 661; x_wconf 69' lang='lat' dir='ltr'>significare</span> <span class='ocrx_word' id='word_1_460' title='bbox 1477 627 1596 652; x_wconf 84' lang='lat' dir='ltr'>certum</span> <span class='ocrx_word' id='word_1_461' title='bbox 1624 627 1671 653; x_wconf 82' lang='lat' dir='ltr'>est</span> <span class='ocrx_word' id='word_1_462' title='bbox 1693 622 1808 658; x_wconf 84' lang='lat' dir='ltr'>officio-</span> 
     </span>
     <span class='ocr_line' id='line_1_75' title="bbox 1088 665 1810 701; baseline 0.003 -7"><span class='ocrx_word' id='word_1_463' title='bbox 1088 675 1166 700; x_wconf 88' lang='lat' dir='ltr'>sum,</span> <span class='ocrx_word' id='word_1_464' title='bbox 1192 666 1271 695; x_wconf 91' lang='lat' dir='ltr'>unde</span> <span class='ocrx_word' id='word_1_465' title='bbox 1295 676 1312 695; x_wconf 85' lang='lat' dir='ltr'>e</span> <span class='ocrx_word' id='word_1_466' title='bbox 1336 665 1489 695; x_wconf 84' lang='lat' dir='ltr'>contrario</span> <span class='ocrx_word' id='word_1_467' title='bbox 1518 665 1662 695; x_wconf 83' lang='lat' dir='ltr'>immunis</span> <span class='ocrx_word' id='word_1_468' title='bbox 1683 666 1810 701; x_wconf 86' lang='lat' dir='ltr'>dicitur,</span> 
     </span>
     <span class='ocr_line' id='line_1_76' title="bbox 1088 708 1808 750; baseline 0.003 -13"><span class='ocrx_word' id='word_1_469' title='bbox 1088 708 1140 746; x_wconf 89' lang='lat' dir='ltr'>qui</span> <span class='ocrx_word' id='word_1_470' title='bbox 1156 709 1239 738; x_wconf 89' lang='lat' dir='ltr'>nullo</span> <span class='ocrx_word' id='word_1_471' title='bbox 1258 709 1396 747; x_wconf 84' lang='lat' dir='ltr'>fungitur</span> <span class='ocrx_word' id='word_1_472' title='bbox 1412 708 1523 739; x_wconf 89' lang='lat' dir='ltr'>officio.</span> <span class='ocrx_word' id='word_1_473' title='bbox 1547 708 1597 750; x_wconf 89' lang='lat' dir='ltr'>[p.</span> <span class='ocrx_word' id='word_1_474' title='bbox 1612 710 1664 739; x_wconf 83' lang='lat'>83.</span> <span class='ocrx_word' id='word_1_475' title='bbox 1680 710 1729 739; x_wconf 89' lang='lat' dir='ltr'>ed.</span> <span class='ocrx_word' id='word_1_476' title='bbox 1749 710 1808 750; x_wconf 89' lang='lat' dir='ltr'>D.]</span> 
     </span>
     <span class='ocr_line' id='line_1_77' title="bbox 1089 751 1808 794; baseline 0.003 -14"><span class='ocrx_word' id='word_1_477' title='bbox 1089 751 1219 780; x_wconf 65' lang='lat' dir='ltr'>Plautus</span> <span class='ocrx_word' id='word_1_478' title='bbox 1233 751 1439 792; x_wconf 88' lang='lat' dir='ltr'>[Trinummo.</span> <span class='ocrx_word' id='word_1_479' title='bbox 1452 753 1522 782; x_wconf 84' lang='lat' dir='ltr'>Act.</span> <span class='ocrx_word' id='word_1_480' title='bbox 1537 753 1564 789; x_wconf 85' lang='lat' dir='ltr'>l,</span> <span class='ocrx_word' id='word_1_481' title='bbox 1577 763 1620 782; x_wconf 83' lang='lat' dir='ltr'>sc.</span> <span class='ocrx_word' id='word_1_482' title='bbox 1633 755 1663 782; x_wconf 93' lang='lat'>1.</span> <span class='ocrx_word' id='word_1_483' title='bbox 1678 763 1708 784; x_wconf 86' lang='lat' dir='ltr'>v.</span> <span class='ocrx_word' id='word_1_484' title='bbox 1720 756 1748 782; x_wconf 89' lang='lat'>1.</span> <span class='ocrx_word' id='word_1_485' title='bbox 1764 754 1808 794; x_wconf 88' lang='lat' dir='ltr'>s.]</span> 
     </span>
     <span class='ocr_line' id='line_1_78' title="bbox 1088 795 1809 833; baseline 0.003 -10"><span class='ocrx_word' id='word_1_486' title='bbox 1088 797 1110 810; x_wconf 91' lang='lat'><em>“</em></span> <span class='ocrx_word' id='word_1_487' title='bbox 1125 795 1266 824; x_wconf 79' lang='lat' dir='ltr'>Amicum</span> <span class='ocrx_word' id='word_1_488' title='bbox 1285 795 1434 833; x_wconf 87' lang='lat' dir='ltr'>castigare</span> <span class='ocrx_word' id='word_1_489' title='bbox 1455 796 1494 825; x_wconf 90' lang='lat' dir='ltr'>ob</span> <span class='ocrx_word' id='word_1_490' title='bbox 1514 795 1651 826; x_wconf 89' lang='lat' dir='ltr'>meritam</span> <span class='ocrx_word' id='word_1_491' title='bbox 1672 796 1809 832; x_wconf 82' lang='lat' dir='ltr'>noxiam,</span> 
     </span>
     <span class='ocr_line' id='line_1_79' title="bbox 1088 837 1808 874; baseline 0.003 -8"><span class='ocrx_word' id='word_1_492' title='bbox 1088 837 1226 867; x_wconf 87' lang='lat' dir='ltr'>Immune</span> <span class='ocrx_word' id='word_1_493' title='bbox 1243 842 1289 867; x_wconf 85' lang='lat' dir='ltr'>est</span> <span class='ocrx_word' id='word_1_494' title='bbox 1307 838 1438 874; x_wconf 83' lang='lat' dir='ltr'>facinus,</span> <span class='ocrx_word' id='word_1_495' title='bbox 1454 848 1560 868; x_wconf 83' lang='lat' dir='ltr'>verum</span> <span class='ocrx_word' id='word_1_496' title='bbox 1576 839 1606 868; x_wconf 92' lang='lat' dir='ltr'>in</span> <span class='ocrx_word' id='word_1_497' title='bbox 1623 844 1713 869; x_wconf 87' lang='lat' dir='ltr'>aetate</span> <span class='ocrx_word' id='word_1_498' title='bbox 1731 840 1808 869; x_wconf 79' lang='lat' dir='ltr'>utile</span> 
     </span>
     <span class='ocr_line' id='line_1_80' title="bbox 1088 880 1807 922; baseline 0.004 -13"><span class='ocrx_word' id='word_1_499' title='bbox 1088 885 1119 909; x_wconf 89' lang='lat' dir='ltr'>et</span> <span class='ocrx_word' id='word_1_500' title='bbox 1145 881 1373 911; x_wconf 89' lang='lat' dir='ltr'>conducibile.”</span> <span class='ocrx_word' id='word_1_501' title='bbox 1396 881 1478 920; x_wconf 88' lang='lat' dir='ltr'>quod</span> <span class='ocrx_word' id='word_1_502' title='bbox 1500 882 1608 911; x_wconf 88' lang='lat' dir='ltr'>dicunt</span> <span class='ocrx_word' id='word_1_503' title='bbox 1633 881 1659 911; x_wconf 83' lang='grc' dir='ltr'>ἐν</span> <span class='ocrx_word' id='word_1_504' title='bbox 1681 882 1726 921; x_wconf 73' lang='grc' dir='ltr'>τῷ</span> <span class='ocrx_word' id='word_1_505' title='bbox 1745 880 1807 922; x_wconf 75' lang='grc' dir='ltr'>βίῳ.</span> 
     </span>
     <span class='ocr_line' id='line_1_81' title="bbox 1088 923 1810 965; baseline 0.003 -12"><span class='ocrx_word' id='word_1_506' title='bbox 1088 924 1151 953; x_wconf 89' lang='lat' dir='ltr'>Sed</span> <span class='ocrx_word' id='word_1_507' title='bbox 1168 925 1206 954; x_wconf 89' lang='lat' dir='ltr'>ad</span> <span class='ocrx_word' id='word_1_508' title='bbox 1222 923 1355 963; x_wconf 89' lang='lat' dir='ltr'>quinque</span> <span class='ocrx_word' id='word_1_509' title='bbox 1371 924 1441 954; x_wconf 83' lang='lat' dir='ltr'>illas</span> <span class='ocrx_word' id='word_1_510' title='bbox 1451 924 1625 965; x_wconf 84' lang='grc' dir='ltr'>λειτουργίας</span> <span class='ocrx_word' id='word_1_511' title='bbox 1636 925 1810 956; x_wconf 84' lang='lat' dir='ltr'>redeamus.</span> 
     </span>
     <span class='ocr_line' id='line_1_82' title="bbox 1089 966 1810 1002; baseline 0.003 -6"><span class='ocrx_word' id='word_1_512' title='bbox 1089 968 1180 997; x_wconf 86' lang='lat' dir='ltr'>Dem.</span> <span class='ocrx_word' id='word_1_513' title='bbox 1198 967 1288 997; x_wconf 71' lang='grc' dir='ltr'>ωόσοι</span> <span class='ocrx_word' id='word_1_514' title='bbox 1302 966 1404 998; x_wconf 70' lang='grc' dir='ltr'>δήποτ’</span> <span class='ocrx_word' id='word_1_515' title='bbox 1417 967 1486 998; x_wconf 78' lang='grc' dir='ltr'>εἰσὶν</span> <span class='ocrx_word' id='word_1_516' title='bbox 1498 968 1520 997; x_wconf 81' lang='grc' dir='ltr'>οἳ</span> <span class='ocrx_word' id='word_1_517' title='bbox 1537 966 1605 997; x_wconf 83' lang='grc' dir='ltr'>κατ’</span> <span class='ocrx_word' id='word_1_518' title='bbox 1620 966 1740 998; x_wconf 75' lang='grc' dir='ltr'>ἐνιαυτὸν</span> <span class='ocrx_word' id='word_1_519' title='bbox 1755 971 1810 1002; x_wconf 77' lang='grc' dir='ltr'>τὰς</span> 
     </span>
     <span class='ocr_line' id='line_1_83' title="bbox 1088 1008 1810 1051; baseline 0.003 -12"><span class='ocrx_word' id='word_1_520' title='bbox 1088 1008 1250 1049; x_wconf 78' lang='grc' dir='ltr'>ἐγκυκλίους</span> <span class='ocrx_word' id='word_1_521' title='bbox 1278 1009 1451 1051; x_wconf 60' lang='grc' dir='ltr'>λειτουργίας</span> <span class='ocrx_word' id='word_1_522' title='bbox 1479 1012 1701 1050; x_wconf 73' lang='grc' dir='ltr'>λειτουξγοῦντες</span> <span class='ocrx_word' id='word_1_523' title='bbox 1731 1012 1810 1051; x_wconf 81' lang='grc' dir='ltr'>ὑμῖν,</span> 
     </span>
     <span class='ocr_line' id='line_1_84' title="bbox 1087 1054 1809 1096; baseline 0.003 -13"><span class='ocrx_word' id='word_1_524' title='bbox 1087 1054 1212 1094; x_wconf 68' lang='grc' dir='ltr'>χορηγοὶ,</span> <span class='ocrx_word' id='word_1_525' title='bbox 1230 1054 1279 1084; x_wconf 75' lang='grc' dir='ltr'>καὶ</span> <span class='ocrx_word' id='word_1_526' title='bbox 1304 1054 1537 1096; x_wconf 71' lang='grc' dir='ltr'>γυμνασιάρχαι,</span> <span class='ocrx_word' id='word_1_527' title='bbox 1562 1054 1611 1084; x_wconf 75' lang='grc' dir='ltr'>καὶ</span> <span class='ocrx_word' id='word_1_528' title='bbox 1634 1054 1809 1096; x_wconf 81' lang='grc' dir='ltr'>ἑστιάτορες.</span> 
     </span>
     <span class='ocr_line' id='line_1_85' title="bbox 1089 1096 1810 1137; baseline 0.001 -10"><span class='ocrx_word' id='word_1_529' title='bbox 1089 1096 1142 1137; x_wconf 86' lang='lat' dir='ltr'>[ad</span> <span class='ocrx_word' id='word_1_530' title='bbox 1169 1099 1330 1137; x_wconf 84' lang='lat' dir='ltr'>Leptinem</span> <span class='ocrx_word' id='word_1_531' title='bbox 1351 1108 1381 1136; x_wconf 88' lang='lat' dir='ltr'>p.</span> <span class='ocrx_word' id='word_1_532' title='bbox 1397 1100 1472 1128; x_wconf 83' lang='grc'><strong>463.</strong></span> <span class='ocrx_word' id='word_1_533' title='bbox 1492 1098 1543 1128; x_wconf 82' lang='lat' dir='ltr'>ed.</span> <span class='ocrx_word' id='word_1_534' title='bbox 1567 1097 1678 1128; x_wconf 85' lang='lat' dir='ltr'>Reisk.</span> <span class='ocrx_word' id='word_1_535' title='bbox 1703 1108 1735 1136; x_wconf 87' lang='lat' dir='ltr'>p.</span> <span class='ocrx_word' id='word_1_536' title='bbox 1758 1101 1810 1129; x_wconf 67' lang='grc'>26.</span> 
     </span>
     <span class='ocr_line' id='line_1_86' title="bbox 1089 1139 1810 1191; baseline 0.001 -21"><span class='ocrx_word' id='word_1_537' title='bbox 1089 1141 1140 1170; x_wconf 92' lang='lat' dir='ltr'>ed.</span> <span class='ocrx_word' id='word_1_538' title='bbox 1156 1141 1254 1171; x_wconf 86' lang='lat' dir='ltr'>Wolf.</span> <span class='ocrx_word' id='word_1_539' title='bbox 1257 1141 1271 1182; x_wconf 94' lang='lat'>]</span> <span class='ocrx_word' id='word_1_540' title='bbox 1290 1142 1374 1181; x_wconf 80' lang='lat' dir='ltr'>Ergo</span> <span class='ocrx_word' id='word_1_541' title='bbox 1395 1141 1558 1191; x_wconf 70' lang='grc' dir='ltr'>τριηραςχία</span> <span class='ocrx_word' id='word_1_542' title='bbox 1574 1151 1633 1171; x_wconf 85' lang='grc'>11011</span> <span class='ocrx_word' id='word_1_543' title='bbox 1648 1145 1713 1171; x_wconf 81' lang='lat' dir='ltr'>erat</span> <span class='ocrx_word' id='word_1_544' title='bbox 1727 1139 1810 1179; x_wconf 75' lang='grc' dir='ltr'>ἐγκύ-</span> 
     </span>
     <span class='ocr_line' id='line_1_87' title="bbox 1087 1182 1811 1224; baseline 0.003 -12"><span class='ocrx_word' id='word_1_545' title='bbox 1087 1190 1165 1218; x_wconf 82' lang='grc' dir='ltr'>κλιος</span> <span class='ocrx_word' id='word_1_546' title='bbox 1188 1182 1359 1224; x_wconf 75' lang='grc' dir='ltr'>λειτουργία,</span> <span class='ocrx_word' id='word_1_547' title='bbox 1384 1185 1439 1213; x_wconf 89' lang='lat' dir='ltr'>sed</span> <span class='ocrx_word' id='word_1_548' title='bbox 1462 1185 1559 1223; x_wconf 84' lang='lat' dir='ltr'>major</span> <span class='ocrx_word' id='word_1_549' title='bbox 1580 1190 1611 1214; x_wconf 83' lang='lat' dir='ltr'>et</span> <span class='ocrx_word' id='word_1_550' title='bbox 1630 1184 1811 1223; x_wconf 80' lang='lat' dir='ltr'>ampliorem</span> 
     </span>
     <span class='ocr_line' id='line_1_88' title="bbox 1090 1227 1810 1268; baseline 0.004 -13"><span class='ocrx_word' id='word_1_551' title='bbox 1090 1237 1214 1256; x_wconf 87' lang='lat' dir='ltr'>censum</span> <span class='ocrx_word' id='word_1_552' title='bbox 1232 1227 1419 1265; x_wconf 86' lang='lat' dir='ltr'>requirebat.</span> <span class='ocrx_word' id='word_1_553' title='bbox 1437 1232 1468 1256; x_wconf 87' lang='lat' dir='ltr'>et</span> <span class='ocrx_word' id='word_1_554' title='bbox 1483 1227 1568 1257; x_wconf 90' lang='lat' dir='ltr'>nulla</span> <span class='ocrx_word' id='word_1_555' title='bbox 1577 1231 1644 1257; x_wconf 82' lang='lat' dir='ltr'>erat</span> <span class='ocrx_word' id='word_1_556' title='bbox 1659 1229 1810 1268; x_wconf 76' lang='grc' dir='ltr'>τῆςτριηρ-</span> 
     </span>
     <span class='ocr_line' id='line_1_89' title="bbox 1089 1267 1812 1310; baseline 0.007 -14"><span class='ocrx_word' id='word_1_557' title='bbox 1089 1267 1194 1310; x_wconf 80' lang='grc' dir='ltr'>αρχίας</span> <span class='ocrx_word' id='word_1_558' title='bbox 1217 1269 1405 1304; x_wconf 77' lang='lat' dir='ltr'>immunitas,</span> <span class='ocrx_word' id='word_1_559' title='bbox 1423 1274 1457 1299; x_wconf 88' lang='lat' dir='ltr'>nt</span> <span class='ocrx_word' id='word_1_560' title='bbox 1474 1271 1566 1300; x_wconf 89' lang='lat' dir='ltr'>Dem.</span> <span class='ocrx_word' id='word_1_561' title='bbox 1585 1270 1701 1300; x_wconf 87' lang='lat' dir='ltr'>ibidem</span> <span class='ocrx_word' id='word_1_562' title='bbox 1718 1275 1812 1301; x_wconf 88' lang='lat' dir='ltr'>testa-</span> 
     </span>
     <span class='ocr_line' id='line_1_90' title="bbox 1089 1313 1809 1354; baseline 0.003 -13"><span class='ocrx_word' id='word_1_563' title='bbox 1089 1316 1158 1341; x_wconf 84' lang='lat' dir='ltr'>tur:</span> <span class='ocrx_word' id='word_1_564' title='bbox 1191 1323 1212 1341; x_wconf 88' lang='grc' dir='ltr'>οι</span> <span class='ocrx_word' id='word_1_565' title='bbox 1243 1313 1465 1342; x_wconf 69' lang='grc' dir='ltr'>ωλουσιουτατοι</span> <span class='ocrx_word' id='word_1_566' title='bbox 1494 1314 1724 1354; x_wconf 56' lang='grc' dir='ltr'>τριηραρχοῦντες</span> <span class='ocrx_word' id='word_1_567' title='bbox 1753 1314 1809 1351; x_wconf 73' lang='grc' dir='ltr'>ἀεῖ,</span> 
     </span>
     <span class='ocr_line' id='line_1_91' title="bbox 1089 1355 1809 1396; baseline 0.004 -12"><span class='ocrx_word' id='word_1_568' title='bbox 1089 1357 1144 1384; x_wconf 78' lang='grc' dir='ltr'>τῶν</span> <span class='ocrx_word' id='word_1_569' title='bbox 1174 1357 1310 1396; x_wconf 71' lang='grc' dir='ltr'>χοξηγιῶν</span> <span class='ocrx_word' id='word_1_570' title='bbox 1339 1355 1455 1389; x_wconf 75' lang='grc' dir='ltr'>ἀτελεῖς</span> <span class='ocrx_word' id='word_1_571' title='bbox 1484 1355 1664 1396; x_wconf 72' lang='grc' dir='ltr'>υνω-άρχουσι.</span> <span class='ocrx_word' id='word_1_572' title='bbox 1711 1357 1809 1387; x_wconf 83' lang='lat' dir='ltr'>Porro</span> 
     </span>
     <span class='ocr_line' id='line_1_92' title="bbox 1087 1397 1810 1439; baseline 0.004 -12"><span class='ocrx_word' id='word_1_573' title='bbox 1087 1397 1249 1439; x_wconf 59' lang='grc' dir='ltr'>τριήραρχοι</span> <span class='ocrx_word' id='word_1_574' title='bbox 1266 1402 1336 1429; x_wconf 86' lang='lat' dir='ltr'>sunt</span> <span class='ocrx_word' id='word_1_575' title='bbox 1350 1397 1572 1438; x_wconf 84' lang='lat' dir='ltr'>(Athenienses</span> <span class='ocrx_word' id='word_1_576' title='bbox 1590 1400 1670 1429; x_wconf 84' lang='lat' dir='ltr'>enim</span> <span class='ocrx_word' id='word_1_577' title='bbox 1686 1410 1718 1430; x_wconf 88' lang='lat' dir='ltr'>re</span> <span class='ocrx_word' id='word_1_578' title='bbox 1735 1410 1810 1430; x_wconf 89' lang='lat' dir='ltr'>nau-</span> 
     </span>
     <span class='ocr_line' id='line_1_93' title="bbox 1087 1440 1810 1482; baseline 0.004 -12"><span class='ocrx_word' id='word_1_579' title='bbox 1087 1441 1150 1471; x_wconf 90' lang='lat' dir='ltr'>tica</span> <span class='ocrx_word' id='word_1_580' title='bbox 1164 1442 1330 1481; x_wconf 80' lang='lat' dir='ltr'>plurimum</span> <span class='ocrx_word' id='word_1_581' title='bbox 1350 1440 1541 1481; x_wconf 84' lang='lat' dir='ltr'>utebantur),</span> <span class='ocrx_word' id='word_1_582' title='bbox 1562 1442 1614 1481; x_wconf 90' lang='lat' dir='ltr'>qui</span> <span class='ocrx_word' id='word_1_583' title='bbox 1639 1453 1694 1472; x_wconf 83' lang='lat' dir='ltr'>sua</span> <span class='ocrx_word' id='word_1_584' title='bbox 1715 1454 1810 1482; x_wconf 83' lang='lat' dir='ltr'>pecu-</span> 
     </span>
     <span class='ocr_line' id='line_1_94' title="bbox 1087 1484 1810 1517; baseline 0.004 -3"><span class='ocrx_word' id='word_1_585' title='bbox 1087 1485 1141 1514; x_wconf 89' lang='lat' dir='ltr'>nia</span> <span class='ocrx_word' id='word_1_586' title='bbox 1166 1485 1320 1516; x_wconf 82' lang='lat' dir='ltr'>triremem</span> <span class='ocrx_word' id='word_1_587' title='bbox 1343 1484 1537 1515; x_wconf 84' lang='lat' dir='ltr'>instruebant</span> <span class='ocrx_word' id='word_1_588' title='bbox 1558 1487 1752 1516; x_wconf 82' lang='lat' dir='ltr'>armamentis</span> <span class='ocrx_word' id='word_1_589' title='bbox 1779 1492 1810 1517; x_wconf 90' lang='lat' dir='ltr'>et</span> 
     </span>
     <span class='ocr_line' id='line_1_95' title="bbox 1088 1528 1809 1568; baseline 0.004 -11"><span class='ocrx_word' id='word_1_590' title='bbox 1088 1529 1203 1565; x_wconf 83' lang='lat' dir='ltr'>nautis,</span> <span class='ocrx_word' id='word_1_591' title='bbox 1229 1539 1308 1568; x_wconf 90' lang='lat' dir='ltr'>quos</span> <span class='ocrx_word' id='word_1_592' title='bbox 1335 1528 1523 1568; x_wconf 73' lang='grc' dir='ltr'>πληξώματα</span> <span class='ocrx_word' id='word_1_593' title='bbox 1548 1529 1710 1565; x_wconf 79' lang='lat' dir='ltr'>vocabant,</span> <span class='ocrx_word' id='word_1_594' title='bbox 1733 1530 1809 1560; x_wconf 89' lang='lat' dir='ltr'>nibil</span> 
     </span>
    </p>
   </div>
   <div class='ocr_carea' id='block_1_5' title="bbox 1079 1572 1812 1612">
    <p class='ocr_par' dir='ltr' id='par_1_5' title="bbox 1079 1572 1812 1612">
     <span class='ocr_line' id='line_1_96' title="bbox 1079 1572 1812 1612; baseline 0.003 -11"><span class='ocrx_word' id='word_1_595' title='bbox 1079 1572 1255 1604; x_wconf 82' lang='lat' dir='ltr'>&#39;admodum</span> <span class='ocrx_word' id='word_1_596' title='bbox 1278 1573 1318 1603; x_wconf 87' lang='lat' dir='ltr'>de</span> <span class='ocrx_word' id='word_1_597' title='bbox 1342 1572 1469 1612; x_wconf 87' lang='lat' dir='ltr'>publico</span> <span class='ocrx_word' id='word_1_598' title='bbox 1488 1572 1688 1612; x_wconf 88' lang='lat' dir='ltr'>accipientes,</span> <span class='ocrx_word' id='word_1_599' title='bbox 1710 1578 1745 1603; x_wconf 87' lang='lat' dir='ltr'>ut</span> <span class='ocrx_word' id='word_1_600' title='bbox 1764 1574 1812 1603; x_wconf 89' lang='lat' dir='ltr'>di-</span> 
     </span>
    </p>
   </div>
   <div class='ocr_carea' id='block_1_6' title="bbox 1079 1616 1810 3079">
    <p class='ocr_par' dir='ltr' id='par_1_6' title="bbox 1083 1616 1810 2479">
     <span class='ocr_line' id='line_1_97' title="bbox 1087 1616 1809 1655; baseline 0.001 -9"><span class='ocrx_word' id='word_1_601' title='bbox 1087 1617 1183 1646; x_wconf 81' lang='lat' dir='ltr'>tiores</span> <span class='ocrx_word' id='word_1_602' title='bbox 1217 1617 1299 1655; x_wconf 86' lang='lat' dir='ltr'>apud</span> <span class='ocrx_word' id='word_1_603' title='bbox 1336 1626 1392 1646; x_wconf 87' lang='lat' dir='ltr'>nos</span> <span class='ocrx_word' id='word_1_604' title='bbox 1429 1625 1542 1654; x_wconf 89' lang='lat' dir='ltr'>equum</span> <span class='ocrx_word' id='word_1_605' title='bbox 1577 1616 1809 1655; x_wconf 81' lang='lat' dir='ltr'>cataphractum</span> 
     </span>
     <span class='ocr_line' id='line_1_98' title="bbox 1087 1659 1809 1698; baseline 0.003 -10"><span class='ocrx_word' id='word_1_606' title='bbox 1087 1659 1247 1690; x_wconf 80' lang='lat' dir='ltr'>exhibent.</span> <span class='ocrx_word' id='word_1_607' title='bbox 1307 1659 1466 1698; x_wconf 85' lang='lat' dir='ltr'>Choragus</span> <span class='ocrx_word' id='word_1_608' title='bbox 1493 1664 1525 1689; x_wconf 86' lang='lat' dir='ltr'>et</span> <span class='ocrx_word' id='word_1_609' title='bbox 1555 1660 1809 1698; x_wconf 82' lang='lat' dir='ltr'>gymnasiarchus</span> 
     </span>
     <span class='ocr_line' id='line_1_99' title="bbox 1086 1701 1810 1739; baseline 0 -7"><span class='ocrx_word' id='word_1_610' title='bbox 1086 1702 1190 1738; x_wconf 87' lang='lat' dir='ltr'>ludos,</span> <span class='ocrx_word' id='word_1_611' title='bbox 1207 1703 1262 1732; x_wconf 86' lang='lat' dir='ltr'>ille</span> <span class='ocrx_word' id='word_1_612' title='bbox 1287 1701 1441 1738; x_wconf 87' lang='lat' dir='ltr'>scenicos,</span> <span class='ocrx_word' id='word_1_613' title='bbox 1463 1706 1496 1732; x_wconf 86' lang='lat' dir='ltr'>ut</span> <span class='ocrx_word' id='word_1_614' title='bbox 1522 1702 1680 1732; x_wconf 79' lang='lat' dir='ltr'>Romanus</span> <span class='ocrx_word' id='word_1_615' title='bbox 1696 1703 1810 1739; x_wconf 88' lang='lat' dir='ltr'>aedilis,</span> 
     </span>
     <span class='ocr_line' id='line_1_100' title="bbox 1087 1745 1808 1785; baseline 0.001 -10"><span class='ocrx_word' id='word_1_616' title='bbox 1087 1745 1137 1775; x_wconf 90' lang='lat' dir='ltr'>hic</span> <span class='ocrx_word' id='word_1_617' title='bbox 1156 1746 1332 1785; x_wconf 81' lang='lat' dir='ltr'>gymnicos,</span> <span class='ocrx_word' id='word_1_618' title='bbox 1351 1745 1483 1783; x_wconf 82' lang='lat' dir='ltr'>edebat:</span> <span class='ocrx_word' id='word_1_619' title='bbox 1506 1745 1606 1775; x_wconf 89' lang='lat' dir='ltr'>oleum</span> <span class='ocrx_word' id='word_1_620' title='bbox 1622 1749 1714 1785; x_wconf 88' lang='lat' dir='ltr'>atque</span> <span class='ocrx_word' id='word_1_621' title='bbox 1730 1747 1808 1776; x_wconf 83' lang='lat' dir='ltr'>alias</span> 
     </span>
     <span class='ocr_line' id='line_1_101' title="bbox 1088 1779 1809 1828; baseline 0.001 -10"><span class='ocrx_word' id='word_1_622' title='bbox 1088 1799 1136 1821; x_wconf 88' lang='lat' dir='ltr'>res</span> <span class='ocrx_word' id='word_1_623' title='bbox 1158 1789 1349 1826; x_wconf 83' lang='lat' dir='ltr'>necessarias</span> <span class='ocrx_word' id='word_1_624' title='bbox 1369 1779 1522 1828; x_wconf 77' lang='lat' dir='ltr'>palaestrae</span> <span class='ocrx_word' id='word_1_625' title='bbox 1540 1789 1683 1828; x_wconf 80' lang='lat' dir='ltr'>praebuit.</span> <span class='ocrx_word' id='word_1_626' title='bbox 1708 1788 1809 1819; x_wconf 73' lang='grc' dir='ltr'>ἑστιά-</span> 
     </span>
     <span class='ocr_line' id='line_1_102' title="bbox 1086 1832 1808 1872; baseline 0.001 -11"><span class='ocrx_word' id='word_1_627' title='bbox 1086 1843 1154 1872; x_wconf 72' lang='grc' dir='ltr'>τωξ,</span> <span class='ocrx_word' id='word_1_628' title='bbox 1171 1832 1295 1872; x_wconf 87' lang='lat' dir='ltr'>epulum</span> <span class='ocrx_word' id='word_1_629' title='bbox 1312 1832 1428 1871; x_wconf 88' lang='lat' dir='ltr'>populo</span> <span class='ocrx_word' id='word_1_630' title='bbox 1438 1832 1542 1868; x_wconf 87' lang='lat' dir='ltr'>dabat,</span> <span class='ocrx_word' id='word_1_631' title='bbox 1554 1842 1643 1871; x_wconf 90' lang='lat' dir='ltr'>quem</span> <span class='ocrx_word' id='word_1_632' title='bbox 1659 1842 1716 1861; x_wconf 88' lang='lat' dir='ltr'>nos</span> <span class='ocrx_word' id='word_1_633' title='bbox 1733 1843 1808 1872; x_wconf 87' lang='lat' dir='ltr'>epu-</span> 
     </span>
     <span class='ocr_line' id='line_1_103' title="bbox 1084 1875 1810 1915; baseline 0.003 -11"><span class='ocrx_word' id='word_1_634' title='bbox 1084 1875 1185 1906; x_wconf 82' lang='lat' dir='ltr'>lonem</span> <span class='ocrx_word' id='word_1_635' title='bbox 1203 1875 1347 1908; x_wconf 87' lang='lat' dir='ltr'>dicimus.</span> <span class='ocrx_word' id='word_1_636' title='bbox 1371 1876 1463 1905; x_wconf 90' lang='lat' dir='ltr'>Dem.</span> <span class='ocrx_word' id='word_1_637' title='bbox 1489 1875 1612 1915; x_wconf 84' lang='lat' dir='ltr'>[contra</span> <span class='ocrx_word' id='word_1_638' title='bbox 1626 1875 1758 1905; x_wconf 86' lang='lat' dir='ltr'>Midiam</span> <span class='ocrx_word' id='word_1_639' title='bbox 1776 1887 1810 1915; x_wconf 85' lang='lat' dir='ltr'>p.</span> 
     </span>
     <span class='ocr_line' id='line_1_104' title="bbox 1085 1916 1809 1959; baseline 0.001 -10"><span class='ocrx_word' id='word_1_640' title='bbox 1085 1919 1177 1959; x_wconf 63' lang='lat'>565]</span> <span class='ocrx_word' id='word_1_641' title='bbox 1201 1916 1338 1948; x_wconf 73' lang='grc' dir='ltr'>εἷο-τίακα</span> <span class='ocrx_word' id='word_1_642' title='bbox 1351 1920 1402 1950; x_wconf 74' lang='grc' dir='ltr'>τὴν</span> <span class='ocrx_word' id='word_1_643' title='bbox 1417 1919 1506 1958; x_wconf 56' lang='lat' dir='ltr'>&lt;puzzu</span> <span class='ocrx_word' id='word_1_644' title='bbox 1520 1917 1589 1957; x_wconf 76' lang='grc' dir='ltr'>ἐγὼ,</span> <span class='ocrx_word' id='word_1_645' title='bbox 1608 1918 1657 1948; x_wconf 76' lang='grc' dir='ltr'>καὶ</span> <span class='ocrx_word' id='word_1_646' title='bbox 1672 1918 1809 1950; x_wconf 70' lang='grc' dir='ltr'>Παναθη-</span> 
     </span>
     <span class='ocr_line' id='line_1_105' title="bbox 1085 1961 1808 2004; baseline 0.003 -14"><span class='ocrx_word' id='word_1_647' title='bbox 1085 1961 1166 1997; x_wconf 79' lang='grc' dir='ltr'>ναίοις</span> <span class='ocrx_word' id='word_1_648' title='bbox 1189 1962 1378 2004; x_wconf 72' lang='grc' dir='ltr'>κεχορήγηκα.</span> <span class='ocrx_word' id='word_1_649' title='bbox 1432 1961 1524 1998; x_wconf 89' lang='lat' dir='ltr'>Quod</span> <span class='ocrx_word' id='word_1_650' title='bbox 1550 1961 1640 1992; x_wconf 80' lang='lat' dir='ltr'>etiam</span> <span class='ocrx_word' id='word_1_651' title='bbox 1669 1962 1699 1992; x_wconf 90' lang='lat' dir='ltr'>in</span> <span class='ocrx_word' id='word_1_652' title='bbox 1722 1973 1808 1993; x_wconf 88' lang='lat' dir='ltr'>more</span> 
     </span>
     <span class='ocr_line' id='line_1_106' title="bbox 1088 2004 1807 2047; baseline 0.003 -13"><span class='ocrx_word' id='word_1_653' title='bbox 1088 2006 1237 2036; x_wconf 82' lang='lat' dir='ltr'>Romanis</span> <span class='ocrx_word' id='word_1_654' title='bbox 1262 2011 1338 2035; x_wconf 84' lang='lat' dir='ltr'>erat.</span> <span class='ocrx_word' id='word_1_655' title='bbox 1365 2004 1431 2035; x_wconf 89' lang='lat' dir='ltr'>Cic.</span> <span class='ocrx_word' id='word_1_656' title='bbox 1459 2004 1513 2044; x_wconf 88' lang='lat' dir='ltr'>[de</span> <span class='ocrx_word' id='word_1_657' title='bbox 1534 2005 1614 2035; x_wconf 90' lang='lat' dir='ltr'>offic.</span> <span class='ocrx_word' id='word_1_658' title='bbox 1628 2006 1674 2035; x_wconf 92' lang='lat' dir='ltr'>II.</span> <span class='ocrx_word' id='word_1_659' title='bbox 1692 2007 1743 2036; x_wconf 81' lang='lat'>17.</span> <span class='ocrx_word' id='word_1_660' title='bbox 1759 2006 1807 2047; x_wconf 82' lang='lat'>3.]</span> 
     </span>
     <span class='ocr_line' id='line_1_107' title="bbox 1085 2048 1806 2089; baseline -0.001 -9"><span class='ocrx_word' id='word_1_661' title='bbox 1085 2053 1105 2066; x_wconf 90' lang='lat'>“</span> <span class='ocrx_word' id='word_1_662' title='bbox 1121 2048 1226 2080; x_wconf 82' lang='lat' dir='ltr'>Oresti</span> <span class='ocrx_word' id='word_1_663' title='bbox 1241 2059 1340 2089; x_wconf 90' lang='lat' dir='ltr'>nuper</span> <span class='ocrx_word' id='word_1_664' title='bbox 1363 2049 1494 2088; x_wconf 85' lang='lat' dir='ltr'>prandia</span> <span class='ocrx_word' id='word_1_665' title='bbox 1516 2048 1549 2078; x_wconf 90' lang='grc'>111</span> <span class='ocrx_word' id='word_1_666' title='bbox 1570 2048 1691 2078; x_wconf 88' lang='lat' dir='ltr'>semitis</span> <span class='ocrx_word' id='word_1_667' title='bbox 1711 2049 1806 2079; x_wconf 86' lang='lat' dir='ltr'>decu-</span> 
     </span>
     <span class='ocr_line' id='line_1_108' title="bbox 1086 2091 1806 2131; baseline -0.001 -9"><span class='ocrx_word' id='word_1_668' title='bbox 1086 2103 1142 2122; x_wconf 84' lang='lat' dir='ltr'>mae</span> <span class='ocrx_word' id='word_1_669' title='bbox 1158 2093 1280 2123; x_wconf 88' lang='lat' dir='ltr'>nomine</span> <span class='ocrx_word' id='word_1_670' title='bbox 1297 2102 1407 2131; x_wconf 89' lang='lat' dir='ltr'>magno</span> <span class='ocrx_word' id='word_1_671' title='bbox 1419 2092 1528 2122; x_wconf 87' lang='lat' dir='ltr'>honori</span> <span class='ocrx_word' id='word_1_672' title='bbox 1544 2091 1806 2122; x_wconf 82' lang='lat' dir='ltr'>fuerunt.’&#39;decu-</span> 
     </span>
     <span class='ocr_line' id='line_1_109' title="bbox 1085 2135 1807 2175; baseline 0 -9"><span class='ocrx_word' id='word_1_673' title='bbox 1085 2146 1150 2166; x_wconf 89' lang='lat' dir='ltr'>mas</span> <span class='ocrx_word' id='word_1_674' title='bbox 1167 2140 1267 2167; x_wconf 87' lang='lat' dir='ltr'>autem</span> <span class='ocrx_word' id='word_1_675' title='bbox 1285 2136 1418 2165; x_wconf 85' lang='lat' dir='ltr'>Herculi</span> <span class='ocrx_word' id='word_1_676' title='bbox 1430 2137 1663 2166; x_wconf 82' lang='lat' dir='ltr'>consecrabant.</span> <span class='ocrx_word' id='word_1_677' title='bbox 1678 2135 1807 2175; x_wconf 71' lang='grc' dir='ltr'>εἶσφοξὰ,</span> 
     </span>
     <span class='ocr_line' id='line_1_110' title="bbox 1085 2179 1807 2219; baseline 0.001 -11"><span class='ocrx_word' id='word_1_678' title='bbox 1085 2180 1243 2215; x_wconf 75' lang='lat' dir='ltr'>tributum,</span> <span class='ocrx_word' id='word_1_679' title='bbox 1258 2179 1339 2218; x_wconf 85' lang='lat' dir='ltr'>quod</span> <span class='ocrx_word' id='word_1_680' title='bbox 1364 2189 1420 2215; x_wconf 86' lang='lat' dir='ltr'>nos</span> <span class='ocrx_word' id='word_1_681' title='bbox 1444 2179 1616 2209; x_wconf 78' lang='lat' dir='ltr'>subsidium.</span> <span class='ocrx_word' id='word_1_682' title='bbox 1639 2181 1807 2219; x_wconf 71' lang='grc' dir='ltr'>προεισφοξοὶ</span> 
     </span>
     <span class='ocr_line' id='line_1_111' title="bbox 1085 2221 1807 2262; baseline 0 -11"><span class='ocrx_word' id='word_1_683' title='bbox 1085 2221 1126 2259; x_wconf 77' lang='grc' dir='ltr'>δὲ,</span> <span class='ocrx_word' id='word_1_684' title='bbox 1156 2234 1175 2252; x_wconf 88' lang='lat' dir='ltr'><em>a</em></span> <span class='ocrx_word' id='word_1_685' title='bbox 1201 2224 1289 2262; x_wconf 76' lang='lat' dir='ltr'>privy</span> <span class='ocrx_word' id='word_1_686' title='bbox 1314 2221 1383 2252; x_wconf 78' lang='lat' dir='ltr'>seul.</span> <span class='ocrx_word' id='word_1_687' title='bbox 1428 2221 1582 2260; x_wconf 88' lang='lat' dir='ltr'>Ulpianus</span> <span class='ocrx_word' id='word_1_688' title='bbox 1606 2221 1654 2261; x_wconf 90' lang='grc'>[111</span> <span class='ocrx_word' id='word_1_689' title='bbox 1677 2222 1807 2260; x_wconf 75' lang='grc' dir='ltr'>ΟΙ)·.11111</span> 
     </span>
     <span class='ocr_line' id='line_1_112' title="bbox 1084 2263 1806 2307; baseline -0.001 -11"><span class='ocrx_word' id='word_1_690' title='bbox 1084 2267 1130 2296; x_wconf 91' lang='lat' dir='ltr'>II.</span> <span class='ocrx_word' id='word_1_691' title='bbox 1132 2266 1171 2307; x_wconf 93' lang='lat'>]‘</span> <span class='ocrx_word' id='word_1_692' title='bbox 1163 2265 1207 2296; x_wconf 89' lang='grc' dir='ltr'>ι’να</span> <span class='ocrx_word' id='word_1_693' title='bbox 1218 2267 1262 2305; x_wconf 81' lang='grc' dir='ltr'>μῆ</span> <span class='ocrx_word' id='word_1_694' title='bbox 1277 2264 1431 2305; x_wconf 77' lang='grc' dir='ltr'>ἐξαίφνης</span> <span class='ocrx_word' id='word_1_695' title='bbox 1420 2277 1431 2294; x_wconf 93' lang='grc' dir='ltr'>ο</span> <span class='ocrx_word' id='word_1_696' title='bbox 1442 2263 1571 2304; x_wconf 83' lang='grc' dir='ltr'>πόλεμος</span> <span class='ocrx_word' id='word_1_697' title='bbox 1584 2276 1686 2297; x_wconf 85' lang='grc' dir='ltr'>αυτους</span> <span class='ocrx_word' id='word_1_698' title='bbox 1697 2263 1806 2306; x_wconf 75' lang='grc' dir='ltr'>ἐπείξῃ,</span> 
     </span>
     <span class='ocr_line' id='line_1_113' title="bbox 1083 2306 1807 2363; baseline -0.001 -25"><span class='ocrx_word' id='word_1_699' title='bbox 1083 2320 1132 2339; x_wconf 81' lang='grc' dir='ltr'>και</span> <span class='ocrx_word' id='word_1_700' title='bbox 1148 2309 1226 2363; x_wconf 79' lang='grc' dir='ltr'>τύχῃ</span> <span class='ocrx_word' id='word_1_701' title='bbox 1247 2319 1322 2348; x_wconf 67' lang='grc' dir='ltr'>ωςος</span> <span class='ocrx_word' id='word_1_702' title='bbox 1337 2320 1370 2337; x_wconf 94' lang='grc' dir='ltr'>το</span> <span class='ocrx_word' id='word_1_703' title='bbox 1391 2307 1478 2348; x_wconf 61' lang='grc' dir='ltr'>παρὸν</span> <span class='ocrx_word' id='word_1_704' title='bbox 1500 2309 1544 2347; x_wconf 70' lang='grc' dir='ltr'><strong>μή</strong></span> <span class='ocrx_word' id='word_1_705' title='bbox 1568 2306 1644 2349; x_wconf 81' lang='grc' dir='ltr'>ἔχειν</span> <span class='ocrx_word' id='word_1_706' title='bbox 1661 2308 1807 2349; x_wconf 67' lang='grc' dir='ltr'>χρήματα</span> 
     </span>
     <span class='ocr_line' id='line_1_114' title="bbox 1083 2349 1806 2392; baseline -0.001 -10"><span class='ocrx_word' id='word_1_707' title='bbox 1083 2364 1150 2386; x_wconf 84' lang='grc' dir='ltr'>τους</span> <span class='ocrx_word' id='word_1_708' title='bbox 1168 2349 1253 2384; x_wconf 86' lang='grc' dir='ltr'>ηττον</span> <span class='ocrx_word' id='word_1_709' title='bbox 1277 2350 1438 2387; x_wconf 71' lang='grc' dir='ltr'>πλουσίους,</span> <span class='ocrx_word' id='word_1_710' title='bbox 1459 2350 1597 2392; x_wconf 78' lang='grc' dir='ltr'>εἰσέφερον</span> <span class='ocrx_word' id='word_1_711' title='bbox 1619 2351 1642 2381; x_wconf 76' lang='grc' dir='ltr'>οἱ</span> <span class='ocrx_word' id='word_1_712' title='bbox 1664 2351 1806 2381; x_wconf 78' lang='grc' dir='ltr'>πλουσιώ-</span> 
     </span>
     <span class='ocr_line' id='line_1_115' title="bbox 1084 2392 1808 2436; baseline -0.001 -11"><span class='ocrx_word' id='word_1_713' title='bbox 1084 2407 1156 2436; x_wconf 86' lang='grc' dir='ltr'>τεροι</span> <span class='ocrx_word' id='word_1_714' title='bbox 1173 2394 1242 2435; x_wconf 79' lang='grc' dir='ltr'>ὑπὲρ</span> <span class='ocrx_word' id='word_1_715' title='bbox 1258 2394 1360 2425; x_wconf 73' lang='grc' dir='ltr'>αὐτῶν.</span> <span class='ocrx_word' id='word_1_716' title='bbox 1380 2405 1429 2424; x_wconf 88' lang='grc' dir='ltr'>και</span> <span class='ocrx_word' id='word_1_717' title='bbox 1446 2393 1622 2436; x_wconf 75' lang='grc' dir='ltr'>προετέλουν,</span> <span class='ocrx_word' id='word_1_718' title='bbox 1635 2393 1683 2423; x_wconf 74' lang='grc' dir='ltr'>καὶ</span> <span class='ocrx_word' id='word_1_719' title='bbox 1698 2392 1808 2436; x_wconf 80' lang='grc' dir='ltr'>ἐδέχον-</span> 
     </span>
     <span class='ocr_line' id='line_1_116' title="bbox 1084 2435 1807 2479; baseline -0.003 -10"><span class='ocrx_word' id='word_1_720' title='bbox 1084 2450 1118 2469; x_wconf 86' lang='grc' dir='ltr'>το</span> <span class='ocrx_word' id='word_1_721' title='bbox 1133 2451 1232 2469; x_wconf 79' lang='grc' dir='ltr'>ταυτα</span> <span class='ocrx_word' id='word_1_722' title='bbox 1255 2437 1367 2479; x_wconf 75' lang='grc' dir='ltr'>ὕστερον</span> <span class='ocrx_word' id='word_1_723' title='bbox 1382 2439 1463 2469; x_wconf 69' lang='grc' dir='ltr'>κατὰ</span> <span class='ocrx_word' id='word_1_724' title='bbox 1485 2437 1604 2479; x_wconf 79' lang='grc' dir='ltr'>σχολήν.</span> <span class='ocrx_word' id='word_1_725' title='bbox 1629 2435 1807 2472; x_wconf 80' lang='grc' dir='ltr'>ἔπίδοσις,ιι</span> 
     </span>
    </p>

    <p class='ocr_par' dir='ltr' id='par_1_7' title="bbox 1079 2480 1807 3079">
     <span class='ocr_line' id='line_1_117' title="bbox 1084 2480 1807 2520; baseline -0.004 -7"><span class='ocrx_word' id='word_1_726' title='bbox 1084 2482 1277 2513; x_wconf 78' lang='lat' dir='ltr'>benevolence.</span> <span class='ocrx_word' id='word_1_727' title='bbox 1321 2481 1385 2511; x_wconf 89' lang='lat' dir='ltr'>Sed</span> <span class='ocrx_word' id='word_1_728' title='bbox 1401 2491 1456 2511; x_wconf 88' lang='lat' dir='ltr'>cur</span> <span class='ocrx_word' id='word_1_729' title='bbox 1470 2486 1578 2511; x_wconf 82' lang='lat' dir='ltr'>noster</span> <span class='ocrx_word' id='word_1_730' title='bbox 1595 2480 1732 2520; x_wconf 85' lang='lat' dir='ltr'>appellat</span> <span class='ocrx_word' id='word_1_731' title='bbox 1747 2480 1807 2510; x_wconf 84' lang='lat' dir='ltr'>tria</span> 
     </span>
     <span class='ocr_line' id='line_1_118' title="bbox 1085 2522 1805 2564; baseline -0.006 -8"><span class='ocrx_word' id='word_1_732' title='bbox 1085 2526 1151 2556; x_wconf 85' lang='lat' dir='ltr'>haec</span> <span class='ocrx_word' id='word_1_733' title='bbox 1182 2535 1308 2556; x_wconf 86' lang='lat' dir='ltr'>munera</span> <span class='ocrx_word' id='word_1_734' title='bbox 1333 2526 1389 2559; x_wconf 76' lang='grc' dir='ltr'>τὰς</span> <span class='ocrx_word' id='word_1_735' title='bbox 1416 2523 1581 2564; x_wconf 79' lang='grc' dir='ltr'>ἐγκυκλίους</span> <span class='ocrx_word' id='word_1_736' title='bbox 1609 2522 1805 2563; x_wconf 72' lang='grc' dir='ltr'>λειτουςγίαςὲ</span> 
     </span>
     <span class='ocr_line' id='line_1_119' title="bbox 1083 2565 1807 2609; baseline -0.004 -9"><span class='ocrx_word' id='word_1_737' title='bbox 1083 2579 1196 2609; x_wconf 86' lang='lat' dir='ltr'>nempe</span> <span class='ocrx_word' id='word_1_738' title='bbox 1226 2573 1261 2599; x_wconf 82' lang='lat' dir='ltr'>ut</span> <span class='ocrx_word' id='word_1_739' title='bbox 1289 2568 1502 2608; x_wconf 79' lang='lat' dir='ltr'>Philosophus</span> <span class='ocrx_word' id='word_1_740' title='bbox 1535 2565 1698 2605; x_wconf 78' lang='grc' dir='ltr'>ἐγκυκλίους</span> <span class='ocrx_word' id='word_1_741' title='bbox 1727 2569 1807 2601; x_wconf 66' lang='grc' dir='ltr'>τινας</span> 
     </span>
     <span class='ocr_line' id='line_1_120' title="bbox 1083 2608 1805 2653; baseline -0.003 -10"><span class='ocrx_word' id='word_1_742' title='bbox 1083 2612 1230 2653; x_wconf 71' lang='grc' dir='ltr'>διακονίας.</span> <span class='ocrx_word' id='word_1_743' title='bbox 1247 2611 1294 2652; x_wconf 88' lang='lat' dir='ltr'>[p.</span> <span class='ocrx_word' id='word_1_744' title='bbox 1309 2614 1363 2642; x_wconf 74' lang='lat'>84.</span> <span class='ocrx_word' id='word_1_745' title='bbox 1379 2611 1430 2649; x_wconf 83' lang='lat' dir='ltr'>ed.</span> <span class='ocrx_word' id='word_1_746' title='bbox 1447 2610 1507 2651; x_wconf 80' lang='grc'>1).]</span> <span class='ocrx_word' id='word_1_747' title='bbox 1535 2609 1630 2641; x_wconf 84' lang='lat' dir='ltr'>Arist.</span> <span class='ocrx_word' id='word_1_748' title='bbox 1634 2608 1805 2650; x_wconf 60' lang='lat' dir='ltr'>{wia-‘rufam</span> 
     </span>
     <span class='ocr_line' id='line_1_121' title="bbox 1083 2644 1805 2692; baseline -0.007 -5"><span class='ocrx_word' id='word_1_749' title='bbox 1083 2655 1108 2686; x_wconf 75' lang='grc' dir='ltr'>δ’</span> <span class='ocrx_word' id='word_1_750' title='bbox 1123 2656 1156 2687; x_wconf 75' lang='grc' dir='ltr'>ἂν</span> <span class='ocrx_word' id='word_1_751' title='bbox 1172 2656 1210 2687; x_wconf 84' lang='grc' dir='ltr'>εἷή</span> <span class='ocrx_word' id='word_1_752' title='bbox 1233 2666 1281 2685; x_wconf 88' lang='grc' dir='ltr'>και</span> <span class='ocrx_word' id='word_1_753' title='bbox 1304 2655 1473 2692; x_wconf 70' lang='grc' dir='ltr'>δεσποτικὴ</span> <span class='ocrx_word' id='word_1_754' title='bbox 1477 2653 1526 2684; x_wconf 80' lang='grc' dir='ltr'>καὶ</span> <span class='ocrx_word' id='word_1_755' title='bbox 1548 2644 1669 2689; x_wconf 68' lang='grc' dir='ltr'>δουλικη.</span> <span class='ocrx_word' id='word_1_756' title='bbox 1694 2653 1805 2683; x_wconf 71' lang='grc' dir='ltr'>δουλικὴ</span> 
     </span>
     <span class='ocr_line' id='line_1_122' title="bbox 1082 2695 1810 2750; baseline -0.007 -20"><span class='ocrx_word' id='word_1_757' title='bbox 1082 2699 1139 2740; x_wconf 77' lang='grc' dir='ltr'>μὲν</span> <span class='ocrx_word' id='word_1_758' title='bbox 1152 2698 1261 2739; x_wconf 76' lang='grc' dir='ltr'>οἵανπερ</span> <span class='ocrx_word' id='word_1_759' title='bbox 1283 2698 1297 2728; x_wconf 81' lang='grc' dir='ltr'>ὅ</span> <span class='ocrx_word' id='word_1_760' title='bbox 1317 2696 1343 2728; x_wconf 80' lang='grc' dir='ltr'>ἐν</span> <span class='ocrx_word' id='word_1_761' title='bbox 1362 2696 1553 2750; x_wconf 58' lang='grc' dir='ltr'>Συρακούσαις</span> <span class='ocrx_word' id='word_1_762' title='bbox 1574 2695 1724 2726; x_wconf 76' lang='grc' dir='ltr'>ἐπαίδευεν.</span> <span class='ocrx_word' id='word_1_763' title='bbox 1747 2695 1810 2727; x_wconf 78' lang='grc' dir='ltr'>ἐκεῖ</span> 
     </span>
     <span class='ocr_line' id='line_1_123' title="bbox 1082 2737 1805 2784; baseline -0.006 -11"><span class='ocrx_word' id='word_1_764' title='bbox 1082 2746 1138 2784; x_wconf 68' lang='grc' dir='ltr'>γὰρ</span> <span class='ocrx_word' id='word_1_765' title='bbox 1152 2741 1309 2784; x_wconf 52' lang='grc' dir='ltr'>λαμβάνων</span> <span class='ocrx_word' id='word_1_766' title='bbox 1330 2753 1377 2776; x_wconf 82' lang='grc' dir='ltr'>τις</span> <span class='ocrx_word' id='word_1_767' title='bbox 1395 2739 1518 2782; x_wconf 69' lang='grc' dir='ltr'>μισ-θον,</span> <span class='ocrx_word' id='word_1_768' title='bbox 1539 2737 1668 2770; x_wconf 71' lang='grc' dir='ltr'>ἐδίδασκε</span> <span class='ocrx_word' id='word_1_769' title='bbox 1692 2741 1733 2770; x_wconf 72' lang='grc' dir='ltr'>τὰ</span> <span class='ocrx_word' id='word_1_770' title='bbox 1755 2737 1805 2778; x_wconf 80' lang='grc' dir='ltr'>ἐγ-</span> 
     </span>
     <span class='ocr_line' id='line_1_124' title="bbox 1081 2774 1805 2825; baseline -0.008 -7"><span class='ocrx_word' id='word_1_771' title='bbox 1081 2787 1188 2818; x_wconf 78' lang='grc' dir='ltr'>κύκλια</span> <span class='ocrx_word' id='word_1_772' title='bbox 1204 2785 1401 2825; x_wconf 78' lang='grc' dir='ltr'>διακονήματα</span> <span class='ocrx_word' id='word_1_773' title='bbox 1415 2795 1480 2818; x_wconf 82' lang='grc' dir='ltr'>τους</span> <span class='ocrx_word' id='word_1_774' title='bbox 1502 2774 1629 2816; x_wconf 65' lang='grc' dir='ltr'>παῖδας.</span> <span class='ocrx_word' id='word_1_775' title='bbox 1646 2782 1758 2823; x_wconf 83' lang='lat' dir='ltr'>[Polit.</span> <span class='ocrx_word' id='word_1_776' title='bbox 1775 2784 1805 2812; x_wconf 93' lang='grc' dir='ltr'>Ι.</span> 
     </span>
     <span class='ocr_line' id='line_1_125' title="bbox 1082 2826 1806 2871; baseline -0.007 -10"><span class='ocrx_word' id='word_1_777' title='bbox 1082 2841 1151 2871; x_wconf 82' lang='lat' dir='ltr'>cap.</span> <span class='ocrx_word' id='word_1_778' title='bbox 1163 2829 1239 2870; x_wconf 89' lang='lat' dir='ltr'>IV.]</span> <span class='ocrx_word' id='word_1_779' title='bbox 1266 2827 1438 2868; x_wconf 83' lang='lat' dir='ltr'>cujusmodi</span> <span class='ocrx_word' id='word_1_780' title='bbox 1461 2830 1533 2860; x_wconf 83' lang='lat' dir='ltr'>sunt</span> <span class='ocrx_word' id='word_1_781' title='bbox 1556 2830 1636 2856; x_wconf 75' lang='lat' dir='ltr'>stare</span> <span class='ocrx_word' id='word_1_782' title='bbox 1659 2826 1698 2856; x_wconf 86' lang='lat' dir='ltr'>ad</span> <span class='ocrx_word' id='word_1_783' title='bbox 1719 2835 1806 2856; x_wconf 86' lang='lat' dir='ltr'>men-</span> 
     </span>
     <span class='ocr_line' id='line_1_126' title="bbox 1082 2869 1807 2910; baseline -0.01 -5"><span class='ocrx_word' id='word_1_784' title='bbox 1082 2884 1158 2909; x_wconf 85' lang='lat' dir='ltr'>sam,</span> <span class='ocrx_word' id='word_1_785' title='bbox 1176 2878 1207 2904; x_wconf 89' lang='lat' dir='ltr'>et</span> <span class='ocrx_word' id='word_1_786' title='bbox 1221 2872 1410 2903; x_wconf 86' lang='lat' dir='ltr'>ministrare:</span> <span class='ocrx_word' id='word_1_787' title='bbox 1428 2870 1567 2910; x_wconf 85' lang='lat' dir='ltr'>equitare</span> <span class='ocrx_word' id='word_1_788' title='bbox 1582 2878 1652 2898; x_wconf 87' lang='lat' dir='ltr'>cum</span> <span class='ocrx_word' id='word_1_789' title='bbox 1668 2869 1807 2905; x_wconf 84' lang='lat' dir='ltr'>domino,</span> 
     </span>
     <span class='ocr_line' id='line_1_127' title="bbox 1082 2910 1807 2957; baseline -0.008 -10"><span class='ocrx_word' id='word_1_790' title='bbox 1082 2917 1107 2947; x_wconf 88' lang='lat' dir='ltr'>si</span> <span class='ocrx_word' id='word_1_791' title='bbox 1131 2927 1262 2957; x_wconf 84' lang='lat' dir='ltr'>peregre</span> <span class='ocrx_word' id='word_1_792' title='bbox 1281 2913 1499 2955; x_wconf 87' lang='lat' dir='ltr'>proficiscitur.</span> <span class='ocrx_word' id='word_1_793' title='bbox 1523 2923 1562 2944; x_wconf 79' lang='grc' dir='ltr'>ειη</span> <span class='ocrx_word' id='word_1_794' title='bbox 1585 2910 1608 2943; x_wconf 74' lang='grc' dir='ltr'>δ’</span> <span class='ocrx_word' id='word_1_795' title='bbox 1627 2910 1660 2941; x_wconf 89' lang='grc' dir='ltr'>αν</span> <span class='ocrx_word' id='word_1_796' title='bbox 1681 2911 1730 2941; x_wconf 84' lang='grc' dir='ltr'>και</span> <span class='ocrx_word' id='word_1_797' title='bbox 1754 2910 1807 2942; x_wconf 72' lang='grc' dir='ltr'>ἐπὶ</span> 
     </span>
     <span class='ocr_line' id='line_1_128' title="bbox 1081 2952 1805 3010; baseline -0.01 -19"><span class='ocrx_word' id='word_1_798' title='bbox 1081 2961 1179 2991; x_wconf 78' lang='grc' dir='ltr'>πλειον</span> <span class='ocrx_word' id='word_1_799' title='bbox 1192 2961 1248 2991; x_wconf 79' lang='grc' dir='ltr'>τῶν</span> <span class='ocrx_word' id='word_1_800' title='bbox 1257 2957 1388 2989; x_wconf 81' lang='grc' dir='ltr'>τοιούτων</span> <span class='ocrx_word' id='word_1_801' title='bbox 1380 2955 1543 3010; x_wconf 38' lang='lat' dir='ltr'>diflnctc,</span> <span class='ocrx_word' id='word_1_802' title='bbox 1556 2952 1606 2985; x_wconf 88' lang='grc' dir='ltr'>οιον</span> <span class='ocrx_word' id='word_1_803' title='bbox 1620 2953 1805 2992; x_wconf 53' lang='lat' dir='ltr'>Namatio-at,</span> 
     </span>
     <span class='ocr_line' id='line_1_129' title="bbox 1079 2997 1805 3038; baseline -0.008 -4"><span class='ocrx_word' id='word_1_804' title='bbox 1079 3015 1129 3034; x_wconf 85' lang='grc' dir='ltr'>και</span> <span class='ocrx_word' id='word_1_805' title='bbox 1144 3002 1248 3035; x_wconf 67' lang='grc' dir='ltr'>τᾶλλα</span> <span class='ocrx_word' id='word_1_806' title='bbox 1262 3003 1302 3032; x_wconf 70' lang='grc' dir='ltr'>τὰ</span> <span class='ocrx_word' id='word_1_807' title='bbox 1318 3002 1439 3032; x_wconf 83' lang='grc' dir='ltr'>τοιαῦτα</span> <span class='ocrx_word' id='word_1_808' title='bbox 1460 3010 1522 3038; x_wconf 82' lang='grc' dir='ltr'>γενη</span> <span class='ocrx_word' id='word_1_809' title='bbox 1534 3010 1586 3034; x_wconf 78' lang='grc' dir='ltr'>της</span> <span class='ocrx_word' id='word_1_810' title='bbox 1593 2997 1745 3034; x_wconf 72' lang='grc' dir='ltr'>διακονίας.</span> <span class='ocrx_word' id='word_1_811' title='bbox 1768 3003 1805 3029; x_wconf 87' lang='lat' dir='ltr'>nt</span> 
     </span>
     <span class='ocr_line' id='line_1_130' title="bbox 1080 3041 1800 3079; baseline -0.008 -1"><span class='ocrx_word' id='word_1_812' title='bbox 1080 3047 1162 3079; x_wconf 87' lang='lat' dir='ltr'>euim</span> <span class='ocrx_word' id='word_1_813' title='bbox 1193 3046 1313 3078; x_wconf 84' lang='lat' dir='ltr'>leviora</span> <span class='ocrx_word' id='word_1_814' title='bbox 1350 3049 1421 3076; x_wconf 85' lang='lat' dir='ltr'>sunt</span> <span class='ocrx_word' id='word_1_815' title='bbox 1447 3044 1513 3075; x_wconf 81' lang='lat' dir='ltr'>haec</span> <span class='ocrx_word' id='word_1_816' title='bbox 1544 3041 1727 3078; x_wconf 82' lang='lat' dir='ltr'>ministeria,</span> <span class='ocrx_word' id='word_1_817' title='bbox 1755 3041 1800 3073; x_wconf 87' lang='lat' dir='ltr'>sic</span> 
     </span>
    </p>
   </div>
  </div>
 </body>
</html>
