1997 3323
344 176 399 217 24

391 300 432 305 *-
449 284 500 313 ¹25.
523 281 592 323 οὐχ]
620 281 749 312 subaudi
770 292 808 311 ex
830 279 1062 320 insequentibus

346 326 548 365 sublegenda:
562 326 589 355 οὐ
597 325 765 366 κοῖχῆσεται
775 325 985 366 αἰχμαλώτους
997 325 1063 358 τοὺς

348 367 499 409 ὑμετέρους
528 367 660 404 πολίτας,
691 367 743 398 οὐδ’
770 367 877 407 ἔκλὲξει
906 367 1062 408 χρήματα,

348 412 603 451 quemadmodum
616 412 742 442 antehac
757 411 843 446 fecit,
859 412 887 440 in
905 415 1062 450 posterum

348 465 408 484 non
425 455 568 484 facturus.

391 500 444 529 50.
462 500 491 529 9.
515 497 613 538 ὄχλον]
633 497 754 527 videtur
770 494 855 536 ἐ’χετε
871 496 992 526 deesse.

390 559 432 564 —
449 544 500 571 10.
531 540 609 582 ἔχει]
633 541 755 569 videtur
779 538 985 569 ἐπιδείκνυσθαι
1009 540 1063 570 de-

348 594 427 614 esse.
446 585 575 613 fortasse
592 593 712 622 quoque
729 593 808 622 poue
824 583 966 612 ἁπάντων
977 584 1064 613 deest

347 627 491 658 Ἐλλήνων.

371 678 373 680 ·
390 688 433 694 ——
447 673 498 700 15.
511 669 611 708 φυλῆς,
624 667 710 710 πότε]
720 670 740 699 f.
751 669 801 698 καὶ
814 667 895 699 πότε.
907 679 975 698 nam
987 669 1063 699 alias

349 713 526 745 nominativi
552 711 668 753 χορηγὸς
699 716 730 741 et
758 711 975 753 γυμνασίαρχος
1003 723 1063 742 non

349 763 477 798 possunt
492 762 631 785 constare
645 766 713 785 cum
729 754 758 784 τί
771 755 812 784 δεῖ
824 756 950 789 λαβόντα
967 758 1064 792 ποιεῖν,

350 801 403 830 sed
422 801 553 829 debebat
568 799 684 829 dictum
701 809 769 828 esse
786 799 816 828 τί
833 799 941 829 ποιήσει
957 799 1066 831 λαβών.

349 844 398 874 Ad
411 841 528 884 χοξηγός
542 848 572 872 et
588 853 675 883 γυμν.
693 841 872 871 subauditur
887 841 971 871 ἔσται
986 842 1064 872 τότε.

392 904 433 908 —-
452 888 501 916 16.
526 888 630 921 ποιεῖν,
645 885 730 926 οὐδὲν]
748 886 769 915 f.
786 885 833 914 καὶ
847 884 918 914 οὐδὲν
932 884 1065 923 ἀνεξέτα-

349 941 426 964 στον,
444 934 495 958 aut
510 929 583 959 οὐδὲν
596 931 649 968 γὰρ
666 929 752 967 Emi„
766 934 818 958 aut
833 927 904 957 οὐδὲν
918 926 942 956 δ’
958 927 1030 966 οἷνεξ.

392 989 435 994 ——
453 975 503 1003 17.
518 972 641 1013 περὶτοῦ
656 972 800 1012 πολέμου]
817 971 947 1000 subaudi
962 970 1064 1010 νόμοις.

391 1034 434 1038 ——
449 1016 526 1045 ibid.
543 1016 590 1044 καὶ
608 1017 656 1047 τῆς
672 1015 773 1044 τούτου
789 1013 873 1054 παρ.]
896 1014 998 1044 malim
1017 1013 1067 1043 καὶ

349 1060 416 1092 ταῖς
435 1058 535 1087 τούτου
556 1059 760 1098 παρασκευαῖς.
778 1058 935 1095 vulgatum
955 1057 980 1087 si
1001 1067 1066 1086 ser·

351 1113 469 1136 vamus,
484 1102 557 1131 item
571 1101 621 1130 hic
635 1100 878 1130 subaudiendum
892 1100 950 1129 erit
965 1100 1066 1138 νόμοις.

350 1146 381 1175 in
398 1145 519 1184 legibus
542 1145 581 1174 de
605 1143 685 1174 bello
707 1144 790 1178 latis,
806 1143 879 1173 item
900 1144 929 1173 in
944 1143 1065 1182 legibus

349 1189 388 1218 de
405 1192 550 1227 apparatu
568 1187 730 1217 bellorum.

392 1249 435 1253 —
450 1234 501 1262 221.
516 1230 676 1271 μετοίκους]
694 1230 776 1260 Citat
789 1230 817 1259 h.
830 1230 850 1259 1.
868 1229 1021 1268 Harpocr.
1035 1240 1064 1259 v.

351 1273 478 1315 μέτοικοι
503 1279 534 1303 et
552 1275 617 1307 τοὺς
638 1274 725 1314 χωρὶς
748 1273 897 1307 οἰκοῦντας.
921 1272 1014 1302 multa
1036 1277 1067 1302 et

351 1318 437 1347 varia
453 1318 510 1347 hoc
530 1327 622 1357 super
637 1317 706 1345 loco
723 1316 779 1345 viri
796 1316 880 1345 docti
897 1316 1064 1355 disputant.

353 1361 431 1391 Mihi
448 1361 589 1390 videntur
604 1361 715 1390 seorsim
737 1359 900 1390 habitantes
920 1359 1067 1398 appellati

351 1404 445 1435 fuisse
458 1404 567 1434 fratres
579 1404 719 1438 familias,
734 1403 784 1442 qui
801 1413 870 1432 suas
886 1401 945 1431 sibi
961 1413 1010 1431 res
1025 1403 1067 1431 fa-

354 1448 491 1478 miliares
507 1453 663 1486 separatas
686 1457 704 1476 a
730 1457 762 1476 re
789 1450 913 1485 paterna
940 1451 1067 1475 caetero-

350 1501 480 1529 rumque
494 1490 621 1520 fratrum
644 1490 800 1525 haberent,
813 1489 951 1528 patribus
968 1489 1068 1518 adhuc

355 1534 583 1573 superstitibus,
592 1534 629 1563 ab
640 1533 740 1571 iisque
748 1533 872 1562 seorsim
885 1532 1066 1562 habitarent.

355 1577 444 1607 Conf.
462 1587 493 1616 p.
507 1579 601 1607 1149.
625 1579 676 1607 23.
691 1578 785 1607 1161.
801 1577 851 1605 15.

368 1625 372 1628 “
399 1637 440 1643 -
452 1623 501 1650 10,
519 1619 636 1661 αἰσχρόν
652 1619 744 1661 ἐστιν]
762 1618 882 1649 Citath.
895 1618 915 1648 l.
926 1619 1068 1649 Stobaeus

354 1675 383 1704 p.
402 1665 478 1695 365.
495 1666 525 1694 9.

398 1725 442 1729 -—
457 1709 508 1737 93.
524 1705 621 1740 οὐδενὸς
637 1705 658 1736 δ’
673 1704 887 1746 ἀπολείπεσὲε]
903 1716 960 1735 non
977 1705 1067 1734 intel-

355 1751 418 1790 ligo
431 1751 507 1780 hanc
520 1750 693 1780 dictionem.
740 1749 821 1786 Quid
839 1750 917 1778 enim
932 1748 989 1778 sibi
1004 1748 1068 1778 vult

354 1793 470 1827 οὐδενός.)
505 1793 579 1832 quid
612 1793 801 1823 subauditur.
829 1793 952 1822 videtur
980 1791 1072 1821 Wolf

356 1837 563 1871 existimasse,
577 1836 818 1866 subaudiendum
834 1846 904 1865 esse
921 1833 1069 1874 πολεμίου.

356 1881 468 1911 nullum
480 1890 538 1910 non
549 1880 668 1909 hostem
677 1879 880 1909 assectamini.
894 1879 1069 1916 ubicunque

357 1923 472 1954 videtis
496 1923 648 1958 concurri,
674 1923 746 1952 illuc
773 1922 945 1952 accurritis.
991 1921 1069 1951 Mihi

360 1968 482 1998 videtur
515 1966 747 2000 Demosthenes,
778 1966 807 1994 id
843 1965 1013 2004 significare
1045 1965 1069 1993 si

360 2011 520 2044 voluisset,
548 2009 636 2038 aliter
663 2009 841 2038 senteutiam
866 2017 1070 2046 expressurus

358 2055 462 2083 fuisse.
510 2054 590 2082 Num
607 2052 706 2086 οὐδενος
720 2051 743 2081 δ’
763 2052 790 2082 οὗ
810 2053 903 2091 καιξοῦ
919 2048 1071 2081 &oronim-

359 2096 426 2126 aa..
450 2106 594 2134 nusquam
620 2106 678 2125 non
695 2105 764 2125 sero
778 2095 901 2129 venitis,
925 2100 1071 2134 opportu-

360 2140 506 2169 nitatibus
524 2149 623 2168 rerum
640 2141 716 2169 bene
738 2138 938 2177 gerendarum
956 2138 1072 2168 dudum

360 2182 578 2222 praeterlapsis.

728 174 763 215 Ι.
788 173 823 216 1.
847 173 1073 215 REISKE
1110 173 1438 216 ANNOTATA

1098 322 1112 333 η
1141 280 1196 312 52.
1211 283 1243 312 7.
1258 281 1398 325 ἐγχωρεῖ]
1421 282 1489 314 scil.
1504 282 1603 313 ταῦτα
1620 283 1706 314 ποιεῖν
1719 283 1767 314 καὶ
1785 283 1813 320 ἐς

1098 334 1222 363 υστερον.

1140 385 1183 390 -—
1198 378 1268 407 pen.
1293 368 1527 410 ωλευσούμεὸα]
1544 369 1628 400 Citat
1645 370 1675 399 h.
1690 370 1711 400 1.
1728 370 1810 400 Her-

1097 419 1179 482 υἷος.
1195 421 1226 450 p.
1245 412 1319 441 347.
1333 416 1363 441 et
1380 412 1536 452 Longinus
1553 424 1582 453 p.
1596 415 1648 444 82.
1661 414 1709 444 ed.
1723 414 1812 444 Wet-

1100 463 1114 481 s
1131 464 1179 483 en.

1142 498 1193 527 53.
1213 499 1265 527 10.
1282 496 1342 538 διὰ]
1367 497 1460 536 vulgo
1480 498 1578 535 abest,
1601 499 1683 538 quod
1709 499 1812 529 visum

1097 539 1155 568 fuit
1176 550 1192 569 e
1216 540 1336 569 duobus
1358 541 1450 570 codd.
1473 541 1656 578 adsciscere,
1679 542 1750 581 quia
1766 542 1811 572 sio

1098 583 1274 621 planissima
1297 583 1439 614 redditur
1464 584 1559 614 dictio
1584 585 1814 621 Demosthenis,

1099 636 1167 665 quae
1192 626 1267 656 alias
1284 636 1405 665 semper
1426 632 1527 657 tamen
1549 627 1625 657 dura
1644 633 1745 657 manet
1766 632 1812 658 at-

1098 679 1158 708 que
1176 671 1293 704 scabra,
1312 669 1435 700 tametsi
1450 670 1641 709 hyperbaton
1657 669 1814 707 admittas,

1098 713 1180 751 quod
1197 713 1421 743 Demosthenes
1438 724 1495 743 non
1514 713 1668 752 repudiat,
1684 720 1718 742 ut
1731 713 1815 743 scili-

1099 760 1149 785 cet
1162 756 1225 789 τοὺς
1237 755 1375 790 τοιούτους
1384 755 1562 790 ἀποστόλους
1572 757 1733 796 copuletur
1745 766 1814 786 cum

1099 800 1121 829 οῖ
1147 798 1244 841 ἐχθροὶ
1271 801 1468 837 καταγελῶσι,
1493 800 1719 838 interjectorum
1742 809 1816 830 vero

1100 842 1182 872 nulla
1197 843 1343 873 habeatur
1360 843 1448 872 ratio.
1465 842 1516 881 qui
1533 849 1581 873 est
1595 843 1704 872 modus
1721 842 1815 872 inter-

1100 886 1241 924 pretandi
1261 886 1448 919 Woltianus.
1463 886 1552 925 isque
1565 886 1727 915 admodum
1743 895 1817 924 pro-

1100 928 1220 957 babilis.
1247 939 1313 958 nam
1334 929 1411 958 alter
1423 929 1490 964 ille,
1513 939 1602 968 quem
1626 928 1814 959 Abreschius

1100 971 1138 1000 ad
1163 970 1345 1010 AEsohylum
1368 981 1400 1010 p.
1416 972 1468 1001 57.
1488 975 1519 1000 et
1543 973 1617 1002 631.
1642 971 1816 1010 proposuit,

1099 1015 1137 1043 ab
1148 1013 1270 1053 iugenio
1283 1014 1375 1044 Dem.
1385 1014 1528 1044 abhorret
1540 1018 1630 1052 atque
1641 1013 1730 1044 nimis
1743 1024 1816 1044 con·

1101 1062 1200 1086 tortus
1221 1062 1281 1087 est.
1303 1058 1378 1087 citat
1392 1057 1422 1087 11.
1438 1057 1461 1087 l.-
1482 1057 1614 1087 Thomas
1636 1057 1683 1088 M.
1699 1067 1729 1087 ν.
1744 1055 1817 1088 ἀπό·

1102 1106 1217 1134 στολος.

1141 1160 1179 1165 —-
1201 1143 1250 1174 15.
1273 1142 1413 1183 ἡττῆται]
1440 1143 1564 1173 videtur
1589 1142 1744 1183 exquisita
1769 1142 1817 1172 di-

1099 1185 1161 1215 ctio
1191 1196 1272 1222 esse,
1305 1187 1450 1226 nulloque
1484 1187 1576 1216 modo
1612 1186 1816 1216 sollicitanda.

1100 1228 1252 1259 ἧττὶῑσὲναι
1277 1232 1332 1259 τῶν
1354 1232 1540 1270 στρατιωτῶν
1556 1229 1669 1259 dicitur
1685 1229 1817 1268 impera·

1100 1276 1148 1301 tor
1164 1272 1230 1308 ille,
1246 1273 1298 1312 qui
1313 1273 1342 1302 in
1365 1277 1521 1312 potestate
1542 1272 1672 1302 militum
1689 1276 1748 1307 est,
1763 1271 1817 1311 qui

1099 1314 1249 1345 militibus
1268 1326 1376 1356 negare
1398 1315 1560 1355 quicquam
1577 1315 1695 1355 nequit,
1712 1324 1817 1355 quam·

1101 1359 1148 1387 vis
1172 1358 1307 1389 insolens
1331 1364 1362 1389 et
1387 1358 1556 1398 indignum,
1572 1359 1622 1398 qui
1644 1359 1745 1388 facere
1761 1369 1814 1388 ne-

1100 1401 1178 1440 quit,
1195 1402 1356 1442 quominus
1372 1412 1476 1432 omnes
1496 1412 1600 1431 eorum
1622 1401 1749 1440 injurias
1770 1406 1817 1431 to-

1100 1445 1187 1480 leret,
1196 1446 1232 1476 ad
1243 1445 1344 1475 omnia
1354 1447 1471 1475 scelera
1480 1450 1511 1474 et
1519 1444 1634 1483 flagitia
1646 1444 1818 1475 connivent.

1101 1488 1173 1527 quia
1194 1499 1255 1518 non
1277 1489 1379 1525 habet,
1397 1489 1477 1518 unde
1501 1493 1553 1517 aut
1573 1487 1678 1518 debita
1701 1487 1817 1526 stipen-

1101 1532 1152 1561 dia
1167 1532 1214 1561 his
1233 1532 1341 1567 solvat,
1356 1537 1407 1562 aut
1423 1531 1566 1561 meliores
1582 1531 1743 1560 conducat.

1144 1576 1198 1605 54.
1214 1577 1246 1604 7.
1275 1572 1414 1615 ἕκαστος]
1445 1574 1498 1604 alii
1526 1572 1655 1604 ἕκαστοι.
1685 1572 1816 1612 perinde

1102 1622 1165 1647 est.
1185 1618 1239 1647 sed
1257 1618 1379 1648 videtur
1400 1621 1470 1656 post
1485 1617 1561 1647 hanc
1585 1627 1689 1646 vocem
1706 1617 1818 1646 deesse

1102 1662 1136 1694 ὡς
1158 1659 1244 1698 θέλει,
1257 1662 1306 1690 vel
1324 1662 1360 1695 ὡς
1375 1660 1506 1695 θέλουσι,
1529 1660 1576 1690 vel
1602 1658 1646 1694 οὓς
1669 1657 1818 1695 βούλεται,

1102 1704 1151 1734 vel
1186 1703 1229 1738 οὓς
1256 1702 1411 1734 ἕούλονται.
1442 1703 1709 1733 comminiscentes
1738 1713 1817 1742 quos

1102 1747 1230 1787 quisque
1245 1748 1311 1777 vult
1324 1757 1474 1777 rumores.

1144 1808 1186 1813 —-
1203 1793 1233 1821 9.
1259 1789 1393 1830 μεθύειν]
1418 1790 1501 1820 Citat
1516 1789 1547 1819 h.
1563 1789 1585 1819 1.
1602 1789 1817 1828 Hermogenes

1102 1845 1133 1874 p.
1151 1836 1224 1865 198.
1240 1838 1271 1863 et
1285 1834 1416 1863 Thomas
1432 1834 1478 1862 Μ.
1494 1844 1524 1862 v.
1538 1831 1667 1873 μεθύω-ῃ.

1146 1896 1188 1901 -—
1204 1879 1255 1907 15.
1273 1876 1369 1917 ἐκεῖνο]
1393 1875 1482 1906 ἐκεῖνα
1498 1875 1631 1914 praetuli,
1647 1874 1718 1914 quia
1735 1883 1818 1904 com-

1103 1921 1191 1960 plura
1213 1925 1370 1951 enumerat
1392 1920 1531 1953 molesta,
1557 1919 1722 1956 diligenter
1748 1927 1818 1956 spe-

1104 1963 1213 1994 ctanda
1231 1970 1262 1994 et
1277 1964 1313 1993 ad
1328 1963 1459 1993 animum
1478 1961 1662 1992 revocanda.
1680 1961 1819 2000 sequitur

1105 2007 1196 2038 etiam
1213 2008 1312 2036 ταῦτα
1327 2017 1418 2036 versu
1436 2008 1487 2036 21.

1147 2068 1189 2072 —-
1206 2052 1257 2081 19.
1285 2049 1413 2090 εὔξηται]
1451 2053 1523 2088 post
1556 2047 1666 2088 εὔξηται
1695 2046 1820 2076 videtur

1105 2092 1216 2133 πράξας
1237 2094 1354 2123 deesse.
1380 2102 1416 2122 ea
1431 2091 1680 2130 deprehendatur
1695 2088 1818 2128 Philip—

1106 2147 1163 2176 pus
1186 2136 1334 2166 adversus
1348 2146 1403 2166 nos
1419 2135 1520 2165 omnia
1532 2133 1634 2174 egisse
1655 2137 1686 2163 et
1706 2131 1820 2163 machi-

1107 2184 1196 2210 natus
1215 2189 1297 2209 esse.

680 2353 764 2394 AD
799 2351 1167 2394 ORATIONEM
1204 2350 1287 2391 DE
1324 2348 1499 2391 PACE.

407 2478 541 2507 Wolsin
559 2483 660 2507 annot.
673 2478 710 2507 ad
724 2488 768 2506 or.
784 2478 821 2507 de
838 2477 910 2506 falsa
922 2476 1074 2516 legatione

363 2522 411 2562 (p.
424 2523 497 2552 375.
510 2521 770 2559 20.)s==spi0atur‚
782 2522 857 2550 hanc
867 2521 906 2550 de
920 2530 994 2559 pace
1009 2530 1076 2549 ora-

363 2566 487 2599 tionem,
499 2575 565 2603 quae
583 2563 782 2594 Demostheni
793 2564 998 2602 abjudicatur,
1008 2572 1076 2592 esse

362 2608 529 2642 AEschinis,
546 2607 585 2636 nil
603 2614 735 2636 moratus
751 2607 896 2636 dictionis
916 2606 1078 2646 disparita-

363 2656 437 2686 tem,
454 2661 552 2689 neque
575 2650 781 2679 testimonium
801 2655 950 2685 veterum,
965 2653 1077 2688 praeter

363 2702 426 2726 tres
449 2694 529 2728 illas,
546 2704 612 2732 quae
628 2694 718 2723 hodie
743 2698 892 2732 prostant,
914 2693 1077 2727 orationes.

363 2739 400 2769 ab
421 2737 564 2767 AEschine
580 2737 677 2766 literis
687 2737 898 2775 consignatum
915 2736 1076 2775 quicquam

360 2792 440 2816 esse,
459 2779 644 2819 negantium.
690 2779 750 2809 Sed
773 2780 895 2808 obstant
919 2781 983 2808 baec
1004 2780 1076 2808 duo.

364 2829 392 2855 1.
409 2825 489 2864 quod
507 2829 609 2852 orator
623 2833 655 2862 p.
672 2821 726 2852 59.
742 2832 776 2851 se
791 2822 904 2862 legatis
919 2821 1043 2860 reliquis
1059 2831 1076 2850 e

362 2870 393 2898 M
401 2866 546 2897 acedonia
557 2866 682 2895 domum
691 2865 826 2895 reversis
836 2865 1010 2895 oblocutum
1024 2864 1077 2899 ait,

363 2921 414 2941 eos
428 2911 515 2940 malae
526 2910 643 2939 fraudis
653 2915 744 2948 atque
760 2919 833 2949 erga
844 2909 970 2948 patriam
984 2908 1077 2937 male-

361 2953 504 2983 volentiae
526 2959 556 2982 et
580 2963 652 2991 erga
674 2952 854 2991 Philippum
876 2951 969 2981 studii
991 2961 1076 2980 coar-

363 2997 476 3037 guisse.
509 2998 538 3025 ⁰2.
558 2997 639 3035 quod
657 3000 758 3025 orator
774 2994 886 3025 ibidem
905 2995 964 3025 sibi
981 3004 1075 3033 quan—

1111 2476 1178 2505 dam
1215 2480 1337 2514 arrogat
1372 2471 1517 2515 εὐτυχίαν,
1547 2473 1635 2511 cujus
1668 2469 1823 2509 jaetantiae

1112 2529 1215 2560 poenas
1233 2518 1371 2548 AEschini
1389 2518 1476 2547 dedit
1489 2515 1713 2546 acerbissimas.

1154 2564 1207 2593 57.
1223 2564 1254 2593 3.
1271 2560 1358 2601 μηδὲν
1374 2560 1456 2600 εἶναι]
1469 2560 1490 2589 f.
1505 2558 1592 2599 μηδὲν
1602 2556 1646 2587 ἔτ’
1659 2556 1738 2587 εἶναι.

1154 2623 1197 2628 —
1207 2608 1238 2636 5.
1253 2606 1332 2634 κατὰ
1347 2604 1460 2644 ταῦτα]
1478 2613 1546 2632 num
1562 2603 1605 2641 μὴ
1620 2598 1700 2629 aaron*
1714 2597 1826 2635 ταῦτοὶ,

1112 2653 1145 2678 ut
1159 2648 1218 2678 ista
1229 2649 1290 2678 duo
1306 2649 1348 2687 μὴ
1364 2649 1444 2676 κατὰ
1456 2645 1564 2679 ταύτὰ,
1576 2653 1634 2673 non
1648 2643 1716 2682 pari
1728 2647 1826 2681 puoto,

1111 2697 1141 2721 et
1157 2691 1231 2731 μηδὲ
1247 2688 1362 2725 καθ’ἓν,
1374 2698 1463 2730 neque
1477 2699 1536 2718 uno
1549 2693 1655 2721 tenore,
1670 2685 1732 2715 sint.
1743 2696 1759 2714 e
1770 2695 1825 2724 pa·

1112 2735 1219 2764 rallelo
1243 2735 1337 2768 dicta,
1363 2738 1396 2762 ut
1424 2732 1516 2771 vulgo
1541 2733 1698 2768 usurpant.
1744 2728 1825 2757 Con-

1113 2779 1240 2808 structio
1256 2782 1320 2807 tum
1337 2776 1396 2805 erit
1411 2775 1492 2804 baec:
1509 2774 1551 2814 μὴ
1567 2772 1680 2804 πάντας
1692 2769 1828 2808 ἡγεῖσθαι

1113 2821 1145 2850 τὸ
1161 2819 1302 2860 συμφέρον
1317 2820 1396 2848 κατὰ
1418 2818 1516 2848 ταῦτα
1540 2815 1622 2857 [seit.
1640 2813 1828 2854 ἔννοῆματα],

1111 2863 1185 2903 μηδὲ
1201 2862 1266 2893 καθ’
1283 2861 1307 2892 ἓν
1323 2860 1470 2902 [subaudi
1482 2857 1686 2901 διάγραμμα]

1155 2909 1208 2938 58.
1226 2909 1275 2936 18.
1304 2907 1344 2935 τὰ
1361 2902 1438 2945 ,παρ’
1459 2902 1540 2944 ὑμῖν]
1568 2902 1643 2931 alias
1669 2898 1827 2930 subaudiri

1113 2950 1212 2990 possit
1229 2949 1356 2989 διάφορα,
1368 2947 1500 2987 negotia,
1515 2945 1560 2976 vel
1578 2941 1760 2984 συμβόλαια.
1774 2942 1827 2972 hio

1114 3003 1186 3023 vero
1209 2992 1310 3022 malim
1335 2990 1493 3021 subaudiri
1515 2986 1751 3028 κακουργήματα.
1775 2995 1828 3015 ne-
