1931 3322
1512 192 1538 232 N>

1547 191 1561 231 ...1

1571 191 1596 231 ω

323 389 409 431 ΑΒ
443 388 816 432 ORATIONEM
850 386 974 430 PRO
1010 386 1407 429 PHORMIONE.

177 507 250 536 944.
268 508 296 534 1.
321 505 467 536 Phormio
482 506 534 536 hic
554 506 697 537 diversus
719 511 768 536 est
788 504 848 542 illi,

131 552 238 578 contra
253 559 343 587 quem
359 549 458 580 oratio
473 560 528 590 pro
539 549 715 590 Chrysippo
729 559 760 589 p.
773 550 847 579 907.

133 602 200 630 sqq.
217 593 339 631 agebat.

176 636 250 666 945.
268 638 299 665 1.
323 635 496 676 πεποιηκὼς]
518 638 650 675 August.
665 635 718 665 dat
733 633 849 665 πεποίη-

131 687 174 708 κε.
205 688 265 716 quo
291 678 402 708 vulnus
423 678 513 718 hujus
539 679 601 709 loci
627 689 688 708 non
710 684 847 709 sanatur.

132 729 220 760 paret
235 720 352 760 aliquid
363 722 483 753 deesse.
501 722 598 753 οὑτοσὶ
614 722 695 752 enim
717 732 785 751 cum
803 722 849 752 in-

132 764 334 804 sequentibus
371 765 503 795 redeunt
540 766 578 795 ad
618 765 849 802 Phormionem,

133 808 260 837 verbum
271 813 372 838 autem
380 810 556 848 συκοφαντεῖ
565 809 605 839 ad
614 809 848 849 Apollodorum.

133 861 202 890 quae
218 850 276 880 sibi
293 862 352 881 non
368 857 519 882 constant.

174 911 218 916 —-
235 896 266 925 6.
288 894 401 935 τοῦτον]
420 895 647 925 Phormionem.

175 955 220 960 —-
234 937 312 968 ibid.
334 935 386 972 οἷός
400 948 434 968 τε
449 937 544 979 ἐστὶν]
570 939 794 978 Apollodorus,
811 938 850 968 ad

133 991 224 1020 quem
240 980 344 1020 ipsum
359 982 451 1011 etiam
466 981 568 1012 τούτου
585 993 614 1012 v.
629 985 682 1012 11.
699 982 793 1012 redit.

179 1026 254 1055 946.
277 1026 308 1056 9.
339 1023 514 1066 προϊέμενος]
545 1025 650 1055 malim
673 1023 851 1065 προειμένος.

134 1066 165 1097 in
178 1068 350 1107 praeterito.
365 1068 470 1109 quibus
484 1079 615 1099 nummos
629 1068 814 1098 credidisset.

177 1127 222 1133 —
236 1113 289 1142 22.
312 1109 510 1152 ἐπετρόπευεν]
534 1111 607 1141 dedi
627 1109 850 1151 ἐπετρόπευσεν.

133 1152 182 1183 τόν
202 1154 305 1184 παῖδα.
326 1154 468 1194 designat
492 1154 658 1191 Pasiclem,
679 1165 768 1194 quem
790 1156 853 1184 De-

133 1197 308 1227 mosthenes
324 1197 397 1228 alibi
415 1197 510 1228 filium
530 1197 630 1237 ipsius
655 1198 852 1228 Phormionis

133 1240 280 1278 appellat,
295 1240 414 1272 furtivo
426 1242 591 1271 concubitu
606 1252 675 1271 cum
691 1242 776 1277 hera,
792 1242 853 1271 Pa-

134 1282 232 1313 sionis
247 1294 357 1320 uxore,
369 1289 576 1322 procreatum.

177 1344 222 1349 ——
247 1337 319 1367 pen.
353 1327 502 1368 ἐξελόντας
529 1328 694 1369 ἂντιμοςεῖ]
727 1327 851 1357 correxi

134 1367 282 1408 ἐξελόντας
295 1372 351 1406 τὰς
365 1369 550 1411 ἄντιμοιξῖοις.
572 1371 740 1411 Appellant
751 1371 852 1401 Graeci

134 1412 310 1454 ἀντιμοιςίοις
325 1420 429 1454 partes
442 1414 632 1445 haereditatis
645 1425 735 1454 pares
750 1414 852 1444 valore

135 1456 207 1486 aliis
231 1463 338 1488 contra
361 1458 474 1498 positis
497 1458 651 1497 partibus.
695 1458 854 1488 Sententia

135 1500 241 1540 itaque
272 1505 320 1531 est
335 1512 342 1531 ε
375 1501 403 1531 si
428 1507 585 1542 oporteret
611 1501 709 1541 ipsos,
735 1506 853 1531 tutores

135 1543 285 1579 Pasiclis,
300 1555 449 1585 seponere
465 1545 620 1576 detractas
644 1545 703 1574 toti
723 1544 854 1574 haeredi-

135 1586 195 1616 tati
211 1588 341 1617 totidem
359 1596 465 1627 partes
481 1589 616 1627 aequales
635 1588 706 1618 aliis
722 1587 852 1617 totidem

134 1630 288 1669 partibus,
299 1642 375 1670 quas
389 1631 598 1670 Apollodorus
613 1631 671 1661 sibi
687 1636 854 1670 arrogaret,

136 1677 228 1713 atque
243 1675 426 1713 postularet,
443 1685 541 1715 eoque
558 1676 638 1704 facto
651 1680 716 1705 tum
730 1675 853 1705 demum

137 1716 350 1748 haereditatem
368 1718 486 1758 partiri,
502 1718 546 1748 nil
560 1718 626 1748 sore
641 1718 805 1757 reliquum.

181 1762 256 1791 94⁷.
279 1765 309 1794 5.
331 1761 527 1803 μισθώσεως]
549 1761 680 1792 subaudi
704 1762 854 1803 ἔγκλημα,

136 1807 189 1834 aut
203 1801 293 1834 ἕνεκα.
314 1805 416 1835 malim
432 1807 483 1838 τῆς
497 1803 680 1843 μισθώσεως.

179 1863 225 1870 -
246 1849 279 1878 7.
315 1847 555 1888 ἐπιγιγνομένας]
581 1848 706 1879 correxi
731 1846 856 1886 ἐπιγενο-

137 1887 238 1929 μένοις.
263 1890 372 1922 locaria
385 1892 557 1930 posteriora.

181 1950 226 1956 —-
247 1937 298 1964 10.
321 1934 471 1975 ἀφήκατε]
495 1934 664 1974 alloquitur
687 1935 856 1975 Apollodo-

138 1986 205 2006 rum
225 1981 258 2006 et
273 1979 340 2016 ejus
357 1979 538 2013 advocatos,
562 1982 595 2008 ut
618 1977 744 2008 Diniam
768 1989 856 2008 soce-

139 2030 219 2055 rum,
232 2025 262 2050 et
275 2021 363 2052 alios.
380 2026 433 2051 aut
445 2025 550 2060 potest
565 2021 603 2050 ad
617 2021 727 2051 fratres
740 2023 858 2051 referri.

139 2067 186 2099 tu,
201 2064 401 2102 Apollodore,
416 2070 449 2094 et
463 2066 556 2095 frater
572 2069 656 2099 tuus,
674 2065 825 2095 Pasicles.

181 2123 226 2128 —
263 2110 315 2138 12.
359 2108 571 2149 προσώφειλεν]
611 2107 679 2138 scil.
718 2107 773 2146 ὅδε,
808 2107 858 2137 hic

139 2149 298 2180 Phormio.

181 2210 226 2216 --
242 2196 293 2224 13.
317 2192 410 2235 οὗτος]
435 2194 656 2234 Apollodorus.

182 2254 227 2258 —
251 2239 302 2268 14.
325 2237 451 2279 ἀφῆκαν]
479 2238 689 2278 Apollodorus
714 2242 744 2268 et
770 2238 859 2268 Pasi-

141 2279 215 2310 cles.

183 2340 227 2345 -
243 2324 295 2353 26.
320 2322 396 2364 ἴδιον]
413 2323 535 2354 correxi
554 2322 632 2359 ἥδιον,
648 2324 729 2363 quod
751 2323 856 2353 Simon

140 2365 315 2401 Fabricius,
330 2377 384 2396 seu
396 2366 680 2402 Hieron.Wolfius‚
693 2377 710 2397 e
724 2367 856 2397 lectione

140 2409 314 2448 Augustani
329 2409 410 2440 ἥδειον
420 2410 555 2440 feliciter
566 2411 660 2440 eruit.
676 2410 858 2440 subauditur

140 2449 181 2487 ἦν,
198 2457 250 2482 aut
263 2450 367 2482 εἵλετο.
384 2463 483 2492 neque
499 2454 579 2483 enim
594 2453 628 2484 τὸ
644 2455 746 2493 κτῆμα
763 2464 857 2493 pecu-

140 2495 228 2530 lium,
251 2495 313 2536 (sic
337 2496 474 2535 appellat
498 2497 649 2526 officinam
675 2496 858 2538 scutariam)

141 2543 209 2568 erat
225 2539 353 2578 gratius,
369 2539 540 2579 acceptius,
558 2551 648 2579 quam
663 2550 770 2570 mensa
785 2551 858 2571 usu-

141 2583 231 2612 raria.
256 2586 477 2623 aut—neque
498 2583 577 2613 enim
597 2588 738 2622 optasset
763 2583 858 2614 liben-

141 2625 205 2656 tius
224 2625 386 2662 officinam,
402 2636 492 2665 quam
509 2636 657 2656 mensam.
679 2637 785 2656 mensa
804 2628 859 2657 foe-

141 2670 293 2699 neratoria
309 2679 368 2700 non
384 2674 450 2700 erat
471 2671 588 2707 κτῆμα.
614 2669 697 2709 quia,
713 2670 858 2710 quicquid

142 2714 258 2752 κτῆμα,
282 2712 316 2743 id
337 2713 419 2752 juris
445 2713 541 2743 nostri
564 2718 623 2742 est.
668 2713 728 2742 Sed
752 2713 859 2743 alienae

141 2756 296 2795 pecuniae,
311 2767 379 2796 quae
403 2767 420 2786 a
440 2767 543 2786 mensa
559 2757 753 2786 foeneratoria
771 2768 859 2787 exer-

143 2804 265 2836 centur,
276 2799 358 2838 juris
373 2799 471 2830 nostri
487 2810 545 2830 non
563 2805 645 2835 sunt,
661 2800 715 2829 sed
733 2801 860 2830 creden-

145 2841 232 2872 tium.
243 2853 318 2882 ergo
334 2853 434 2882 neque
443 2845 558 2882 κτῆμα.
581 2843 744 2882 Sapienter
756 2843 860 2883 itaque

144 2885 493 2925 malebatApollodorus
506 2886 666 2922 officinam,
678 2897 766 2925 quam
779 2898 860 2916 men-

148 2938 210 2957 sam
224 2938 233 2965 ;
263 2929 337 2968 quia
363 2940 432 2960 cum
460 2930 524 2966 illa,
553 2940 612 2960 non
638 2940 707 2960 cum
741 2931 807 2965 hac,
832 2931 860 2960 ei

145 2969 262 3001 licebat
285 2983 340 3011 pro
357 2973 484 3003 arbitrio
499 2984 603 3014 agere,
617 2980 646 3003 et
670 2974 740 3013 quia
758 2985 861 3005 mensu

146 3013 251 3045 multis
267 3015 391 3046 casibus
405 3017 546 3048 adversis
559 3023 606 3048 est
619 3017 766 3048 obnoxia.

923 521 966 527 -—
983 506 1035 536 27.
1058 503 1080 534 εἰ
1097 504 1215 545 προσῆν]
1237 505 1316 534 bene
1331 503 1433 534 habet.
1478 506 1599 536 Lambi-

881 559 938 578 nus
958 547 981 577 εἰ
1005 549 1048 587 μὴ
1073 549 1185 588 προσῆν.
1221 545 1396 577 infeliciter.
1441 547 1492 576 Sic
1520 549 1598 578 enim

881 591 995 622 evertit
1010 595 1103 621 totam
1120 591 1315 625 sententiam,
1331 594 1363 620 et
1379 591 1530 620 contraria
1550 603 1601 621 co-

882 635 928 675 git
949 639 1105 664 auctorem
1128 634 1188 664 sibi
1206 634 1302 674 loqui,
1320 638 1352 663 et
1367 644 1436 663 cum
1461 644 1494 664 re
1520 634 1598 664 haud

882 677 1095 708 consistentia.

927 723 1001 753 948.
1024 724 1055 752 2.
1078 718 1212 762 {gyezo-la]
1237 724 1309 759 post
1331 717 1450 760 ἐργασίαι
1478 719 1601 750 videtur

882 764 911 795 οὗ
926 765 1048 795 deesse.
1072 775 1178 794 mensa
1200 768 1302 794 autem
1323 763 1518 793 soeneratoria
1541 774 1601 793 non

883 813 932 838 est
947 819 996 838 res
1009 819 1027 838 a
1044 807 1194 848 periculis
1210 807 1318 843 libera,
1335 806 1450 846 quippe
1466 817 1534 845 quae
1551 818 1602 836 ac-

883 852 1040 882 cessiones
1058 851 1167 881 habeat
1182 850 1425 881 discriminosas.
1442 856 1494 879 aut
1513 851 1603 880 deest

883 893 1067 928 ἐπικίνδυνος.

926 956 969 960 -
980 941 1031 969 14.
1047 937 1249 979 ἀποστεροῖτο]
1267 936 1391 967 correxi
1404 936 1605 976 ἀπεστερεῖτο.

885 982 1015 1011 subaudi
1034 980 1151 1011 ταύτην.
1196 981 1230 1010 Si
1247 981 1454 1020 Apollodorus
1472 990 1490 1009 a
1505 981 1604 1010 Phor-

885 1024 984 1054 mione
1000 1024 1151 1064 spoiiatus
1171 1030 1253 1053 esset
1275 1035 1311 1053 eo
1333 1024 1435 1062 capite
1460 1023 1605 1062 pecunia-

885 1077 966 1103 rum,
981 1078 1072 1107 quam
1089 1067 1148 1105 ipsi
1165 1073 1252 1106 pater
1270 1067 1457 1106 reliquisset,
1479 1078 1605 1096 necesso

885 1116 972 1141 esset
987 1111 1180 1146 existimare,
1190 1111 1408 1150 Apollodorum
1426 1111 1603 1140 tantundem

886 1155 926 1184 de
956 1164 1013 1184 suo
1044 1155 1125 1184 unde
1158 1154 1240 1183 unde
1275 1153 1490 1192 expedivisse,
1523 1155 1606 1192 quod

887 1197 978 1227 novis
1005 1197 1245 1227 conductoribus
1270 1197 1417 1227 elocaret.
1462 1198 1524 1227 Sed
1548 1197 1606 1226 hoc

888 1241 1003 1270 factum
1030 1251 1090 1270 non
1115 1251 1184 1270 esse
1210 1245 1341 1270 constat.
1395 1241 1479 1279 Ergo
1511 1240 1607 1269 Pasio

887 1284 1033 1324 proprios
1051 1294 1191 1314 nummos
1208 1284 1238 1313 in
1255 1294 1359 1313 mensa
1375 1284 1476 1312 nullos
1491 1283 1609 1313 habuit.

930 1346 974 1350 --
990 1327 1067 1357 ibid.
1089 1329 1224 1368 «tegorium
1247 1325 1353 1361 ἐκείνοις
1376 1326 1516 1368 ἄλλοθεν]
1544 1338 1609 1356 me-

887 1370 970 1401 diam
987 1373 1095 1401 vocem
1121 1371 1238 1401 addidi.
1286 1371 1323 1400 In
1351 1370 1410 1399 hoc
1433 1371 1502 1399 locu
1530 1371 1609 1400 male

887 1415 918 1444 id
943 1425 992 1444 me
1018 1415 1122 1450 habet,
1147 1415 1229 1453 quod
1252 1413 1464 1453 Apollodorus
1488 1412 1610 1443 dicatur

887 1468 1021 1487 mensam
1049 1468 1106 1497 pro
1140 1458 1247 1488 eadem
1280 1458 1420 1487 mercede
1453 1457 1608 1496 Euphraeo

888 1501 1069 1540 caeterisque
1083 1501 1177 1531 sociis
1194 1502 1261 1540 ejus
1278 1501 1425 1536 elocasse,
1437 1511 1497 1539 qua
1513 1501 1610 1530 Phor-

888 1546 952 1574 mio
976 1555 1043 1574 eam
1059 1545 1220 1575 tenuisset.
1245 1544 1296 1574 cui
1325 1544 1510 1574 contradicit
1536 1554 1608 1583 pag.

889 1590 964 1620 956.
986 1589 1017 1618 5.

930 1634 1037 1662 —22
1053 1629 1214 1671 μαξτυξία]
1237 1631 1338 1660 malim
1355 1629 1523 1669 μαρτυξίαι.
1541 1641 1608 1659 nam

889 1679 960 1704 sunt
974 1675 1036 1704 duo
1054 1675 1092 1704 de
1109 1676 1227 1705 duabus
1248 1675 1340 1704 rebus
1362 1674 1497 1703 diversis
1523 1673 1613 1703 testi-

889 1718 1001 1748 monia.

932 1779 975 1784 —
994 1763 1046 1792 23.
1069 1759 1490 1802 ἔμῖσθωσαν-παξέδωκαν]
1517 1761 1612 1799 Apol-

889 1805 1016 1835 lodorus
1043 1810 1074 1835 et
1093 1804 1184 1835 amici
1210 1806 1291 1845 ejus,
1306 1804 1358 1834 vel
1381 1804 1486 1844 potius
1507 1804 1613 1839 frater,

892 1848 1045 1879 Pasicles.

935 1894 1010 1922 949.
1027 1893 1056 1921 6.
1078 1890 1187 1931 oran-gi]
1215 1890 1329 1926 Diniae,
1350 1901 1457 1920 socero
1481 1890 1611 1930 Apollo-

891 1935 973 1965 dori.

934 1995 978 2000 —-
1000 1976 1078 2007 ibid.
1103 1975 1300 2017 συγκηδεστῇ]
1327 1975 1440 2011 Niciae,
1462 1975 1513 2014 qui
1539 1977 1613 2006 alte-

893 2031 957 2051 ram
980 2020 1081 2050 Diniae
1097 2020 1189 2049 filiam
1206 2019 1236 2049 in
1254 2019 1446 2049 matrimonio
1470 2020 1615 2049 habebat.

894 2076 924 2095 v.
941 2075 971 2095 v.
987 2067 1040 2096 22.

936 2125 978 2130 —
1000 2109 1030 2138 9.
1054 2105 1167 2148 ἔχθξόν]
1196 2106 1284 2135 addit
1307 2111 1378 2145 pos-⁴
1402 2103 1505 2146 ἒχὲςέν
1530 2108 1611 2145 Aug.

894 2161 942 2190 pr.
967 2149 1062 2180 αὐτόν.
1094 2150 1275 2188 amplector.
1308 2149 1363 2178 sed
1394 2149 1484 2179 deest
1513 2150 1615 2179 adhuc

893 2194 978 2223 aliud
995 2193 1081 2233 quid.
1105 2194 1227 2223 videtur
1243 2196 1348 2222 orator
1364 2192 1488 2222 dedisse
1513 2192 1616 2234 ἒχὲςόν

893 2237 976 2267 αὐτὸν
991 2236 1085 2275 ἑαυτῷ
1099 2235 1266 2276 ἀναγκάζειν
1281 2235 1360 2266 εἶναι.
1382 2246 1470 2276 quam
1487 2247 1554 2266 eum
1569 2247 1615 2266 co-

891 2291 970 2322 gere,
985 2287 1021 2310 ut
1038 2280 1091 2310 sibi
1105 2281 1141 2310 sic
1158 2281 1303 2309 inimicus.

934 2342 978 2347 —
993 2327 1047 2354 11.
1069 2322 1278 2363 ἐγκλημάτων]
1298 2322 1389 2354 deleo
1406 2332 1525 2352 comma
1543 2328 1616 2362 post

892 2365 1087 2406 ἐγκλημάτων
1102 2374 1131 2396 et
1145 2377 1226 2406 pono
1239 2372 1310 2405 post
1331 2365 1365 2394 τὸ
1392 2365 1521 2406 δεύτεξον.
1549 2377 1615 2396 cum

892 2421 958 2440 eum
973 2413 1099 2440 secundo
1114 2410 1284 2444 absolvisset,
1302 2409 1354 2439 vel
1371 2410 1488 2444 iterum,
1505 2410 1613 2445 denna,

893 2454 1066 2484 absolvisset.
1099 2454 1260 2483 Secundus
1276 2453 1326 2483 hic
1343 2453 1529 2491 Apollodori
1546 2463 1616 2482 cum

895 2498 1081 2527 Phormione
1108 2498 1224 2527 reditus
1253 2497 1283 2526 in
1307 2497 1435 2535 gratiam
1465 2497 1549 2536 (nam
1576 2497 1616 2526 de

894 2540 995 2580 primo
1011 2551 1042 2580 p.
1059 2543 1132 2573 947.
1150 2540 1205 2570 ult.
1227 2541 1540 2577 commemoraverat)
1563 2550 1616 2578 ag-

895 2591 1020 2624 geratur
1035 2595 1052 2613 u
1076 2584 1156 2618 loco,
1182 2583 1235 2613 ubi
1259 2583 1442 2613 conciliatus
1468 2583 1521 2612 ille
1547 2584 1617 2618 suit,

895 2627 1097 2657 sanctimonia
1113 2627 1249 2666 perjurio
1265 2627 1390 2657 violata.
1415 2637 1482 2655 nam
1501 2626 1531 2655 in
1549 2627 1616 2656 aede

896 2671 1046 2700 Minerva:
1071 2672 1101 2701 in
1127 2681 1197 2700 arce
1221 2671 1430 2711 Apollodorus
1458 2670 1616 2699 l'hormio-

896 2724 965 2744 nem
981 2714 1126 2744 absolvit.

937 2775 981 2780 —-
1011 2760 1062 2788 13.
1097 2756 1291 2798 ἐγκλήματα]
1324 2762 1394 2797 post
1422 2755 1616 2793 ἐγκλήματα,

896 2805 948 2830 aut
971 2801 1000 2831 in
1016 2801 1073 2830 hac
1090 2801 1227 2840 regione,
1246 2801 1368 2830 videtur
1393 2798 1540 2836 συλλέξας
1563 2799 1616 2826 de-

897 2855 978 2878 esse,
1009 2844 1132 2874 tametsi
1162 2845 1239 2874 haud
1267 2845 1405 2883 ignorem
1437 2852 1527 2882 posse
1557 2842 1615 2870 huc

897 2898 1019 2927 quoque
1036 2888 1173 2917 revocari
1191 2888 1391 2927 συμπλάσας.

941 2934 1014 2962 9:30.
1030 2933 1080 2961 113.
1094 2931 1186 2969 τούτῳ
1199 2937 1230 2961 et
1242 2942 1269 2960 v.
1285 2933 1335 2961 17.
1353 2930 1399 2959 διαὶ
1414 2927 1530 2968 τούτου]
1548 2928 1617 2957 red-

898 2980 971 3004 eunt
988 2977 1026 3005 ad
1046 2975 1210 3005 Pasiclcm.

943 3020 1016 3050 951.
1051 3020 1081 3048 ό.
1120 3016 1241 3055 τουτονὶ]
1281 3016 1347 3047 scil.
1379 3014 1614 3054 Apollodorum.
