1931 3322
637 205 722 248 AD
753 204 1148 249 AMATORIUM.

169 317 316 358 μέμψεως
341 316 389 346 καὶ
414 314 603 353 ἒπιπλῆξεως.
633 319 670 343 ut
689 323 828 344 soevorum
852 318 880 341 et

168 370 341 392 'ramosarum
354 360 482 389 omnium
502 358 718 388 criminationes
731 363 818 397 atque
830 365 879 385 re-

165 404 364 444 prehensicmes
370 402 486 432 cluseris
494 407 580 441 atque
590 402 699 436 viceris,
709 410 739 429 eo
748 400 877 440 quod—n

212 464 255 470 —-
271 449 302 476 7.
324 448 379 475 τῶν
394 443 559 483 πλείστων]
584 443 800 485 5οἰ1.εξαστῶν.

211 506 253 512 —
268 488 344 518 ibid.
360 487 400 529 ον]
418 489 484 518 scil.
501 486 639 527 ἐρώμενον.

211 548 255 554 -
267 534 298 562 9.
315 531 453 572 ἀρέσκειν]
473 530 602 560 subaudi
615 540 659 559 σε.
681 527 878 558 Constructio

167 574 234 604 haec
251 580 316 604 est:
334 572 501 613 συμβέβηκε
513 584 557 602 σοι
568 571 601 602 τὸ
615 573 739 612 ἀρέσκειν
748 581 781 600 σε
791 573 879 600 orae..

169 619 264 648 evenit
279 618 342 652 tibi,
355 623 391 646 ut
403 617 533 646 munibus
545 617 701 645 arrideres.

210 677 256 683 —
270 663 322 690 10.
335 658 435 701 καλὸν]
451 664 522 699 post
532 658 618 688 καλέν
630 659 749 688 videtur
762 657 879 699 τνγχά-

165 713 214 733 νειν
226 704 345 733 deesse.

210 763 253 769 —
268 748 320 777 25.
346 744 488 786 ἒξανντι]’
476 757 556 786 egam
571 722 656 779 dedi,
676 755 744 774 cum
763 754 778 773 e
804 745 879 773 Bav.

167 794 232 820 tum
256 791 432 827 conjectura
451 799 529 820 mea.
556 788 670 818 dudum
694 787 773 817 enim
799 792 880 823 ante,

167 842 258 872 qnam
273 832 348 862 mihi
361 831 471 862 liceret
480 832 560 862 hunc
569 831 707 862 codicem
721 840 880 869 usurpare,

166 875 199 906 in
217 876 292 906 banc
315 876 556 906 emendationem
580 875 768 913 incideram3
791 875 880 912 cujus

166 918 213 950 rei
228 919 302 949 mihi
316 919 405 949 testis
421 924 488 948 esto
504 929 572 949 mea
586 917 800 957 interpretatio
810 927 878 955 ger-

167 962 297 998 manica,
332 968 401 992 ante
431 962 564 1003 perfecta
593 966 624 991 et
655 962 693 991 ad
725 960 880 990 librarium

168 1006 332 1045 Lemgoam
350 1006 453 1042 missa,
466 1015 556 1045 quam
571 1005 672 1035 codex
690 1005 763 1034 Bav.
778 1004 816 1033 ad
832 1014 880 1033 me

148 1072 152 1075 .
169 1049 334 1079 Monacbio
354 1049 536 1079 deferretur.
563 1048 789 1087 elegantissima
811 1057 881 1076 sen-

167 1092 274 1128 tentia,
289 1102 469 1131 quamquam
485 1092 579 1131 paulo
597 1091 744 1126 floridior,
761 1096 793 1120 et.
809 1100 882 1130 poe-

167 1134 238 1164 ticae
258 1135 524 1174 magniloquentiae
548 1133 687 1172 similior.
718 1133 882 1171 cujusmodi

158 1176 260 1218 ferme
276 1177 367 1218 filius
393 1179 536 1217 Cupidini
560 1179 612 1208 deo
639 1187 654 1206 e
682 1174 799 1206 Virtute
827 1176 882 1205 dea

167 1226 348 1257 nasceretur,
359 1221 384 1251 si
395 1226 570 1251 nasceretur
582 1230 723 1259 unquam,
739 1219 881 1249 laudibus

166 1263 328 1304 utriusque
339 1265 475 1304 parentis
488 1264 628 1295 omnibus
645 1269 768 1293 ornatus
781 1267 814 1293 et
829 1273 881 1292 cu-

167 1307 312 1337 mulatus.
327 1318 345 1337 o
360 1319 449 1347 quarn
461 1307 590 1337 amabile
602 1317 714 1346 corpus
728 1306 881 1335 exsistere

168 1359 298 1380 necesse
313 1356 362 1381 est
376 1361 394 1380 e
410 1351 628 1391 congressione
650 1355 696 1380 tot
711 1349 833 1379 laudum
851 1355 881 1379 et

167 1393 326 1429 decorum,
349 1399 423 1433 quot
445 1399 516 1424 suut
545 1393 690 1434 Cupidini
714 1397 745 1422 et
766 1392 881 1422 Virtuti

168 1437 302 1476 propria.
319 1437 390 1475 fingi
403 1437 503 1467 animo
514 1435 568 1466 vix
581 1441 671 1476 queat
683 1436 798 1476 aliquid
812 1446 881 1475 per-

169 1480 281 1510 fectius
296 1484 386 1519 atque
399 1480 570 1509 amabilius.

211 1540 256 1546 —
271 1525 322 1554 25.
346 1525 395 1554 τὴν
418 1522 503 1554 τοίνυν
526 1522 645 1564 ἀνδρίαν]
669 1522 809 1552 inchoata
832 1522 881 1552 hic

171 1567 321 1596 sententia
345 1576 403 1596 non
425 1566 543 1596 directe
564 1567 746 1601 absolvitur,
765 1567 817 1596 sed
835 1565 882 1595 in-

169 1614 307 1649 terrupta
336 1610 374 1639 ab
402 1609 569 1649 interjectis
594 1609 790 1649 quibusdam,
813 1619 881 1648 quae

171 1653 268 1693 signis
300 1653 518 1692 parentheseos
547 1653 680 1686 secrevi,
715 1662 819 1681 rursus
850 1662 880 1690 p.

171 1698 266 1727 1408.
282 1697 312 1727 3.
337 1696 503 1726 resumitur
517 1695 628 1726 inistis
644 1697 693 1725 σοῦ
705 1694 729 1724 δ’
745 1694 793 1725 ἐπὶ
809 1701 881 1725 πολ-

171 1741 236 1770 λῶν.

215 1784 310 1813 1408.
325 1786 357 1813 4.
377 1782 540 1824 ἀσκήσεως]
564 1781 706 1821 designat
730 1782 882 1811 exercita-

170 1825 284 1856 tionem
299 1831 515 1865 campestrem,
536 1836 591 1856 seu
606 1836 683 1860 eam,
703 1835 770 1864 quae
792 1827 883 1855 fiebat

170 1867 203 1898 in
224 1879 344 1907 campo,
366 1869 418 1898 nbi
436 1870 582 1907 juventus
607 1869 774 1898 docebatur
800 1879 883 1898 arma

171 1915 315 1947 tractare,
336 1916 450 1946 rotare,
467 1912 608 1950 jaculari,
636 1911 828 1950 pyrrlxichias
852 1923 883 1940 a·

173 1965 257 1994 gere,
271 1960 302 1984 et
317 1964 385 1993 quae
400 1960 470 1984 sunt
485 1955 543 1984 alia
558 1955 648 1991 hujus
665 1955 796 1993 generis.

217 2015 262 2020 —
276 2000 327 2028 12.
355 1995 527 2039 ἀποβαίνειν]
554 1998 652 2028 Wolf.
678 1998 883 2036 conjecturam

173 2041 211 2071 ad
229 2041 258 2071 Ιι.
271 2041 291 2070 Ι.
308 2041 433 2076 refutat,
449 2041 663 2080 vulgatamque
685 2045 787 2070 tuetur
803 2042 884 2071 Har-

171 2094 258 2124 pocr.
274 2094 304 2113 v.
320 2083 482 2117 ἀποβάτης.

215 2145 260 2150 --
273 2137 344 2166 peu.
359 2125 528 2166 τιθεμένοις]
553 2130 624 2165 post
636 2124 796 2167 ’τιθεμένοις
811 2126 884 2156 addi

171 2170 264 2201 velim
281 2169 362 2200 αὐτό.
381 2175 491 2208 praeter
503 2170 579 2199 enim
594 2170 714 2208 praemia
730 2170 886 2199 victoribus

169 2215 326 2254 proposita,
341 2214 401 2252 ipsu
414 2213 595 2247 exercitatio,
608 2223 627 2241 a
638 2214 786 2254 magistris
797 2213 884 2243 adhi-

173 2257 233 2288 bita
245 2257 320 2298 (hoc
331 2261 390 2292 est,
398 2255 432 2285 τὸ
444 2254 666 2297 γυμνασθῆναι),
677 2261 705 2286 et
716 2267 734 2286 a
744 2257 885 2286 tironibus

170 2305 308 2340 percepta
322 2300 417 2330 multo
435 2299 533 2329 studio
551 2299 753 2340 diuturnaque
767 2305 885 2330 conten-

172 2344 250 2374 tione
260 2343 335 2384 (hoc
347 2347 406 2378 est,
417 2342 451 2372 τὸ
461 2341 650 2382 μελετῆσαι).
664 2343 804 2372 Lambini
813 2353 886 2383 sup-

173 2387 330 2426 plemento
354 2386 396 2415 nil
416 2396 495 2425 opus
516 2394 573 2416 est.
595 2387 636 2416 τᾶ
651 2385 803 2425 τιθέμενα,
819 2387 885 2417 scil.

171 2428 264 2465 ἆθλα,
279 2435 349 2459 sunt
364 2429 491 2468 praemia
501 2429 669 2458 victoribus
686 2430 723 2458 ab
735 2430 886 2460 athlothe-

174 2473 215 2504 tis
231 2472 401 2513 proposita.
422 2473 609 2502 Subauditur
623 2471 676 2502 ὑπὸ
691 2474 747 2502 τῶν
758 2472 886 2503 ἀθλοὲε-

173 2518 238 2547 τῶν.
261 2521 294 2546 ut
308 2516 447 2550 addatur,
463 2525 589 2545 necesse
605 2515 646 2545 nil
664 2520 723 2546 est.

218 2561 313 2591 1409.
340 2561 372 2589 3.
401 2558 560 2599 τοσαύτης]
593 2558 693 2588 malim
726 2563 886 2599 utramque

174 2603 337 2634 lectionem
348 2601 494 2641 conjungi
507 2613 514 2631 z
526 2603 608 2641 μετὰ
617 2601 805 2635 τοιαύτηςκαῖ
818 2615 886 2633 τοο·-

173 2646 262 2680 ahorne
275 2647 473 2685 παρασκευῆς.

216 2691 300 2720 -8.
313 2687 446 2729 νομίζων]
462 2687 564 2718 dedic
580 2687 687 2717 Wolfii
703 2689 890 2727 conjectura,

174 2738 319 2773 punctum
343 2743 373 2761 v.
392 2734 443 2762 12.
466 2735 615 2761 commate
639 2731 765 2766 mutavi,
791 2736 822 2761 et
847 2729 889 2761 οὖν

175 2775 291 2812 delevi,
307 2777 395 2814 cujus
411 2775 437 2805 si
455 2774 587 2814 vestigia
605 2773 663 2803 sint
679 2774 889 2813 relinquenda,

174 2819 277 2848 malim
293 2819 353 2854 σῆν,
369 2820 458 2858 cujus
475 2824 545 2847 sunt
560 2817 634 2847 satis
651 2818 822 2857 perspicuae
837 2828 889 2847 no-

176 2868 216 2891 tae
232 2861 262 2891 in
277 2859 331 2890 οὖν.
355 2871 459 2891 verum
476 2862 526 2891 σὺν
543 2860 662 2890 tametsi
686 2871 745 2890 non
766 2867 816 2890 est
838 2871 890 2890 su-

177 2914 411 2944 pervacaneum,
439 2905 514 2934 latet
538 2909 637 2933 tamen
667 2904 698 2933 in
726 2905 890 2944 participio

178 2947 266 2976 verbi
283 2947 376 2976 medii
388 2945 610 2986 ἐπιδειξάμενος.
627 2957 695 2977 nam
708 2945 892 2987 ἐπιδειξάμε-

178 3001 219 3023 νος
233 2987 393 3028 φιλοπονίαν
407 2992 583 3020 tantundem
600 2996 659 3027 est,
678 2996 768 3031 atque
789 2989 892 3022 ἐπιδεί-

180 3033 234 3072 ξας
249 3034 297 3064 τὴν
309 3034 359 3065 σὴν
373 3032 542 3073 φιλοπονίαν.

1544 206 1628 249 293

957 329 998 334 -
1010 312 1062 340 21.
1078 312 1192 352 ταῦτα]
1209 312 1279 342 dedi
1293 313 1416 348 πάντας,
1428 322 1536 351 nempe
1553 313 1629 350 α’γῶ-

914 366 973 389 νας,
990 365 1006 383 e
1023 355 1200 392 conjectura
1219 356 1337 391 Wolfii,
1360 366 1419 394 quo
1435 357 1520 385 ducit
1535 356 1628 386 lectio

916 397 1054 427 Paulinae
1071 398 1181 427 πάντα.

955 458 998 462 —
1009 442 1060 470 23.
1072 439 1294 481 ἀφαιρεθέντων]
1312 441 1384 470 dedi
1397 440 1568 481 ἀφεθέντων.
1581 442 1628 471 Si-

914 483 1046 522 gnificat,
1060 484 1214 523 Epicratis
1226 494 1346 512 currum
1358 495 1454 522 neque
1470 485 1549 514 inter
1565 485 1628 524 pri-

913 537 989 562 mos,
1007 537 1105 565 neque
1119 527 1199 556 inter
1214 531 1397 566 postremos,
1412 528 1463 556 sed
1482 528 1511 556 in
1529 528 1629 558 media

912 569 976 599 isse
996 571 1097 605 turba,
1117 575 1148 599 et
1163 570 1214 600 vel
1232 570 1278 599 sic
1295 574 1393 599 tamen
1412 570 1541 608 palmam
1557 573 1627 601 abs-

912 613 1030 642 tulisse.

957 658 1052 686 1410.
1069 657 1099 686 3.
1122 655 1182 697 ὁρῶν
1196 656 1304 697 αὐτῶν]
1331 655 1450 695 ὁρώντων
1466 656 1579 692 malim,
1595 662 1629 686 ut

914 699 950 728 ad
981 699 1114 729 ἁπάντων
1143 701 1260 735 redeat,
1289 698 1382 729 αὐτῶν
1406 703 1520 735 antem,
1547 701 1629 738 quod

914 743 996 772 redit
1011 743 1047 772 ad
1060 742 1166 778 ἵππων,
1179 747 1333 773 servatum
1344 741 1449 772 velim.
1464 744 1569 782 quippe
1581 744 1631 782 qui
1670 766 1674 771 .

913 786 1060 824 viderent,
1075 785 1178 815 horum
1193 797 1244 826 equ
1239 795 1332 817 omum
1348 785 1564 816 nomzullos-.

956 846 1000 852 —
1016 832 1046 860 5.
1070 829 1107 870 τῇ
1121 828 1213 869 τοῦζ.
1229 829 1301 870 ὁρμῇ
1323 839 1367 869 κρε
1356 828 1470 870 ι’ττοον]
1492 829 1566 858 sors.
1582 840 1630 858 και

914 883 967 906 της
981 874 1031 902 τοῦ
1047 872 1184 913 ζεύγους“
1173 885 1258 913 ονμνς
1273 871 1414 912 κρείττων.
1432 873 1521 912 ipsam
1536 873 1593 902 vim
1605 878 1633 902 et

915 917 1052 955 impetum
1070 916 1205 956 bigarum
1225 917 1347 946 illorum
1361 916 1417 955 (de
1433 915 1544 955 quibus
1565 925 1631 945 mo-

915 959 955 988 do
966 959 1276 999 commemoraverat)
1292 960 1397 989 vicisti.
1424 958 1575 998 Loquitur
1590 958 1630 988 de

914 1002 997 1040 bigis
1019 1002 1200 1039 adversarii,
1225 1012 1282 1032 nou
1305 1003 1343 1032 de
1373 1002 1538 1041 Epicratis.
1561 1012 1628 1031 nam

916 1045 954 1074 de
971 1045 1017 1074 his
1041 1045 1067 1075 si
1087 1045 1277 1084 loqueretur,
1294 1045 1417 1075 videtur
1434 1045 1536 1086 potius
1551 1044 1630 1086 ῥώμῃ

915 1089 1055 1118 dicturus
1072 1088 1178 1117 fuisse.

958 1149 1002 1153 —
1016 1133 1047 1161 7.
1073 1129 1312 1172 διευτινχηκότας]
1337 1142 1402 1166 eos,
1419 1132 1472 1170 qui
1489 1142 1506 1161 a
1518 1131 1632 1171 princi-

915 1174 968 1213 pio
984 1174 1159 1204 certaminis
1182 1175 1317 1204 secunda
1340 1175 1460 1204 fortuna
1483 1176 1529 1204 usi
1557 1175 1632 1205 fuis-

917 1222 996 1253 sent,
1009 1222 1040 1247 et
1055 1224 1168 1247 certam
1180 1219 1242 1256 jam
1261 1218 1398 1247 manibus
1414 1223 1517 1247 tenere
1532 1219 1631 1248 victo-

915 1260 991 1290 riam
1007 1265 1178 1300 sperarent,
1191 1271 1280 1299 quam
1297 1266 1328 1290 tu
1343 1261 1388 1290 eis
1404 1261 1573 1291 extorsisti.

960 1307 1054 1334 1411.
1072 1307 1101 1334 2.
1117 1304 1236 1345 σαυτὸν]
1252 1304 1325 1334 dedi
1342 1306 1460 1334 σαυτοῦ.
1476 1305 1556 1343 qnod
1571 1315 1630 1334 nou

915 1358 982 1377 cum
999 1348 1160 1388 προκρίνας,
1180 1349 1235 1378 sed
1254 1358 1323 1377 cum
1340 1346 1431 1386 ἀξίους
1451 1348 1631 1378 eolnaerebit.

915 1389 1054 1431 προκρίνας
1069 1392 1151 1423 idem
1167 1396 1214 1421 est
1230 1396 1322 1430 atquc
1344 1390 1434 1431 κρίνας
1456 1390 1505 1431 πρὸ
1525 1392 1631 1421 ἄλλων.

915 1444 983 1474 quos
996 1445 1063 1464 cum
1083 1441 1118 1465 tu
1133 1444 1193 1473 prae
1211 1436 1278 1465 aliis
1292 1440 1319 1464 te
1342 1436 1445 1476 dignos
1456 1435 1632 1473 judicasses,

915 1479 1021 1507 amicos
1035 1478 1088 1507 tibi
1104 1478 1219 1518 deligis.

957 1538 1000 1543 —
1015 1523 1047 1551 5.
1063 1520 1299 1562 προσυνὲστησεν]
1324 1521 1395 1550 dedi
1419 1519 1631 1560 προσσυνέστη-

915 1574 971 1593 σεν.
993 1569 1098 1603 proeter
1113 1565 1185 1601 illos,
1201 1565 1258 1594 tibi
1278 1575 1296 1593 a
1316 1565 1436 1594 fortuna
1450 1565 1631 1595 conciliatos

916 1607 1043 1644 amicos,
1068 1608 1273 1645 necessarios,
1296 1606 1395 1638 adhuc
1419 1609 1473 1638 tibi
1491 1618 1632 1638 commen-

915 1651 1007 1680 davit.

959 1711 1001 1716 —
1017 1697 1047 1725 6.
1063 1693 1162 1732 μόνους
1177 1693 1264 1735 ὀρθῶς
1279 1694 1369 1735 γιγν.]
1395 1694 1416 1723 f.
1432 1693 1531 1732 μένους
1547 1693 1577 1723 o‘
1591 1693 1632 1735 ὄρ-

916 1735 976 1770 θῶς
991 1737 1207 1774 γιγνώσκοντας.
1229 1749 1268 1767 an
1284 1747 1329 1767 eos
1344 1739 1495 1776 appellem,
1515 1739 1565 1778 qui
1580 1739 1633 1768 soli

916 1785 943 1809 te
957 1785 1033 1809 recte
1045 1783 1197 1821 cognitum
1209 1787 1295 1820 utque
1309 1786 1487 1819 pempectum
1499 1781 1633 1811 habeant.

959 1841 1003 1845 —
1019 1826 1069 1853 11.
1085 1822 1293 1864 εἰδαιμονίσαι]
1311 1825 1432 1863 ambigo
1446 1824 1526 1854 inter
1541 1825 1634 1854 εὐδαι-

916 1866 1030 1905 μονίσαι
1047 1872 1077 1896 et
1098 1867 1307 1907 εἰδαιμονῆσαι.
1331 1868 1423 1897 habet
1441 1872 1570 1907 utraque
1589 1868 1634 1897 le-

918 1909 978 1938 ctio
1007 1910 1155 1940 rationem
1181 1920 1278 1940 suam.
1311 1911 1438 1949 vulgata
1461 1912 1505 1940 sic
1530 1912 1634 1950 possit

917 1952 1025 1981 reddi:
1041 1953 1103 1982 Sed
1119 1954 1156 1983 ad
1174 1954 1330 1993 virtutem,
1343 1955 1431 1992 cujus
1443 1964 1478 1984 ea
1490 1954 1529 1983 sit
1542 1955 1632 1989 ratio,

918 1999 952 2023 ut
977 1996 1076 2034 possit
1099 2003 1310 2036 mereaturque
1333 1997 1441 2026 beatus
1459 1997 1633 2036 praedicari,

918 2038 969 2077 qui
997 2049 1034 2067 ea
1057 2040 1179 2078 gaudet.
1204 2040 1300 2070 altera
1324 2040 1388 2070 sic:
1413 2040 1559 2070 virtutem
1582 2052 1633 2070 ac-

918 2083 1137 2112 commodatam
1150 2082 1220 2112 vitae
1236 2084 1332 2113 beatae
1347 2083 1550 2123 perfruendae.
1573 2094 1632 2114 non

918 2124 1065 2163 displicet
1076 2125 1169 2155 lectio
1179 2124 1412 2166 ἐνευδαιμονῆσαι.
1425 2132 1635 2157 verumtamen

920 2168 1043 2206 vulgata
1057 2169 1138 2199 idem
1155 2179 1275 2209 quoque
1293 2170 1384 2200 valet.
1429 2170 1491 2199 Sed
1513 2171 1634 2211 praetuli

918 2209 1162 2249 ἐνεξαωατηθῆναι
1178 2213 1234 2254 (de
1252 2213 1339 2255 meo)
1356 2224 1384 2243 v.
1400 2215 1452 2243 10.
1471 2218 1501 2243 et
1519 2214 1635 2244 ἑνευδαι-

917 2265 1051 2294 μθνηᾶαι

961 2315 1003 2320 --
1020 2301 1071 2329 17.
1097 2298 1217 2339 τούτων]
1244 2299 1312 2329 scil.
1331 2301 1387 2328 τῶν
1408 2298 1506 2337 λόγων.
1529 2300 1632 2330 malim

919 2345 1019 2370 tamen
1043 2342 1087 2372 διὰ
1112 2342 1228 2373 τούτων.
1251 2343 1405 2378 laudibus,
1426 2353 1488 2382 quie
1508 2353 1562 2382 per
1587 2344 1635 2374 hos

921 2385 1002 2425 (τοὶς
1017 2384 1116 2423 λόγους
1133 2386 1325 2426 puta)fiunt.

966 2431 1060 2460 1412.
1077 2431 1106 2459 6.
1125 2429 1146 2459 οῖ
1161 2429 1189 2459 δὲ
1205 2431 1256 2464 τῆς
1270 2431 1324 2458 τῶν
1339 2427 1634 2471 ἒπιτηδευμίιτων-]

922 2471 1080 2501 Sententia
1092 2477 1158 2502 est:
1176 2473 1227 2511 qui
1240 2473 1308 2502 aliis
1321 2473 1442 2512 quidem
1457 2473 1484 2502 in
1498 2474 1636 2513 partibus

922 2514 1140 2551 doctrinarum,
1163 2520 1214 2545 aut
1235 2526 1252 2545 a
1277 2526 1352 2546 vero
1370 2516 1560 2552 aberrarunt,
1583 2522 1636 2546 aut

918 2559 1035 2607 justum
1057 2561 1179 2589 modum
1204 2559 1360 2589 consecuti
1385 2569 1443 2589 non
1465 2565 1546 2595 sunt,
1569 2561 1636 2590 sive

923 2611 987 2635 sua,
1004 2601 1070 2631 sive
1083 2602 1178 2641 magis
1183 2607 1297 2632 trorum
1312 2602 1411 2641 culpa.

965 2661 1008 2666 —
1022 2648 1072 2674 14.
1090 2642 1136 2683 ἐφ’
1150 2645 1300 2686 ἑκατέρων]
1324 2646 1424 2676 malim
1440 2644 1484 2685 ἐφ’
1499 2645 1636 2687 ἑκάτεξον,

924 2687 991 2718 scil.
1007 2686 1100 2728 με’ξος.
1115 2690 1148 2718 in
1162 2695 1316 2730 utramque
1330 2695 1452 2729 purtem.

965 2748 1008 2753 —
1025 2735 1076 2762 21.
1100 2731 1256 2774 ἐπιπολῆς]
1285 2733 1416 2763 subaudi
1440 2732 1639 2771 πραττόμενα,

923 2778 975 2804 aut
990 2772 1219 2814 ἐπιτηδευόμενα.

967 2835 1013 2841 --
1029 2820 1080 2849 27.
1105 2817 1194 2861 εἴωθε]
1225 2819 1296 2849 dedi
1319 2819 1358 2849 de
1384 2828 1452 2848 meo
1476 2817 1522 2847 οὐκ
1545 2817 1638 2847 εἴωθε.

925 2862 1049 2893 fortuita
1078 2862 1157 2891 enim
1187 2862 1282 2892 menti
1309 2867 1341 2892 et.
1370 2860 1528 2902 proposito
1556 2861 1637 2890 haud

925 2910 1045 2946 parent.

970 2951 1065 2980 1413.
1089 2947 1143 2978 ult.
1173 2947 1328 2988 μάλιστα]
1355 2945 1481 2976 subaudi
1513 2956 1529 2975 a
1557 2957 1640 2976 corn-

927 2994 1009 3023 muni
1026 2990 1156 3026 Βελτίους
1170 2991 1305 3029 γίγνονται
1321 2987 1409 3020 αἶται
1424 2989 1453 3019 αὶ
1469 2988 1567 3028 spissi:
1583 3002 1641 3022 πα-

929 3049 962 3077 ga
978 3047 1026 3068 την
1041 3033 1185 3065 παιδείαν.
