1997 3323
348 183 402 223 20

347 287 419 316 citat
436 286 463 315 h.
484 286 503 315 l.
519 286 653 316 Lexicon
675 291 760 316 vetus
784 288 863 326 apud
886 287 1053 316 Monifauc..

346 329 427 359 Bibl.
444 329 570 359 Coislin.
585 340 615 369 p.
628 332 701 360 497.

387 374 495 402 ——16.
519 371 692 413 ἐωςάξαμεν
714 373 812 412 ἡμεῖς]
837 372 966 402 subaudi
991 372 1055 414 πρὸς

343 414 456 450 αὐτοὺς.

385 475 428 481 --
446 461 495 489 18.
520 458 568 489 καὶ
587 457 734 500 δυσχερὲς]
761 458 793 488 id
819 463 876 494 est,
891 458 940 487 καὶ
956 459 1053 488 ταῦτα

343 501 416 530 πάνυ
439 513 469 531 τι
492 501 634 542 δυσχερές.
649 502 899 541 impedimentum
916 502 1053 541 aliquod,

341 544 434 583 idque
451 545 588 584 inprimis
604 546 711 574 durum
729 550 760 574 et
776 544 966 584 impeditum.

385 605 427 611 —
442 588 517 618 ibid.
531 587 674 629 ἒφοςμεῖν]
686 588 777 618 Citat.
789 589 818 617 h.
832 589 852 618 l.
866 588 1052 628 Harpocrat.

338 631 370 660 h.
386 641 415 661 v.

384 692 426 697 --
441 677 493 706 26.
508 674 578 714 τῶν]
592 675 674 706 uncis
688 674 808 711 inclusi,
823 679 858 706 ut
870 685 1051 715 supervacn-

338 728 441 752 neum,
458 719 540 756 quod
564 717 590 747 si
612 724 709 749 tamen
725 724 873 755 servetur,
889 720 1049 759 legendum

337 761 409 790 erit:
423 760 468 790 τὸν
482 761 539 791 ἀπὸ
555 762 610 791 τῶν
620 764 701 801 μετὰ
713 764 823 794 ταῦτα.

381 820 424 827 --
438 805 492 833 ult.
511 803 584 844 πρὸς
598 806 712 847 ταῦτα]
737 807 774 836 ad
795 816 844 835 res
864 807 1048 845 Phocenses,

338 851 369 876 et
380 847 501 877 Atticas
514 847 664 887 inprimis.

382 892 435 921 3⁰2.
452 894 482 921 9.
497 888 596 932 Θεῖσιν]
613 892 750 923 scit.non
764 893 811 923 τήν
825 892 919 934 χάςιν,
935 895 986 923 sed
1003 894 1049 925 τὸν

354 931 361 941 Ι

335 944 426 971 νομον.

378 993 422 999 -
437 980 469 1007 4.
484 975 603 1019 ζημίαν]
618 978 651 1008 id
668 984 725 1014 est,
741 978 834 1011 αἰτίαν
845 979 962 1021 ζημίας.

379 1037 422 1042 -
438 1022 467 1051 9.
484 1020 629 1062 ψήφισμα
638 1021 750 1065 οὐδενὸς]
765 1025 856 1054 velim
871 1025 944 1056 οὐδὲν
954 1025 1047 1056 inter·

334 1071 418 1100 pont.

378 1122 420 1129 —-
435 1108 485 1136 18.
502 1105 542 1149 τῇ
554 1107 649 1148 τάξει]
667 1109 796 1141 subaudi
812 1111 862 1140 τοῦ
875 1111 979 1152 χρόνον.

378 1166 421 1171 -
435 1152 487 1179 20.
505 1151 656 1193 ὑπάρχειν]
674 1154 797 1183 correxi
813 1154 935 1195 ὑπάρχει
953 1155 982 1184 in
1000 1156 1044 1185 in-

334 1191 481 1223 dicativo.
511 1193 630 1234 reliqua
660 1195 723 1236 jam
754 1202 868 1236 praesto
901 1202 982 1234 sunt,
1013 1199 1043 1228 in

333 1239 454 1273 promtu
472 1242 552 1266 sunt.

376 1295 418 1301 -—
434 1281 485 1309 23.
501 1280 558 1321 νῦν]
576 1286 648 1320 post
663 1283 704 1312 νῦν
715 1283 859 1323 suspicor
871 1285 981 1314 deesse
996 1284 1044 1314 καὶ

333 1320 457 1360 πράξετε
469 1333 510 1359 γε.
523 1323 631 1353 licebit
640 1327 727 1355 vobis
741 1337 819 1356 nunc
831 1333 914 1357 recte
925 1328 1045 1365 facere3

331 1373 428 1403 neque
443 1365 548 1396 licebit
564 1367 766 1405 solummodo,
778 1380 881 1400 verum
897 1371 987 1400 etiam
1000 1371 1043 1400 sa-

331 1407 431 1444 oietis,
448 1408 474 1437 si
490 1410 613 1448 quidem
637 1417 720 1442 recte
735 1412 845 1452 agatis,
869 1418 920 1443 aut
941 1414 983 1454 (si
1000 1415 1042 1443 al-

329 1453 423 1480 teram
436 1451 597 1483 lectionem
614 1455 756 1495 praefers)
766 1460 851 1485 recte
866 1456 891 1485 si
909 1457 1042 1497 sapiatis.

373 1510 416 1516 —
432 1494 486 1524 ult.
499 1496 707 1537 πολεμήσαιεν]
725 1500 799 1528 bene
817 1500 843 1529 si
860 1500 962 1536 habet,
973 1501 1043 1530 sub—

329 1535 514 1567 audiendum
537 1539 595 1569 erit
617 1540 697 1570 αὐτοὶ
724 1540 788 1582 πρὸς
814 1541 961 1574 Φίλιππον.
1007 1544 1042 1574 Si

330 1579 410 1609 bello
426 1581 575 1612 adversus
595 1583 771 1623 Philippum
797 1590 949 1616 strenuam
970 1588 1042 1617 dent

328 1632 462 1660 operam.
475 1625 577 1655 malim
593 1630 693 1656 tamen
706 1633 758 1657 aut
768 1628 963 1668 πολεμηθεῖεν,
975 1629 1040 1660 scil.

327 1664 381 1695 ὑπὸ
398 1667 549 1703 Φιλίππου,
568 1668 592 1698 si
610 1679 628 1699 a
643 1671 789 1710 Philippo
809 1672 901 1702 armis
922 1673 1041 1703 infestis

328 1715 556 1749 oppugnentur,
584 1718 636 1743 aut
659 1723 727 1743 cum
752 1725 878 1745 numero
901 1717 1040 1746 codicum

328 1761 387 1781 non
404 1755 621 1785 contemnendo
637 1757 822 1797 πολεμήσειεν
834 1757 931 1792 ἐκεῖνος
953 1759 1040 1800 [sub-

329 1794 401 1824 audi
424 1796 536 1832 αὐτοὺς,
554 1798 604 1828 vel
620 1798 685 1840 πρὸς
701 1800 817 1841 αὐτοὺς]
834 1802 860 1831 si
884 1802 948 1838 ille,
966 1803 1040 1832 Phi-

328 1837 444 1877 lippus,
461 1851 515 1870 eos
533 1841 612 1871 ultro
628 1844 709 1872 bello
726 1844 867 1874 lacessat.

370 1883 422 1912 33.
438 1884 469 1913 3.
492 1882 642 1927 ἐάσαντες]
669 1887 735 1916 scil.
759 1885 911 1927 γίγνεσθαι,
938 1888 986 1918 καὶ
1011 1889 1039 1919 οὐ

324 1925 505 1961 κωλύσαντες
520 1928 609 1958 αὐτοὶ.

367 1985 410 1990 -—
426 1971 457 1999 4.
474 1970 556 2010 αὐτῷ
568 1971 634 2001 τότε
649 1973 713 2006 τοὺς
726 1971 847 2014 αἰτίους]
875 1973 976 2004 malim
994 1975 1037 2005 sic

325 2009 475 2051 distingui
489 2014 603 2053 etlegi:
613 2016 691 2055 αὐτῷ
700 2015 914 2057 τότε,ηοε,ᾳι]ἰ
924 2019 1038 2048 nostris

325 2053 388 2092 ipsi
417 2056 555 2087 manibus
586 2058 732 2098 Philippo
756 2065 839 2090 tanta
866 2062 979 2091 decora
1006 2065 1038 2091 et

324 2101 405 2126 tanta
431 2099 635 2130 emolumenta
658 2106 722 2131 tum
745 2104 1036 2142 comparaverimuS‚

324 2140 389 2173 τοὺς
404 2140 519 2177 αἰτίους,
534 2142 630 2178 οἵτινές
644 2144 710 2180 εἰσι,
727 2145 832 2175 τούτων
852 2148 895 2176 νῦν
915 2145 1036 2186 ζητήσο-

320 2192 384 2220 μεν.
409 2194 513 2215 eorum
536 2186 567 2217 in
590 2197 682 2217 causa
704 2188 756 2227 qui
781 2188 904 2224 fuerint,
931 2194 961 2219 et
985 2190 1035 2229 qui

324 2226 498 2266 Philippum
521 2229 551 2259 in
576 2235 692 2261 tantum
714 2233 940 2271 exaggerarint,
958 2243 1036 2263 nunc

320 2270 534 2308 requiremus?

366 2330 407 2335 —
425 2315 455 2344 9·
470 2314 622 2357 ἥττηνται]
641 2316 741 2347 malim
756 2319 893 2352 ἥττηνται
913 2317 936 2347 δ’
958 2317 1035 2358 δ’μως

323 2356 430 2390 πάντες
444 2356 488 2388 διὰ
507 2361 571 2394 τοὺς
589 2360 751 2399 φεύγοντας.
781 2361 926 2397 universi,
942 2363 1032 2392 etiam

321 2398 373 2438 qui
390 2403 511 2431 strenue
534 2403 743 2440 dimicassent,
758 2405 787 2434 in
803 2405 906 2444 fugam
922 2405 985 2434 dati
1003 2410 1034 2435 et

321 2441 408 2472 clade
421 2446 557 2482 perculsi
572 2453 643 2477 sunt
666 2448 800 2477 solorum
818 2448 908 2489 culpa
926 2448 1033 2479 imbel-

321 2483 405 2520 lium,
423 2487 473 2525 qui
491 2488 521 2518 in
538 2490 638 2528 fugam
654 2501 686 2520 se
703 2491 917 2530 conjecissent.

363 2545 405 2552 —
421 2531 473 2560 27.
486 2531 584 2572 μέγα]
601 2534 730 2563 subaudi
745 2533 955 2575 πλεονέκτημα.

362 2573 417 2602 34.
432 2575 463 2603 4.
486 2573 647 2618 ἐνδέχεται]
665 2583 734 2616 post
748 2576 894 2620 ἐνδέχεται
909 2578 1032 2610 videtur

320 2613 342 2642 εἰ
356 2614 478 2646 deesse.
504 2628 574 2648 num
590 2629 683 2657 penes
699 2630 756 2650 vos
779 2621 913 2652 futurum
930 2622 981 2658 sit,
999 2627 1032 2652 ut

317 2658 348 2686 in
367 2658 477 2689 bellum
494 2663 623 2692 exeatis.

363 2719 404 2724 —-
419 2703 452 2732 5.
469 2703 497 2733 οὔ
517 2714 559 2734 τοι
582 2705 737 2746 σωφρόνων]
763 2717 832 2737 num
856 2707 884 2737 οὗ
907 2707 961 2748 γοὶξ
987 2719 1029 2738 τοι

319 2744 468 2785 σωφρόνων.
485 2747 579 2777 refert
594 2748 673 2779 huuc
697 2750 796 2779 locum
813 2750 1029 2789 Hermogenes

318 2798 346 2825 p.
363 2790 436 2818 2:30.
452 2789 480 2818 in
497 2791 648 2830 exemplis
659 2802 833 2831 asperarum
848 2792 957 2830 ἐννοιῶν,
975 2804 1028 2824 seu

316 2832 595 2869 reprehensionum,
611 2845 627 2864 a
643 2835 810 2865 minoribus
826 2836 861 2865 ad
880 2837 1028 2867 editiores

315 2875 527 2912 profectarum.

361 2934 402 2939 κ-
420 2921 449 2948 6.
476 2923 530 2950 τῶν
544 2922 592 2950 τοῦ
607 2920 752 2962 πολέμου]
778 2921 935 2952 articulum
963 2923 1026 2961 pri-

315 2970 398 2990 orem
415 2962 531 2994 addidi.
546 2964 625 2994 redit.
641 2965 698 2994 hoe
715 2967 769 2993 τῶν
784 2975 840 2995 non
857 2966 894 2994 ad
908 2966 1023 3006 χρημά-

312 3014 375 3040 των,
394 3006 445 3035 sed
462 3007 593 3037 conaret
609 3017 676 3038 cnm
698 3018 737 3038 τι,
756 3010 812 3037 τῶν
826 3020 855 3037 τι
873 3010 921 3038 τοῦ
937 3008 1021 3039 πολέ-

727 179 762 221 Ι.
788 180 821 221 Ι.
846 179 1071 221 REISKE
1108 179 1435 223 ANNOTATA

1088 298 1146 326 μου
1161 289 1360 326 πτςαγμάτων.
1381 300 1478 320 rerum
1497 291 1612 330 aliquid
1634 293 1673 322 ud
1693 294 1799 326 bell-um

1079 328 1272 369 jacientium.
1284 331 1466 367 ἐλλείποντας
1477 332 1511 363 δι’
1521 334 1617 365 ἔνδειαν
1628 337 1796 377 χρημάτων.

1131 390 1172 395 -
1188 376 1219 403 7.
1243 376 1283 403 τὰ,
1312 377 1433 405 τοιαῦτα
1459 375 1553 417 ὀνείδη]
1582 384 1613 408 ut
1640 379 1797 418 dicamini,

1088 421 1214 455 propter
1228 417 1425 456 pecuniarum
1441 420 1597 457 penuriam
1614 423 1694 452 bello
1711 423 1797 464 justo

1088 463 1118 488 et
1137 459 1310 489 necessario
1335 460 1456 497 deesse,
1477 467 1567 501 atque
1586 465 1676 504 culpa
1692 471 1795 497 vestra

1087 503 1286 537 committere,
1300 508 1331 532 ut
1347 504 1422 533 socii
1441 505 1534 534 vestri
1549 513 1685 544 pereant.

1129 564 1171 568 —-—
1188 548 1240 577 13.
1263 545 1316 575 οὐδ’
1339 547 1452 588 ἀτυχής
1466 559 1509 582 τις
1524 548 1599 588 εἰμὶ]
1621 561 1719 589 neque
1734 556 1794 582 tam

1087 598 1153 618 sum
1170 589 1230 619 diis
1246 594 1334 619 natus
1350 589 1449 626 irati&
1474 595 1505 621 et
1528 593 1618 622 astris
1641 593 1793 626 infaustis.

1086 642 1249 671 pronomen
1264 643 1309 666 τις
1324 632 1441 663 addidi.

1127 693 1169 698 —
1182 678 1231 706 15.
1246 673 1324 717 κρίνω
1335 678 1383 706 τὴν
1397 678 1451 706 τῶν
1463 677 1528 718 -—-]
1547 677 1630 709 Citat
1644 678 1674 710 h.
1688 679 1709 710 l.
1724 682 1794 713 Sto·

1085 719 1168 749 baeus
1185 731 1213 760 p.
1230 722 1302 750 147.
1320 721 1371 750 26.
1501 752 1502 757 ,

1128 780 1169 786 —
1185 766 1236 794 19.
1251 761 1326 805 ἔδει]
1342 764 1444 793 malim
1460 764 1531 794 ἤθει.
1547 776 1577 796 ν.
1593 775 1624 805 p.
1639 767 1692 797 35.
1708 770 1758 799 19.

1125 823 1168 829 ——
1183 809 1234 838 93.
1251 806 1446 848 προπέποται]
1464 808 1546 838 citat
1561 809 1590 838 h.
1605 809 1626 839 l.
1644 810 1793 852 Hermog.

1082 860 1114 888 p.
1133 851 1205 881 197.
1229 852 1268 880 de
1288 850 1462 881 inventione
1486 851 1561 881 libro
1584 854 1613 882 4.
1630 863 1697 892 cap.
1724 855 1793 896 περὶ

1083 895 1185 932 τςοπῆς
1199 894 1237 923 de
1251 893 1386 923 dictione
1398 895 1528 933 tropica.
1541 896 1554 925 ἡ
1569 895 1691 936 ῥητορικὴ
1705 904 1795 927 πολυ-

1083 935 1418 975 πραγμονοῦσα-οὕτω
1435 939 1542 978 χρῆται
1561 940 1620 971 τοῖς
1639 940 1793 981 ἀλλοτρίοις

1081 976 1221 1018 ὀνόμασιν.
1244 977 1303 1009 οῖον·
1328 979 1521 1020 προπέποται
1544 983 1583 1010 τὰ.
1606 983 1657 1016 τῆς
1680 983 1794 1019 ’πόλεως

1081 1022 1259 1062 πράγματα,
1274 1022 1336 1052 ἀντὶ
1353 1024 1413 1057 τοῦ,
1426 1022 1599 1063 προδέδοται.

1123 1081 1166 1088 —-
1178 1068 1230 1096 27.
1245 1065 1338 1096 καίτοι
1353 1065 1579 1107 σκέψασθε-]
1594 1067 1717 1098 Recitat
1731 1069 1762 1100 h.
1772 1070 1792 1100 l.

1081 1107 1250 1148 Dionysius
1266 1109 1338 1138 Hal.
1358 1109 1481 1139 Rhetor.
1499 1120 1530 1148 p.
1548 1113 1621 1142 175.

1122 1152 1175 1182 35.
1193 1156 1221 1182 1.
1236 1152 1264 1181 οὐ
1279 1154 1332 1192 γὰρ
1349 1151 1581 1194 ἀλλοτρίοις-]
1610 1155 1741 1194 Aspines
1762 1167 1793 1196 p.

1079 1195 1153 1224 701.
1170 1195 1358 1234 λαμβάνεται
1374 1194 1400 1224 δὲ
1415 1195 1587 1236 [exempla]
1604 1195 1618 1227 ἢ
1635 1196 1666 1237 ἐξ
1681 1198 1791 1236 οἰκείων,

1078 1236 1093 1267 ἢ
1109 1235 1139 1276 ἐξ
1154 1237 1317 1278 ἀλλοτρίων.
1334 1239 1372 1267 τὰ
1387 1238 1444 1276 μὲν
1464 1236 1506 1268 οἷν
1527 1238 1558 1278 ἐξ
1582 1239 1680 1269 οἰκείων
1695 1242 1794 1279 ἀγωνι-

1078 1281 1237 1321 στικώτερα
1253 1281 1301 1310 καὶ
1318 1280 1531 1322 προσεχέστερα
1543 1300 1584 1304 -
1596 1283 1631 1317 ὡς
1647 1287 1726 1323 παςεὶ
1736 1291 1793 1316 Δη-

1077 1322 1215 1362 μοσθένει.
1232 1324 1260 1354 οὐ
1274 1327 1327 1364 γὰρ
1342 1323 1508 1364 ἀλλοτρίοις,
1519 1324 1589 1354 ἀλλ’
1601 1326 1703 1361 οἰκείοις
1716 1339 1792 1369 χρω-

1076 1366 1169 1406 μένοις
1185 1366 1414 1409 παραδείγμασιν
1429 1367 1590 1409 εὐδαίμοσιν
1607 1369 1674 1410 ὑμῖν
1696 1370 1790 1410 ἔξεστι

1076 1408 1221 1447 γενέσθαι.

1121 1453 1248 1485 ——ibid.
1261 1454 1389 1486 ὅταύτην
1397 1456 1444 1486 τὴν
1453 1455 1560 1496 χώραν]
1573 1467 1641 1487 num
1657 1457 1670 1486 ὅ
1684 1458 1791 1488 τοσαύ-

1078 1508 1127 1526 την
1145 1497 1249 1538 χῶξαν.
1270 1503 1395 1535 tantam,
1418 1503 1478 1527 tam
1496 1506 1609 1530 vastam
1628 1500 1787 1538 ditionem,

1078 1544 1137 1569 tam
1153 1541 1330 1579 spatiosam,
1346 1547 1484 1581 quantam
1501 1541 1568 1572 scil.
1583 1544 1620 1573 ab
1636 1554 1672 1573 eo
1689 1545 1787 1574 teneri

1076 1583 1155 1613 inter
1169 1594 1275 1613 omnes
1291 1590 1420 1615 constat.
1465 1585 1499 1614 Si
1522 1596 1631 1626 nempe
1650 1586 1787 1621 βασιλεὺς

1076 1625 1105 1655 h.
1122 1626 1143 1657 l.
1165 1638 1219 1657 rex
1236 1628 1399 1658 Persarum
1418 1631 1474 1657 est.
1500 1639 1603 1659 verum
1621 1630 1785 1661 Tourellus

1076 1669 1114 1698 de
1129 1680 1202 1710 rege
1218 1670 1408 1701 Macedoniae
1424 1671 1550 1710 accipit.

1117 1730 1160 1735 -—
1177 1716 1227 1743 17.
1243 1713 1319 1744 ὥστε
1333 1714 1483 1754 μηδενὶ-
1495 1713 1664 1755 λελεῖφθαι]
1682 1716 1783 1747 Minu-

1075 1754 1173 1786 tianus
1189 1768 1216 1796 p.
1233 1759 1304 1787 148.
1318 1757 1348 1787 in
1366 1758 1443 1787 locis
1458 1758 1701 1797 enthymematis.
1717 1759 1783 1789 ἀπὸ

1074 1798 1272 1833 πηλικότητος.
1288 1799 1373 1834 οὕτως
1387 1799 1551 1840 ἐκόσμησαν
1566 1801 1587 1830 οῖ
1601 1800 1721 1842 πρόγονοι
1734 1805 1783 1834 τὴν

1074 1842 1165 1877 πόλιν,
1182 1843 1216 1877 ὡς
1234 1843 1331 1882 μηδενὶ
1345 1845 1400 1873 τῶν
1413 1842 1626 1883 ἐπιγιγνομένων
1639 1844 1784 1886 μηδεμίαν

1073 1883 1224 1926 ὑπερβολὴν
1239 1886 1406 1927 λελεῖφθαι.
1591 1883 1598 1888 “

1115 1945 1158 1951 —
1180 1930 1230 1959 ⁴23.
1263 1930 1301 1964 εἰς
1328 1929 1497 1970 περιουσίαν]
1526 1930 1564 1959 ad
1595 1930 1781 1969 opulentiam

1072 1970 1142 2000 inde
1160 1972 1375 2012 colligendum.
1400 1972 1465 2012 πρδς
1485 1971 1518 2002 τό
1538 1973 1780 2015 χρηματίζεσθαι

1072 2013 1104 2052 ἐξ
1116 2014 1212 2052 αὐτῆς,
1227 2015 1274 2045 καὶ
1289 2016 1417 2046 πλούσιοι
1431 2013 1585 2054 γίγνεσθαι.

1114 2075 1157 2079 —-
1172 2060 1227 2088 ult.
1251 2061 1311 2094 πῶς
1325 2059 1391 2098 ὑμῖν
1402 2058 1531 2099 -ἔχει]
1555 2058 1599 2089 ὅτι
1616 2058 1643 2088 δὲ
1658 2059 1704 2089 καὶ
1718 2058 1780 2094 ’ἦθος

1071 2101 1156 2131 ποιεῖν
1171 2101 1350 2141 σφοδρότητα
1362 2101 1434 2132 οὐδὲν
1444 2101 1543 2131 κωλύει
1555 2102 1584 2132 αἳ
1596 2101 1720 2142 εἰρωνεῖαι
1733 2102 1779 2133 δη-

1071 2144 1152 2173 λοῦσι
1169 2147 1273 2175 πείσαι.
1289 2142 1348 2174 οἷον·
1359 2147 1421 2178 πῶς
1431 2145 1497 2184 ὑμῖν
1508 2144 1568 2174 ὑπὸ
1580 2146 1633 2174 τῶν
1644 2149 1779 2186 χρηστῶν

1071 2185 1176 2216 τούτων
1185 2189 1224 2216 τιὶ
1234 2188 1407 2227 πράγματα
1417 2187 1488 2229 ἔχει.
1499 2188 1649 2227 Hermog.
1659 2199 1688 2227 p.
1704 2190 1779 2221 265.

1113 2230 1166 2259 36.
1182 2233 1212 2260 1.
1235 2229 1349 2272 ὁμοίως]
1365 2231 1466 2260 malim
1482 2229 1608 2269 ὁμοίωςῆ
1623 2231 1671 2261 καὶ
1684 2242 1778 2272 παρα·

1070 2272 1206 2307 πλησίως.
1222 2274 1366 2308 similiter,
1379 2279 1433 2304 aut
1447 2273 1542 2304 saltim
1558 2275 1778 2314 quodammodo,

1064 2318 1281 2355 propemodum.
1299 2322 1332 2347 ut
1343 2318 1401 2347 hoc
1412 2317 1511 2347 minus
1527 2317 1578 2352 sit,
1589 2327 1676 2356 quam
1691 2318 1778 2348 illud.

1112 2359 1236 2389 —ibid.
1254 2360 1302 2390 καὶ
1317 2359 1522 2399 τὲμὲνὲίλλα]
1534 2360 1612 2390 solet
1626 2361 1674 2390 καὶ
1684 2361 1776 2391 inter-

1068 2402 1141 2432 dum
1157 2403 1370 2443 responsiones
1387 2403 1534 2433 exordiri.
1557 2404 1708 2442 quomodo
1729 2411 1777 2435 at-

1067 2456 1121 2485 que
1136 2456 1153 2475 a
1168 2446 1315 2477 Cicerone
1329 2446 1500 2486 saepissime
1515 2446 1572 2476 hoc
1584 2450 1675 2485 pacto
1688 2457 1776 2478 usur-

1066 2494 1167 2528 patur.
1185 2500 1214 2519 v.
1233 2490 1323 2530 paulo
1339 2494 1409 2530 post
1421 2490 1476 2519 hac
1489 2488 1600 2529 pagina
1615 2499 1705 2520 versu
1722 2493 1775 2521 16.

1067 2537 1098 2561 et
1113 2535 1165 2563 38.
1183 2536 1213 2564 92.

1109 2593 1151 2598 —
1162 2573 1332 2618 3.ἔρημίας]
1343 2586 1400 2606 non
1411 2575 1569 2615 obloquar,
1581 2575 1606 2605 si
1620 2574 1687 2614 quis
1700 2585 1771 2606 oon-

1067 2620 1183 2656 tendat‚
1197 2624 1348 2649 oratorem
1364 2619 1415 2649 hic
1426 2618 1507 2650 illam
1521 2619 1683 2658 designare
1699 2618 1772 2649 soli-

1065 2662 1213 2698 tudinem,
1238 2673 1305 2692 cum
1333 2668 1365 2692 tu
1388 2663 1426 2692 ab
1449 2661 1555 2691 amieis
1575 2662 1719 2691 desertus
1743 2666 1773 2692 et

1065 2705 1224 2735 desolatus
1243 2705 1273 2735 in
1290 2705 1437 2745 angustiis
1456 2705 1562 2734 haeres.
1589 2704 1712 2734 videtur
1726 2709 1770 2735 ta-

1064 2758 1134 2778 men
1150 2754 1252 2779 orator
1263 2749 1367 2787 potius
1378 2747 1542 2778 absentiam
1553 2747 1727 2777 aemulorum
1741 2747 1771 2777 in

1064 2792 1164 2822 animo
1177 2791 1330 2822 habuisse.
1346 2800 1524 2830 quamquam
1538 2800 1626 2819 nemo
1637 2790 1700 2828 jam
1711 2794 1771 2826 est,

1064 2834 1114 2873 qui
1132 2835 1288 2865 vobiscum
1304 2835 1343 2864 de
1362 2833 1536 2873 principatu
1552 2833 1682 2862 Graeciae
1699 2843 1771 2863 con-

1063 2878 1177 2914 tendat,
1194 2878 1246 2908 sed
1264 2888 1320 2907 vos
1338 2887 1406 2906 eum
1425 2877 1540 2914 absque
1560 2875 1771 2906 controversia

1061 2925 1164 2950 tenere
1185 2926 1215 2951 et
1239 2930 1385 2960 usurpare
1406 2918 1544 2959 possitis,
1567 2928 1655 2957 quem
1678 2919 1769 2949 tantis

1060 2964 1215 2993 laboribus
1225 2967 1369 3003 tantoque
1380 2962 1524 3002 sanguine
1533 2962 1663 3000 majores
1675 2962 1769 2992 vestri

1058 3007 1238 3046 quaesivere,
