1931 3322
320 211 403 252 AD
436 207 948 251 APPELLA'I‘IONEM
983 208 1045 248 IN
1081 208 1459 251 EUBULIDEM.
1519 212 1604 252 275

208 335 250 343 --
264 320 315 348 13.
328 316 439 356 τοῦτον]
456 316 523 345 scil.
537 314 582 344 τὸν
595 315 683 353 νόμον.

207 377 249 384 ·-
264 358 466 399 11)1(1.ἐ1ιεῖνος]
485 358 577 387 Solon
596 362 680 396 puta.

205 420 248 427 --
268 406 313 433 14.
334 402 410 431 ὥστε
434 399 618 437 ψηφίσασθαι
644 399 731 428 πάλιν
751 398 864 427 ἀνανεώ-

162 444 285 485 σεο-θαι]
301 444 421 473 currexi
437 442 508 472 ἅττ’
525 441 704 481 ἐψηφίσασθε
719 442 806 471 πάλιν
820 440 867 470 τὸν

160 486 243 517 αὑτὸν
261 486 343 526 [soil.
365 485 457 527 νόμον]
473 485 697 515 ἀνανεώσασθαι.
719 490 755 513 ut
771 485 865 513 decer-

160 531 274 563 meeis.
289 535 324 559 ut
343 540 433 559 novics
450 531 556 569 uliquis
576 529 662 568 hujus
687 529 755 567 legis
777 528 863 562 lator,

159 573 209 602 vel
223 579 402 602 restaurator
425 574 575 603 ersisteret.
598 572 648 610 qui
669 571 724 600 suit
747 571 864 600 Aristo-

159 614 229 653 pbo.
273 616 332 645 Sed
355 615 425 654 quid
449 626 526 654 opus
543 620 606 644 erat
623 615 698 652 legis
722 624 739 643 a
755 613 864 642 Solone

158 658 227 688 latae
247 659 476 692 restauratione,
496 659 584 695 cujus
602 657 688 697 leges
713 666 864 696 nunquam

159 711 216 731 non
233 701 262 730 111
276 711 341 740 rep.
359 701 540 739 viguerunt?

203 745 298 775 1309.
324 746 355 775 3.
379 743 500 794 ,αὐτ-οὺς]
527 744 645 773 correxi
669 742 762 772 αὐτήν.
809 742 866 771 Est

157 785 238 816 idem
255 791 345 826 atque
362 787 387 816 si
404 788 494 826 paulo
511 787 760 816 latius-dixisset:
777 795 864 825 ‘trew-

157 830 202 860 ἧκε
218 831 360 869 μαςτυςεῖ
348 841 370 859 ,ν
394 829 491 870 [11111.“
477 840 522 861 nus
525 829 561 869 ιν]
578 828 798 863 ἐπιδεικνύντας,
819 827 863 858 ἔτι

156 870 253 910 ξένη
239 876 279 908 ἡν,
294 874 419 903 τελουα-α.
437 875 476 903 τιὶ
499 872 526 903 ἐγ
547 873 585 913 τῇ
606 874 692 913 ἀγορᾷ
707 871 866 912 τελούμενοι

158 914 250 954 ξενικὰ
271 915 354 951 τέλη,
370 917 415 946 καὶ
438 916 479 946 ὅτι
494 914 525 945 ἐκ
541 916 649 951 ταύτης
664 915 677 946 ἢ
693 915 790 948 ἐκείνης
803 915 865 956 χώ-

156 969 204 997 gas·
219 969 258 993 ην,
275 958 373 996 Λυδία,
388 972 402 990 η
420 961 550 1001 Θρῇσσα,
565 961 646 998 μετὰ
661 959 694 988 τὸ
715 957 862 997 ἓξετασαι

157 999 305 1032 uetans
290 1013 329 1037 ην,
339 1003 386 1032 καὶ
402 1002 425 1032 εἶ
441 1005 481 1032 τὰ
496 1002 587 1041 ξενικὰ
599 1002 668 1033 τέλη
686 1001 790 1032 ἐτέλει.

940 330 982 335 ——
1006 316 1058 342 11.
1086 313 1157 342 οὐδέν
1178 316 1223 355 τι]
1249 318 1370 346 correxi
1393 316 1463 347 οὐδὲν
1489 317 1544 353 δ’,τι
1567 318 1608 347 οὗ.

899 355 976 384 nihil
992 364 1060 390 non,
1076 355 1221 394 quicquid
1236 358 1266 386 in
1283 360 1406 389 buccam
1423 360 1518 390 venit.

943 399 1036 428 1310.
1064 401 1092 427 1.
1123 396 1182 437 ἐὰν]
1207 402 1328 429 correxi
1356 402 1374 431 ἃ
1401 399 1486 437 οὗτος.
1510 404 1534 432 εἰ
1555 403 1605 433 de-

898 447 1022 470 monstro
1048 440 1135 475 vobis,
1160 446 1187 469 et
1215 442 1246 470 in
1272 451 1452 480 conspectum
1477 451 1606 476 vestrum

897 484 1033 522 produco.
1057 484 1158 513 matris
1180 490 1324 524 cognatas,
1345 484 1470 516 homines
1493 488 1604 525 liberos,

898 527 997 566 quales
1010 531 1118 565 oportet
1132 536 1196 561 esse,
1212 532 1360 566 negantes,
1375 529 1605 571 interpositoju-

898 570 1068 607 rojam-ando,
1089 580 1121 599 ea
1142 579 1205 599 reru
1225 579 1291 603 esse,
1310 581 1371 609 quir
1393 569 1551 602 Eubulides
1569 576 1604 604 de

897 623 930 642 ea
946 613 1119 642 calumniose
1129 611 1266 652 qffirmzn.
1279 612 1392 646 ταύταις
1403 615 1456 646 τὰς
1471 613 1605 650 διαβολὰς

897 666 954 695 ρει·
977 656 1200 694 appositionem
1218 655 1332 685 dictum
1356 661 1413 691 est,
1429 662 1460 686 et
1479 660 1605 696 exponit

900 699 1068 738 superiora,
1085 698 1103 727 ἃ
1118 701 1322 728 καταιτιῖιται.

942 759 984 765 —-
1005 745 1035 772 4.
1058 741 1122 782 καὶ]
1140 747 1209 780 post
1224 741 1290 772 εἶναι
1305 742 1419 771 delevi.
1441 741 1541 780 possit
1556 743 1605 772 καὶ

899 785 1027 821 servari,
1047 784 1074 814 si
1095 785 1184 821 ὁσίαν,
1203 786 1250 815 vel
1277 784 1367 815 ἀληθῆ
1382 786 1521 821 addatur,
1538 796 1606 815 san-

898 834 990 864 ctum,
1004 828 1053 857 vel
1069 838 1167 857 verum
1184 829 1341 867 etjustum
1355 827 1540 869 Stffl'ssgt'um.

941 889 982 894 ——
997 871 1073 901 ibid.
1089 870 1192 913 Θέσὲῑε]
1208 872 1339 902 cohaeret
1353 882 1420 900 eum
1436 871 1604 905 ἀκούσαντες

898 925 929 945 v.
942 925 1012 953 pen.
1030 926 1061 954 p.
1076 916 1171 945 1309.
1214 915 1309 944 Juvat
1326 914 1374 944 hic
1388 925 1480 953 genus
1490 915 1602 944 actori·

898 969 915 987 a
934 962 1019 996 parte
1036 958 1140 987 matris
1162 967 1344 997 proponere,
1359 967 1419 996 quo
1439 968 1488 987 res
1507 958 1604 997 magis

898 1001 1080 1031 declaretur.

518 1096 730 1124 Demostratus
747 1094 921 1124 Melitensis
937 1094 1074 1134 suscepit

325 1147 364 1166 ex
381 1146 475 1167 uxore
491 1137 589 1176 prima

495 1183 539 1203 dx

930 1147 971 1167 ex
986 1147 1083 1167 uxore
1100 1137 1195 1167 altera
1209 1137 1409 1167 Chaerestrata
1424 1136 1507 1167 dicta

1009 1183 1393 1204 ᾐώ-

245 1196 409 1218 r*—
795 1197 879 1202 --·
1563 1198 1603 1218 ’κ

243 1225 260 1251 1
279 1223 498 1262 Amytheonem
570 1226 588 1253 2
607 1223 706 1257 filiam¹
723 1233 789 1261 qnae
806 1234 822 1252 c
840 1223 977 1252 Diodoro
1037 1228 1053 1253 1
1070 1224 1274 1254 Timocratem
1382 1226 1400 1254 ‘A
1418 1224 1603 1259 Nicaretam,

161 1268 536 1303 r-——d's——-N
627 1266 758 1296 Alaeensi
775 1266 896 1304 peperit
1087 1267 1258 1296 Euxitheus
1327 1277 1393 1305 quae
1410 1278 1425 1296 e
1441 1267 1604 1297 Theocrito

157 1307 336 1338 Demostra·
349 1309 506 1339 Callistra-
521 1309 619 1339 Dexi-
683 1309 866 1339 Ctesibium.
1163 1307 1169 1351 1
1324 1309 1495 1339 Halimusio
1511 1319 1606 1349 pepe-

241 1355 301 1380 tus.
388 1357 447 1382 tus.
534 1353 633 1382 theus.
938 1355 1271 1390 f-——2—Jk—ff*
1324 1352 1366 1381 rit
1377 1353 1562 1382 Euxithenm
1575 1363 1607 1382 a·

198 1487 241 1495 --
258 1472 308 1500 16.
331 1471 562 1511 μαρτυρήσεται]
588 1472 672 1501 idem
698 1476 746 1501 est
771 1477 862 1511 atque

155 1513 339 1555 μοιςτυςῆπι.
350 1519 380 1543 et
389 1515 453 1544 baec
466 1521 657 1544 monumenta
671 1514 795 1553 publica
807 1515 861 1545 hac

156 1557 196 1586 de
221 1567 254 1586 re
276 1558 476 1587 testabuntur.
500 1568 565 1587 nam
588 1558 618 1587 in
641 1558 702 1588 illis
729 1558 862 1597 publicis

155 1600 354 1630 monumentis
377 1601 497 1630 stabant
514 1601 610 1635 stelae‚
627 1601 676 1630 vel
695 1601 792 1640 cippi,
810 1612 861 1631 no-

155 1643 288 1673 minibus
303 1643 345 1672 ibi
360 1644 544 1682 sepultorum
562 1644 713 1683 inscripti.

196 1703 239 1710 —-
256 1688 307 1716 17.
327 1684 456 1727 Ἀλειιεῖ]
481 1687 602 1716 videtur
624 1687 652 1717 b.
677 1687 698 1717 Ι.
712 1687 744 1717 111
761 1688 861 1717 animo

154 1729 296 1758 habuisse
314 1730 464 1768 Harpocr.
477 1740 508 1759 v.
524 1728 669 1765 Ἁλαιεύς.

197 1788 239 1797 -—-
254 1774 306 1802 ⁹22.
318 1772 469 1814 mereisc]
484 1772 566 1803 citat
583 1774 612 1802 h.
628 1773 649 1803 1.
667 1773 819 1811 Harpocr.
834 1783 861 1803 v.

155 1812 293 1849 Πλωθεύς.
311 1821 378 1845 utra
397 1816 436 1845 sit
458 1816 557 1846 verior
575 1815 712 1856 scriptio,
731 1816 808 1852 haec,
826 1827 860 1846 an

155 1857 326 1893 Πλωθειευς,
348 1869 384 1888 an
402 1864 530 1897 utraque
549 1860 626 1888 bnna
645 1864 676 1889 et
699 1870 754 1888 usu
778 1871 860 1889 com-

155 1900 292 1939 probata,
304 1906 439 1940 quaerant
451 1902 512 1932 alii.
527 1913 558 1932 v.
571 1902 677 1932 vales.
692 1903 729 1932 ad
746 1902 861 1932 dictum

156 1943 309 1981 Harpocr.
322 1944 432 1974 locum.

200 1988 294 2017 1311.
309 1989 340 2017 8.
363 1987 469 2028 οἷο-τὴν]
486 1991 554 2016 ante
571 1988 661 2018 ἀστὴν
676 1987 798 2017 videtur
812 1987 861 2017 ai.-

156 2030 205 2059 τΐιν
220 2030 339 2060 deesse.

199 2089 243 2096 -—
262 2075 313 2104 13.
334 2071 487 2114 συνῴκησε]
512 2074 675 2104 convenerit
693 2074 726 2103 in
745 2083 861 2108 manus,

156 2120 185 2145 et
201 2116 231 2145 in
243 2115 360 2145 thorum
372 2117 547 2146 concesserit.

197 2174 242 2184 --
257 2161 308 2188 14.
323 2159 472 2199 αἰτιᾶται]
489 2159 555 2188 scil.
569 2159 752 2189 Eubulides.

199 2218 244 2229 ,-
259 2204 309 2232 16.
325 2201 510 2243 διηγήσομαι]
527 2202 592 2231 scil.
604 2204 696 2241 paulo
709 2208 780 2241 post.
796 2203 859 2242 pla-

156 2248 205 2274 cat
215 2243 259 2274 sio
274 2250 306 2275 et
317 2245 476 2284 suspendit
491 2245 708 2284 impatientiam
721 2245 859 2287 judicum

155 2287 298 2317 audiendi
314 2287 353 2317 de
369 2288 482 2324 causis,
497 2298 551 2318 cur
567 2294 662 2318 mater
678 2290 789 2319 actoris
805 2300 859 2318 nu-

156 2331 262 2360 tricem
279 2330 414 2370 egisset;
438 2335 470 2360 ut
488 2336 662 2370 paterentur
677 2337 763 2363 antea
779 2332 860 2363 aliud

156 2373 230 2413 quid
243 2374 339 2413 magis
355 2374 557 2404 necessarium
573 2375 697 2414 exponi.

198 2433 242 2441 --
263 2419 316 2447 22.
338 2418 394 2446 τῶν
414 2426 447 2447 τι
467 2415 495 2447 ΘΞ
497 2417 554 2457 im]
578 2418 782 2468 copulativam
807 2419 860 2448 ad-

156 2458 232 2489 didi.
248 2460 335 2489 anrbo
355 2460 508 2490 Theocriti
525 2461 623 2500 patrui
646 2467 743 2498 erant,
766 2462 862 2501 Lysa·

158 2502 223 2532 nias
238 2507 270 2532 et
285 2502 455 2532 Charisius.

200 2562 244 2570 -·-
258 2547 310 2576 26.
326 2543 536 2586 Θρασυζούλου]
552 2546 590 2576 de
606 2547 661 2576 hac
675 2547 862 2586 Thrasybuli

157 2587 188 2618 in
204 2589 335 2618 Lesbum
352 2588 553 2628 expeditione
570 2600 599 2620 v.
616 2590 733 2620 Simson
748 2590 861 2620 Chron.

158 2630 196 2662 ud
213 2633 251 2662 Α.
266 2632 312 2661 Μ.
325 2633 421 2662 3613.
433 2637 463 2661 et
476 2633 571 2663 3615.

199 2692 242 2698 —
257 2676 309 2705 2¹7.
323 2672 412 2715 αὕτη]
428 2675 548 2704 correxi
565 2674 646 2705 αὕτη.

199 2734 243 2740 --
259 2727 330 2756 pen.
357 2715 500 2760 Κλιδίκου]
521 2718 641 2748 correxi
661 2716 811 2754 Κλειδίκου,
831 2718 862 2748 id

158 2764 216 2794 est.
230 2757 385 2790 Κλεοδίκου.

202 2805 297 2834 1312.
315 2805 347 2832 ¹7.
370 2803 495 2843 παῖδας]
519 2804 595 2834 bene
618 2804 719 2838 habet,
741 2803 863 2833 tametsi

159 2844 291 2875 blandiri
315 2847 416 2886 possit
438 2847 531 2877 lectio
557 2847 726 2886 Augustani
750 2846 864 2896 (παῖδα,

159 2897 228 2918 cum
257 2888 476 2920 Protomachus
503 2900 521 2920 e
546 2890 692 2920 Nicareta
718 2899 775 2919 non
804 2889 863 2918 nisi

161 2930 344 2961 mummium
365 2932 546 2973 susceperit.
562 2943 629 2963 nam
645 2932 752 2967 παῖδας
769 2933 864 2962 (ποιεῖ-

160 2971 229 3003 σθαι
243 2973 318 3003 1111111
329 2975 411 3005 aliud
427 2980 487 3011 est,
501 2986 590 3015 quam
605 2975 863 3011 παιδοποιεῖσθαι,

161 3021 192 3046 ot
212 3017 252 3047 de
268 3016 348 3047 0111111
363 3018 451 3057 prole
471 3024 646 3059 usurpatur,
663 3019 729 3050 sive
747 3029 781 3048 eu
803 3018 862 3048 sin-

1327 1400 1454 1426 ctorem.

898 1470 1010 1510 gularis
1027 1476 1084 1504 est,
1103 1470 1169 1500 sive
1185 1470 1323 1509 pluralis.
1342 1478 1374 1500 ut
1395 1471 1486 1500 etiam
1505 1470 1602 1501 Latini

898 1525 965 1544 voc.
980 1514 1062 1543 liberi
1078 1518 1238 1553 usurpant,
1254 1513 1345 1542 etiam
1362 1513 1400 1543 de
1413 1523 1472 1543 uno
1487 1518 1602 1543 tantum

895 1557 1018 1586 infante.
1066 1558 1155 1587 Forte
1180 1557 1276 1586 voluit
1297 1558 1373 1595 Aug.
1400 1556 1604 1587 παιδοποιησά·

895 1611 975 1639 μενος
992 1611 1050 1630 uno
1067 1600 1225 1629 vocabulo.
1274 1599 1336 1628 Sed
1357 1599 1432 1639 quid
1449 1610 1526 1638 opus
1544 1605 1602 1635 est,

895 1643 972 1678 aies,
984 1643 1030 1672 his
1047 1642 1308 1681 argutationibus'l
1331 1653 1362 1681 p.
1379 1645 1471 1673 1312.
1484 1645 1534 1672 10.
1549 1643 1603 1672 filii

896 1687 1090 1715 Protomachi
1108 1690 1203 1715 testes
1219 1685 1439 1725 producuntur.
1464 1686 1603 1724 Respon-

895 1730 974 1759 deo:
999 1739 1056 1759 non
1074 1740 1090 1758 e
1107 1729 1252 1759 Nicareta
1268 1739 1320 1758 eos
1338 1728 1477 1768 suscepit
1492 1729 1602 1758 Proto-

895 1773 1030 1808 maebus,
1041 1773 1094 1802 sed
1108 1783 1147 1802 ex
1158 1772 1251 1801 altera
1261 1782 1367 1808 uxore,
1379 1782 1467 1811 quam
1479 1771 1602 1801 domum

896 1815 984 1845 duxit
1006 1820 1074 1853 post
1093 1815 1249 1845 dimissam
1272 1814 1457 1851 Nicaretam,
1472 1825 1539 1853 qnae
1555 1821 1602 1844 est

896 1858 947 1888 illa
962 1857 1114 1899 ἐπίκληρος,
1129 1859 1154 1888 si
1171 1869 1277 1888 verum
1294 1864 1352 1894 est,
1362 1859 1441 1897 quod
1459 1869 1489 1897 p.
1508 1860 1601 1888 1311.

897 1905 947 1931 11.
958 1901 1050 1934 dixit,
1065 1902 1237 1931 Nicaretam
1253 1902 1455 1931 Protomncho
1466 1901 1508 1930 nil
1525 1911 1604 1939 prae-

896 1949 942 1974 ter
958 1944 1048 1973 filiam
1068 1943 1239 1984 peperisse.
1463 1957 1470 1961 ·

937 2004 981 2009 —-
997 1989 1027 2016 8.
1040 1986 1083 2028 ὃς]
1099 1987 1149 2026 qui
1168 1987 1396 2016 Protomachus.

937 2046 980 2052 —-
992 2032 1022 2060 9.
1039 2030 1129 2060 ἇστῆν
1144 2028 1249 2060 ταύτην
1259 2029 1306 2058 καὶ
1323 2027 1460 2068 πολῖτιν]
1477 2029 1529 2068 qui
1543 2027 1603 2057 dif-

895 2074 993 2103 ferunt
1010 2072 1099 2106 ἀστὸς
1111 2077 1142 2102 et
1157 2072 1298 2105 (πολίτης
1292 2072 1302 2092 >

935 2133 979 2138 —-
995 2118 1048 2146 15.
1071 2117 1156 2156 παρὰ
1181 2117 1230 2145 τοῦ
1252 2112 1468 2155 Πρωτομάχου]
1495 2123 1562 2144 1111111
1585 2124 1602 2144 ο

895 2160 985 2188 (101110
999 2159 1194 2188 Protomacbi
1210 2158 1307 2187 adhuc
1320 2156 1496 2196 superstitis
1507 2157 1536 2186 in
1547 2156 1603 2186 do-

894 2213 973 2232 mum
985 2201 1141 2231 Theocriti
1151 2207 1344 2231 concesserat
1353 2201 1506 2230 Nicareta.
1527 2200 1603 2230 Pro-

895 2245 1052 2275 tomuclius
1076 2248 1176 2274 autem
1203 2245 1291 2274 aliam
1314 2244 1443 2273 duxerat
1464 2253 1602 2279 uxorem,

895 2291 944 2319 τὴν
955 2287 1107 2327 iniungo.
1119 2292 1150 2317 et
1161 2298 1197 2317 ea
1212 2288 1326 2317 liberos
1339 2286 1419 2321 illos,
1434 2286 1485 2324 qui
1503 2297 1532 2315 v.
1551 2289 1601 2315 10.

895 2336 990 2362 testes
1007 2331 1228 2369 producuntur,
1242 2329 1415 2359 sustulerat.
1462 2329 1602 2358 Postmo—

895 2375 965 2405 dum
985 2374 1086 2410 filiam,
1103 2384 1119 2403 e
1142 2373 1286 2404 Nicareta
1308 2377 1494 2410 susceptam,
1513 2372 1602 2401 vivus

895 2418 993 2448 adhuc
1011 2417 1222 2457 despondebat
1238 2416 1370 2446 adultam
1387 2415 1506 2444 Eunico
1522 2415 1604 2445 Cho-

897 2461 1038 2500 largensi.

939 2522 981 2527 —-
994 2506 1045 2534 21.
1063 2501 1251 2543 ψηφίσαιντο]
1267 2500 1385 2531 correxi
1402 2498 1602 2540 ψηφίπιιτοίιι

898 2545 1053 2586 singulari.
1066 2547 1146 2575 redit
1162 2545 1243 2575 enim
1259 2545 1296 2574 ad
1316 2544 1337 2574 εἰ
1354 2543 1461 2582 μηδείς.
1476 2554 1602 2583 quntum

898 2590 974 2620 illud
992 2590 1020 2619 in
1039 2589 1094 2618 line
1110 2600 1139 2618 v.
1159 2590 1209 2618 18.
1227 2589 1284 2617 boc
1301 2597 1330 2616 v.
1348 2589 1400 2617 20.
1416 2587 1537 2626 legitur.
1571 2586 1604 2617 Si

897 2633 960 2672 quis
981 2632 1169 2672 peregrinum
1189 2640 1234 2660 me
1251 2636 1362 2660 cerzseat
1379 2639 1446 2664 esse,
1464 2633 1604 2669 quamvis,

898 2676 928 2706 in
944 2681 1025 2705 tanto
1045 2684 1164 2704 numero
1180 2674 1293 2703 testium
1307 2683 1350 2702 me
1367 2674 1603 2706 secundantium.

898 2719 1007 2748 nemini
1022 2727 1119 2748 eorum
1138 2717 1359 2747 controversiam
1379 2717 1415 2745 de
1431 2720 1512 2745 statu
1526 2716 1606 2745 citn'li

897 2766 1017 2791 moveat.

941 2821 981 2826 -—-
1000 2804 1054 2833 ult.
1084 2803 1106 2832 εἳ
1132 2804 1174 2841 μῆ
1201 2801 1337 2842 πολῖται]
1366 2800 1495 2830 subaudi
1519 2799 1603 2833 ὄντες,

899 2847 974 2886 ημᾶς
989 2846 1088 2880 αὐτους
1114 2844 1236 2879 πολίτας
1251 2842 1476 2883 ἀπεφαινόμεθα.
1500 2844 1523 2871 si
1546 2852 1607 2877 nos,

898 2889 948 2930 qui
962 2890 1034 2919 cives
1047 2899 1105 2919 non
1119 2899 1246 2924 essemus,
1261 2894 1357 2918 tamen
1366 2896 1420 2925 pro
1435 2885 1543 2915 ciuibus
1557 2894 1605 2915 nos

896 2933 1084 2973 gessissemus.

942 2973 1266 3014 1313.18.ἒπιδείξω]
1291 2977 1359 3012 post
1374 2970 1501 3010 ἐπιδείξω
1518 2970 1604 3000 vide-

900 3023 948 3048 tur
961 3020 1126 3051 πεποιηκὸς
1140 3021 1191 3046 aut
1206 3018 1287 3047 ποιῶν
1296 3016 1413 3049 deense.
1428 3013 1508 3053 quod
1522 3014 1603 3044 idem
