1948 3322
374 199 458 240 AD
492 196 587 238 OR.
620 194 702 236 DE
733 191 933 235 REBUS
966 191 1421 235 CHERRHONESI.

220 305 273 335 96.
290 307 318 334 1.
341 303 371 343 ἢ]
393 303 425 332 id
446 306 505 338 est,
525 307 576 331 aut
596 300 681 335 alias,
705 300 729 329 si
751 299 881 329 mendax

177 347 395 387 deprehendar.
419 345 493 374 citat
509 345 538 374 h.
554 345 575 374 l.
595 344 727 373 Thomas
744 343 788 372 M.
813 351 882 372 cum

177 390 278 430 aliquo
293 392 466 419 assumento
481 397 537 416 sno
555 398 583 416 v.
599 389 691 426 τιμῶ.

219 450 263 455 —
277 434 330 461 10.
350 433 390 461 τοὶ
412 429 548 470 τοιαυτα]
571 436 598 460 et
617 435 732 464 caetera,
752 428 781 459 h.
798 438 824 457 e.
851 431 883 457 ut

176 474 294 505 mittam
309 474 456 514 reliquos,
480 473 507 503 si
527 472 578 512 qui
600 478 682 507 sunt,
698 472 803 501 barum
823 470 882 500 lar-

175 517 323 556 gitionum
339 517 414 546 fines
425 521 516 555 atque
529 520 711 555 praetextus.

217 577 260 583 —
283 562 335 590 17.
357 559 471 599 ἀγείρει]
495 559 645 600 Syrianus
671 557 709 587 ad
733 557 884 595 Hermog-

175 603 207 641 ρ.
223 605 297 632 211.
311 605 360 633 13.
377 603 598 641 κατηγοςοῦντας
608 600 664 641 μὲν
677 600 804 634 ἦαῦταῖς
818 600 884 632 ταῖς

175 644 269 684 λέξεσι
285 648 339 674 τῶν
353 644 543 684 ἐγκλημάτων
555 644 597 673 δει
604 643 747 685 χξῆσθαι,
759 654 807 672 οιον
819 644 883 683 ἱερο-

176 686 272 729 συλία,
287 689 335 718 καὶ
351 688 395 727 ‘tofi
409 686 531 727 δημοσίῳ
545 686 744 726 ἇδικήματι,“
734 699 748 716 η
763 686 810 715 καὶ
827 697 884 715 ωι-

175 731 325 772 κροτὲςαις,
348 730 394 761 ἐὰν
413 729 567 770 δυνώμεθα.
591 729 832 769 ἀπολογουμένους
855 727 883 758 δὲ

175 776 346 804 συστέλλειν
363 776 402 804 τὰ
424 772 563 813 ὀνόματα,
581 773 629 802 καὶ
649 774 754 803 κλοπὴν
767 784 823 812 μεν
837 773 886 802 τὴν

176 815 326 857 ῖεςοσυλίαν
337 816 486 857 ὀνομάζειν,
499 815 626 855 ἀδίκημα
640 815 668 846 δὲ
687 815 824 855 [videtur
834 815 884 844 hic

176 859 309 890 ἰδιωτικὸν
320 861 442 900 deesse]
457 861 506 890 τῆν
519 858 655 898 δημοσίαν
667 857 800 899 ὁρίζεσθαι
813 856 884 888 Chai.-

175 904 236 937 βην.
259 902 331 933 οὕτω
351 903 398 932 καὶ
422 901 607 942 Δημοσθένης
625 904 680 931 τοῖν
695 901 887 940 ἐγκλημάτων

177 959 217 976 '1¹12
227 945 364 985 μέγιστα
377 943 570 985 μετρίωτέξῦἰς
584 955 703 984 ῦνθμᾱθΊ
717 943 886 974 συνεσκίασε

178 990 246 1029 »megi
265 1001 315 1019 του
332 986 497 1022 Διοπείθους
511 987 610 1025 λέγων,
626 987 640 1018 ἢ
661 987 707 1027 [id
724 992 771 1017 est
786 986 884 1038 ὀγδόῳ]

179 1034 235 1062 τῶν
249 1034 435 1073 φιλιππικῶν.
457 1042 491 1060 το
512 1030 567 1071 μὲν
588 1029 731 1060 ληστεύειν
751 1028 888 1069 ἀπείργειν

180 1074 265 1115 [lege
287 1074 416 1115 α’γείςειν]
441 1074 614 1113 ωροσειπων,
641 1072 675 1102 τὸ
701 1072 729 1102 δὲ
756 1071 888 1112 ἁξπάζειν

179 1119 344 1158 προσαιτεῖν
354 1118 402 1147 καὶ
419 1115 606 1156 δανείζεσθαι.

220 1178 264 1182 -
277 1164 329 1191 90.
361 1160 474 1189 δώσοντι
488 1176 532 1181 --
546 1158 704 1189 «ποιήσαντι
718 1176 760 1180 -
774 1168 886 1196 συγκα-

178 1201 407 1243 ταπςαξαμένῳ]
431 1212 552 1242 yereor,
568 1212 606 1231 ne
624 1201 676 1231 isti
692 1206 755 1231 tres
777 1201 887 1237 dativi,

176 1247 228 1286 qui
245 1257 302 1276 non
318 1252 446 1285 possunt
460 1245 532 1281 alio,
547 1254 636 1284 qnam
650 1245 687 1274 ad
705 1244 886 1283 Diopissnen,

178 1290 296 1325 referri,
312 1289 415 1319 vitiosi
432 1287 503 1324 sint,
520 1293 550 1317 et
565 1298 601 1317 ne
617 1287 647 1317 in
663 1298 767 1317 eorum
784 1287 887 1317 locum

179 1333 252 1369 sint,
275 1337 328 1362 aut
351 1331 448 1362 dativi
474 1331 620 1370 plurales,
643 1336 696 1360 ant
717 1330 886 1360 accusativi

177 1375 323 1414 plurales,
347 1381 381 1405 ut
403 1385 511 1414 nempe
536 1373 632 1403 dativi
658 1374 826 1403 referantur
848 1373 887 1403 ad

179 1418 287 1454 ἅπασι,
317 1417 486 1448 accusativi
516 1421 618 1447 autem
649 1417 710 1446 sint
741 1416 885 1447 absoluti.

179 1462 286 1491 Possit
295 1462 381 1491 locus
391 1461 521 1491 diversis
531 1461 631 1490 modis
641 1460 795 1490 constitui.
803 1460 886 1490 sive:

180 1505 215 1539 ὣς
229 1516 278 1534 του
294 1506 443 1545 μελλησαι
457 1504 575 1533 δωσουσι
588 1503 735 1544 [daturis]
749 1501 831 1538 δίκην,
843 1515 885 1542 μη

179 1559 208 1577 τι
225 1546 341 1578 mensal
360 1546 405 1587 [in
423 1547 584 1581 infinitivo,
605 1548 644 1576 ob
662 1547 827 1588 μελλησαι]
843 1557 887 1585 γε,

179 1601 226 1620 και
218 1589 549 1631 συγκαταπράξασθαι.
562 1589 627 1619 sive
636 1589 698 1618 sic:
710 1589 746 1623 ὣς
755 1591 804 1620 τοῦ
812 1595 888 1629 μελ-

181 1635 266 1664 λησαι
282 1634 400 1664 δώσουσι
414 1633 496 1683 Bianti..
506 1634 549 1673 μῆ
561 1631 699 1662 ποιῆσασί
707 1643 751 1670 γε,
760 1632 808 1662 και
819 1644 887 1670 συγ-

177 1675 456 1718 καταπραξαμένοις.
467 1677 534 1706 sive
544 1676 693 1715 denique:
709 1676 744 1711 ὡς
753 1677 802 1705 τοῦ
813 1682 889 1716 μελ-

179 1721 266 1751 λῆσαι
285 1721 424 1755 δώσοντας
436 1718 518 1756 δίκην,
532 1721 575 1759 μη
591 1719 762 1752 «trocho-amir,-
777 1730 822 1757 γε,
841 1719 890 1749 καὶ

180 1762 523 1804 συγκαταπςαξαμένους.
536 1762 623 1802 qnasi
632 1763 767 1792 futurum
782 1763 833 1797 sit,
845 1767 890 1798 ut,

179 1806 233 1845 qui
248 1807 443 1836 contribuere
465 1806 625 1846 quicquam
641 1806 782 1845 Diopithi
798 1806 889 1835 modo

181 1849 267 1885 velit,
289 1854 322 1879 et
343 1854 440 1890 paret,
460 1849 552 1888 hujus
577 1859 639 1878 suae
663 1849 828 1879 voluntatis
849 1849 890 1879 sit

180 1903 286 1931 poenas
307 1892 444 1928 daturus,
460 1893 584 1928 nedum,
605 1891 651 1933 [h.
670 1903 697 1921 e.
713 1892 809 1922 multo
828 1903 890 1922 ma-

183 1935 244 1976 gis]
270 1936 297 1965 si
315 1936 436 1972 fecerit,
458 1936 489 1965 h.
506 1947 534 1965 e.
561 1935 588 1965 si
613 1935 724 1973 stipem
750 1935 891 1975 Diopithi

182 1979 357 2014 contulerit,
372 1983 425 2008 aut
438 1989 562 2018 operam
580 1977 607 2007 ei
627 1988 754 2016 gnaram
768 1978 891 2017 praesti·

182 2022 253 2052 terit
268 2021 298 2050 in
319 2021 423 2051 nescio
439 2032 499 2061 quo
522 2022 587 2059 ejus
606 2020 810 2051 emolumento
826 2021 891 2051 adi-

183 2064 342 2105 piscendo,
357 2068 408 2094 aut
423 2064 453 2094 iu
469 2064 601 2095 facinore
619 2063 761 2103 quopiam
777 2064 890 2094 bellico

182 2108 393 2146 exsequendo.

225 2168 269 2173 -—
283 2153 335 2181 22.
353 2149 433 2181 τοῦτ’
447 2149 515 2181 εἰσὶν
529 2150 551 2180 οἳ
568 2148 658 2189 λόγοι]
671 2150 703 2180 id
718 2155 776 2185 est,
791 2150 891 2180 ταῦτα

182 2193 310 2233 λέγουσιν
320 2194 342 2224 οἱ
355 2193 508 2235 κατήγοροι.
526 2193 591 2223 haec
599 2195 715 2233 jactant
732 2193 891 2232 Diopithis

182 2237 310 2268 inimici.
327 2241 377 2267 aut
392 2238 490 2268 ταῦτα
503 2236 630 2267 δύνανται
647 2236 742 2270 αὐτοῖς
754 2237 775 2266 οῖ
789 2235 892 2267 ἐκείνων

183 2279 269 2319 λόγοι.
296 2281 362 2310 haec
385 2279 446 2310 sibi
472 2280 590 2316 volunt,
613 2280 674 2309 huc
697 2284 837 2319 spectant
860 2285 891 2310 et

184 2324 313 2354 tendunt
328 2333 486 2354 sermones
501 2324 539 2353 ab
554 2323 616 2353 illis
632 2323 739 2361 jactati
755 2324 792 2353 ad
810 2323 890 2353 hunc

184 2367 318 2398 modum.
367 2367 583 2396 Verumtamen
612 2366 778 2405 Diopithes
805 2371 893 2406 parat

184 2410 243 2440 hoc
256 2410 303 2439 vel
313 2409 387 2439 illud
401 2409 547 2449 oppidum
559 2409 718 2439 obsidione
730 2411 890 2449 premere?

183 2453 400 2483 Verumtamen
426 2454 553 2482 Graecos
576 2452 763 2494 [Asiaticos]
788 2453 893 2492 prodit

185 2495 268 2537 [regi
281 2496 443 2526 Persarum
456 2497 563 2538 puta].
558 2497 623 2518 Ρ--
633 2496 760 2535 Quippe
776 2496 823 2526 his
837 2496 892 2526 ho-

183 2539 327 2575 minibus,
345 2539 396 2578 qui
419 2539 569 2588 ejusmodi
593 2549 748 2569 sermones
764 2540 892 2578 jactant,

184 2593 264 2613 cnrae
274 2582 421 2621 cordique
432 2582 472 2611 sit
482 2582 679 2612 Graecorum
671 2593 701 2612 ιιι
710 2582 786 2612 Asia
798 2582 892 2612 salus.

184 2626 250 2667 [est
263 2625 329 2655 haec
345 2625 556 2655 subsannantis
570 2625 699 2655 oratoris
706 2625 892 2666 responsio]

184 2668 298 2699 Melius
329 2667 444 2708 quippe
474 2668 504 2697 hi
534 2668 672 2698 homines
705 2668 743 2698 de
774 2668 893 2705 alienis,

184 2722 273 2751 quam
288 2712 327 2741 de
343 2711 452 2751 patria,
469 2712 612 2742 studeant
627 2711 747 2741 mereri.

227 2772 270 2777 —-
292 2756 346 2786 23.
368 2753 469 2794 μέλει]
492 2764 672 2794 quamquam
699 2758 802 2784 certus
827 2765 894 2784 snm

185 2797 385 2829 Demostheni
408 2808 559 2837 nunqnam
575 2798 603 2830 in
626 2802 756 2827 mentem
773 2798 894 2828 venisse

184 2847 245 2872 tam
264 2840 384 2880 frigidae
405 2846 436 2871 et
451 2840 623 2871 umbratilis
645 2840 842 2880 puerilitatis,
863 2846 896 2871 ut

185 2885 215 2914 iu
231 2884 390 2915 vocabulis
404 2883 510 2924 μέλλει
525 2889 556 2914 et
568 2882 654 2924 μέλει
666 2884 797 2919 luderet,
813 2884 895 2914 Her-

186 2937 329 2967 mogenes
352 2931 452 2958 tamen
478 2928 571 2957 docet
592 2927 687 2957 fuisse
709 2927 739 2957 in
765 2927 895 2957 vetustis

186 2969 346 3007 teohuicis,
371 2971 424 3010 qui
451 2970 510 3000 sibi
537 2969 598 3000 visi
624 2970 753 3000 fuissent
779 2969 811 2999 in
836 2971 895 3000 hoo

187 3018 357 3045 commento
373 3013 579 3050 acrimoniam,
599 3013 774 3054 δριμύτητα,
790 3014 895 3045 nescio

1568 190 1619 232 31

918 307 1007 336 quam
1029 298 1192 348 reperisse.
1240 299 1342 329 Verba
1363 304 1431 329 sunt
1447 309 1478 338 Ρ.
1495 299 1569 330 3:33.
1591 297 1626 328 τό

915 339 987 369 καθ’
1003 340 1158 379 ὁμοιότητα
1178 340 1279 379 λεξεως
1298 341 1424 380 ἐμφαίνει
1441 344 1504 372 τινὰ
1527 341 1626 382 δριμύ-

917 395 1006 414 τητα.
1025 394 1083 413 οιον·
1099 383 1203 422 μέλλει
1223 386 1392 422 πολιορκειν.
1416 396 1479 419 τους
1487 383 1627 419 Ἐλληνας

918 424 1056 456 εκδίδωσι.
1072 426 1156 465 μελει
1173 426 1226 467 γάρ
1238 438 1290 456 τινι
1299 426 1403 455 τούτων
1413 430 1467 455 τῶν
1478 430 1526 458 τὴν
1540 427 1631 457 Ασίαν

916 469 1057 499 οἷκούντων
1070 468 1224 507 Ελλήνων5
1247 468 1302 507 ἐγὼ
1313 469 1369 508 μὲν
1379 469 1486 508 σφόδρα
1501 470 1628 505 ευλαβως

917 511 992 553 ειχον
1007 511 1091 542 θεῖναι
1110 513 1146 546 ὣς
1160 512 1346 553 παράδειγμά
1363 522 1433 546 τινος
1448 511 1627 550 δριμύτητος.

917 566 978 586 ἓπξῑ
995 554 1023 585 δὲ
1035 558 1089 584 ’Τῶν
1100 555 1208 595 σφόδρα
1219 555 1457 595 Ευδθκίμησάντων
1469 566 1540 588 Τίνες
1549 557 1627 586 κατα

917 609 981 632 τους
997 609 1053 638 ’προ
1069 599 1146 638 ημῶν
1163 598 1343 649 ἀνθρώπους,
1349 609 1395 627 και
1418 599 1459 627 νῦν
1483 595 1507 626 δ
1528 599 1629 628 εὐδοκι-

917 640 1041 681 μούντων
1057 639 1103 671 ἐπι
1119 640 1213 682 Θεωρία
1224 640 1321 679 λόγων,
1335 639 1360 670 ἐν
1369 652 1405 674 οις
1417 641 1627 672 ἀπολελοίπασι

918 683 1050 720 βιβλίοις,
1070 682 1157 720 οὕτως
1178 685 1371 724 τεθεωρήκασι
1392 694 1440 713 και
1464 695 1559 720 τουτο,
1581 684 1630 713 και

917 725 1068 757 τεθείκασί
1077 738 1109 765 γε
1119 728 1153 761 ὣς
1162 727 1346 768 παράδειγμα
1355 726 1526 767 δριμύτητος
1534 728 1630 757 τοιαὺ-
1660 750 1665 755 .

917 782 980 805 της,
1002 769 1114 811 εἶξησθω
1132 783 1178 800 και
1199 772 1274 810 ἡμῖν.
1299 769 1390 800 καίτοι
1405 768 1479 810 τάχ’
1494 770 1561 804 ἴσως
1576 769 1630 801 οὐδ

919 826 932 844 η
949 815 1066 844 τοιαύτη
1089 814 1235 854 δριμύτης,
1256 813 1331 854 εἶπες
1353 811 1425 843 οὑτω
1450 824 1565 851 γενοιτο,
1584 813 1631 844 ἐκ·

918 857 1013 896 φεύγει
1029 868 1078 887 την
1093 856 1275 897 ψυχρότητα.

962 918 1004 922 -
1020 902 1072 931 26.
1088 900 1167 929 τοῦτ’
1181 900 1274 941 ἐστὶν]
1290 900 1349 929 boo
1360 900 1477 935 volunt,
1490 900 1549 930 huc
1562 904 1630 930 ten·

920 943 995 972 dunt
1019 944 1262 973 adversariorum
1290 943 1527 973 criminationes.
1558 945 1631 974 sub-

920 990 1003 1015 moto
1022 985 1180 1025 Diopithe,
1197 987 1357 1017 suffectum
1375 990 1447 1016 eunt
1466 986 1558 1016 alium
1575 987 1631 1017 im-

920 1033 1104 1067 peratorem,
1119 1029 1185 1059 sive
1199 1030 1343 1069 ignavum
1358 1034 1388 1058 et
1398 1029 1553 1059 imbellem
1569 1035 1630 1061 tar-

921 1072 1054 1110 dumque
1072 1076 1195 1101 strenuo
1215 1079 1246 1102 et
1261 1073 1334 1108 acri,
1354 1072 1421 1102 sive
1438 1073 1543 1102 eadem
1561 1084 1630 1103 cum

923 1115 1070 1153 Diopithe
1100 1115 1318 1152 factitaturum,
1345 1120 1375 1145 et
1403 1115 1536 1155 vestigia
1563 1118 1631 1156 ejus

920 1167 1109 1197 pressurum.
1152 1158 1215 1188 Hic
1245 1159 1304 1188 erit
1332 1159 1448 1188 fructus
1477 1163 1630 1190 tantorum

921 1206 1086 1236 sumtuum,
1100 1201 1130 1230 in
1143 1211 1252 1231 novam
1266 1202 1395 1231 classem
1406 1202 1630 1242 expediendam

920 1243 1142 1274 faciundorum.
1185 1244 1273 1274 Nihil
1295 1244 1345 1274 hie
1369 1244 1468 1274 deest.
1499 1246 1629 1276 subaudi

920 1286 1031 1316 modo:
1062 1287 1181 1317 Stultus
1203 1293 1234 1318 et
1254 1297 1349 1317 vanus
1373 1288 1452 1316 foret
1477 1288 1630 1326 ejusmodi

921 1335 1068 1368 conatus3
1096 1330 1204 1360 eodem
1229 1331 1321 1366 enim,
1343 1340 1404 1370 quo
1426 1330 1471 1360 illi
1489 1331 1633 1367 tendunt,

921 1373 1016 1402 multo
1033 1373 1148 1403 minore
1163 1374 1355 1404 contentione
1370 1374 1532 1413 pervenire
1547 1375 1630 1405 licet.

963 1434 1008 1438 —
1034 1418 1085 1446 27.
1117 1416 1187 1448 δεινὰ
1213 1417 1289 1447 ποιεῖ’
1312 1423 1348 1447 Δ.
1371 1416 1419 1446 καῖ
1443 1417 1566 1455 κατάγει
1590 1419 1632 1448 τοὶ

920 1459 1026 1500 πλοῖα]
1045 1459 1124 1490 idem
1140 1464 1188 1490 est
1202 1470 1236 1489 ac
1258 1460 1284 1490 si
1299 1460 1448 1490 dixisset:
1473 1459 1543 1491 δεινὰ,
1561 1461 1638 1491 ποιεῖ

921 1503 1055 1540 κατάγων
1070 1503 1135 1544 [vel
1153 1501 1178 1533 ἐν
1193 1502 1235 1543 τῷ
1247 1503 1398 1544 κατάγειν]
1414 1505 1454 1533 τὰ
1466 1504 1567 1533 πλοῖα.

965 1563 1008 1568 ——
1023 1556 1093 1585 pen.
1114 1545 1211 1587 μικρὸν
1231 1545 1365 1585 πινάκιον]
1389 1546 1576 1585 interpretor
1594 1547 1633 1577 de

923 1589 1081 1627 epistolaa
1094 1589 1127 1619 S.
1140 1591 1178 1620 P.
1191 1591 1231 1628 Q.
1244 1590 1282 1620 A.
1296 1590 1334 1619 ad
1346 1589 1514 1629 Diopithen
1527 1590 1632 1625 missa,

923 1641 983 1670 qua
1000 1633 1169 1663 successori
1185 1634 1256 1662 dato
1274 1633 1424 1663 decedere
1446 1633 1485 1662 de
1501 1633 1633 1672 imperio

919 1675 1076 1714 jubeatur,
1099 1680 1130 1706 et
1151 1676 1183 1706 iu
1204 1678 1309 1706 urbem
1332 1675 1434 1706 redire
1453 1676 1490 1706 ad
1507 1687 1632 1706 causam

923 1718 1033 1758 capitis
1047 1720 1221 1749 dicendum.
1255 1719 1356 1749 Aliter
1372 1719 1492 1758 accepit
1507 1720 1632 1759 Harpo-

923 1767 998 1791 crat.
1012 1772 1044 1792 V.
1058 1762 1191 1798 πινάκιον,
1211 1761 1280 1792 scil.
1296 1762 1334 1792 de
1351 1762 1458 1792 libello
1474 1768 1632 1793 accusato-

923 1805 981 1840 rio,
1002 1815 1062 1845 quo
1081 1805 1246 1844 Diopithes
1265 1806 1304 1836 ad
1319 1806 1468 1846 populum
1485 1807 1524 1836 de
1540 1807 1634 1845 maje-

923 1851 1002 1878 state
1027 1849 1244 1901 appellaretur.
1268 1850 1362 1879 verba
1382 1850 1448 1888 ejus
1465 1849 1529 1879 haee
1543 1855 1630 1880 sunt:

922 1890 948 1920 ἐν
961 1890 989 1921 δὲ
1005 1894 1064 1925 τοῖς
1075 1893 1266 1931 φιλιπωικοῖς
1278 1891 1344 1922 σ’ταν
1357 1892 1436 1944 '‘⁵2²’'
1449 1892 1557 1933 μικρὸν,
1569 1905 1590 1922 ω
1603 1892 1633 1922 ἄ.

922 1932 969 1964 Ἀ.
985 1934 1083 1975 μικρὸν
1099 1936 1221 1965 πινάκιον
1235 1933 1332 1966 πάντα
1347 1947 1446 1966 ταυτα
1469 1936 1530 1976 [sic
1553 1935 1634 1966 enim

924 1977 984 2017 leg.
1001 1983 1032 2008 et
1046 1978 1296 2017 distinguendum
1319 1979 1393 2019 est],
1411 1977 1533 2008 ἐνταῦθα
1535 1978 1637 2030 τυχὸν

924 2020 1046 2051 πινάκιον
1058 2019 1187 2059 λεγεται,
1204 2021 1242 2054 εἷς
1255 2020 1268 2050 ὃ
1287 2019 1462 2062 ἐγγράφεται
1481 2024 1521 2052 τὰ
1534 2020 1637 2060 εγκλη-

924 2074 1012 2101 ματα
1023 2066 1102 2094 κατὰ
1117 2067 1173 2094 τῶν·
1187 2063 1447 2103 εἰσαγγελλομένων
1461 2069 1522 2095 etc.

968 2109 1021 2138 97.
1037 2110 1066 2137 1.
1091 2108 1199 2142 ταῦτα,
1222 2118 1286 2141 τους
1304 2107 1484 2147 ἀδικοῦντας]
1508 2108 1637 2138 emenda

925 2149 1158 2180 distinctionem
1169 2151 1207 2180 ad
1221 2150 1298 2180 hunc
1308 2151 1450 2181 modum:
1467 2150 1597 2190 λέγουσιν
1613 2164 1636 2182 οι

923 2192 1012 2232 νόμοι,
1029 2193 1213 2233 praecipiunt
1224 2194 1320 2233 leges,
1333 2205 1432 2237 ταυτα
1443 2205 1506 2228 τους
1518 2194 1640 2224 ἀδικουν-

925 2247 979 2270 τας
994 2235 1171 2276 [vocabulis
1187 2238 1320 2268 oratorio
1331 2234 1416 2268 more
1429 2238 1638 2277 transpositis,

925 2289 980 2318 pro
999 2280 1114 2320 vulgari
1131 2281 1276 2320 loquendi
1291 2291 1375 2310 more
1391 2292 1457 2314 τους
1468 2282 1567 2311 ταῦτα
1579 2281 1640 2311 ἄδι·

924 2323 1053 2364 κοῦντας]
1066 2322 1274 2362 εἰσαγγέλλειν,
1286 2324 1405 2354 deferre
1415 2324 1522 2354 horum
1537 2324 1638 2354 crimi-

923 2377 994 2396 num
1011 2377 1091 2396 reos.
1127 2368 1242 2397 Verum
1259 2367 1338 2397 vidit
1352 2377 1391 2397 ex
1405 2371 1489 2408 parte
1505 2367 1639 2398 Wolfius

925 2420 1060 2450 quoqne.

968 2470 1010 2476 —
1023 2455 1075 2484 ΞΟ.
1096 2452 1143 2482 οὐκ
1157 2452 1243 2494 ἔχετε
1255 2451 1426 2495 ἀντιλέγειν]
1444 2453 1524 2483 idem
1540 2458 1588 2485 est
1604 2464 1640 2484 ac

926 2495 952 2525 si
969 2496 1123 2526 dixisset:
1151 2497 1199 2526 οὐκ
1223 2496 1309 2537 ἔχετε
1339 2496 1449 2530 τούτοις
1474 2497 1639 2536 ἀντιλέγειν,

925 2538 988 2569 οὔτε
1005 2540 1136 2579 φάσκειν,
1151 2540 1186 2574 ὡς
1201 2540 1250 2570 οὐκ
1264 2538 1341 2569 ἔστιν
1356 2539 1455 2571 ἀληθῆ.

969 2600 1011 2606 --
1027 2593 1096 2621 pen.
1119 2582 1213 2624 φατὲ]
1238 2583 1306 2612 scil.
1327 2584 1423 2613 τοῦτον
1445 2582 1511 2613 εῖναι
1529 2583 1576 2613 τόν
1595 2583 1640 2614 αἴ·

927 2636 993 2659 τιον,
1008 2625 1055 2655 καὶ
1070 2624 1205 2658 βούλεσθε
1221 2625 1305 2655 αὒτόν
1320 2625 1490 2666 λαμβάνειν,
1507 2627 1535 2656 h.
1552 2637 1579 2657 e.
1596 2638 1642 2656 κο-

926 2667 1032 2707 λάζειν.
1045 2669 1094 2698 vel
1111 2667 1189 2708 φατὲ
1203 2668 1348 2707 λήψεσθε,
1361 2670 1431 2699 aitis
1445 2680 1502 2699 vos
1518 2681 1584 2699 eum
1602 2670 1641 2699 ad

927 2721 1035 2750 poenas
1050 2712 1166 2742 dandas
1178 2723 1247 2742 esse
1261 2717 1458 2749 retu-acturos,
1477 2712 1524 2742 nai
1544 2711 1639 2743 ζούλε-

927 2754 995 2790 σθε,
1012 2759 1042 2784 et
1057 2755 1154 2794 parati
1171 2755 1244 2785 estis
1260 2756 1318 2785 hoc
1334 2756 1443 2786 facere.

971 2799 1022 2828 98.
1040 2799 1071 2828 3.
1096 2797 1110 2829 ἢ
1126 2799 1184 2839 νῦν]
1208 2799 1336 2829 subaudi
1351 2798 1488 2838 γίγνεται.

971 2858 1015 2864 —-
1032 2841 1080 2871 15.
1105 2841 1127 2870 εἶ
1143 2841 1223 2879 λόγον
1232 2841 1288 2882 -]
1306 2842 1451 2881 apodosis
1467 2842 1557 2879 liujus
1574 2851 1643 2871 sen-

928 2884 1032 2914 tentiae
1057 2890 1105 2914 est
1127 2884 1156 2914 in
1178 2885 1241 2915 illis
1261 2896 1293 2925 p.
1311 2888 1363 2917 99.
1379 2888 1409 2914 7.
1434 2885 1465 2914 ἂν
1479 2885 1578 2914 ταῦτα
1593 2883 1641 2914 λέ-

927 2938 1015 2966 γωσι,
1027 2925 1057 2956 τί
1073 2926 1199 2968 ἐροῦμεν;

970 2988 1013 2993 -
1031 2972 1081 3000 17.
1105 2970 1154 3000 καὶ
1176 2968 1274 3012 ἔροινθ’
1294 2971 1382 3009 ὑμᾶς·
1403 2968 1527 3010 ”Ανδξες]
1549 2970 1642 3000 malui

929 3012 975 3044 sio
989 3024 1116 3044 exarare
1137 3018 1227 3053 atque
1246 3015 1436 3054 distinguere
1451 3025 1457 3043 2
1481 3014 1530 3043 καὶ
1548 3012 1643 3054 ἔφαθ’
