<?xml version="1.0" encoding="UTF-8"?>
<!DOCTYPE html PUBLIC "-//W3C//DTD XHTML 1.0 Transitional//EN"
    "http://www.w3.org/TR/xhtml1/DTD/xhtml1-transitional.dtd">
<html xmlns="http://www.w3.org/1999/xhtml" xml:lang="en" lang="en">
 <head>
  <title>
</title>
<meta http-equiv="Content-Type" content="text/html;charset=utf-8" />
  <meta name='ocr-system' content='tesseract 3.04.00' />
  <meta name='ocr-capabilities' content='ocr_page ocr_carea ocr_par ocr_line ocrx_word'/>
</head>
<body>
  <div class='ocr_page' id='page_1' title='image "./oratoresatticie09dobs/oratoresatticie09dobs_0147.png"; bbox 0 0 1931 3322; ppageno 0'>
   <div class='ocr_carea' id='block_1_1' title="bbox 411 174 1283 245">
    <p class='ocr_par' dir='ltr' id='par_1_1' title="bbox 411 174 1283 245">
     <span class='ocr_line' id='line_1_1' title="bbox 411 174 1283 245; baseline -0.005 -23"><span class='ocrx_word' id='word_1_1' title='bbox 411 180 496 245; x_wconf 69' lang='lat' dir='ltr'>AD</span> <span class='ocrx_word' id='word_1_2' title='bbox 528 174 892 221; x_wconf 86' lang='lat' dir='ltr'><strong>ORATIONEM</strong></span> <span class='ocrx_word' id='word_1_3' title='bbox 926 174 990 217; x_wconf 83' lang='lat' dir='ltr'>IN</span> <span class='ocrx_word' id='word_1_4' title='bbox 1023 175 1283 218; x_wconf 90' lang='lat' dir='ltr'>MIDIAM.</span> 
     </span>
    </p>
   </div>
   <div class='ocr_carea' id='block_1_2' title="bbox 114 284 833 2779">
    <p class='ocr_par' dir='ltr' id='par_1_2' title="bbox 117 284 828 540">
     <span class='ocr_line' id='line_1_2' title="bbox 117 284 828 326; baseline -0.007 -8"><span class='ocrx_word' id='word_1_5' title='bbox 117 291 213 318; x_wconf 78' lang='lat' dir='ltr'>‘tatem</span> <span class='ocrx_word' id='word_1_6' title='bbox 229 291 260 318; x_wconf 86' lang='lat' dir='ltr'>et</span> <span class='ocrx_word' id='word_1_7' title='bbox 279 286 498 326; x_wconf 80' lang='lat' dir='ltr'>indulgentiam</span> <span class='ocrx_word' id='word_1_8' title='bbox 522 284 659 325; x_wconf 78' lang='lat' dir='ltr'>pietatis,</span> <span class='ocrx_word' id='word_1_9' title='bbox 681 294 749 322; x_wconf 84' lang='lat' dir='ltr'>quae</span> <span class='ocrx_word' id='word_1_10' title='bbox 775 294 828 314; x_wconf 89' lang='lat' dir='ltr'>ve-</span> 
     </span>
     <span class='ocr_line' id='line_1_3' title="bbox 120 326 827 368; baseline -0.006 -8"><span class='ocrx_word' id='word_1_11' title='bbox 120 335 215 360; x_wconf 81' lang='lat' dir='ltr'>strum</span> <span class='ocrx_word' id='word_1_12' title='bbox 232 329 395 368; x_wconf 86' lang='lat' dir='ltr'>unicuique</span> <span class='ocrx_word' id='word_1_13' title='bbox 415 329 504 364; x_wconf 86' lang='lat' dir='ltr'>inest,</span> <span class='ocrx_word' id='word_1_14' title='bbox 525 332 649 358; x_wconf 79' lang='lat' dir='ltr'><strong>tantam.</strong></span> <span class='ocrx_word' id='word_1_15' title='bbox 671 326 704 356; x_wconf 82' lang='grc' dir='ltr'><em>τό</em></span> <span class='ocrx_word' id='word_1_16' title='bbox 723 338 827 364; x_wconf 77' lang='grc' dir='ltr'><em>συγκε-</em></span> 
     </span>
     <span class='ocr_line' id='line_1_4' title="bbox 117 371 828 414; baseline -0.003 -12"><span class='ocrx_word' id='word_1_17' title='bbox 117 383 254 414; x_wconf 72' lang='grc' dir='ltr'>χωςηκος,</span> <span class='ocrx_word' id='word_1_18' title='bbox 277 377 324 403; x_wconf 86' lang='lat' dir='ltr'>est</span> <span class='ocrx_word' id='word_1_19' title='bbox 344 382 380 402; x_wconf 84' lang='lat' dir='ltr'>ea</span> <span class='ocrx_word' id='word_1_20' title='bbox 399 372 490 402; x_wconf 87' lang='lat' dir='ltr'>animi</span> <span class='ocrx_word' id='word_1_21' title='bbox 510 371 713 411; x_wconf 85' lang='lat' dir='ltr'>placabilitas,</span> <span class='ocrx_word' id='word_1_22' title='bbox 731 377 763 400; x_wconf 88' lang='lat' dir='ltr'>et</span> <span class='ocrx_word' id='word_1_23' title='bbox 784 371 828 400; x_wconf 88' lang='lat' dir='ltr'>le-</span> 
     </span>
     <span class='ocr_line' id='line_1_5' title="bbox 119 413 827 455; baseline -0.004 -10"><span class='ocrx_word' id='word_1_24' title='bbox 119 416 212 452; x_wconf 85' lang='lat' dir='ltr'>nitas,</span> <span class='ocrx_word' id='word_1_25' title='bbox 227 426 293 455; x_wconf 85' lang='lat' dir='ltr'>quae</span> <span class='ocrx_word' id='word_1_26' title='bbox 309 414 430 453; x_wconf 79' lang='lat' dir='ltr'>sopita·</span> <span class='ocrx_word' id='word_1_27' title='bbox 422 425 478 451; x_wconf 79' lang='lat' dir='ltr'>ira,</span> <span class='ocrx_word' id='word_1_28' title='bbox 498 422 550 444; x_wconf 87' lang='lat' dir='ltr'>aut</span> <span class='ocrx_word' id='word_1_29' title='bbox 569 413 764 447; x_wconf 78' lang='lat' dir='ltr'>crudelitate.</span> <span class='ocrx_word' id='word_1_30' title='bbox 785 414 827 442; x_wconf 86' lang='lat' dir='ltr'>fe-</span> 
     </span>
     <span class='ocr_line' id='line_1_6' title="bbox 118 456 828 494; baseline -0.001 -7"><span class='ocrx_word' id='word_1_31' title='bbox 118 458 258 493; x_wconf 86' lang='lat' dir='ltr'>rocitate,</span> <span class='ocrx_word' id='word_1_32' title='bbox 283 457 460 494; x_wconf 74' lang='lat' dir='ltr'>acerbitate,</span> <span class='ocrx_word' id='word_1_33' title='bbox 483 457 641 488; x_wconf 83' lang='lat' dir='ltr'>concessit</span> <span class='ocrx_word' id='word_1_34' title='bbox 664 456 763 490; x_wconf 86' lang='lat' dir='ltr'>alteri,</span> <span class='ocrx_word' id='word_1_35' title='bbox 789 457 828 486; x_wconf 87' lang='lat' dir='ltr'>de</span> 
     </span>
     <span class='ocr_line' id='line_1_7' title="bbox 120 500 783 540; baseline -0.005 -9"><span class='ocrx_word' id='word_1_36' title='bbox 120 500 239 531; x_wconf 79' lang='lat' dir='ltr'>saevitie</span> <span class='ocrx_word' id='word_1_37' title='bbox 254 510 309 530; x_wconf 86' lang='lat' dir='ltr'>sua</span> <span class='ocrx_word' id='word_1_38' title='bbox 321 501 450 536; x_wconf 81' lang='lat' dir='ltr'>remisit,</span> <span class='ocrx_word' id='word_1_39' title='bbox 466 505 556 540; x_wconf 87' lang='lat' dir='ltr'>atque</span> <span class='ocrx_word' id='word_1_40' title='bbox 572 500 710 530; x_wconf 77' lang='lat' dir='ltr'>relaxata</span> <span class='ocrx_word' id='word_1_41' title='bbox 726 504 783 528; x_wconf 83' lang='lat' dir='ltr'>est.</span> 
     </span>
    </p>

    <p class='ocr_par' dir='ltr' id='par_1_3' title="bbox 114 540 831 1099">
     <span class='ocr_line' id='line_1_8' title="bbox 161 540 829 585; baseline 0 -13"><span class='ocrx_word' id='word_1_42' title='bbox 161 561 204 567; x_wconf 90' lang='lat'>-—</span> <span class='ocrx_word' id='word_1_43' title='bbox 219 545 269 573; x_wconf 68' lang='grc' dir='ltr'>ΞΟ.</span> <span class='ocrx_word' id='word_1_44' title='bbox 293 542 407 573; x_wconf 67' lang='grc' dir='ltr'><strong>τοο-οὔτ’</strong></span> <span class='ocrx_word' id='word_1_45' title='bbox 419 543 534 585; x_wconf 65' lang='grc' dir='ltr'><strong>ἀπέχει</strong></span> <span class='ocrx_word' id='word_1_46' title='bbox 551 545 607 572; x_wconf 75' lang='grc' dir='ltr'><strong>τῶν</strong></span> <span class='ocrx_word' id='word_1_47' title='bbox 621 543 743 584; x_wconf 64' lang='grc' dir='ltr'><strong>χορηγῶν</strong></span> <span class='ocrx_word' id='word_1_48' title='bbox 758 540 829 576; x_wconf 71' lang='grc' dir='ltr'><strong>τινὸς</strong></span> 
     </span>
     <span class='ocr_line' id='line_1_9' title="bbox 119 584 829 626; baseline -0.003 -11"><span class='ocrx_word' id='word_1_49' title='bbox 119 585 277 626; x_wconf 63' lang='grc' dir='ltr'><strong>ἅψασθαι]</strong></span> <span class='ocrx_word' id='word_1_50' title='bbox 291 586 407 616; x_wconf 84' lang='lat' dir='ltr'>variant</span> <span class='ocrx_word' id='word_1_51' title='bbox 421 587 472 617; x_wconf 86' lang='lat' dir='ltr'>hic</span> <span class='ocrx_word' id='word_1_52' title='bbox 486 587 621 616; x_wconf 89' lang='lat' dir='ltr'>codices.</span> <span class='ocrx_word' id='word_1_53' title='bbox 644 586 696 615; x_wconf 87' lang='lat' dir='ltr'>alii</span> <span class='ocrx_word' id='word_1_54' title='bbox 712 584 829 614; x_wconf 69' lang='grc' dir='ltr'>τοο-σῖτ’</span> 
     </span>
     <span class='ocr_line' id='line_1_10' title="bbox 118 627 828 671; baseline -0.001 -13"><span class='ocrx_word' id='word_1_55' title='bbox 118 627 232 670; x_wconf 64' lang='grc' dir='ltr'><strong>ἀπέχει</strong></span> <span class='ocrx_word' id='word_1_56' title='bbox 248 641 298 659; x_wconf 83' lang='grc' dir='ltr'>του</span> <span class='ocrx_word' id='word_1_57' title='bbox 312 631 435 671; x_wconf 68' lang='grc' dir='ltr'><strong>χοςηγῶν</strong></span> <span class='ocrx_word' id='word_1_58' title='bbox 458 627 528 664; x_wconf 78' lang='grc' dir='ltr'><strong>τινὸς</strong></span> <span class='ocrx_word' id='word_1_59' title='bbox 545 627 601 667; x_wconf 48' lang='lat' dir='ltr'>dxl«.</span> <span class='ocrx_word' id='word_1_60' title='bbox 630 629 828 667; x_wconf 82' lang='lat' dir='ltr'>Augustanus</span> 
     </span>
     <span class='ocr_line' id='line_1_11' title="bbox 117 670 828 714; baseline -0.001 -13"><span class='ocrx_word' id='word_1_61' title='bbox 117 671 149 711; x_wconf 81' lang='lat' dir='ltr'>pl</span> <span class='ocrx_word' id='word_1_62' title='bbox 153 681 208 701; x_wconf 86' lang='lat' dir='ltr'>ane</span> <span class='ocrx_word' id='word_1_63' title='bbox 224 672 279 707; x_wconf 87' lang='lat' dir='ltr'>sic,</span> <span class='ocrx_word' id='word_1_64' title='bbox 295 673 355 703; x_wconf 87' lang='lat' dir='ltr'>nisi</span> <span class='ocrx_word' id='word_1_65' title='bbox 371 673 452 712; x_wconf 87' lang='lat' dir='ltr'>quod</span> <span class='ocrx_word' id='word_1_66' title='bbox 467 670 582 714; x_wconf 70' lang='grc' dir='ltr'><strong>χοςηγδν</strong></span> <span class='ocrx_word' id='word_1_67' title='bbox 602 672 632 702; x_wconf 85' lang='grc' dir='ltr'>ἰιι</span> <span class='ocrx_word' id='word_1_68' title='bbox 652 671 828 701; x_wconf 69' lang='lat' dir='ltr'>accusatiio</span> 
     </span>
     <span class='ocr_line' id='line_1_12' title="bbox 117 714 829 754; baseline -0.001 -10"><span class='ocrx_word' id='word_1_69' title='bbox 117 714 262 753; x_wconf 80' lang='lat' dir='ltr'>singulari</span> <span class='ocrx_word' id='word_1_70' title='bbox 278 715 341 746; x_wconf 81' lang='lat' dir='ltr'>dat.</span> <span class='ocrx_word' id='word_1_71' title='bbox 384 716 568 746; x_wconf 82' lang='lat' dir='ltr'>Sententiam</span> <span class='ocrx_word' id='word_1_72' title='bbox 585 715 688 745; x_wconf 84' lang='lat' dir='ltr'>reddit</span> <span class='ocrx_word' id='word_1_73' title='bbox 702 719 829 754; x_wconf 88' lang='lat' dir='ltr'>utraque</span> 
     </span>
     <span class='ocr_line' id='line_1_13' title="bbox 116 757 829 796; baseline -0.001 -9"><span class='ocrx_word' id='word_1_74' title='bbox 116 757 208 788; x_wconf 86' lang='lat' dir='ltr'>lectio</span> <span class='ocrx_word' id='word_1_75' title='bbox 222 768 278 796; x_wconf 90' lang='lat' dir='ltr'>per</span> <span class='ocrx_word' id='word_1_76' title='bbox 294 769 327 788; x_wconf 86' lang='lat' dir='ltr'>se</span> <span class='ocrx_word' id='word_1_77' title='bbox 342 759 463 794; x_wconf 87' lang='lat' dir='ltr'>bonam,</span> <span class='ocrx_word' id='word_1_78' title='bbox 480 759 536 789; x_wconf 85' lang='lat' dir='ltr'>sed</span> <span class='ocrx_word' id='word_1_79' title='bbox 554 759 592 788; x_wconf 89' lang='lat' dir='ltr'>ab</span> <span class='ocrx_word' id='word_1_80' title='bbox 608 759 665 788; x_wconf 87' lang='lat' dir='ltr'>hoc</span> <span class='ocrx_word' id='word_1_81' title='bbox 686 758 755 787; x_wconf 88' lang='lat' dir='ltr'>loco</span> <span class='ocrx_word' id='word_1_82' title='bbox 778 758 829 787; x_wconf 91' lang='lat' dir='ltr'>ab·</span> 
     </span>
     <span class='ocr_line' id='line_1_14' title="bbox 114 800 829 840; baseline 0 -10"><span class='ocrx_word' id='word_1_83' title='bbox 114 800 305 839; x_wconf 60' lang='lat' dir='ltr'>horrentem</span> <span class='ocrx_word' id='word_1_84' title='bbox 323 802 373 832; x_wconf 88' lang='lat' dir='ltr'>cui</span> <span class='ocrx_word' id='word_1_85' title='bbox 391 802 478 832; x_wconf 88' lang='lat' dir='ltr'>unice</span> <span class='ocrx_word' id='word_1_86' title='bbox 495 801 648 838; x_wconf 88' lang='lat' dir='ltr'>convenit,</span> <span class='ocrx_word' id='word_1_87' title='bbox 667 806 699 830; x_wconf 93' lang='lat' dir='ltr'>ut</span> <span class='ocrx_word' id='word_1_88' title='bbox 714 811 768 840; x_wconf 90' lang='lat' dir='ltr'>pro</span> <span class='ocrx_word' id='word_1_89' title='bbox 785 812 829 830; x_wconf 88' lang='grc' dir='ltr'>τι-</span> 
     </span>
     <span class='ocr_line' id='line_1_15' title="bbox 115 844 829 884; baseline 0.001 -11"><span class='ocrx_word' id='word_1_90' title='bbox 115 854 156 877; x_wconf 84' lang='grc' dir='ltr'><strong>νος</strong></span> <span class='ocrx_word' id='word_1_91' title='bbox 167 844 291 884; x_wconf 81' lang='lat' dir='ltr'>legatur</span> <span class='ocrx_word' id='word_1_92' title='bbox 305 856 349 879; x_wconf 86' lang='grc' dir='ltr'>τις</span> <span class='ocrx_word' id='word_1_93' title='bbox 361 845 392 874; x_wconf 89' lang='lat' dir='ltr'>iu</span> <span class='ocrx_word' id='word_1_94' title='bbox 407 844 605 875; x_wconf 79' lang='lat' dir='ltr'>nominativo.</span> <span class='ocrx_word' id='word_1_95' title='bbox 644 846 684 875; x_wconf 88' lang='lat' dir='ltr'>Et</span> <span class='ocrx_word' id='word_1_96' title='bbox 700 844 744 873; x_wconf 88' lang='lat' dir='ltr'>sic</span> <span class='ocrx_word' id='word_1_97' title='bbox 761 854 829 874; x_wconf 77' lang='lat' dir='ltr'>cor-</span> 
     </span>
     <span class='ocr_line' id='line_1_16' title="bbox 115 886 831 926; baseline 0.001 -10"><span class='ocrx_word' id='word_1_98' title='bbox 115 886 184 917; x_wconf 81' lang='lat' dir='ltr'>rexi</span> <span class='ocrx_word' id='word_1_99' title='bbox 199 898 268 917; x_wconf 87' lang='lat' dir='ltr'>meo</span> <span class='ocrx_word' id='word_1_100' title='bbox 276 888 405 926; x_wconf 83' lang='lat' dir='ltr'>judicio.</span> <span class='ocrx_word' id='word_1_101' title='bbox 429 888 541 919; x_wconf 81' lang='lat' dir='ltr'>Sannio</span> <span class='ocrx_word' id='word_1_102' title='bbox 556 889 666 918; x_wconf 89' lang='lat' dir='ltr'>choros</span> <span class='ocrx_word' id='word_1_103' title='bbox 683 888 782 922; x_wconf 85' lang='lat' dir='ltr'>docet,</span> <span class='ocrx_word' id='word_1_104' title='bbox 800 891 831 917; x_wconf 85' lang='lat' dir='ltr'>et</span> 
     </span>
     <span class='ocr_line' id='line_1_17' title="bbox 115 930 830 971; baseline 0.001 -12"><span class='ocrx_word' id='word_1_105' title='bbox 115 939 154 959; x_wconf 89' lang='lat' dir='ltr'>ne</span> <span class='ocrx_word' id='word_1_106' title='bbox 172 930 361 969; x_wconf 87' lang='lat' dir='ltr'>privatorum</span> <span class='ocrx_word' id='word_1_107' title='bbox 384 932 505 971; x_wconf 90' lang='lat' dir='ltr'>quidem</span> <span class='ocrx_word' id='word_1_108' title='bbox 529 931 723 961; x_wconf 86' lang='lat' dir='ltr'>inimicorum</span> <span class='ocrx_word' id='word_1_109' title='bbox 747 930 830 970; x_wconf 83' lang='lat' dir='ltr'>quis-</span> 
     </span>
     <span class='ocr_line' id='line_1_18' title="bbox 116 974 830 1014; baseline 0.001 -12"><span class='ocrx_word' id='word_1_110' title='bbox 116 983 206 1012; x_wconf 85' lang='lat' dir='ltr'>quam</span> <span class='ocrx_word' id='word_1_111' title='bbox 233 985 301 1004; x_wconf 81' lang='lat' dir='ltr'>eum</span> <span class='ocrx_word' id='word_1_112' title='bbox 326 974 356 1004; x_wconf 89' lang='lat' dir='ltr'>in</span> <span class='ocrx_word' id='word_1_113' title='bbox 382 985 419 1004; x_wconf 91' lang='lat' dir='ltr'>ea</span> <span class='ocrx_word' id='word_1_114' title='bbox 438 986 478 1014; x_wconf 20' lang='lat' dir='ltr'>‘re</span> <span class='ocrx_word' id='word_1_115' title='bbox 502 974 643 1014; x_wconf 83' lang='lat' dir='ltr'>impedit,</span> <span class='ocrx_word' id='word_1_116' title='bbox 665 974 775 1004; x_wconf 80' lang='lat' dir='ltr'>nedum</span> <span class='ocrx_word' id='word_1_117' title='bbox 798 977 830 1003; x_wconf 92' lang='lat' dir='ltr'>ut</span> 
     </span>
     <span class='ocr_line' id='line_1_19' title="bbox 117 1016 830 1057; baseline 0 -11"><span class='ocrx_word' id='word_1_118' title='bbox 117 1016 269 1056; x_wconf 84' lang='lat' dir='ltr'>oboregus</span> <span class='ocrx_word' id='word_1_119' title='bbox 289 1017 452 1057; x_wconf 88' lang='lat' dir='ltr'>quisquam</span> <span class='ocrx_word' id='word_1_120' title='bbox 466 1028 535 1047; x_wconf 89' lang='lat' dir='ltr'>eum</span> <span class='ocrx_word' id='word_1_121' title='bbox 554 1018 583 1047; x_wconf 85' lang='lat' dir='ltr'>vi</span> <span class='ocrx_word' id='word_1_122' title='bbox 603 1022 634 1047; x_wconf 89' lang='lat' dir='ltr'>et</span> <span class='ocrx_word' id='word_1_123' title='bbox 650 1027 738 1046; x_wconf 88' lang='lat' dir='ltr'>manu</span> <span class='ocrx_word' id='word_1_124' title='bbox 755 1016 830 1046; x_wconf 85' lang='lat' dir='ltr'>iufe-</span> 
     </span>
     <span class='ocr_line' id='line_1_20' title="bbox 117 1059 816 1099; baseline 0 -10"><span class='ocrx_word' id='word_1_125' title='bbox 117 1064 164 1090; x_wconf 87' lang='lat' dir='ltr'>sta</span> <span class='ocrx_word' id='word_1_126' title='bbox 180 1065 295 1099; x_wconf 82' lang='lat' dir='ltr'>tangat,</span> <span class='ocrx_word' id='word_1_127' title='bbox 307 1060 336 1090; x_wconf 84' lang='lat' dir='ltr'>h.</span> <span class='ocrx_word' id='word_1_128' title='bbox 351 1071 380 1090; x_wconf 86' lang='lat' dir='ltr'>e.</span> <span class='ocrx_word' id='word_1_129' title='bbox 399 1060 503 1091; x_wconf 84' lang='lat' dir='ltr'>violet.</span> <span class='ocrx_word' id='word_1_130' title='bbox 521 1060 702 1090; x_wconf 84' lang='lat' dir='ltr'>subauditur</span> <span class='ocrx_word' id='word_1_131' title='bbox 716 1059 816 1090; x_wconf 74' lang='grc' dir='ltr'><strong>αὐτοῦ.</strong></span> 
     </span>
    </p>

    <p class='ocr_par' dir='ltr' id='par_1_4' title="bbox 114 1102 831 1962">
     <span class='ocr_line' id='line_1_21' title="bbox 160 1102 830 1143; baseline -0.003 -10"><span class='ocrx_word' id='word_1_132' title='bbox 160 1103 236 1133; x_wconf 82' lang='lat'>534.</span> <span class='ocrx_word' id='word_1_133' title='bbox 251 1105 282 1133; x_wconf 88' lang='grc'>6.</span> <span class='ocrx_word' id='word_1_134' title='bbox 305 1102 424 1143; x_wconf 77' lang='grc' dir='ltr'><strong>ταύτὸν]</strong></span> <span class='ocrx_word' id='word_1_135' title='bbox 445 1114 550 1143; x_wconf 84' lang='lat' dir='ltr'>parum</span> <span class='ocrx_word' id='word_1_136' title='bbox 565 1104 672 1137; x_wconf 76' lang='lat' dir='ltr'>abfuit,</span> <span class='ocrx_word' id='word_1_137' title='bbox 689 1102 761 1141; x_wconf 88' lang='lat' dir='ltr'>quin</span> <span class='ocrx_word' id='word_1_138' title='bbox 776 1103 830 1132; x_wconf 91' lang='lat' dir='ltr'>de-</span> 
     </span>
     <span class='ocr_line' id='line_1_22' title="bbox 116 1145 829 1185; baseline 0 -10"><span class='ocrx_word' id='word_1_139' title='bbox 116 1145 223 1182; x_wconf 83' lang='lat' dir='ltr'>lerem,</span> <span class='ocrx_word' id='word_1_140' title='bbox 239 1146 278 1175; x_wconf 85' lang='lat' dir='ltr'>ad</span> <span class='ocrx_word' id='word_1_141' title='bbox 300 1147 477 1185; x_wconf 88' lang='lat' dir='ltr'>exemplum</span> <span class='ocrx_word' id='word_1_142' title='bbox 496 1146 659 1176; x_wconf 89' lang='lat' dir='ltr'>multorum</span> <span class='ocrx_word' id='word_1_143' title='bbox 677 1145 829 1181; x_wconf 80' lang='lat' dir='ltr'>codicum,</span> 
     </span>
     <span class='ocr_line' id='line_1_23' title="bbox 117 1188 829 1227; baseline 0.003 -10"><span class='ocrx_word' id='word_1_144' title='bbox 117 1198 136 1217; x_wconf 85' lang='lat' dir='ltr'>a</span> <span class='ocrx_word' id='word_1_145' title='bbox 150 1189 262 1227; x_wconf 88' lang='lat' dir='ltr'>quibus</span> <span class='ocrx_word' id='word_1_146' title='bbox 276 1189 376 1225; x_wconf 78' lang='lat' dir='ltr'>abest,</span> <span class='ocrx_word' id='word_1_147' title='bbox 390 1188 499 1219; x_wconf 88' lang='lat' dir='ltr'>inutile</span> <span class='ocrx_word' id='word_1_148' title='bbox 512 1199 582 1219; x_wconf 87' lang='lat' dir='ltr'>sane</span> <span class='ocrx_word' id='word_1_149' title='bbox 595 1193 626 1219; x_wconf 89' lang='lat' dir='ltr'>et</span> <span class='ocrx_word' id='word_1_150' title='bbox 638 1188 762 1218; x_wconf 87' lang='lat' dir='ltr'>noxium</span> <span class='ocrx_word' id='word_1_151' title='bbox 776 1189 829 1219; x_wconf 89' lang='lat' dir='ltr'>ad-</span> 
     </span>
     <span class='ocr_line' id='line_1_24' title="bbox 115 1230 830 1267; baseline 0.001 -7"><span class='ocrx_word' id='word_1_152' title='bbox 115 1230 330 1267; x_wconf 87' lang='lat' dir='ltr'>ditamentum,</span> <span class='ocrx_word' id='word_1_153' title='bbox 346 1232 434 1262; x_wconf 84' lang='lat' dir='ltr'>uncis</span> <span class='ocrx_word' id='word_1_154' title='bbox 448 1236 549 1262; x_wconf 87' lang='lat' dir='ltr'>tamen</span> <span class='ocrx_word' id='word_1_155' title='bbox 565 1232 689 1262; x_wconf 86' lang='lat' dir='ltr'>inclusi.</span> <span class='ocrx_word' id='word_1_156' title='bbox 710 1241 830 1261; x_wconf 86' lang='lat' dir='ltr'>verum-</span> 
     </span>
     <span class='ocr_line' id='line_1_25' title="bbox 117 1275 829 1315; baseline 0.001 -11"><span class='ocrx_word' id='word_1_157' title='bbox 117 1278 217 1304; x_wconf 82' lang='lat' dir='ltr'>tamen</span> <span class='ocrx_word' id='word_1_158' title='bbox 232 1276 382 1314; x_wconf 83' lang='lat' dir='ltr'>repressit</span> <span class='ocrx_word' id='word_1_159' title='bbox 393 1286 440 1305; x_wconf 86' lang='lat' dir='ltr'>me</span> <span class='ocrx_word' id='word_1_160' title='bbox 454 1276 519 1305; x_wconf 80' lang='lat' dir='ltr'>haec</span> <span class='ocrx_word' id='word_1_161' title='bbox 531 1275 682 1315; x_wconf 89' lang='lat' dir='ltr'>suspicio,</span> <span class='ocrx_word' id='word_1_162' title='bbox 694 1275 789 1305; x_wconf 82' lang='lat' dir='ltr'>latere</span> <span class='ocrx_word' id='word_1_163' title='bbox 799 1275 829 1304; x_wconf 90' lang='lat' dir='ltr'>in</span> 
     </span>
     <span class='ocr_line' id='line_1_26' title="bbox 114 1317 830 1360; baseline 0.001 -13"><span class='ocrx_word' id='word_1_164' title='bbox 114 1317 175 1347; x_wconf 88' lang='lat' dir='ltr'>isto</span> <span class='ocrx_word' id='word_1_165' title='bbox 192 1318 340 1353; x_wconf 82' lang='lat' dir='ltr'>vocabulo</span> <span class='ocrx_word' id='word_1_166' title='bbox 356 1317 403 1349; x_wconf 75' lang='grc' dir='ltr'><strong>τᾶν</strong></span> <span class='ocrx_word' id='word_1_167' title='bbox 417 1319 510 1348; x_wconf 78' lang='grc' dir='ltr'><strong>αὐτῶν</strong></span> <span class='ocrx_word' id='word_1_168' title='bbox 523 1318 612 1360; x_wconf 78' lang='grc' dir='ltr'><strong>χορόν.</strong></span> <span class='ocrx_word' id='word_1_169' title='bbox 635 1329 741 1348; x_wconf 91' lang='lat' dir='ltr'>eorum</span> <span class='ocrx_word' id='word_1_170' title='bbox 757 1319 830 1348; x_wconf 88' lang='lat' dir='ltr'>cho-</span> 
     </span>
     <span class='ocr_line' id='line_1_27' title="bbox 115 1361 829 1401; baseline 0.001 -11"><span class='ocrx_word' id='word_1_171' title='bbox 115 1369 270 1400; x_wconf 81' lang='lat' dir='ltr'>regorum,</span> <span class='ocrx_word' id='word_1_172' title='bbox 293 1361 347 1400; x_wconf 87' lang='lat' dir='ltr'>qui</span> <span class='ocrx_word' id='word_1_173' title='bbox 362 1366 497 1401; x_wconf 85' lang='lat' dir='ltr'>sperent,</span> <span class='ocrx_word' id='word_1_174' title='bbox 514 1362 639 1392; x_wconf 88' lang='lat' dir='ltr'>chorum</span> <span class='ocrx_word' id='word_1_175' title='bbox 656 1372 749 1392; x_wconf 77' lang='lat' dir='ltr'>suum¹</span> <span class='ocrx_word' id='word_1_176' title='bbox 760 1372 829 1391; x_wconf 87' lang='lat' dir='ltr'>cum</span> 
     </span>
     <span class='ocr_line' id='line_1_28' title="bbox 117 1403 831 1441; baseline 0.003 -9"><span class='ocrx_word' id='word_1_177' title='bbox 117 1403 249 1434; x_wconf 86' lang='lat' dir='ltr'>victoria</span> <span class='ocrx_word' id='word_1_178' title='bbox 273 1415 342 1434; x_wconf 82' lang='lat' dir='ltr'>esse</span> <span class='ocrx_word' id='word_1_179' title='bbox 366 1405 585 1441; x_wconf 82' lang='lat' dir='ltr'>discessurum,</span> <span class='ocrx_word' id='word_1_180' title='bbox 608 1405 668 1434; x_wconf 89' lang='lat' dir='ltr'>uisi</span> <span class='ocrx_word' id='word_1_181' title='bbox 688 1405 756 1441; x_wconf 87' lang='lat' dir='ltr'>ille,</span> <span class='ocrx_word' id='word_1_182' title='bbox 781 1405 831 1434; x_wconf 89' lang='lat' dir='ltr'>vel</span> 
     </span>
     <span class='ocr_line' id='line_1_29' title="bbox 115 1445 829 1487; baseline 0.001 -11"><span class='ocrx_word' id='word_1_183' title='bbox 115 1445 169 1477; x_wconf 85' lang='lat' dir='ltr'>ille</span> <span class='ocrx_word' id='word_1_184' title='bbox 181 1447 377 1478; x_wconf 85' lang='lat' dir='ltr'>adversarius</span> <span class='ocrx_word' id='word_1_185' title='bbox 389 1449 504 1484; x_wconf 80' lang='lat' dir='ltr'>obstet,</span> <span class='ocrx_word' id='word_1_186' title='bbox 513 1449 565 1487; x_wconf 89' lang='lat' dir='ltr'>qui</span> <span class='ocrx_word' id='word_1_187' title='bbox 578 1449 617 1478; x_wconf 84' lang='lat' dir='ltr'>de</span> <span class='ocrx_word' id='word_1_188' title='bbox 628 1448 731 1478; x_wconf 87' lang='lat' dir='ltr'>medio</span> <span class='ocrx_word' id='word_1_189' title='bbox 743 1448 829 1487; x_wconf 88' lang='lat' dir='ltr'>prius</span> 
     </span>
     <span class='ocr_line' id='line_1_30' title="bbox 115 1489 830 1530; baseline 0.001 -11"><span class='ocrx_word' id='word_1_190' title='bbox 115 1489 157 1520; x_wconf 89' lang='lat' dir='ltr'>sit</span> <span class='ocrx_word' id='word_1_191' title='bbox 172 1490 336 1521; x_wconf 87' lang='lat' dir='ltr'>tollendus.</span> <span class='ocrx_word' id='word_1_192' title='bbox 380 1491 454 1522; x_wconf 91' lang='lat' dir='ltr'>Pari</span> <span class='ocrx_word' id='word_1_193' title='bbox 475 1492 566 1521; x_wconf 90' lang='lat' dir='ltr'>modo</span> <span class='ocrx_word' id='word_1_194' title='bbox 581 1491 707 1523; x_wconf 85' lang='lat' dir='ltr'>Jurinus</span> <span class='ocrx_word' id='word_1_195' title='bbox 729 1491 830 1530; x_wconf 82' lang='lat' dir='ltr'>suspi-</span> 
     </span>
     <span class='ocr_line' id='line_1_31' title="bbox 116 1533 829 1574; baseline 0.001 -11"><span class='ocrx_word' id='word_1_196' title='bbox 116 1537 204 1563; x_wconf 81' lang='lat' dir='ltr'>catus</span> <span class='ocrx_word' id='word_1_197' title='bbox 227 1538 274 1563; x_wconf 89' lang='lat' dir='ltr'>est</span> <span class='ocrx_word' id='word_1_198' title='bbox 298 1533 330 1563; x_wconf 92' lang='lat' dir='ltr'>in</span> <span class='ocrx_word' id='word_1_199' title='bbox 352 1534 455 1564; x_wconf 80' lang='grc' dir='ltr'><strong>ταύτὸν</strong></span> <span class='ocrx_word' id='word_1_200' title='bbox 477 1535 573 1565; x_wconf 90' lang='lat' dir='ltr'>latere</span> <span class='ocrx_word' id='word_1_201' title='bbox 596 1534 722 1569; x_wconf 78' lang='grc' dir='ltr'><strong>ἑαυτούς.</strong></span> <span class='ocrx_word' id='word_1_202' title='bbox 748 1535 829 1574; x_wconf 89' lang='lat' dir='ltr'>quod</span> 
     </span>
     <span class='ocr_line' id='line_1_32' title="bbox 116 1576 829 1618; baseline 0.003 -12"><span class='ocrx_word' id='word_1_203' title='bbox 116 1576 224 1606; x_wconf 85' lang='lat' dir='ltr'>eodem</span> <span class='ocrx_word' id='word_1_204' title='bbox 240 1577 330 1607; x_wconf 88' lang='lat' dir='ltr'>redit.</span> <span class='ocrx_word' id='word_1_205' title='bbox 346 1578 492 1608; x_wconf 89' lang='lat' dir='ltr'>dictionis</span> <span class='ocrx_word' id='word_1_206' title='bbox 504 1579 591 1618; x_wconf 66' lang='lat' dir='ltr'>wag&amp;</span> <span class='ocrx_word' id='word_1_207' title='bbox 602 1578 686 1607; x_wconf 76' lang='grc' dir='ltr'><strong>τοῦτο</strong></span> <span class='ocrx_word' id='word_1_208' title='bbox 702 1578 766 1607; x_wconf 77' lang='lat' dir='ltr'>haec</span> <span class='ocrx_word' id='word_1_209' title='bbox 783 1577 829 1608; x_wconf 89' lang='lat' dir='ltr'>vis</span> 
     </span>
     <span class='ocr_line' id='line_1_33' title="bbox 117 1619 830 1657; baseline 0.003 -8"><span class='ocrx_word' id='word_1_210' title='bbox 117 1623 181 1650; x_wconf 86' lang='lat' dir='ltr'>est:</span> <span class='ocrx_word' id='word_1_211' title='bbox 205 1619 240 1650; x_wconf 92' lang='lat' dir='ltr'>Si</span> <span class='ocrx_word' id='word_1_212' title='bbox 255 1620 314 1650; x_wconf 89' lang='lat' dir='ltr'>hoc</span> <span class='ocrx_word' id='word_1_213' title='bbox 326 1621 374 1651; x_wconf 87' lang='lat' dir='ltr'>vel</span> <span class='ocrx_word' id='word_1_214' title='bbox 384 1620 458 1651; x_wconf 87' lang='lat' dir='ltr'>illud</span> <span class='ocrx_word' id='word_1_215' title='bbox 472 1621 596 1657; x_wconf 86' lang='lat' dir='ltr'>feceris,</span> <span class='ocrx_word' id='word_1_216' title='bbox 606 1621 706 1650; x_wconf 88' lang='lat' dir='ltr'>victor</span> <span class='ocrx_word' id='word_1_217' title='bbox 717 1621 830 1657; x_wconf 86' lang='lat' dir='ltr'>abibis,</span> 
     </span>
     <span class='ocr_line' id='line_1_34' title="bbox 117 1662 830 1714; baseline 0.001 -22"><span class='ocrx_word' id='word_1_218' title='bbox 117 1662 166 1693; x_wconf 88' lang='lat' dir='ltr'>sin</span> <span class='ocrx_word' id='word_1_219' title='bbox 190 1663 344 1699; x_wconf 82' lang='lat' dir='ltr'>omiseris,</span> <span class='ocrx_word' id='word_1_220' title='bbox 368 1664 482 1694; x_wconf 89' lang='lat' dir='ltr'>victus.</span> <span class='ocrx_word' id='word_1_221' title='bbox 504 1668 609 1704; x_wconf 85' lang='lat' dir='ltr'>potest</span> <span class='ocrx_word' id='word_1_222' title='bbox 633 1664 711 1694; x_wconf 88' lang='lat' dir='ltr'>illud</span> <span class='ocrx_word' id='word_1_223' title='bbox 735 1665 830 1714; x_wconf 66' lang='grc' dir='ltr'><strong>τοῦτο,</strong></span> 
     </span>
     <span class='ocr_line' id='line_1_35' title="bbox 115 1707 830 1759; baseline 0.001 -23"><span class='ocrx_word' id='word_1_224' title='bbox 115 1717 174 1746; x_wconf 86' lang='lat' dir='ltr'>pro</span> <span class='ocrx_word' id='word_1_225' title='bbox 189 1716 223 1736; x_wconf 85' lang='lat' dir='ltr'>re</span> <span class='ocrx_word' id='word_1_226' title='bbox 234 1711 314 1743; x_wconf 84' lang='lat' dir='ltr'>nata,</span> <span class='ocrx_word' id='word_1_227' title='bbox 329 1707 425 1738; x_wconf 89' lang='lat' dir='ltr'>multa</span> <span class='ocrx_word' id='word_1_228' title='bbox 436 1711 467 1759; x_wconf 80' lang='lat' dir='ltr'>et</span> <span class='ocrx_word' id='word_1_229' title='bbox 479 1718 625 1747; x_wconf 84' lang='lat' dir='ltr'>perquam</span> <span class='ocrx_word' id='word_1_230' title='bbox 636 1708 721 1737; x_wconf 80' lang='lat' dir='ltr'>varia</span> <span class='ocrx_word' id='word_1_231' title='bbox 737 1708 830 1747; x_wconf 85' lang='lat' dir='ltr'>signi-</span> 
     </span>
     <span class='ocr_line' id='line_1_36' title="bbox 117 1793 831 1833; baseline 0.003 -11"><span class='ocrx_word' id='word_1_232' title='bbox 117 1803 173 1822; x_wconf 89' lang='lat' dir='ltr'>cus</span> <span class='ocrx_word' id='word_1_233' title='bbox 189 1793 246 1823; x_wconf 78' lang='lat' dir='ltr'>hoe</span> <span class='ocrx_word' id='word_1_234' title='bbox 261 1798 342 1823; x_wconf 90' lang='lat' dir='ltr'>esset</span> <span class='ocrx_word' id='word_1_235' title='bbox 357 1794 442 1824; x_wconf 84' lang='lat' dir='ltr'>chori</span> <span class='ocrx_word' id='word_1_236' title='bbox 463 1794 610 1833; x_wconf 84' lang='lat' dir='ltr'>magistro</span> <span class='ocrx_word' id='word_1_237' title='bbox 631 1804 717 1830; x_wconf 81' lang='lat' dir='ltr'>usuS,</span> <span class='ocrx_word' id='word_1_238' title='bbox 737 1794 831 1824; x_wconf 84' lang='lat' dir='ltr'>vicis-</span> 
     </span>
     <span class='ocr_line' id='line_1_37' title="bbox 118 1836 831 1876; baseline 0.006 -11"><span class='ocrx_word' id='word_1_239' title='bbox 118 1845 193 1865; x_wconf 85' lang='lat' dir='ltr'>sem.</span> <span class='ocrx_word' id='word_1_240' title='bbox 216 1841 285 1865; x_wconf 86' lang='lat' dir='ltr'>aut:</span> <span class='ocrx_word' id='word_1_241' title='bbox 309 1836 337 1867; x_wconf 93' lang='lat' dir='ltr'>si</span> <span class='ocrx_word' id='word_1_242' title='bbox 360 1847 419 1876; x_wconf 84' lang='lat' dir='ltr'>ego</span> <span class='ocrx_word' id='word_1_243' title='bbox 439 1837 523 1867; x_wconf 87' lang='lat' dir='ltr'>illum</span> <span class='ocrx_word' id='word_1_244' title='bbox 543 1837 629 1868; x_wconf 83' lang='lat' dir='ltr'>chori</span> <span class='ocrx_word' id='word_1_245' title='bbox 652 1838 831 1876; x_wconf 83' lang='lat' dir='ltr'>magistrum</span> 
     </span>
     <span class='ocr_line' id='line_1_38' title="bbox 117 1881 831 1915; baseline 0.004 -7"><span class='ocrx_word' id='word_1_246' title='bbox 117 1889 326 1915; x_wconf 86' lang='lat' dir='ltr'>summovero,</span> <span class='ocrx_word' id='word_1_247' title='bbox 345 1886 400 1911; x_wconf 86' lang='lat' dir='ltr'>aut</span> <span class='ocrx_word' id='word_1_248' title='bbox 422 1881 458 1910; x_wconf 89' lang='lat' dir='ltr'>ad</span> <span class='ocrx_word' id='word_1_249' title='bbox 481 1881 605 1911; x_wconf 87' lang='lat' dir='ltr'>chorum</span> <span class='ocrx_word' id='word_1_250' title='bbox 629 1891 729 1910; x_wconf 87' lang='lat' dir='ltr'>meum</span> <span class='ocrx_word' id='word_1_251' title='bbox 751 1886 831 1911; x_wconf 86' lang='lat' dir='ltr'>tran-</span> 
     </span>
     <span class='ocr_line' id='line_1_39' title="bbox 119 1921 722 1962; baseline 0.003 -11"><span class='ocrx_word' id='word_1_252' title='bbox 119 1921 248 1956; x_wconf 82' lang='lat' dir='ltr'>stulero,</span> <span class='ocrx_word' id='word_1_253' title='bbox 260 1928 326 1952; x_wconf 57' lang='lat' dir='ltr'>tum</span> <span class='ocrx_word' id='word_1_254' title='bbox 341 1934 398 1962; x_wconf 89' lang='lat' dir='ltr'>ego</span> <span class='ocrx_word' id='word_1_255' title='bbox 415 1924 543 1953; x_wconf 89' lang='lat' dir='ltr'>vincam.</span> <span class='ocrx_word' id='word_1_256' title='bbox 560 1929 590 1953; x_wconf 86' lang='lat' dir='ltr'>et</span> <span class='ocrx_word' id='word_1_257' title='bbox 600 1923 722 1953; x_wconf 73' lang='lat' dir='ltr'>similia,</span> 
     </span>
    </p>

    <p class='ocr_par' dir='ltr' id='par_1_5' title="bbox 118 1964 832 2137">
     <span class='ocr_line' id='line_1_40' title="bbox 159 1964 832 2007; baseline 0.001 -13"><span class='ocrx_word' id='word_1_258' title='bbox 159 1981 205 1986; x_wconf 92' lang='lat'>-—</span> <span class='ocrx_word' id='word_1_259' title='bbox 223 1967 274 1995; x_wconf 80' lang='lat'>14.</span> <span class='ocrx_word' id='word_1_260' title='bbox 303 1964 344 1995; x_wconf 79' lang='grc' dir='ltr'><strong>δ’τι</strong></span> <span class='ocrx_word' id='word_1_261' title='bbox 375 1965 433 2007; x_wconf 72' lang='grc' dir='ltr'>τᾷῐ]</span> <span class='ocrx_word' id='word_1_262' title='bbox 464 1967 618 2005; x_wconf 81' lang='lat' dir='ltr'>posterius</span> <span class='ocrx_word' id='word_1_263' title='bbox 649 1965 832 1996; x_wconf 87' lang='lat' dir='ltr'>vocabulum</span> 
     </span>
     <span class='ocr_line' id='line_1_41' title="bbox 119 2007 832 2047; baseline 0.004 -11"><span class='ocrx_word' id='word_1_264' title='bbox 119 2007 177 2037; x_wconf 83' lang='lat' dir='ltr'>feci</span> <span class='ocrx_word' id='word_1_265' title='bbox 202 2007 404 2047; x_wconf 83' lang='lat' dir='ltr'>encliticum,</span> <span class='ocrx_word' id='word_1_266' title='bbox 410 2010 512 2039; x_wconf 88' lang='lat' dir='ltr'>demto</span> <span class='ocrx_word' id='word_1_267' title='bbox 537 2009 748 2039; x_wconf 85' lang='lat' dir='ltr'>circumflexo.</span> <span class='ocrx_word' id='word_1_268' title='bbox 777 2010 832 2039; x_wconf 88' lang='lat' dir='ltr'>sed</span> 
     </span>
     <span class='ocr_line' id='line_1_42' title="bbox 118 2050 830 2093; baseline 0.004 -14"><span class='ocrx_word' id='word_1_269' title='bbox 118 2055 216 2080; x_wconf 87' lang='lat' dir='ltr'>restat</span> <span class='ocrx_word' id='word_1_270' title='bbox 233 2051 358 2091; x_wconf 81' lang='lat' dir='ltr'>gravius</span> <span class='ocrx_word' id='word_1_271' title='bbox 373 2052 494 2083; x_wconf 88' lang='lat' dir='ltr'>vitium.</span> <span class='ocrx_word' id='word_1_272' title='bbox 513 2063 567 2093; x_wconf 86' lang='lat' dir='ltr'>pro</span> <span class='ocrx_word' id='word_1_273' title='bbox 582 2050 626 2083; x_wconf 75' lang='grc' dir='ltr'><strong>δ’τι</strong></span> <span class='ocrx_word' id='word_1_274' title='bbox 642 2064 684 2092; x_wconf 73' lang='grc' dir='ltr'>τῳ</span> <span class='ocrx_word' id='word_1_275' title='bbox 699 2050 754 2092; x_wconf 79' lang='grc' dir='ltr'>δ’τῳ</span> <span class='ocrx_word' id='word_1_276' title='bbox 768 2052 830 2093; x_wconf 85' lang='lat' dir='ltr'>leg.</span> 
     </span>
     <span class='ocr_line' id='line_1_43' title="bbox 120 2092 764 2137; baseline 0.006 -15"><span class='ocrx_word' id='word_1_277' title='bbox 120 2092 255 2130; x_wconf 84' lang='lat' dir='ltr'>videtur,</span> <span class='ocrx_word' id='word_1_278' title='bbox 272 2100 323 2125; x_wconf 81' lang='lat' dir='ltr'>aut</span> <span class='ocrx_word' id='word_1_279' title='bbox 339 2094 365 2125; x_wconf 74' lang='grc' dir='ltr'>εἴ</span> <span class='ocrx_word' id='word_1_280' title='bbox 376 2107 416 2125; x_wconf 79' lang='grc' dir='ltr'>τοι</span> <span class='ocrx_word' id='word_1_281' title='bbox 431 2097 492 2131; x_wconf 79' lang='lat' dir='ltr'>cui,</span> <span class='ocrx_word' id='word_1_282' title='bbox 507 2100 560 2126; x_wconf 91' lang='lat' dir='ltr'>aut</span> <span class='ocrx_word' id='word_1_283' title='bbox 573 2096 597 2125; x_wconf 85' lang='lat' dir='ltr'>si</span> <span class='ocrx_word' id='word_1_284' title='bbox 611 2097 660 2126; x_wconf 81' lang='lat' dir='ltr'>cui</span> <span class='ocrx_word' id='word_1_285' title='bbox 674 2095 764 2137; x_wconf 84' lang='lat' dir='ltr'>(sic).</span> 
     </span>
    </p>

    <p class='ocr_par' dir='ltr' id='par_1_6' title="bbox 117 2134 832 2480">
     <span class='ocr_line' id='line_1_44' title="bbox 163 2134 830 2180; baseline 0.003 -13"><span class='ocrx_word' id='word_1_286' title='bbox 163 2138 238 2168; x_wconf 78' lang='lat'>535.</span> <span class='ocrx_word' id='word_1_287' title='bbox 254 2134 285 2167; x_wconf 89' lang='grc'>8.</span> <span class='ocrx_word' id='word_1_288' title='bbox 301 2138 424 2180; x_wconf 74' lang='grc' dir='ltr'><strong>ταύτην]</strong></span> <span class='ocrx_word' id='word_1_289' title='bbox 441 2139 562 2169; x_wconf 83' lang='lat' dir='ltr'>correxi</span> <span class='ocrx_word' id='word_1_290' title='bbox 576 2138 681 2180; x_wconf 71' lang='grc' dir='ltr'><strong>ταύτῃ</strong></span> <span class='ocrx_word' id='word_1_291' title='bbox 703 2139 830 2179; x_wconf 88' lang='lat' dir='ltr'>dignum</span> 
     </span>
     <span class='ocr_line' id='line_1_45' title="bbox 118 2181 831 2221; baseline 0.006 -13"><span class='ocrx_word' id='word_1_292' title='bbox 118 2189 173 2209; x_wconf 90' lang='lat' dir='ltr'>sua</span> <span class='ocrx_word' id='word_1_293' title='bbox 193 2190 326 2219; x_wconf 86' lang='lat' dir='ltr'>persona</span> <span class='ocrx_word' id='word_1_294' title='bbox 347 2183 502 2217; x_wconf 90' lang='lat' dir='ltr'>censebat,</span> <span class='ocrx_word' id='word_1_295' title='bbox 521 2193 555 2212; x_wconf 86' lang='lat' dir='ltr'>se</span> <span class='ocrx_word' id='word_1_296' title='bbox 574 2181 649 2221; x_wconf 84' lang='lat' dir='ltr'>pati,</span> <span class='ocrx_word' id='word_1_297' title='bbox 666 2186 701 2212; x_wconf 84' lang='lat' dir='ltr'>ut</span> <span class='ocrx_word' id='word_1_298' title='bbox 721 2182 831 2213; x_wconf 88' lang='lat' dir='ltr'>civitas</span> 
     </span>
     <span class='ocr_line' id='line_1_46' title="bbox 118 2222 831 2266; baseline 0.004 -14"><span class='ocrx_word' id='word_1_299' title='bbox 118 2222 193 2252; x_wconf 85' lang='lat' dir='ltr'>talia</span> <span class='ocrx_word' id='word_1_300' title='bbox 204 2223 336 2264; x_wconf 73' lang='lat' dir='ltr'>faceret5</span> <span class='ocrx_word' id='word_1_301' title='bbox 352 2225 420 2255; x_wconf 91' lang='lat' dir='ltr'>scil.</span> <span class='ocrx_word' id='word_1_302' title='bbox 437 2224 471 2255; x_wconf 77' lang='grc' dir='ltr'>τὸ</span> <span class='ocrx_word' id='word_1_303' title='bbox 485 2227 640 2266; x_wconf 76' lang='grc' dir='ltr'><strong>στεφανουν</strong></span> <span class='ocrx_word' id='word_1_304' title='bbox 652 2237 718 2260; x_wconf 78' lang='grc' dir='ltr'><strong>τους</strong></span> <span class='ocrx_word' id='word_1_305' title='bbox 729 2226 831 2256; x_wconf 75' lang='grc' dir='ltr'><strong>ἑαυτοῦ</strong></span> 
     </span>
     <span class='ocr_line' id='line_1_47' title="bbox 117 2263 831 2310; baseline 0.006 -15"><span class='ocrx_word' id='word_1_306' title='bbox 117 2263 262 2307; x_wconf 68' lang='grc' dir='ltr'>ἔχθροὺς”</span> <span class='ocrx_word' id='word_1_307' title='bbox 249 2278 342 2303; x_wconf 78' lang='grc' dir='ltr'><strong>οντας,</strong></span> <span class='ocrx_word' id='word_1_308' title='bbox 357 2268 499 2299; x_wconf 84' lang='lat' dir='ltr'>inimicus</span> <span class='ocrx_word' id='word_1_309' title='bbox 511 2268 571 2299; x_wconf 87' lang='lat' dir='ltr'>sibi</span> <span class='ocrx_word' id='word_1_310' title='bbox 586 2267 766 2310; x_wconf 72' lang='lat' dir='ltr'>(iphicrati)</span> <span class='ocrx_word' id='word_1_311' title='bbox 779 2270 831 2299; x_wconf 87' lang='lat' dir='ltr'>ho-</span> 
     </span>
     <span class='ocr_line' id='line_1_48' title="bbox 117 2310 829 2351; baseline 0.006 -13"><span class='ocrx_word' id='word_1_312' title='bbox 117 2310 216 2340; x_wconf 85' lang='lat' dir='ltr'>mines</span> <span class='ocrx_word' id='word_1_313' title='bbox 231 2315 352 2342; x_wconf 85' lang='lat' dir='ltr'>ornaret</span> <span class='ocrx_word' id='word_1_314' title='bbox 367 2311 490 2342; x_wconf 88' lang='lat' dir='ltr'>coronis</span> <span class='ocrx_word' id='word_1_315' title='bbox 505 2312 635 2351; x_wconf 87' lang='lat' dir='ltr'>aliisque</span> <span class='ocrx_word' id='word_1_316' title='bbox 651 2312 829 2343; x_wconf 85' lang='lat' dir='ltr'>honoribus.</span> 
     </span>
     <span class='ocr_line' id='line_1_49' title="bbox 119 2351 832 2396; baseline 0.007 -15"><span class='ocrx_word' id='word_1_317' title='bbox 119 2351 150 2381; x_wconf 90' lang='lat' dir='ltr'>in</span> <span class='ocrx_word' id='word_1_318' title='bbox 161 2354 202 2383; x_wconf 71' lang='grc' dir='ltr'>τὲ</span> <span class='ocrx_word' id='word_1_319' title='bbox 217 2355 340 2384; x_wconf 75' lang='grc' dir='ltr'><strong>τοιαῦτα.</strong></span> <span class='ocrx_word' id='word_1_320' title='bbox 352 2355 536 2385; x_wconf 86' lang='lat' dir='ltr'>subauditur</span> <span class='ocrx_word' id='word_1_321' title='bbox 551 2355 565 2385; x_wconf 78' lang='grc' dir='ltr'>δ</span> <span class='ocrx_word' id='word_1_322' title='bbox 566 2355 651 2396; x_wconf 76' lang='grc' dir='ltr'><strong>ρώση,</strong></span> <span class='ocrx_word' id='word_1_323' title='bbox 666 2355 741 2385; x_wconf 87' lang='lat' dir='ltr'>vel&#39;</span> <span class='ocrx_word' id='word_1_324' title='bbox 732 2366 832 2387; x_wconf 77' lang='grc' dir='ltr'><strong>επιτη-</strong></span> 
     </span>
     <span class='ocr_line' id='line_1_50' title="bbox 117 2394 832 2441; baseline 0.008 -17"><span class='ocrx_word' id='word_1_325' title='bbox 117 2394 240 2436; x_wconf 57' lang='lat' dir='ltr'>&amp;vobo-p,</span> <span class='ocrx_word' id='word_1_326' title='bbox 259 2397 309 2428; x_wconf 80' lang='lat' dir='ltr'>vel</span> <span class='ocrx_word' id='word_1_327' title='bbox 330 2397 567 2441; x_wconf 78' lang='grc' dir='ltr'><strong>φιλοτιμουμένῃ,</strong></span> <span class='ocrx_word' id='word_1_328' title='bbox 593 2399 642 2428; x_wconf 89' lang='lat' dir='ltr'>vel</span> <span class='ocrx_word' id='word_1_329' title='bbox 667 2398 832 2441; x_wconf 56' lang='grc' dir='ltr'><strong>δωρουμένη,</strong></span> 
     </span>
     <span class='ocr_line' id='line_1_51' title="bbox 118 2439 346 2480; baseline 0.014 -13"><span class='ocrx_word' id='word_1_330' title='bbox 118 2439 168 2468; x_wconf 86' lang='lat' dir='ltr'>vel</span> <span class='ocrx_word' id='word_1_331' title='bbox 186 2439 245 2469; x_wconf 82' lang='lat' dir='ltr'>tale</span> <span class='ocrx_word' id='word_1_332' title='bbox 260 2440 346 2480; x_wconf 89' lang='lat' dir='ltr'>quid.</span> 
     </span>
    </p>

    <p class='ocr_par' dir='ltr' id='par_1_7' title="bbox 117 2482 832 2562">
     <span class='ocr_line' id='line_1_52' title="bbox 161 2482 832 2526; baseline 0.003 -13"><span class='ocrx_word' id='word_1_333' title='bbox 161 2499 203 2504; x_wconf 89' lang='lat'>—-</span> <span class='ocrx_word' id='word_1_334' title='bbox 216 2484 247 2514; x_wconf 88' lang='lat'>9.</span> <span class='ocrx_word' id='word_1_335' title='bbox 262 2482 425 2526; x_wconf 79' lang='grc' dir='ltr'><strong>Κολωνηθεν]</strong></span> <span class='ocrx_word' id='word_1_336' title='bbox 437 2484 560 2515; x_wconf 80' lang='lat' dir='ltr'>videtur</span> <span class='ocrx_word' id='word_1_337' title='bbox 573 2485 760 2525; x_wconf 84' lang='lat' dir='ltr'>Harpocrat.</span> <span class='ocrx_word' id='word_1_338' title='bbox 770 2485 800 2515; x_wconf 89' lang='lat' dir='ltr'>h.</span> <span class='ocrx_word' id='word_1_339' title='bbox 810 2485 832 2517; x_wconf 92' lang='lat' dir='ltr'>l.</span> 
     </span>
     <span class='ocr_line' id='line_1_53' title="bbox 117 2524 441 2562; baseline 0.01 -8"><span class='ocrx_word' id='word_1_340' title='bbox 117 2524 213 2555; x_wconf 83' lang='lat' dir='ltr'>citare</span> <span class='ocrx_word' id='word_1_341' title='bbox 230 2537 258 2555; x_wconf 87' lang='lat' dir='ltr'>v.</span> <span class='ocrx_word' id='word_1_342' title='bbox 275 2527 441 2562; x_wconf 77' lang='grc' dir='ltr'><strong>Κολωνίτας.</strong></span> 
     </span>
    </p>

    <p class='ocr_par' dir='ltr' id='par_1_8' title="bbox 115 2568 833 2698">
     <span class='ocr_line' id='line_1_54' title="bbox 159 2568 833 2611; baseline 0.003 -13"><span class='ocrx_word' id='word_1_343' title='bbox 159 2586 204 2591; x_wconf 89' lang='lat'>——</span> <span class='ocrx_word' id='word_1_344' title='bbox 220 2572 271 2600; x_wconf 89' lang='lat'>11.</span> <span class='ocrx_word' id='word_1_345' title='bbox 293 2568 396 2611; x_wconf 67' lang='lat' dir='ltr'>aglo-av]</span> <span class='ocrx_word' id='word_1_346' title='bbox 419 2581 479 2601; x_wconf 87' lang='lat' dir='ltr'>vox</span> <span class='ocrx_word' id='word_1_347' title='bbox 498 2570 564 2600; x_wconf 84' lang='lat' dir='ltr'>haec</span> <span class='ocrx_word' id='word_1_348' title='bbox 579 2570 653 2601; x_wconf 88' lang='lat' dir='ltr'>mihi</span> <span class='ocrx_word' id='word_1_349' title='bbox 671 2570 833 2601; x_wconf 85' lang='lat' dir='ltr'>vehemen-</span> 
     </span>
     <span class='ocr_line' id='line_1_55' title="bbox 117 2612 832 2654; baseline 0.004 -13"><span class='ocrx_word' id='word_1_350' title='bbox 117 2615 164 2642; x_wconf 87' lang='lat' dir='ltr'>ter</span> <span class='ocrx_word' id='word_1_351' title='bbox 179 2612 218 2642; x_wconf 84' lang='lat' dir='ltr'>de</span> <span class='ocrx_word' id='word_1_352' title='bbox 234 2613 351 2643; x_wconf 85' lang='lat' dir='ltr'>scholio</span> <span class='ocrx_word' id='word_1_353' title='bbox 366 2619 510 2654; x_wconf 81' lang='lat' dir='ltr'>suspecta</span> <span class='ocrx_word' id='word_1_354' title='bbox 526 2618 585 2644; x_wconf 84' lang='lat' dir='ltr'>est.</span> <span class='ocrx_word' id='word_1_355' title='bbox 609 2613 651 2645; x_wconf 88' lang='lat' dir='ltr'>nil</span> <span class='ocrx_word' id='word_1_356' title='bbox 667 2618 765 2644; x_wconf 89' lang='lat' dir='ltr'>tamen</span> <span class='ocrx_word' id='word_1_357' title='bbox 780 2625 832 2644; x_wconf 92' lang='lat' dir='ltr'>au-</span> 
     </span>
     <span class='ocr_line' id='line_1_56' title="bbox 115 2664 405 2698; baseline 0.007 -13"><span class='ocrx_word' id='word_1_358' title='bbox 115 2664 176 2698; x_wconf 67' lang='grc' dir='ltr'>ιειιιι</span> <span class='ocrx_word' id='word_1_359' title='bbox 190 2665 405 2694; x_wconf 73' lang='lat' dir='ltr'>pronunciare.</span> 
     </span>
    </p>

    <p class='ocr_par' dir='ltr' id='par_1_9' title="bbox 117 2699 830 2779">
     <span class='ocr_line' id='line_1_57' title="bbox 159 2699 830 2741; baseline 0.003 -13"><span class='ocrx_word' id='word_1_360' title='bbox 159 2715 203 2721; x_wconf 82' lang='lat'>·—-</span> <span class='ocrx_word' id='word_1_361' title='bbox 229 2702 280 2730; x_wconf 76' lang='lat'>12.</span> <span class='ocrx_word' id='word_1_362' title='bbox 309 2699 375 2741; x_wconf 74' lang='grc' dir='ltr'>καὶ]</span> <span class='ocrx_word' id='word_1_363' title='bbox 406 2700 495 2731; x_wconf 87' lang='lat' dir='ltr'>uncis</span> <span class='ocrx_word' id='word_1_364' title='bbox 521 2699 642 2730; x_wconf 85' lang='lat' dir='ltr'>inclusi.</span> <span class='ocrx_word' id='word_1_365' title='bbox 668 2699 830 2730; x_wconf 88' lang='lat' dir='ltr'>delendum</span> 
     </span>
     <span class='ocr_line' id='line_1_58' title="bbox 117 2741 830 2779; baseline 0.003 -8"><span class='ocrx_word' id='word_1_366' title='bbox 117 2741 198 2771; x_wconf 90' lang='lat' dir='ltr'>enim</span> <span class='ocrx_word' id='word_1_367' title='bbox 218 2742 351 2779; x_wconf 89' lang='lat' dir='ltr'>videtur,</span> <span class='ocrx_word' id='word_1_368' title='bbox 367 2744 441 2774; x_wconf 89' lang='lat' dir='ltr'>item</span> <span class='ocrx_word' id='word_1_369' title='bbox 459 2754 488 2773; x_wconf 85' lang='lat' dir='ltr'>v.</span> <span class='ocrx_word' id='word_1_370' title='bbox 506 2745 556 2774; x_wconf 83' lang='lat'>13.</span> <span class='ocrx_word' id='word_1_371' title='bbox 580 2744 629 2773; x_wconf 77' lang='grc' dir='ltr'>καὶ</span> <span class='ocrx_word' id='word_1_372' title='bbox 652 2744 830 2773; x_wconf 80' lang='lat' dir='ltr'>secundum.</span> 
     </span>
    </p>
   </div>
   <div class='ocr_carea' id='block_1_3' title="bbox 1496 173 1575 216">
    <p class='ocr_par' dir='ltr' id='par_1_10' title="bbox 1496 173 1575 216">
     <span class='ocr_line' id='line_1_59' title="bbox 1496 173 1575 216; baseline -0.025 0"><span class='ocrx_word' id='word_1_373' title='bbox 1496 173 1575 216; x_wconf 84' lang='lat'>135</span> 
     </span>
    </p>
   </div>
   <div class='ocr_carea' id='block_1_4' title="bbox 861 282 1586 2784">
    <p class='ocr_par' dir='ltr' id='par_1_11' title="bbox 861 282 1577 364">
     <span class='ocr_line' id='line_1_60' title="bbox 903 282 1577 323; baseline -0.003 -10"><span class='ocrx_word' id='word_1_374' title='bbox 903 299 947 306; x_wconf 87' lang='lat'>--</span> <span class='ocrx_word' id='word_1_375' title='bbox 963 285 1015 319; x_wconf 68' lang='lat'>20.</span> <span class='ocrx_word' id='word_1_376' title='bbox 1041 282 1120 323; x_wconf 74' lang='grc' dir='ltr'><strong>οῖδα]</strong></span> <span class='ocrx_word' id='word_1_377' title='bbox 1145 284 1171 312; x_wconf 87' lang='grc' dir='ltr'>5ἱ</span> <span class='ocrx_word' id='word_1_378' title='bbox 1187 284 1263 313; x_wconf 86' lang='lat' dir='ltr'>bene</span> <span class='ocrx_word' id='word_1_379' title='bbox 1278 283 1381 319; x_wconf 79' lang='lat' dir='ltr'>habet,</span> <span class='ocrx_word' id='word_1_380' title='bbox 1397 286 1577 322; x_wconf 80' lang='lat' dir='ltr'>usurpatum</span> 
     </span>
     <span class='ocr_line' id='line_1_61' title="bbox 861 323 1316 364; baseline -0.002 -8"><span class='ocrx_word' id='word_1_381' title='bbox 861 330 909 356; x_wconf 86' lang='lat' dir='ltr'>est</span> <span class='ocrx_word' id='word_1_382' title='bbox 925 335 980 364; x_wconf 88' lang='lat' dir='ltr'>pro</span> <span class='ocrx_word' id='word_1_383' title='bbox 996 323 1026 354; x_wconf 69' lang='grc' dir='ltr'>εὖ</span> <span class='ocrx_word' id='word_1_384' title='bbox 1040 324 1114 360; x_wconf 73' lang='grc' dir='ltr'><strong>οῖδα,</strong></span> <span class='ocrx_word' id='word_1_385' title='bbox 1131 331 1227 355; x_wconf 82' lang='lat' dir='ltr'>certus</span> <span class='ocrx_word' id='word_1_386' title='bbox 1242 336 1316 355; x_wconf 84' lang='lat' dir='ltr'>sum.</span> 
     </span>
    </p>

    <p class='ocr_par' dir='ltr' id='par_1_12' title="bbox 861 367 1580 707">
     <span class='ocr_line' id='line_1_62' title="bbox 903 367 1578 408; baseline 0 -11"><span class='ocrx_word' id='word_1_387' title='bbox 903 386 946 392; x_wconf 91' lang='lat'>--</span> <span class='ocrx_word' id='word_1_388' title='bbox 961 368 1040 397; x_wconf 88' lang='lat' dir='ltr'>ibid.</span> <span class='ocrx_word' id='word_1_389' title='bbox 1062 367 1209 408; x_wconf 68' lang='grc' dir='ltr'><strong>ωξότερον,</strong></span> <span class='ocrx_word' id='word_1_390' title='bbox 1224 369 1294 408; x_wconf 73' lang='grc' dir='ltr'><strong>τῶν]</strong></span> <span class='ocrx_word' id='word_1_391' title='bbox 1318 368 1419 398; x_wconf 84' lang='lat' dir='ltr'>malim</span> <span class='ocrx_word' id='word_1_392' title='bbox 1436 376 1578 407; x_wconf 83' lang='lat' dir='ltr'>transpo-</span> 
     </span>
     <span class='ocr_line' id='line_1_63' title="bbox 862 410 1577 449; baseline -0.001 -8"><span class='ocrx_word' id='word_1_393' title='bbox 862 411 931 441; x_wconf 87' lang='lat' dir='ltr'>sitis</span> <span class='ocrx_word' id='word_1_394' title='bbox 947 411 1105 440; x_wconf 76' lang='lat' dir='ltr'>vocabulis</span> <span class='ocrx_word' id='word_1_395' title='bbox 1121 414 1176 440; x_wconf 79' lang='grc' dir='ltr'><strong>τῶν</strong></span> <span class='ocrx_word' id='word_1_396' title='bbox 1197 411 1335 449; x_wconf 71' lang='grc' dir='ltr'><strong>πςότεξον.</strong></span> <span class='ocrx_word' id='word_1_397' title='bbox 1380 410 1577 440; x_wconf 80' lang='lat' dir='ltr'>Constructio</span> 
     </span>
     <span class='ocr_line' id='line_1_64' title="bbox 861 451 1579 493; baseline -0.001 -9"><span class='ocrx_word' id='word_1_398' title='bbox 861 455 926 484; x_wconf 89' lang='lat' dir='ltr'>haec</span> <span class='ocrx_word' id='word_1_399' title='bbox 943 459 1007 484; x_wconf 82' lang='lat' dir='ltr'>est:</span> <span class='ocrx_word' id='word_1_400' title='bbox 1032 453 1104 489; x_wconf 71' lang='grc' dir='ltr'><strong>οῖδα,</strong></span> <span class='ocrx_word' id='word_1_401' title='bbox 1131 455 1180 483; x_wconf 87' lang='lat' dir='ltr'>vel</span> <span class='ocrx_word' id='word_1_402' title='bbox 1203 451 1231 482; x_wconf 71' lang='grc' dir='ltr'>εὖ</span> <span class='ocrx_word' id='word_1_403' title='bbox 1253 452 1325 489; x_wconf 74' lang='grc' dir='ltr'><strong>οῖδα,</strong></span> <span class='ocrx_word' id='word_1_404' title='bbox 1347 451 1389 482; x_wconf 75' lang='grc' dir='ltr'><strong>δ’τι</strong></span> <span class='ocrx_word' id='word_1_405' title='bbox 1405 454 1486 488; x_wconf 66' lang='grc' dir='ltr'>οὐδεὶς</span> <span class='ocrx_word' id='word_1_406' title='bbox 1501 455 1579 493; x_wconf 74' lang='grc' dir='ltr'><strong>ὑμῶν</strong></span> 
     </span>
     <span class='ocr_line' id='line_1_65' title="bbox 861 495 1576 537; baseline 0 -11"><span class='ocrx_word' id='word_1_407' title='bbox 861 495 945 527; x_wconf 79' lang='grc' dir='ltr'><strong>ἐκεῖνο</strong></span> <span class='ocrx_word' id='word_1_408' title='bbox 965 498 1021 528; x_wconf 76' lang='grc' dir='ltr'><strong>τῶν</strong></span> <span class='ocrx_word' id='word_1_409' title='bbox 1042 496 1168 537; x_wconf 58' lang='grc' dir='ltr'><strong>πρότερον</strong></span> <span class='ocrx_word' id='word_1_410' title='bbox 1189 495 1360 536; x_wconf 80' lang='grc' dir='ltr'><strong>μνημονεύει.</strong></span> <span class='ocrx_word' id='word_1_411' title='bbox 1386 501 1486 525; x_wconf 85' lang='lat' dir='ltr'>certus</span> <span class='ocrx_word' id='word_1_412' title='bbox 1510 508 1576 526; x_wconf 81' lang='lat' dir='ltr'>sum</span> 
     </span>
     <span class='ocr_line' id='line_1_66' title="bbox 862 539 1579 571; baseline 0 -1"><span class='ocrx_word' id='word_1_413' title='bbox 862 546 995 571; x_wconf 86' lang='lat' dir='ltr'>vestrum</span> <span class='ocrx_word' id='word_1_414' title='bbox 1012 540 1161 570; x_wconf 86' lang='lat' dir='ltr'>neminem</span> <span class='ocrx_word' id='word_1_415' title='bbox 1182 540 1241 569; x_wconf 84' lang='lat' dir='ltr'>hnc</span> <span class='ocrx_word' id='word_1_416' title='bbox 1265 539 1439 569; x_wconf 84' lang='lat' dir='ltr'>meminisse</span> <span class='ocrx_word' id='word_1_417' title='bbox 1464 539 1579 569; x_wconf 84' lang='lat' dir='ltr'>facinus</span> 
     </span>
     <span class='ocr_line' id='line_1_67' title="bbox 863 581 1577 622; baseline -0.001 -9"><span class='ocrx_word' id='word_1_418' title='bbox 863 585 1040 622; x_wconf 86' lang='lat' dir='ltr'>cujusquam</span> <span class='ocrx_word' id='word_1_419' title='bbox 1060 588 1212 613; x_wconf 83' lang='lat' dir='ltr'>veterum:</span> <span class='ocrx_word' id='word_1_420' title='bbox 1234 581 1408 622; x_wconf 86' lang='lat' dir='ltr'>quodnam?</span> <span class='ocrx_word' id='word_1_421' title='bbox 1432 581 1491 610; x_wconf 83' lang='lat' dir='ltr'>hoc</span> <span class='ocrx_word' id='word_1_422' title='bbox 1509 583 1577 612; x_wconf 83' lang='lat' dir='ltr'>scil.</span> 
     </span>
     <span class='ocr_line' id='line_1_68' title="bbox 863 624 1580 666; baseline -0.004 -10"><span class='ocrx_word' id='word_1_423' title='bbox 863 637 1044 666; x_wconf 84' lang='lat' dir='ltr'>quemquam</span> <span class='ocrx_word' id='word_1_424' title='bbox 1068 632 1216 662; x_wconf 76' lang='lat' dir='ltr'>veterum,</span> <span class='ocrx_word' id='word_1_425' title='bbox 1238 625 1289 665; x_wconf 91' lang='lat' dir='ltr'>qui</span> <span class='ocrx_word' id='word_1_426' title='bbox 1312 624 1391 655; x_wconf 86' lang='lat' dir='ltr'>inter</span> <span class='ocrx_word' id='word_1_427' title='bbox 1414 635 1447 654; x_wconf 90' lang='lat' dir='ltr'>se</span> <span class='ocrx_word' id='word_1_428' title='bbox 1472 625 1580 654; x_wconf 87' lang='lat' dir='ltr'>simul-</span> 
     </span>
     <span class='ocr_line' id='line_1_69' title="bbox 862 667 1531 707; baseline -0.004 -8"><span class='ocrx_word' id='word_1_429' title='bbox 862 674 941 700; x_wconf 85' lang='lat' dir='ltr'>tates</span> <span class='ocrx_word' id='word_1_430' title='bbox 957 669 1179 705; x_wconf 84' lang='lat' dir='ltr'>exercuissent,</span> <span class='ocrx_word' id='word_1_431' title='bbox 1197 669 1353 699; x_wconf 82' lang='lat' dir='ltr'>adstitisse</span> <span class='ocrx_word' id='word_1_432' title='bbox 1363 667 1531 707; x_wconf 57' lang='lat' dir='ltr'>judicibus</span> 
     </span>
    </p>

    <p class='ocr_par' dir='ltr' id='par_1_13' title="bbox 863 711 1581 959">
     <span class='ocr_line' id='line_1_70' title="bbox 906 711 1579 753; baseline -0.007 -9"><span class='ocrx_word' id='word_1_433' title='bbox 906 730 951 736; x_wconf 84' lang='lat'>-—-</span> <span class='ocrx_word' id='word_1_434' title='bbox 966 715 1018 744; x_wconf 73' lang='lat'>23.</span> <span class='ocrx_word' id='word_1_435' title='bbox 1045 711 1220 753; x_wconf 71' lang='grc' dir='ltr'><strong>ἔξοςκοῧντοι]</strong></span> <span class='ocrx_word' id='word_1_436' title='bbox 1252 712 1302 742; x_wconf 88' lang='lat' dir='ltr'>hic</span> <span class='ocrx_word' id='word_1_437' title='bbox 1330 716 1388 746; x_wconf 88' lang='lat' dir='ltr'>est,</span> <span class='ocrx_word' id='word_1_438' title='bbox 1415 711 1521 747; x_wconf 72' lang='lat' dir='ltr'>verba,</span> <span class='ocrx_word' id='word_1_439' title='bbox 1549 711 1579 740; x_wconf 89' lang='lat' dir='ltr'>in</span> 
     </span>
     <span class='ocr_line' id='line_1_71' title="bbox 863 754 1580 795; baseline -0.004 -9"><span class='ocrx_word' id='word_1_440' title='bbox 863 757 1089 795; x_wconf 83' lang='lat' dir='ltr'>quaejurarent,</span> <span class='ocrx_word' id='word_1_441' title='bbox 1100 760 1295 795; x_wconf 82' lang='lat' dir='ltr'>praeeuntem.</span> <span class='ocrx_word' id='word_1_442' title='bbox 1312 755 1360 784; x_wconf 91' lang='lat' dir='ltr'>vel</span> <span class='ocrx_word' id='word_1_443' title='bbox 1370 754 1461 784; x_wconf 81' lang='lat' dir='ltr'>etiarn</span> <span class='ocrx_word' id='word_1_444' title='bbox 1475 759 1580 793; x_wconf 85' lang='lat' dir='ltr'>potest</span> 
     </span>
     <span class='ocr_line' id='line_1_72' title="bbox 863 797 1580 838; baseline -0.004 -9"><span class='ocrx_word' id='word_1_445' title='bbox 863 800 959 838; x_wconf 83' lang='lat' dir='ltr'>accipi</span> <span class='ocrx_word' id='word_1_446' title='bbox 986 809 1042 838; x_wconf 84' lang='lat' dir='ltr'>pro</span> <span class='ocrx_word' id='word_1_447' title='bbox 1063 804 1279 838; x_wconf 84' lang='lat' dir='ltr'>resecrantem,</span> <span class='ocrx_word' id='word_1_448' title='bbox 1302 797 1580 838; x_wconf 82' lang='lat' dir='ltr'>protestationibus</span> 
     </span>
     <span class='ocr_line' id='line_1_73' title="bbox 863 841 1581 880; baseline -0.004 -8"><span class='ocrx_word' id='word_1_449' title='bbox 863 848 895 872; x_wconf 83' lang='lat' dir='ltr'>et</span> <span class='ocrx_word' id='word_1_450' title='bbox 910 841 1158 873; x_wconf 84' lang='lat' dir='ltr'>oblocutionibus</span> <span class='ocrx_word' id='word_1_451' title='bbox 1174 842 1236 872; x_wconf 88' lang='lat' dir='ltr'>suis</span> <span class='ocrx_word' id='word_1_452' title='bbox 1247 842 1461 880; x_wconf 79' lang='lat' dir='ltr'>jusjurandum</span> <span class='ocrx_word' id='word_1_453' title='bbox 1481 841 1519 870; x_wconf 83' lang='lat' dir='ltr'>ab</span> <span class='ocrx_word' id='word_1_454' title='bbox 1535 841 1581 869; x_wconf 85' lang='lat' dir='ltr'>al-</span> 
     </span>
     <span class='ocr_line' id='line_1_74' title="bbox 864 884 1581 925; baseline -0.003 -10"><span class='ocrx_word' id='word_1_455' title='bbox 864 890 929 916; x_wconf 81' lang='lat' dir='ltr'>tero</span> <span class='ocrx_word' id='word_1_456' title='bbox 943 886 1114 925; x_wconf 85' lang='lat' dir='ltr'>praestitum</span> <span class='ocrx_word' id='word_1_457' title='bbox 1135 896 1192 925; x_wconf 85' lang='lat' dir='ltr'>pro</span> <span class='ocrx_word' id='word_1_458' title='bbox 1211 885 1308 920; x_wconf 85' lang='lat' dir='ltr'>irrito,</span> <span class='ocrx_word' id='word_1_459' title='bbox 1330 884 1410 914; x_wconf 85' lang='lat' dir='ltr'>haud</span> <span class='ocrx_word' id='word_1_460' title='bbox 1426 884 1521 920; x_wconf 86' lang='lat' dir='ltr'>dicto,</span> <span class='ocrx_word' id='word_1_461' title='bbox 1537 884 1581 913; x_wconf 88' lang='lat' dir='ltr'>nil</span> 
     </span>
     <span class='ocr_line' id='line_1_75' title="bbox 865 929 1246 959; baseline -0.003 -1"><span class='ocrx_word' id='word_1_462' title='bbox 865 929 1017 959; x_wconf 82' lang='lat' dir='ltr'>vinciente</span> <span class='ocrx_word' id='word_1_463' title='bbox 1033 929 1246 959; x_wconf 85' lang='lat' dir='ltr'>declarantem.</span> 
     </span>
    </p>

    <p class='ocr_par' dir='ltr' id='par_1_14' title="bbox 863 969 1580 1051">
     <span class='ocr_line' id='line_1_76' title="bbox 906 969 1580 1013; baseline -0.004 -11"><span class='ocrx_word' id='word_1_464' title='bbox 906 972 980 1002; x_wconf 80' lang='lat'>536.</span> <span class='ocrx_word' id='word_1_465' title='bbox 996 975 1026 1003; x_wconf 83' lang='lat'>3.</span> <span class='ocrx_word' id='word_1_466' title='bbox 1051 972 1177 1013; x_wconf 65' lang='grc' dir='ltr'>θρασὺς]</span> <span class='ocrx_word' id='word_1_467' title='bbox 1196 971 1298 1001; x_wconf 79' lang='lat' dir='ltr'>malim</span> <span class='ocrx_word' id='word_1_468' title='bbox 1315 969 1387 1002; x_wconf 78' lang='grc' dir='ltr'><strong>οὕτω</strong></span> <span class='ocrx_word' id='word_1_469' title='bbox 1401 969 1521 1012; x_wconf 68' lang='grc' dir='ltr'><strong>θρασύς.</strong></span> <span class='ocrx_word' id='word_1_470' title='bbox 1536 971 1580 1000; x_wconf 82' lang='lat' dir='ltr'>ita</span> 
     </span>
     <span class='ocr_line' id='line_1_77' title="bbox 863 1015 1163 1051; baseline 0.003 -7"><span class='ocrx_word' id='word_1_471' title='bbox 863 1015 974 1051; x_wconf 70' lang='lat' dir='ltr'>audax,</span> <span class='ocrx_word' id='word_1_472' title='bbox 990 1022 1025 1045; x_wconf 81' lang='lat' dir='ltr'>ut</span> <span class='ocrx_word' id='word_1_473' title='bbox 1041 1015 1163 1045; x_wconf 82' lang='lat' dir='ltr'>Midias.</span> 
     </span>
    </p>

    <p class='ocr_par' dir='ltr' id='par_1_15' title="bbox 863 1056 1581 1226">
     <span class='ocr_line' id='line_1_78' title="bbox 876 1056 1580 1098; baseline -0.004 -9"><span class='ocrx_word' id='word_1_474' title='bbox 876 1092 879 1093; x_wconf 42' lang='lat'>.</span> <span class='ocrx_word' id='word_1_475' title='bbox 906 1075 950 1080; x_wconf 98' lang='lat'><strong>—</strong></span> <span class='ocrx_word' id='word_1_476' title='bbox 964 1061 1017 1089; x_wconf 73' lang='lat'>24.</span> <span class='ocrx_word' id='word_1_477' title='bbox 1040 1056 1098 1088; x_wconf 72' lang='grc' dir='ltr'>οὐδὲ</span> <span class='ocrx_word' id='word_1_478' title='bbox 1113 1057 1196 1098; x_wconf 67' lang='grc' dir='ltr'><strong>τότε]</strong></span> <span class='ocrx_word' id='word_1_479' title='bbox 1220 1067 1256 1088; x_wconf 78' lang='lat' dir='ltr'>ne</span> <span class='ocrx_word' id='word_1_480' title='bbox 1272 1062 1342 1087; x_wconf 79' lang='lat' dir='ltr'>tunc</span> <span class='ocrx_word' id='word_1_481' title='bbox 1357 1057 1486 1097; x_wconf 82' lang='lat' dir='ltr'>quidem,</span> <span class='ocrx_word' id='word_1_482' title='bbox 1502 1056 1580 1086; x_wconf 87' lang='lat' dir='ltr'>licu-</span> 
     </span>
     <span class='ocr_line' id='line_1_79' title="bbox 863 1100 1581 1140; baseline -0.001 -10"><span class='ocrx_word' id='word_1_483' title='bbox 863 1101 938 1130; x_wconf 87' lang='lat' dir='ltr'>isset</span> <span class='ocrx_word' id='word_1_484' title='bbox 957 1100 985 1130; x_wconf 88' lang='lat' dir='ltr'>ei</span> <span class='ocrx_word' id='word_1_485' title='bbox 1005 1106 1088 1130; x_wconf 88' lang='lat' dir='ltr'>tanta</span> <span class='ocrx_word' id='word_1_486' title='bbox 1103 1101 1335 1140; x_wconf 82' lang='lat' dir='ltr'>importunitate</span> <span class='ocrx_word' id='word_1_487' title='bbox 1350 1101 1381 1130; x_wconf 91' lang='lat' dir='ltr'>in</span> <span class='ocrx_word' id='word_1_488' title='bbox 1395 1110 1443 1130; x_wconf 91' lang='lat' dir='ltr'>me</span> <span class='ocrx_word' id='word_1_489' title='bbox 1460 1100 1581 1136; x_wconf 84' lang='lat' dir='ltr'>saevire,</span> 
     </span>
     <span class='ocr_line' id='line_1_80' title="bbox 864 1143 1581 1182; baseline -0.001 -9"><span class='ocrx_word' id='word_1_490' title='bbox 864 1144 985 1174; x_wconf 88' lang='lat' dir='ltr'>etiamsi</span> <span class='ocrx_word' id='word_1_491' title='bbox 1002 1145 1130 1174; x_wconf 82' lang='lat' dir='ltr'>honesta</span> <span class='ocrx_word' id='word_1_492' title='bbox 1145 1144 1200 1174; x_wconf 86' lang='lat' dir='ltr'>illa</span> <span class='ocrx_word' id='word_1_493' title='bbox 1219 1143 1366 1182; x_wconf 88' lang='lat' dir='ltr'>civilique</span> <span class='ocrx_word' id='word_1_494' title='bbox 1383 1143 1500 1173; x_wconf 87' lang='lat' dir='ltr'>ratione</span> <span class='ocrx_word' id='word_1_495' title='bbox 1517 1153 1581 1173; x_wconf 87' lang='lat' dir='ltr'>me-</span> 
     </span>
     <span class='ocr_line' id='line_1_81' title="bbox 864 1186 1450 1226; baseline -0.002 -10"><span class='ocrx_word' id='word_1_496' title='bbox 864 1197 930 1217; x_wconf 87' lang='lat' dir='ltr'>cum</span> <span class='ocrx_word' id='word_1_497' title='bbox 946 1187 1165 1223; x_wconf 78' lang='lat' dir='ltr'>contendisset,</span> <span class='ocrx_word' id='word_1_498' title='bbox 1181 1197 1270 1226; x_wconf 90' lang='lat' dir='ltr'>quam</span> <span class='ocrx_word' id='word_1_499' title='bbox 1287 1186 1450 1216; x_wconf 85' lang='lat' dir='ltr'>devitavit.</span> 
     </span>
    </p>

    <p class='ocr_par' dir='ltr' id='par_1_16' title="bbox 861 1228 1581 1573">
     <span class='ocr_line' id='line_1_82' title="bbox 906 1228 1581 1270; baseline -0.001 -10"><span class='ocrx_word' id='word_1_500' title='bbox 906 1248 949 1253; x_wconf 90' lang='lat'>——</span> <span class='ocrx_word' id='word_1_501' title='bbox 964 1241 1034 1270; x_wconf 85' lang='lat' dir='ltr'>pen.</span> <span class='ocrx_word' id='word_1_502' title='bbox 1056 1230 1158 1270; x_wconf 75' lang='grc' dir='ltr'><strong>μανίαν</strong></span> <span class='ocrx_word' id='word_1_503' title='bbox 1170 1248 1211 1252; x_wconf 91' lang='lat'>——</span> <span class='ocrx_word' id='word_1_504' title='bbox 1226 1228 1410 1270; x_wconf 77' lang='grc' dir='ltr'><strong>φιλοτιμίαν]</strong></span> <span class='ocrx_word' id='word_1_505' title='bbox 1427 1230 1457 1259; x_wconf 90' lang='lat' dir='ltr'>in</span> <span class='ocrx_word' id='word_1_506' title='bbox 1476 1230 1581 1268; x_wconf 85' lang='lat' dir='ltr'>Augu-</span> 
     </span>
     <span class='ocr_line' id='line_1_83' title="bbox 865 1271 1581 1314; baseline -0.003 -11"><span class='ocrx_word' id='word_1_507' title='bbox 865 1278 952 1303; x_wconf 82' lang='lat' dir='ltr'>stano</span> <span class='ocrx_word' id='word_1_508' title='bbox 978 1278 1025 1304; x_wconf 87' lang='lat' dir='ltr'>est</span> <span class='ocrx_word' id='word_1_509' title='bbox 1051 1273 1151 1314; x_wconf 73' lang='grc' dir='ltr'><strong>μανίᾳ,</strong></span> <span class='ocrx_word' id='word_1_510' title='bbox 1172 1271 1338 1313; x_wconf 71' lang='grc' dir='ltr'><strong>φιλοτιμίᾳ.</strong></span> <span class='ocrx_word' id='word_1_511' title='bbox 1372 1272 1497 1311; x_wconf 89' lang='lat' dir='ltr'>perinde</span> <span class='ocrx_word' id='word_1_512' title='bbox 1521 1277 1581 1307; x_wconf 83' lang='lat' dir='ltr'>est,</span> 
     </span>
     <span class='ocr_line' id='line_1_84' title="bbox 863 1315 1579 1356; baseline -0.004 -9"><span class='ocrx_word' id='word_1_513' title='bbox 863 1323 931 1347; x_wconf 86' lang='lat' dir='ltr'>utro</span> <span class='ocrx_word' id='word_1_514' title='bbox 953 1317 1045 1347; x_wconf 84' lang='lat' dir='ltr'>modo</span> <span class='ocrx_word' id='word_1_515' title='bbox 1067 1317 1162 1356; x_wconf 86' lang='lat' dir='ltr'>legas.</span> <span class='ocrx_word' id='word_1_516' title='bbox 1186 1317 1224 1346; x_wconf 87' lang='lat' dir='ltr'>ad</span> <span class='ocrx_word' id='word_1_517' title='bbox 1247 1315 1451 1346; x_wconf 83' lang='lat' dir='ltr'>accusativum</span> <span class='ocrx_word' id='word_1_518' title='bbox 1470 1316 1579 1345; x_wconf 81' lang='lat' dir='ltr'>subau-</span> 
     </span>
     <span class='ocr_line' id='line_1_85' title="bbox 863 1357 1580 1398; baseline -0.003 -8"><span class='ocrx_word' id='word_1_519' title='bbox 863 1360 946 1390; x_wconf 88' lang='lat' dir='ltr'>ditur</span> <span class='ocrx_word' id='word_1_520' title='bbox 969 1361 1065 1390; x_wconf 78' lang='grc' dir='ltr'><strong>τοῦτο.</strong></span> <span class='ocrx_word' id='word_1_521' title='bbox 1096 1361 1135 1390; x_wconf 90' lang='lat' dir='ltr'>ad</span> <span class='ocrx_word' id='word_1_522' title='bbox 1164 1359 1313 1395; x_wconf 84' lang='lat' dir='ltr'>dativum,</span> <span class='ocrx_word' id='word_1_523' title='bbox 1342 1360 1497 1390; x_wconf 68' lang='grc' dir='ltr'><strong>ὑποστῆναι</strong></span> <span class='ocrx_word' id='word_1_524' title='bbox 1524 1357 1580 1398; x_wconf 80' lang='grc' dir='ltr'>ἐμὲ</span> 
     </span>
     <span class='ocr_line' id='line_1_86' title="bbox 861 1402 1580 1445; baseline -0.001 -13"><span class='ocrx_word' id='word_1_525' title='bbox 861 1403 984 1445; x_wconf 76' lang='grc' dir='ltr'><strong>χορηγόν.</strong></span> <span class='ocrx_word' id='word_1_526' title='bbox 1011 1403 1134 1443; x_wconf 88' lang='lat' dir='ltr'>praetuli</span> <span class='ocrx_word' id='word_1_527' title='bbox 1158 1408 1258 1433; x_wconf 88' lang='lat' dir='ltr'>tamen</span> <span class='ocrx_word' id='word_1_528' title='bbox 1284 1402 1447 1432; x_wconf 88' lang='lat' dir='ltr'>lectionem</span> <span class='ocrx_word' id='word_1_529' title='bbox 1471 1404 1580 1440; x_wconf 81' lang='lat' dir='ltr'>Augu-</span> 
     </span>
     <span class='ocr_line' id='line_1_87' title="bbox 863 1446 1580 1476; baseline -0.003 0"><span class='ocrx_word' id='word_1_530' title='bbox 863 1446 952 1476; x_wconf 87' lang='lat' dir='ltr'>stani.</span> <span class='ocrx_word' id='word_1_531' title='bbox 988 1448 1099 1476; x_wconf 87' lang='lat' dir='ltr'>Totum</span> <span class='ocrx_word' id='word_1_532' title='bbox 1115 1447 1196 1476; x_wconf 89' lang='lat' dir='ltr'>hunc</span> <span class='ocrx_word' id='word_1_533' title='bbox 1211 1447 1312 1476; x_wconf 87' lang='lat' dir='ltr'>locum</span> <span class='ocrx_word' id='word_1_534' title='bbox 1328 1456 1345 1475; x_wconf 81' lang='lat' dir='ltr'>a</span> <span class='ocrx_word' id='word_1_535' title='bbox 1362 1456 1452 1475; x_wconf 81' lang='lat' dir='ltr'>versu</span> <span class='ocrx_word' id='word_1_536' title='bbox 1469 1446 1519 1475; x_wconf 75' lang='lat'>25.</span> <span class='ocrx_word' id='word_1_537' title='bbox 1538 1446 1580 1474; x_wconf 71' lang='grc' dir='ltr'>νῦν</span> 
     </span>
     <span class='ocr_line' id='line_1_88' title="bbox 862 1488 1578 1529; baseline -0.001 -9"><span class='ocrx_word' id='word_1_538' title='bbox 862 1488 890 1520; x_wconf 80' lang='grc' dir='ltr'>δὲ</span> <span class='ocrx_word' id='word_1_539' title='bbox 906 1491 944 1520; x_wconf 91' lang='lat' dir='ltr'>ad</span> <span class='ocrx_word' id='word_1_540' title='bbox 955 1500 988 1529; x_wconf 86' lang='lat' dir='ltr'>p.</span> <span class='ocrx_word' id='word_1_541' title='bbox 998 1492 1073 1522; x_wconf 75' lang='lat'>537.</span> <span class='ocrx_word' id='word_1_542' title='bbox 1086 1492 1118 1520; x_wconf 79' lang='lat'>3.</span> <span class='ocrx_word' id='word_1_543' title='bbox 1130 1489 1205 1519; x_wconf 85' lang='lat' dir='ltr'>citat</span> <span class='ocrx_word' id='word_1_544' title='bbox 1218 1490 1348 1528; x_wconf 84' lang='lat' dir='ltr'>Dionys.</span> <span class='ocrx_word' id='word_1_545' title='bbox 1364 1488 1466 1519; x_wconf 85' lang='lat' dir='ltr'>Halic.</span> <span class='ocrx_word' id='word_1_546' title='bbox 1480 1489 1515 1518; x_wconf 87' lang='grc' dir='ltr'>Τ.</span> <span class='ocrx_word' id='word_1_547' title='bbox 1529 1489 1578 1520; x_wconf 83' lang='lat' dir='ltr'>It.</span> 
     </span>
     <span class='ocr_line' id='line_1_89' title="bbox 863 1535 985 1573; baseline 0 -10"><span class='ocrx_word' id='word_1_548' title='bbox 863 1544 893 1573; x_wconf 89' lang='lat' dir='ltr'>p.</span> <span class='ocrx_word' id='word_1_549' title='bbox 912 1535 985 1563; x_wconf 77' lang='lat'>168.</span> 
     </span>
    </p>

    <p class='ocr_par' dir='ltr' id='par_1_17' title="bbox 861 1573 1586 2784">
     <span class='ocr_line' id='line_1_90' title="bbox 906 1573 1580 1615; baseline -0.001 -9"><span class='ocrx_word' id='word_1_550' title='bbox 906 1578 980 1606; x_wconf 71' lang='lat'>537.</span> <span class='ocrx_word' id='word_1_551' title='bbox 999 1578 1028 1606; x_wconf 78' lang='lat'>5.</span> <span class='ocrx_word' id='word_1_552' title='bbox 1054 1575 1068 1607; x_wconf 73' lang='grc' dir='ltr'>ἢ</span> <span class='ocrx_word' id='word_1_553' title='bbox 1088 1576 1123 1610; x_wconf 76' lang='grc' dir='ltr'>ὡς</span> <span class='ocrx_word' id='word_1_554' title='bbox 1137 1575 1166 1605; x_wconf 79' lang='grc' dir='ltr'>οὗ</span> <span class='ocrx_word' id='word_1_555' title='bbox 1183 1574 1238 1606; x_wconf 77' lang='grc' dir='ltr'><strong>δέον</strong></span> <span class='ocrx_word' id='word_1_556' title='bbox 1253 1573 1335 1605; x_wconf 67' lang='grc' dir='ltr'><strong>αῧτόν</strong></span> <span class='ocrx_word' id='word_1_557' title='bbox 1349 1574 1499 1615; x_wconf 66' lang='grc' dir='ltr'><strong>τεθνὲίνοιι]</strong></span> <span class='ocrx_word' id='word_1_558' title='bbox 1524 1585 1580 1614; x_wconf 89' lang='lat' dir='ltr'>po-</span> 
     </span>
     <span class='ocr_line' id='line_1_91' title="bbox 864 1618 1579 1658; baseline -0.003 -9"><span class='ocrx_word' id='word_1_559' title='bbox 864 1624 925 1649; x_wconf 88' lang='lat' dir='ltr'>test</span> <span class='ocrx_word' id='word_1_560' title='bbox 938 1620 986 1649; x_wconf 88' lang='lat' dir='ltr'>hic</span> <span class='ocrx_word' id='word_1_561' title='bbox 1001 1620 1087 1649; x_wconf 88' lang='lat' dir='ltr'>locus</span> <span class='ocrx_word' id='word_1_562' title='bbox 1099 1619 1222 1658; x_wconf 86' lang='lat' dir='ltr'>gemino</span> <span class='ocrx_word' id='word_1_563' title='bbox 1237 1620 1327 1649; x_wconf 88' lang='lat' dir='ltr'>modo</span> <span class='ocrx_word' id='word_1_564' title='bbox 1340 1618 1476 1653; x_wconf 85' lang='lat' dir='ltr'>tractari,</span> <span class='ocrx_word' id='word_1_565' title='bbox 1491 1619 1534 1647; x_wconf 87' lang='lat' dir='ltr'>ita</span> <span class='ocrx_word' id='word_1_566' title='bbox 1547 1623 1579 1648; x_wconf 91' lang='lat' dir='ltr'>ut</span> 
     </span>
     <span class='ocr_line' id='line_1_92' title="bbox 863 1663 1578 1701; baseline -0.003 -9"><span class='ocrx_word' id='word_1_567' title='bbox 863 1663 892 1693; x_wconf 79' lang='grc' dir='ltr'>οὗ</span> <span class='ocrx_word' id='word_1_568' title='bbox 905 1670 957 1692; x_wconf 90' lang='lat' dir='ltr'>aut</span> <span class='ocrx_word' id='word_1_569' title='bbox 967 1667 1120 1698; x_wconf 87' lang='lat' dir='ltr'>servetur,</span> <span class='ocrx_word' id='word_1_570' title='bbox 1133 1667 1183 1692; x_wconf 87' lang='lat' dir='ltr'>aut</span> <span class='ocrx_word' id='word_1_571' title='bbox 1191 1663 1358 1697; x_wconf 78' lang='lat' dir='ltr'>omittatur,</span> <span class='ocrx_word' id='word_1_572' title='bbox 1368 1666 1459 1701; x_wconf 83' lang='lat' dir='ltr'>prout</span> <span class='ocrx_word' id='word_1_573' title='bbox 1469 1671 1578 1700; x_wconf 83' lang='lat' dir='ltr'>nempe</span> 
     </span>
     <span class='ocr_line' id='line_1_93' title="bbox 864 1705 1579 1746; baseline -0.003 -10"><span class='ocrx_word' id='word_1_574' title='bbox 864 1705 878 1737; x_wconf 75' lang='grc' dir='ltr'>ἢ</span> <span class='ocrx_word' id='word_1_575' title='bbox 895 1707 1011 1745; x_wconf 86' lang='lat' dir='ltr'>accipis</span> <span class='ocrx_word' id='word_1_576' title='bbox 1032 1711 1085 1735; x_wconf 84' lang='lat' dir='ltr'>aut</span> <span class='ocrx_word' id='word_1_577' title='bbox 1106 1716 1160 1744; x_wconf 90' lang='lat' dir='ltr'>pro</span> <span class='ocrx_word' id='word_1_578' title='bbox 1176 1716 1274 1746; x_wconf 81' lang='lat' dir='ltr'>quam,</span> <span class='ocrx_word' id='word_1_579' title='bbox 1290 1710 1342 1735; x_wconf 87' lang='lat' dir='ltr'>aut</span> <span class='ocrx_word' id='word_1_580' title='bbox 1358 1715 1413 1744; x_wconf 88' lang='lat' dir='ltr'>pro</span> <span class='ocrx_word' id='word_1_581' title='bbox 1433 1705 1502 1735; x_wconf 82' lang='lat' dir='ltr'>sive.</span> <span class='ocrx_word' id='word_1_582' title='bbox 1546 1705 1579 1734; x_wconf 93' lang='lat' dir='ltr'>Si</span> 
     </span>
     <span class='ocr_line' id='line_1_94' title="bbox 864 1747 1580 1788; baseline -0.003 -9"><span class='ocrx_word' id='word_1_583' title='bbox 864 1749 1017 1779; x_wconf 83' lang='lat' dir='ltr'>omittitur</span> <span class='ocrx_word' id='word_1_584' title='bbox 1033 1749 1074 1784; x_wconf 78' lang='grc' dir='ltr'>οὗ,</span> <span class='ocrx_word' id='word_1_585' title='bbox 1088 1754 1150 1778; x_wconf 83' lang='lat' dir='ltr'>tuln</span> <span class='ocrx_word' id='word_1_586' title='bbox 1162 1750 1220 1780; x_wconf 82' lang='lat' dir='ltr'>erit</span> <span class='ocrx_word' id='word_1_587' title='bbox 1230 1749 1294 1779; x_wconf 85' lang='lat' dir='ltr'>haec</span> <span class='ocrx_word' id='word_1_588' title='bbox 1311 1747 1461 1779; x_wconf 86' lang='lat' dir='ltr'>sententia</span> <span class='ocrx_word' id='word_1_589' title='bbox 1475 1759 1481 1777; x_wconf 86' lang='grc'>;</span> <span class='ocrx_word' id='word_1_590' title='bbox 1505 1748 1580 1788; x_wconf 81' lang='lat' dir='ltr'>quod</span> 
     </span>
     <span class='ocr_line' id='line_1_95' title="bbox 864 1791 1579 1833; baseline -0.003 -11"><span class='ocrx_word' id='word_1_591' title='bbox 864 1793 887 1822; x_wconf 79' lang='lat' dir='ltr'>si</span> <span class='ocrx_word' id='word_1_592' title='bbox 896 1798 1022 1823; x_wconf 80' lang='lat' dir='ltr'>vestrum</span> <span class='ocrx_word' id='word_1_593' title='bbox 1035 1793 1098 1833; x_wconf 81' lang='lat' dir='ltr'>quis</span> <span class='ocrx_word' id='word_1_594' title='bbox 1113 1793 1200 1822; x_wconf 80' lang='lat' dir='ltr'>aliter</span> <span class='ocrx_word' id='word_1_595' title='bbox 1214 1791 1375 1832; x_wconf 62' lang='lat' dir='ltr'>expeditam</span> <span class='ocrx_word' id='word_1_596' title='bbox 1388 1797 1579 1832; x_wconf 78' lang='lat' dir='ltr'>paratamque</span> 
     </span>
     <span class='ocr_line' id='line_1_96' title="bbox 865 1835 1581 1875; baseline -0.001 -10"><span class='ocrx_word' id='word_1_597' title='bbox 865 1836 896 1865; x_wconf 86' lang='lat' dir='ltr'>in</span> <span class='ocrx_word' id='word_1_598' title='bbox 910 1835 1038 1866; x_wconf 80' lang='lat' dir='ltr'>Midiam</span> <span class='ocrx_word' id='word_1_599' title='bbox 1053 1835 1431 1870; x_wconf 75' lang='lat' dir='ltr'>habetanimadversionem,</span> <span class='ocrx_word' id='word_1_600' title='bbox 1445 1845 1532 1875; x_wconf 84' lang='lat' dir='ltr'>quam</span> <span class='ocrx_word' id='word_1_601' title='bbox 1543 1840 1581 1864; x_wconf 77' lang='lat' dir='ltr'>ut</span> 
     </span>
     <span class='ocr_line' id='line_1_97' title="bbox 863 1877 1581 1919; baseline -0.001 -11"><span class='ocrx_word' id='word_1_602' title='bbox 863 1889 978 1919; x_wconf 73' lang='lat' dir='ltr'>aequum</span> <span class='ocrx_word' id='word_1_603' title='bbox 997 1884 1119 1915; x_wconf 76' lang='lat' dir='ltr'>censent,</span> <span class='ocrx_word' id='word_1_604' title='bbox 1145 1889 1210 1908; x_wconf 79' lang='lat' dir='ltr'>eum</span> <span class='ocrx_word' id='word_1_605' title='bbox 1231 1884 1323 1909; x_wconf 83' lang='lat' dir='ltr'>morte</span> <span class='ocrx_word' id='word_1_606' title='bbox 1345 1878 1495 1908; x_wconf 83' lang='lat' dir='ltr'>mulctari.</span> <span class='ocrx_word' id='word_1_607' title='bbox 1521 1877 1581 1907; x_wconf 87' lang='lat' dir='ltr'>hoc</span> 
     </span>
     <span class='ocr_line' id='line_1_98' title="bbox 865 1921 1581 1961; baseline -0.001 -10"><span class='ocrx_word' id='word_1_608' title='bbox 865 1926 922 1958; x_wconf 84' lang='lat' dir='ltr'>est,</span> <span class='ocrx_word' id='word_1_609' title='bbox 937 1922 961 1952; x_wconf 90' lang='lat' dir='ltr'>si</span> <span class='ocrx_word' id='word_1_610' title='bbox 973 1922 1042 1961; x_wconf 88' lang='lat' dir='ltr'>quis</span> <span class='ocrx_word' id='word_1_611' title='bbox 1058 1927 1206 1957; x_wconf 79' lang='lat' dir='ltr'>vestrum,</span> <span class='ocrx_word' id='word_1_612' title='bbox 1217 1933 1234 1952; x_wconf 96' lang='lat'>0</span> <span class='ocrx_word' id='word_1_613' title='bbox 1247 1922 1383 1961; x_wconf 89' lang='lat' dir='ltr'>judices,</span> <span class='ocrx_word' id='word_1_614' title='bbox 1395 1921 1525 1951; x_wconf 87' lang='lat' dir='ltr'>Midiam</span> <span class='ocrx_word' id='word_1_615' title='bbox 1538 1921 1581 1951; x_wconf 90' lang='lat' dir='ltr'>le-</span> 
     </span>
     <span class='ocr_line' id='line_1_99' title="bbox 865 1964 1580 2004; baseline -0.001 -10"><span class='ocrx_word' id='word_1_616' title='bbox 865 1965 941 1994; x_wconf 86' lang='lat' dir='ltr'>niori</span> <span class='ocrx_word' id='word_1_617' title='bbox 957 1975 1056 2003; x_wconf 87' lang='lat' dir='ltr'>poena,</span> <span class='ocrx_word' id='word_1_618' title='bbox 1072 1975 1162 2004; x_wconf 82' lang='lat' dir='ltr'>quarn</span> <span class='ocrx_word' id='word_1_619' title='bbox 1176 1970 1314 1996; x_wconf 81' lang='lat' dir='ltr'>extremo</span> <span class='ocrx_word' id='word_1_620' title='bbox 1327 1964 1496 2004; x_wconf 83' lang='lat' dir='ltr'>supplicio,</span> <span class='ocrx_word' id='word_1_621' title='bbox 1511 1975 1580 1994; x_wconf 84' lang='lat' dir='ltr'>een-</span> 
     </span>
     <span class='ocr_line' id='line_1_100' title="bbox 865 2007 1580 2039; baseline -0.003 -1"><span class='ocrx_word' id='word_1_622' title='bbox 865 2012 913 2038; x_wconf 85' lang='lat' dir='ltr'>set</span> <span class='ocrx_word' id='word_1_623' title='bbox 924 2007 1124 2038; x_wconf 79' lang='lat' dir='ltr'>afficiendum.</span> <span class='ocrx_word' id='word_1_624' title='bbox 1138 2009 1248 2039; x_wconf 88' lang='lat' dir='ltr'>inclusi</span> <span class='ocrx_word' id='word_1_625' title='bbox 1260 2014 1357 2038; x_wconf 85' lang='lat' dir='ltr'>tamen</span> <span class='ocrx_word' id='word_1_626' title='bbox 1368 2008 1453 2038; x_wconf 83' lang='lat' dir='ltr'>uncis</span> <span class='ocrx_word' id='word_1_627' title='bbox 1463 2007 1501 2037; x_wconf 76' lang='grc' dir='ltr'><strong>οὗ.</strong></span> <span class='ocrx_word' id='word_1_628' title='bbox 1525 2007 1580 2037; x_wconf 90' lang='lat' dir='ltr'>Sin</span> 
     </span>
     <span class='ocr_line' id='line_1_101' title="bbox 865 2050 1581 2088; baseline -0.001 -7"><span class='ocrx_word' id='word_1_629' title='bbox 865 2055 967 2081; x_wconf 88' lang='lat' dir='ltr'>autem</span> <span class='ocrx_word' id='word_1_630' title='bbox 991 2057 1132 2082; x_wconf 86' lang='lat' dir='ltr'>servatur</span> <span class='ocrx_word' id='word_1_631' title='bbox 1154 2051 1194 2088; x_wconf 81' lang='grc' dir='ltr'>οὖ,</span> <span class='ocrx_word' id='word_1_632' title='bbox 1215 2052 1275 2082; x_wconf 88' lang='lat' dir='ltr'>erit</span> <span class='ocrx_word' id='word_1_633' title='bbox 1295 2051 1393 2085; x_wconf 77' lang='grc' dir='ltr'>ἄλλως</span> <span class='ocrx_word' id='word_1_634' title='bbox 1418 2062 1479 2085; x_wconf 80' lang='grc' dir='ltr'>πως</span> <span class='ocrx_word' id='word_1_635' title='bbox 1499 2050 1581 2080; x_wconf 85' lang='lat' dir='ltr'>acci-</span> 
     </span>
     <span class='ocr_line' id='line_1_102' title="bbox 864 2093 1580 2135; baseline 0.001 -11"><span class='ocrx_word' id='word_1_636' title='bbox 864 2094 1011 2134; x_wconf 87' lang='lat' dir='ltr'>piendum</span> <span class='ocrx_word' id='word_1_637' title='bbox 1026 2105 1082 2134; x_wconf 91' lang='lat' dir='ltr'>pro</span> <span class='ocrx_word' id='word_1_638' title='bbox 1097 2094 1194 2129; x_wconf 73' lang='grc' dir='ltr'>ἄλλως</span> <span class='ocrx_word' id='word_1_639' title='bbox 1211 2094 1226 2126; x_wconf 78' lang='grc' dir='ltr'>ἢ</span> <span class='ocrx_word' id='word_1_640' title='bbox 1241 2095 1385 2135; x_wconf 71' lang='grc' dir='ltr'><strong>προσήκει,</strong></span> <span class='ocrx_word' id='word_1_641' title='bbox 1404 2094 1552 2135; x_wconf 72' lang='grc' dir='ltr'><strong>ἦπιώτεριν</strong></span> <span class='ocrx_word' id='word_1_642' title='bbox 1565 2093 1580 2125; x_wconf 79' lang='grc' dir='ltr'>ἢ</span> 
     </span>
     <span class='ocr_line' id='line_1_103' title="bbox 865 2138 1579 2178; baseline -0.003 -10"><span class='ocrx_word' id='word_1_643' title='bbox 865 2138 1008 2178; x_wconf 73' lang='grc' dir='ltr'><strong>προσήκει,</strong></span> <span class='ocrx_word' id='word_1_644' title='bbox 1028 2138 1117 2168; x_wconf 77' lang='lat' dir='ltr'>aliter</span> <span class='ocrx_word' id='word_1_645' title='bbox 1131 2149 1219 2178; x_wconf 75' lang='lat' dir='ltr'>qnam</span> <span class='ocrx_word' id='word_1_646' title='bbox 1239 2144 1361 2178; x_wconf 84' lang='lat' dir='ltr'>oportet,</span> <span class='ocrx_word' id='word_1_647' title='bbox 1384 2138 1477 2167; x_wconf 82' lang='lat' dir='ltr'>lenius</span> <span class='ocrx_word' id='word_1_648' title='bbox 1491 2147 1579 2177; x_wconf 79' lang='lat' dir='ltr'>quam</span> 
     </span>
     <span class='ocr_line' id='line_1_104' title="bbox 861 2181 1582 2222; baseline 0 -12"><span class='ocrx_word' id='word_1_649' title='bbox 861 2191 921 2219; x_wconf 83' lang='lat' dir='ltr'>par</span> <span class='ocrx_word' id='word_1_650' title='bbox 934 2186 985 2211; x_wconf 83' lang='lat' dir='ltr'>est.</span> <span class='ocrx_word' id='word_1_651' title='bbox 1000 2182 1075 2222; x_wconf 82' lang='lat' dir='ltr'>quod</span> <span class='ocrx_word' id='word_1_652' title='bbox 1091 2182 1114 2211; x_wconf 88' lang='lat' dir='ltr'>sz&#39;</span> <span class='ocrx_word' id='word_1_653' title='bbox 1128 2182 1190 2222; x_wconf 82' lang='lat' dir='ltr'>quis</span> <span class='ocrx_word' id='word_1_654' title='bbox 1205 2187 1331 2212; x_wconf 79' lang='lat' dir='ltr'>vestrum</span> <span class='ocrx_word' id='word_1_655' title='bbox 1346 2181 1437 2211; x_wconf 80' lang='lat' dir='ltr'>secius</span> <span class='ocrx_word' id='word_1_656' title='bbox 1447 2181 1483 2211; x_wconf 75' lang='lat' dir='ltr'>cle</span> <span class='ocrx_word' id='word_1_657' title='bbox 1496 2190 1582 2220; x_wconf 85' lang='lat' dir='ltr'>poena</span> 
     </span>
     <span class='ocr_line' id='line_1_105' title="bbox 867 2223 1581 2264; baseline 0 -10"><span class='ocrx_word' id='word_1_658' title='bbox 867 2223 969 2255; x_wconf 66' lang='lat' dir='ltr'>Midiae</span> <span class='ocrx_word' id='word_1_659' title='bbox 983 2226 1100 2260; x_wconf 73' lang='lat' dir='ltr'>statuit,</span> <span class='ocrx_word' id='word_1_660' title='bbox 1111 2226 1179 2261; x_wconf 80' lang='lat' dir='ltr'>sive,</span> <span class='ocrx_word' id='word_1_661' title='bbox 1194 2229 1228 2255; x_wconf 90' lang='lat' dir='ltr'>ut</span> <span class='ocrx_word' id='word_1_662' title='bbox 1239 2225 1309 2255; x_wconf 85' lang='lat' dir='ltr'>aliis</span> <span class='ocrx_word' id='word_1_663' title='bbox 1322 2224 1426 2254; x_wconf 87' lang='lat' dir='ltr'>verbis</span> <span class='ocrx_word' id='word_1_664' title='bbox 1442 2224 1581 2264; x_wconf 86' lang='lat' dir='ltr'>eloquar,</span> 
     </span>
     <span class='ocr_line' id='line_1_106' title="bbox 863 2267 1582 2308; baseline -0.001 -10"><span class='ocrx_word' id='word_1_665' title='bbox 863 2267 888 2298; x_wconf 83' lang='lat' dir='ltr'>si</span> <span class='ocrx_word' id='word_1_666' title='bbox 909 2267 1037 2298; x_wconf 79' lang='lat' dir='ltr'>Midiam</span> <span class='ocrx_word' id='word_1_667' title='bbox 1055 2269 1162 2298; x_wconf 80' lang='lat' dir='ltr'>statuit</span> <span class='ocrx_word' id='word_1_668' title='bbox 1179 2270 1277 2298; x_wconf 79' lang='lat' dir='ltr'>mortis</span> <span class='ocrx_word' id='word_1_669' title='bbox 1295 2277 1410 2308; x_wconf 78' lang='lat' dir='ltr'>poenam</span> <span class='ocrx_word' id='word_1_670' title='bbox 1426 2267 1506 2298; x_wconf 70' lang='lat' dir='ltr'>haud</span> <span class='ocrx_word' id='word_1_671' title='bbox 1522 2277 1582 2297; x_wconf 87' lang='lat' dir='ltr'>me-</span> 
     </span>
     <span class='ocr_line' id='line_1_107' title="bbox 864 2310 1581 2350; baseline -0.001 -9"><span class='ocrx_word' id='word_1_672' title='bbox 864 2312 967 2342; x_wconf 74' lang='lat' dir='ltr'>misse.</span> <span class='ocrx_word' id='word_1_673' title='bbox 982 2322 1011 2341; x_wconf 92' lang='lat' dir='ltr'>v.</span> <span class='ocrx_word' id='word_1_674' title='bbox 1025 2321 1056 2350; x_wconf 90' lang='lat' dir='ltr'>p.</span> <span class='ocrx_word' id='word_1_675' title='bbox 1071 2313 1143 2343; x_wconf 75' lang='lat'>582.</span> <span class='ocrx_word' id='word_1_676' title='bbox 1154 2314 1184 2341; x_wconf 84' lang='lat'>4.</span> <span class='ocrx_word' id='word_1_677' title='bbox 1197 2311 1357 2345; x_wconf 72' lang='grc' dir='ltr'><strong>ιιῑιίἄλλως</strong></span> <span class='ocrx_word' id='word_1_678' title='bbox 1371 2322 1432 2344; x_wconf 80' lang='grc' dir='ltr'>πως</span> <span class='ocrx_word' id='word_1_679' title='bbox 1442 2310 1581 2341; x_wconf 87' lang='lat' dir='ltr'>estidem</span> 
     </span>
     <span class='ocr_line' id='line_1_108' title="bbox 866 2353 1584 2394; baseline -0.001 -10"><span class='ocrx_word' id='word_1_680' title='bbox 866 2359 956 2394; x_wconf 85' lang='lat' dir='ltr'>atque</span> <span class='ocrx_word' id='word_1_681' title='bbox 972 2355 1174 2394; x_wconf 73' lang='grc' dir='ltr'><strong>μαλακώτερον</strong></span> <span class='ocrx_word' id='word_1_682' title='bbox 1188 2356 1237 2384; x_wconf 74' lang='grc' dir='ltr'>τοῦ</span> <span class='ocrx_word' id='word_1_683' title='bbox 1250 2353 1363 2389; x_wconf 78' lang='grc' dir='ltr'><strong>δέοντος.</strong></span> <span class='ocrx_word' id='word_1_684' title='bbox 1408 2355 1468 2384; x_wconf 86' lang='lat' dir='ltr'>Sed</span> <span class='ocrx_word' id='word_1_685' title='bbox 1485 2359 1515 2383; x_wconf 89' lang='lat' dir='ltr'>et</span> <span class='ocrx_word' id='word_1_686' title='bbox 1530 2353 1584 2383; x_wconf 91' lang='lat' dir='ltr'>ad-</span> 
     </span>
     <span class='ocr_line' id='line_1_109' title="bbox 865 2397 1583 2437; baseline -0.001 -10"><span class='ocrx_word' id='word_1_687' title='bbox 865 2397 925 2427; x_wconf 88' lang='lat' dir='ltr'>huc</span> <span class='ocrx_word' id='word_1_688' title='bbox 940 2399 1028 2428; x_wconf 84' lang='lat' dir='ltr'>deest</span> <span class='ocrx_word' id='word_1_689' title='bbox 1043 2398 1161 2437; x_wconf 86' lang='lat' dir='ltr'>aliquid</span> <span class='ocrx_word' id='word_1_690' title='bbox 1177 2398 1346 2434; x_wconf 82' lang='lat' dir='ltr'>sententiae‚</span> <span class='ocrx_word' id='word_1_691' title='bbox 1364 2408 1430 2428; x_wconf 87' lang='lat' dir='ltr'>nam</span> <span class='ocrx_word' id='word_1_692' title='bbox 1448 2397 1522 2427; x_wconf 87' lang='lat' dir='ltr'>alias</span> <span class='ocrx_word' id='word_1_693' title='bbox 1538 2397 1583 2426; x_wconf 92' lang='lat' dir='ltr'>in-</span> 
     </span>
     <span class='ocr_line' id='line_1_110' title="bbox 866 2440 1584 2481; baseline -0.001 -10"><span class='ocrx_word' id='word_1_694' title='bbox 866 2441 1026 2481; x_wconf 87' lang='lat' dir='ltr'>sequentia</span> <span class='ocrx_word' id='word_1_695' title='bbox 1047 2451 1117 2471; x_wconf 86' lang='lat' dir='ltr'>cum</span> <span class='ocrx_word' id='word_1_696' title='bbox 1140 2441 1353 2480; x_wconf 88' lang='lat' dir='ltr'>superioribus</span> <span class='ocrx_word' id='word_1_697' title='bbox 1381 2441 1460 2471; x_wconf 88' lang='lat' dir='ltr'>male</span> <span class='ocrx_word' id='word_1_698' title='bbox 1484 2440 1584 2470; x_wconf 86' lang='lat' dir='ltr'>cohae-</span> 
     </span>
     <span class='ocr_line' id='line_1_111' title="bbox 865 2483 1584 2524; baseline -0.001 -10"><span class='ocrx_word' id='word_1_699' title='bbox 865 2489 947 2520; x_wconf 85' lang='lat' dir='ltr'>rent,</span> <span class='ocrx_word' id='word_1_700' title='bbox 960 2489 991 2514; x_wconf 88' lang='lat' dir='ltr'>et</span> <span class='ocrx_word' id='word_1_701' title='bbox 1001 2485 1107 2514; x_wconf 86' lang='lat' dir='ltr'>laxum</span> <span class='ocrx_word' id='word_1_702' title='bbox 1122 2484 1300 2524; x_wconf 84' lang='lat' dir='ltr'>fluxumque</span> <span class='ocrx_word' id='word_1_703' title='bbox 1315 2489 1364 2514; x_wconf 86' lang='lat' dir='ltr'>est</span> <span class='ocrx_word' id='word_1_704' title='bbox 1378 2483 1584 2514; x_wconf 86' lang='lat' dir='ltr'>ratiocinium.</span> 
     </span>
     <span class='ocr_line' id='line_1_112' title="bbox 866 2525 1584 2567; baseline -0.003 -9"><span class='ocrx_word' id='word_1_705' title='bbox 866 2529 954 2558; x_wconf 86' lang='lat' dir='ltr'>deest</span> <span class='ocrx_word' id='word_1_706' title='bbox 973 2537 1096 2567; x_wconf 84' lang='lat' dir='ltr'>nempe,</span> <span class='ocrx_word' id='word_1_707' title='bbox 1112 2525 1145 2556; x_wconf 76' lang='grc' dir='ltr'>δι’</span> <span class='ocrx_word' id='word_1_708' title='bbox 1162 2526 1206 2557; x_wconf 79' lang='grc' dir='ltr'><strong>δ’τι</strong></span> <span class='ocrx_word' id='word_1_709' title='bbox 1221 2527 1306 2557; x_wconf 69' lang='grc' dir='ltr'><strong>αὐτὸν</strong></span> <span class='ocrx_word' id='word_1_710' title='bbox 1319 2527 1368 2556; x_wconf 74' lang='grc' dir='ltr'>οὒκ</span> <span class='ocrx_word' id='word_1_711' title='bbox 1383 2525 1459 2561; x_wconf 74' lang='grc' dir='ltr'>εὐθὺς</span> <span class='ocrx_word' id='word_1_712' title='bbox 1477 2528 1584 2567; x_wconf 73' lang='grc' dir='ltr'><strong>ἢμυνά-</strong></span> 
     </span>
     <span class='ocr_line' id='line_1_113' title="bbox 865 2571 1584 2611; baseline -0.004 -9"><span class='ocrx_word' id='word_1_713' title='bbox 865 2583 933 2611; x_wconf 79' lang='grc' dir='ltr'><strong>μην.</strong></span> <span class='ocrx_word' id='word_1_714' title='bbox 977 2571 1010 2600; x_wconf 80' lang='lat' dir='ltr'>Si</span> <span class='ocrx_word' id='word_1_715' title='bbox 1025 2571 1088 2611; x_wconf 80' lang='lat' dir='ltr'>quis</span> <span class='ocrx_word' id='word_1_716' title='bbox 1104 2577 1229 2601; x_wconf 73' lang='lat' dir='ltr'>vestrum</span> <span class='ocrx_word' id='word_1_717' title='bbox 1240 2572 1304 2601; x_wconf 82' lang='lat' dir='ltr'>ideo</span> <span class='ocrx_word' id='word_1_718' title='bbox 1320 2571 1447 2601; x_wconf 76' lang='lat' dir='ltr'>Midiam</span> <span class='ocrx_word' id='word_1_719' title='bbox 1464 2571 1584 2606; x_wconf 83' lang='lat' dir='ltr'>leniore,</span> 
     </span>
     <span class='ocr_line' id='line_1_114' title="bbox 867 2612 1586 2655; baseline -0.001 -11"><span class='ocrx_word' id='word_1_720' title='bbox 867 2625 952 2655; x_wconf 81' lang='lat' dir='ltr'>quam</span> <span class='ocrx_word' id='word_1_721' title='bbox 968 2615 1079 2650; x_wconf 79' lang='lat' dir='ltr'>mortis,</span> <span class='ocrx_word' id='word_1_722' title='bbox 1092 2623 1178 2652; x_wconf 83' lang='lat' dir='ltr'>poena</span> <span class='ocrx_word' id='word_1_723' title='bbox 1186 2619 1278 2653; x_wconf 83' lang='lat' dir='ltr'>putat</span> <span class='ocrx_word' id='word_1_724' title='bbox 1289 2612 1492 2655; x_wconf 70' lang='lat' dir='ltr'>qfficiendum,</span> <span class='ocrx_word' id='word_1_725' title='bbox 1509 2614 1586 2654; x_wconf 79' lang='lat' dir='ltr'>quod</span> 
     </span>
     <span class='ocr_line' id='line_1_115' title="bbox 867 2656 1585 2698; baseline -0.004 -10"><span class='ocrx_word' id='word_1_726' title='bbox 867 2668 918 2698; x_wconf 82' lang='lat' dir='ltr'>ego</span> <span class='ocrx_word' id='word_1_727' title='bbox 948 2658 1046 2688; x_wconf 82' lang='lat' dir='ltr'>statim</span> <span class='ocrx_word' id='word_1_728' title='bbox 1078 2657 1164 2687; x_wconf 83' lang='lat' dir='ltr'>ultus</span> <span class='ocrx_word' id='word_1_729' title='bbox 1194 2668 1250 2688; x_wconf 80' lang='lat' dir='ltr'>non</span> <span class='ocrx_word' id='word_1_730' title='bbox 1277 2659 1331 2688; x_wconf 81' lang='lat' dir='ltr'>sim</span> <span class='ocrx_word' id='word_1_731' title='bbox 1356 2657 1452 2697; x_wconf 84' lang='lat' dir='ltr'>[unde</span> <span class='ocrx_word' id='word_1_732' title='bbox 1480 2656 1585 2695; x_wconf 79' lang='lat' dir='ltr'>colligi</span> 
     </span>
     <span class='ocr_line' id='line_1_116' title="bbox 866 2700 1585 2740; baseline -0.003 -10"><span class='ocrx_word' id='word_1_733' title='bbox 866 2707 971 2740; x_wconf 87' lang='lat' dir='ltr'>queat,</span> <span class='ocrx_word' id='word_1_734' title='bbox 982 2700 1147 2740; x_wconf 83' lang='lat' dir='ltr'>ipsummet</span> <span class='ocrx_word' id='word_1_735' title='bbox 1159 2711 1206 2730; x_wconf 76' lang='lat' dir='ltr'>mo</span> <span class='ocrx_word' id='word_1_736' title='bbox 1220 2700 1361 2740; x_wconf 88' lang='lat' dir='ltr'>injuriam</span> <span class='ocrx_word' id='word_1_737' title='bbox 1375 2701 1457 2730; x_wconf 87' lang='lat' dir='ltr'>illam</span> <span class='ocrx_word' id='word_1_738' title='bbox 1471 2700 1585 2730; x_wconf 86' lang='lat' dir='ltr'>levius-</span> 
     </span>
     <span class='ocr_line' id='line_1_117' title="bbox 867 2743 1583 2784; baseline -0.001 -11"><span class='ocrx_word' id='word_1_739' title='bbox 867 2744 936 2774; x_wconf 88' lang='lat' dir='ltr'>cule</span> <span class='ocrx_word' id='word_1_740' title='bbox 952 2744 1123 2784; x_wconf 84' lang='lat' dir='ltr'>accepisse,</span> <span class='ocrx_word' id='word_1_741' title='bbox 1140 2749 1171 2773; x_wconf 89' lang='lat' dir='ltr'>et</span> <span class='ocrx_word' id='word_1_742' title='bbox 1189 2754 1245 2783; x_wconf 86' lang='lat' dir='ltr'>pro</span> <span class='ocrx_word' id='word_1_743' title='bbox 1266 2754 1384 2774; x_wconf 86' lang='lat' dir='ltr'>summa</span> <span class='ocrx_word' id='word_1_744' title='bbox 1406 2753 1465 2773; x_wconf 88' lang='lat' dir='ltr'>non</span> <span class='ocrx_word' id='word_1_745' title='bbox 1489 2743 1583 2772; x_wconf 82' lang='lat' dir='ltr'>habu-</span> 
     </span>
    </p>
   </div>
   <div class='ocr_carea' id='block_1_5' title="bbox 118 2785 1294 2833">
    <p class='ocr_par' dir='ltr' id='par_1_18' title="bbox 118 2785 1294 2833">
     <span class='ocr_line' id='line_1_118' title="bbox 118 2785 1294 2833; baseline 0.002 -19"><span class='ocrx_word' id='word_1_746' title='bbox 118 2789 182 2814; x_wconf 86' lang='lat' dir='ltr'>tum</span> <span class='ocrx_word' id='word_1_747' title='bbox 205 2785 265 2816; x_wconf 83' lang='lat' dir='ltr'>erit</span> <span class='ocrx_word' id='word_1_748' title='bbox 286 2786 352 2816; x_wconf 86' lang='lat' dir='ltr'>baec</span> <span class='ocrx_word' id='word_1_749' title='bbox 375 2786 538 2822; x_wconf 87' lang='lat' dir='ltr'>sententia,</span> <span class='ocrx_word' id='word_1_750' title='bbox 554 2797 590 2816; x_wconf 89' lang='lat' dir='ltr'>ac</span> <span class='ocrx_word' id='word_1_751' title='bbox 609 2787 635 2817; x_wconf 90' lang='lat' dir='ltr'>si</span> <span class='ocrx_word' id='word_1_752' title='bbox 657 2786 834 2826; x_wconf 86' lang='lat' dir='ltr'>scripsisset</span> <span class='ocrx_word' id='word_1_753' title='bbox 857 2786 959 2833; x_wconf 65' lang='lat' dir='ltr'>tisse],</span> <span class='ocrx_word' id='word_1_754' title='bbox 973 2787 1154 2818; x_wconf 71' lang='lat' dir='ltr'>vehementer</span> <span class='ocrx_word' id='word_1_755' title='bbox 1166 2787 1190 2817; x_wconf 81' lang='lat' dir='ltr'>is</span> <span class='ocrx_word' id='word_1_756' title='bbox 1204 2792 1294 2817; x_wconf 82' lang='lat' dir='ltr'>errat.</span> 
     </span>
    </p>
   </div>
   <div class='ocr_carea' id='block_1_6' title="bbox 116 2826 832 3046">
    <p class='ocr_par' dir='ltr' id='par_1_19' title="bbox 116 2826 832 3046">
     <span class='ocr_line' id='line_1_119' title="bbox 117 2826 832 2870; baseline 0.001 -11"><span class='ocrx_word' id='word_1_757' title='bbox 117 2826 182 2857; x_wconf 74' lang='lat' dir='ltr'>Sic·</span> <span class='ocrx_word' id='word_1_758' title='bbox 204 2827 290 2867; x_wconf 70' lang='grc' dir='ltr'><strong>ἴσμεν</strong></span> <span class='ocrx_word' id='word_1_759' title='bbox 311 2831 377 2870; x_wconf 59' lang='grc' dir='ltr'>γὰρ,</span> <span class='ocrx_word' id='word_1_760' title='bbox 398 2829 440 2860; x_wconf 76' lang='grc' dir='ltr'><strong>δ’τι</strong></span> <span class='ocrx_word' id='word_1_761' title='bbox 464 2830 668 2870; x_wconf 57' lang='grc' dir='ltr'><strong>Φιλόστρατος,</strong></span> <span class='ocrx_word' id='word_1_762' title='bbox 690 2841 727 2864; x_wconf 86' lang='grc' dir='ltr'>ος,</span> <span class='ocrx_word' id='word_1_763' title='bbox 743 2840 832 2860; x_wconf 74' lang='grc' dir='ltr'><strong>κατη-</strong></span> 
     </span>
     <span class='ocr_line' id='line_1_120' title="bbox 117 2870 832 2913; baseline 0.006 -15"><span class='ocrx_word' id='word_1_764' title='bbox 117 2871 200 2910; x_wconf 69' lang='grc' dir='ltr'><strong>γορῶν</strong></span> <span class='ocrx_word' id='word_1_765' title='bbox 213 2870 343 2912; x_wconf 59' lang='grc' dir='ltr'>Χαβρίου,</span> <span class='ocrx_word' id='word_1_766' title='bbox 367 2871 545 2913; x_wconf 61' lang='grc' dir='ltr'><strong>πικρότατος</strong></span> <span class='ocrx_word' id='word_1_767' title='bbox 561 2876 617 2903; x_wconf 79' lang='grc' dir='ltr'><strong>τῶν</strong></span> <span class='ocrx_word' id='word_1_768' title='bbox 636 2873 723 2903; x_wconf 77' lang='grc' dir='ltr'><strong>αὑτοῦ</strong></span> <span class='ocrx_word' id='word_1_769' title='bbox 742 2884 832 2904; x_wconf 73' lang='grc' dir='ltr'><strong>κατη-</strong></span> 
     </span>
     <span class='ocr_line' id='line_1_121' title="bbox 116 2911 832 2965; baseline 0.007 -25"><span class='ocrx_word' id='word_1_770' title='bbox 116 2911 208 2965; x_wconf 51' lang='grc' dir='ltr'><strong>φόρων</strong></span> <span class='ocrx_word' id='word_1_771' title='bbox 212 2913 260 2944; x_wconf 75' lang='grc' dir='ltr'>και</span> <span class='ocrx_word' id='word_1_772' title='bbox 276 2916 388 2946; x_wconf 77' lang='grc' dir='ltr'><strong>πάντων</strong></span> <span class='ocrx_word' id='word_1_773' title='bbox 404 2915 451 2956; x_wconf 88' lang='lat' dir='ltr'>[id</span> <span class='ocrx_word' id='word_1_774' title='bbox 467 2920 526 2951; x_wconf 85' lang='lat' dir='ltr'>est,</span> <span class='ocrx_word' id='word_1_775' title='bbox 547 2916 695 2957; x_wconf 72' lang='grc' dir='ltr'><strong>ἁπάντων]</strong></span> <span class='ocrx_word' id='word_1_776' title='bbox 715 2914 832 2954; x_wconf 75' lang='grc' dir='ltr'><strong>ἐγένετο,</strong></span> 
     </span>
     <span class='ocr_line' id='line_1_122' title="bbox 118 2954 832 3000; baseline 0.006 -16"><span class='ocrx_word' id='word_1_777' title='bbox 118 2954 181 2984; x_wconf 81' lang='grc' dir='ltr'><strong>οὔτε</strong></span> <span class='ocrx_word' id='word_1_778' title='bbox 195 2954 310 2996; x_wconf 72' lang='grc' dir='ltr'><strong>ἔτυψεν,</strong></span> <span class='ocrx_word' id='word_1_779' title='bbox 325 2958 387 2990; x_wconf 81' lang='grc' dir='ltr'><strong>οὔτε</strong></span> <span class='ocrx_word' id='word_1_780' title='bbox 399 2958 549 3000; x_wconf 73' lang='grc' dir='ltr'>ἀφήρπαζε</span> <span class='ocrx_word' id='word_1_781' title='bbox 565 2958 611 2989; x_wconf 76' lang='grc' dir='ltr'><strong>τὸν</strong></span> <span class='ocrx_word' id='word_1_782' title='bbox 622 2958 761 3000; x_wconf 70' lang='grc' dir='ltr'><strong>στέφανον</strong></span> <span class='ocrx_word' id='word_1_783' title='bbox 774 2965 832 2988; x_wconf 72' lang='grc' dir='ltr'>Χα-</span> 
     </span>
     <span class='ocr_line' id='line_1_123' title="bbox 117 2995 796 3046; baseline 0.004 -16"><span class='ocrx_word' id='word_1_784' title='bbox 117 2995 196 3038; x_wconf 65' lang='grc' dir='ltr'><strong>Βςίαν</strong></span> <span class='ocrx_word' id='word_1_785' title='bbox 208 3002 290 3040; x_wconf 78' lang='grc' dir='ltr'>μετὰ</span> <span class='ocrx_word' id='word_1_786' title='bbox 305 3002 402 3033; x_wconf 73' lang='grc' dir='ltr'><strong>ταῦτα,</strong></span> <span class='ocrx_word' id='word_1_787' title='bbox 416 3013 589 3046; x_wconf 73' lang='grc' dir='ltr'><strong>χορηγουντοι</strong></span> <span class='ocrx_word' id='word_1_788' title='bbox 604 3001 651 3033; x_wconf 82' lang='grc' dir='ltr'>και</span> <span class='ocrx_word' id='word_1_789' title='bbox 667 3004 796 3033; x_wconf 80' lang='grc' dir='ltr'><strong>ιικῶντα.</strong></span> 
     </span>
    </p>
   </div>
   <div class='ocr_carea' id='block_1_7' title="bbox 868 2828 1587 3043">
    <p class='ocr_par' dir='ltr' id='par_1_20' title="bbox 868 2828 1587 3043">
     <span class='ocr_line' id='line_1_124' title="bbox 910 2828 1584 2881; baseline -0.004 -20"><span class='ocrx_word' id='word_1_790' title='bbox 910 2848 952 2853; x_wconf 92' lang='lat'>—-</span> <span class='ocrx_word' id='word_1_791' title='bbox 970 2833 1021 2861; x_wconf 90' lang='grc'>10.</span> <span class='ocrx_word' id='word_1_792' title='bbox 1052 2829 1100 2860; x_wconf 76' lang='grc' dir='ltr'>ἐπὶ</span> <span class='ocrx_word' id='word_1_793' title='bbox 1114 2831 1164 2859; x_wconf 79' lang='grc' dir='ltr'>τοῦ</span> <span class='ocrx_word' id='word_1_794' title='bbox 1170 2829 1308 2881; x_wconf 64' lang='grc' dir='ltr'><strong>Βοηθεῖν]</strong></span> <span class='ocrx_word' id='word_1_795' title='bbox 1333 2828 1414 2859; x_wconf 87' lang='lat' dir='ltr'>idem</span> <span class='ocrx_word' id='word_1_796' title='bbox 1432 2833 1477 2857; x_wconf 87' lang='lat' dir='ltr'>est</span> <span class='ocrx_word' id='word_1_797' title='bbox 1493 2833 1584 2880; x_wconf 82' lang='lat' dir='ltr'>atque</span> 
     </span>
     <span class='ocr_line' id='line_1_125' title="bbox 868 2871 1584 2914; baseline -0.004 -12"><span class='ocrx_word' id='word_1_798' title='bbox 868 2872 894 2903; x_wconf 79' lang='grc' dir='ltr'><strong>ἐν</strong></span> <span class='ocrx_word' id='word_1_799' title='bbox 911 2873 952 2912; x_wconf 74' lang='grc' dir='ltr'>τῷ</span> <span class='ocrx_word' id='word_1_800' title='bbox 966 2871 1087 2909; x_wconf 62' lang='grc' dir='ltr'><strong>ἕοηθεῖν,</strong></span> <span class='ocrx_word' id='word_1_801' title='bbox 1103 2871 1176 2903; x_wconf 78' lang='lat' dir='ltr'>vel&#39;</span> <span class='ocrx_word' id='word_1_802' title='bbox 1167 2884 1193 2902; x_wconf 86' lang='grc' dir='ltr'><strong>εν</strong></span> <span class='ocrx_word' id='word_1_803' title='bbox 1208 2886 1243 2914; x_wconf 74' lang='grc' dir='ltr'>τῃ</span> <span class='ocrx_word' id='word_1_804' title='bbox 1261 2872 1387 2911; x_wconf 66' lang='grc' dir='ltr'>Βοηθεία.</span> <span class='ocrx_word' id='word_1_805' title='bbox 1428 2873 1486 2900; x_wconf 83' lang='lat' dir='ltr'>Per</span> <span class='ocrx_word' id='word_1_806' title='bbox 1502 2872 1584 2912; x_wconf 62' lang='grc' dir='ltr'><strong>χάς-ιν</strong></span> 
     </span>
     <span class='ocr_line' id='line_1_126' title="bbox 869 2917 1584 2954; baseline -0.003 -9"><span class='ocrx_word' id='word_1_807' title='bbox 869 2917 1057 2954; x_wconf 71' lang='lat' dir='ltr'>significatur</span> <span class='ocrx_word' id='word_1_808' title='bbox 1079 2917 1130 2946; x_wconf 80' lang='lat' dir='ltr'>illa</span> <span class='ocrx_word' id='word_1_809' title='bbox 1152 2917 1370 2946; x_wconf 73' lang='lat' dir='ltr'>Demosthenis</span> <span class='ocrx_word' id='word_1_810' title='bbox 1393 2925 1466 2953; x_wconf 76' lang='lat' dir='ltr'>erga</span> <span class='ocrx_word' id='word_1_811' title='bbox 1489 2924 1584 2952; x_wconf 80' lang='lat' dir='ltr'>remp.</span> 
     </span>
     <span class='ocr_line' id='line_1_127' title="bbox 869 2956 1587 2999; baseline -0.003 -11"><span class='ocrx_word' id='word_1_812' title='bbox 869 2960 1056 2993; x_wconf 51' lang='lat' dir='ltr'>officiositas</span> <span class='ocrx_word' id='word_1_813' title='bbox 1070 2970 1129 2999; x_wconf 82' lang='lat' dir='ltr'>qua</span> <span class='ocrx_word' id='word_1_814' title='bbox 1145 2960 1253 2993; x_wconf 64' lang='lat' dir='ltr'>noluit,</span> <span class='ocrx_word' id='word_1_815' title='bbox 1271 2956 1476 2998; x_wconf 69' lang='lat' dir='ltr'>pra‘cipienda</span> <span class='ocrx_word' id='word_1_816' title='bbox 1490 2957 1587 2986; x_wconf 87' lang='lat' dir='ltr'>vindi-</span> 
     </span>
     <span class='ocr_line' id='line_1_128' title="bbox 870 3000 1584 3043; baseline -0.003 -11"><span class='ocrx_word' id='word_1_817' title='bbox 870 3008 930 3039; x_wconf 75' lang='lat' dir='ltr'>cta,</span> <span class='ocrx_word' id='word_1_818' title='bbox 951 3005 1002 3043; x_wconf 80' lang='lat' dir='ltr'>jus</span> <span class='ocrx_word' id='word_1_819' title='bbox 1026 3003 1163 3034; x_wconf 75' lang='lat' dir='ltr'>civitatis</span> <span class='ocrx_word' id='word_1_820' title='bbox 1188 3003 1216 3032; x_wconf 89' lang='lat' dir='ltr'>iu</span> <span class='ocrx_word' id='word_1_821' title='bbox 1242 3003 1413 3032; x_wconf 78' lang='lat' dir='ltr'>turbatores</span> <span class='ocrx_word' id='word_1_822' title='bbox 1430 3000 1514 3040; x_wconf 81' lang='lat' dir='ltr'>pacis</span> <span class='ocrx_word' id='word_1_823' title='bbox 1531 3011 1584 3040; x_wconf 89' lang='lat' dir='ltr'>pu·</span> 
     </span>
    </p>
   </div>
  </div>
 </body>
</html>
