1931 3323
297 190 382 232 212
674 194 764 237 LI.
789 194 1016 237 REISKE

343 299 417 328 930.
445 300 474 329 9.
513 299 665 343 νεανίσκου]
697 304 847 333 vocabulo
876 303 1013 334 νεανίσκου

299 339 478 379 designatur
494 345 605 373 Aratus
624 345 917 377 Halicarnassensis.
937 358 965 376 v.
984 356 1013 376 v.

302 385 355 413 19.

344 444 385 448 -—
405 429 454 457 16.
479 426 652 460 ἐδανείσαντο
664 433 705 462 τὰ
719 433 879 474 χρήματα]
903 431 1016 463 articu-

301 469 364 498 lum
387 471 471 500 uncis
492 472 615 503 inclusi.
635 475 687 514 qui
708 476 734 505 si
760 481 912 511 servatur,
935 476 1016 505 idem

302 512 361 542 erit
382 523 417 543 ac
443 514 469 544 si
493 515 644 547 dixisset:
669 518 709 548 τοὶ
733 521 783 549 τοῦ
807 519 927 560 Ἀράτου
949 518 1018 561 χρή-

300 567 400 595 ματα.

347 617 389 621 -
405 602 456 632 20.
479 601 617 644 ἀργυρίου]
642 604 764 634 additur
780 605 851 642 hoc,
868 612 902 635 ut
923 604 1018 644 signi-

303 641 420 678 ficetur,
430 646 527 674 nonin
535 647 702 683 mercibus,
713 648 767 677 sed
777 648 806 678 in
816 648 1018 689 praesentibus

303 687 434 716 nummis
446 688 477 717 id
491 689 640 720 creditum
654 691 759 720 fuisse.

347 731 460 760 931.7.
475 730 597 762 ἐνταῦθα
609 734 657 763 καὶ
670 732 851 772 ἀπεδείξαντο
860 734 1016 775 μάλιστα]

303 771 365 802 duo
377 778 533 812 postrema
543 777 693 806 vocabula
705 778 879 815 transposui
896 778 934 807 de
951 788 1018 807 meo

304 816 446 852 consilio,
462 828 518 856 pro
534 819 627 849 tertio
644 819 718 849 dedi
739 821 918 849 auctoribus
935 821 1021 850 codi-

303 859 404 895 cibus,
426 859 611 899 ἐπεδείξαντο.
637 867 671 892 ut
691 862 731 892 sit
746 861 867 892 ἐνταῦθα
889 862 936 892 καὶ
958 863 1020 902 μά-

303 907 397 932 λιστα
408 902 604 943 ἐπεδείξαντο,
617 905 663 936 hic
679 907 814 945 inprimis
825 912 1021 945 aperuerunt,

304 945 508 983 denudarunt,
522 953 707 979 ostentarunt
722 954 750 979 et
762 949 925 988 jactarunt
938 960 1022 979 suam

303 989 479 1028 superbiam,
494 996 520 1021 et
536 991 729 1027 insolentiam,
739 993 1021 1032 impudentiamque.

348 1050 391 1054 -—
406 1035 458 1063 23.
481 1033 589 1075 σύλων]
617 1035 699 1066 (litat
722 1036 753 1066 h.
770 1036 790 1065 Ι.
813 1037 966 1077 Harpocr.
992 1047 1020 1066 v.

304 1074 403 1105 σῦλαι.

350 1120 423 1149 93²2.
436 1121 466 1150 5.
492 1120 639 1162 προσήκει]
662 1122 765 1153 malim
789 1122 944 1162 προσήκειν.
963 1133 1021 1161 pu.-

306 1165 371 1191 tant
387 1172 483 1192 omnes
498 1163 624 1194 homines
637 1171 765 1204 oportere
780 1168 827 1196 uti
840 1184 893 1196 —-.

350 1209 454 1237 -26,
471 1208 757 1249 πεντηκοστεύονται]
773 1210 846 1239 citat
863 1210 892 1239 h.
905 1209 925 1239 l.
941 1209 1021 1240 Har-

306 1257 392 1286 pocr.
409 1259 440 1279 v.
455 1251 644 1282 πεντηκοστή.

351 1293 425 1323 933.
444 1295 494 1322 17.
523 1294 616 1334 αὐτὰ]
643 1306 699 1335 pro
716 1295 793 1326 αὐτὰ
808 1296 882 1325 dedi
898 1296 937 1326 de
954 1306 1022 1326 meo

309 1334 401 1370 αὐτοὶ,
415 1337 483 1374 ipsi.
498 1337 608 1367 fratres
624 1344 700 1378 puta
715 1339 840 1369 Lacu-iti.

351 1395 393 1400 —
409 1380 462 1408 2⁰2.
483 1378 655 1422 δεδανεικὼς]
675 1382 832 1421 Hyblesio
848 1386 931 1421 puta.
947 1393 976 1412 v.
994 1394 1025 1422 p.

310 1422 384 1451 934.
403 1423 433 1452 9.
450 1427 482 1452 et
504 1424 623 1462 nescio,
639 1436 675 1455 nn
697 1435 804 1455 nomen
829 1426 886 1455 hoo
910 1426 960 1455 hic
985 1427 1027 1456 sit

308 1464 494 1496 addendum.

351 1525 394 1531 —
409 1510 462 1539 26.
478 1509 625 1552 γεωργίαν]
650 1512 774 1542 correxi
791 1512 913 1552 γεωργῷ.
938 1517 1026 1552 pote-

309 1554 355 1580 rat
371 1562 492 1591 quoque
511 1553 550 1589 εἷς
569 1554 703 1595 γεωργίαν
725 1556 850 1595 corrigi.
875 1556 915 1585 ud
941 1567 1027 1586 usum.

307 1594 483 1625 villaticum.

353 1655 396 1660 —-
412 1639 466 1668 ult.
499 1639 571 1671 οὐδὲν
600 1641 670 1681 γὰρ]
704 1641 835 1672 subaudi
867 1641 984 1677 τούτων,
1007 1642 1027 1672 ἃ

308 1680 551 1722 προφασίζονται,
576 1683 704 1724 προσήκει
727 1685 770 1725 τῷ
791 1684 919 1726 ἡμετέρῳ
945 1685 1027 1725 ’τερά-

308 1734 418 1762 γματι.

353 1769 427 1800 934.
443 1770 475 1799 4.
494 1770 544 1799 τοῦ
558 1768 683 1809 Ἱππίου]
699 1770 823 1801 correxi
840 1770 889 1808 καὶ
903 1772 952 1802 την
966 1770 1026 1801 Ἱπ-

310 1808 385 1841 πίου.
410 1822 468 1841 non
489 1812 571 1843 enim
594 1818 644 1843 est
662 1814 816 1844 Erasicles
840 1815 920 1844 filius
946 1814 1027 1854 Hip-

310 1853 382 1892 piae,
413 1855 467 1884 sed
504 1856 564 1886 duo
595 1858 806 1895 producuntur
838 1858 1026 1894 testimonia,

311 1906 403 1926 unum
428 1899 589 1936 Erasiclis,
617 1899 745 1931 alterum
773 1900 912 1940 Hippiae.
946 1901 1027 1931 illius

311 1941 520 1972 testimonium
551 1943 661 1984 incipit
691 1955 720 1984 p.
749 1945 823 1975 934.
854 1947 905 1975 15.
937 1945 1026 1983 hujus

310 1982 384 2014 ibid.
402 1987 455 2015 21.

353 2045 396 2050 —
412 2030 442 2058 6.
457 2028 615 2069 μαρτυρία]
633 2029 756 2059 correxi
772 2029 937 2070 μαρτυρίαι.
954 2036 1027 2061 sunt

310 2069 390 2100 enim
416 2071 474 2101 triu
496 2072 682 2109 testimonia,
698 2073 905 2113 Apollonidae‚
924 2074 1026 2104 Erasi-

310 2112 378 2148 clis,
396 2114 534 2154 Hippiae.

353 2175 396 2179 —-
426 2160 476 2187 15.
516 2157 691 2200 κυβερνῶντι]
730 2159 853 2189 correxi
883 2159 1024 2200 κυβερνῶν.

311 2199 488 2239 Hyblesius
503 2201 583 2231 enim
604 2207 669 2231 erat
692 2203 855 2232 nauclerus
872 2204 949 2233 duas
968 2213 1025 2233 una

310 2252 405 2282 agens
431 2254 526 2274 naves
548 2244 579 2274 in
608 2245 752 2280 Pontum,
777 2246 934 2276 Erasicles
959 2252 1025 2277 erat

310 2287 496 2325 gubernator
520 2287 648 2318 alterius
673 2289 772 2324 navis,
796 2289 903 2328 viginti
925 2300 1024 2319 remo-

309 2340 376 2359 rum
388 2330 435 2372 (v.
449 2341 480 2370 p.
493 2331 597 2371 926),
608 2332 637 2360 in
651 2343 710 2371 qua
722 2343 840 2362 merces
851 2333 1025 2363 Artemonis

310 2377 342 2402 et
366 2373 548 2413 Apollodori
574 2381 673 2410 erant,
695 2385 762 2413 quae
789 2376 874 2405 navis
899 2376 984 2406 salva
1009 2388 1025 2406 e

310 2416 411 2446 Ponto
428 2419 563 2448 Athenas
578 2418 680 2448 rediit.
699 2418 728 2447 in
745 2419 842 2448 altera
856 2419 1026 2458 Hyblesius

308 2458 377 2497 ipse
391 2461 649 2497 vehebatur‚cum
665 2462 818 2492 mercibus
831 2467 891 2492 tam
906 2462 1025 2498 alienis,

309 2513 400 2540 quam
417 2504 493 2538 suis,
509 2504 539 2533 in
555 2515 630 2543 quas
647 2505 674 2534 ei
690 2505 853 2544 Antipater
869 2517 911 2535 aes
928 2506 1025 2536 foene-

310 2545 363 2574 bre
387 2547 573 2583 crediderat,
590 2552 620 2578 et
637 2559 705 2578 cum
729 2549 880 2579 mercibus
896 2549 1025 2589 Apollo-

309 2589 389 2618 nidae
416 2590 466 2619 hic
487 2591 640 2620 testantis.
664 2591 728 2621 haec
753 2592 840 2621 navis
867 2593 898 2622 in
925 2593 1025 2622 Ponto

308 2632 410 2672 periit.
426 2633 472 2662 hae
490 2635 559 2663 duae
584 2645 678 2664 naves
699 2634 861 2672 συνέπλεον,
887 2647 943 2666 una
966 2636 1025 2666 iter

309 2676 450 2715 agebant.

351 2736 394 2742 —
409 2720 464 2749 ult.
481 2719 684 2761 Θυμαιτάδης]
706 2721 827 2751 videtur
843 2723 1025 2761 Θυμοιτάδης

306 2763 457 2801 leg.esse.
471 2763 648 2802 Thymoetas
660 2774 766 2793 nomen
778 2767 920 2794 Graecun·
940 2767 1024 2802 novi,

306 2816 364 2845 per
379 2817 412 2841 οι,
428 2816 487 2836 non
502 2807 688 2845 Thymaetas,
703 2817 761 2845 per
775 2819 813 2837 αι,

351 2851 426 2879 937.
443 2851 494 2880 26.
517 2849 681 2890 ἀνθρώπους
695 2851 951 2891 καταφρονοῦντας]
973 2856 1023 2880 aut

305 2893 368 2930 leg.
385 2892 508 2922 videtur
522 2893 674 2933 ἀνθρώπων
695 2894 947 2933 καταφρονοῦντας,
969 2895 1022 2924 lio-

305 2936 404 2965 mines
436 2936 565 2966 aliorum
596 2942 836 2972 contemnentes,
862 2938 1022 2974 superbos,

306 2979 536 3016 superciliosos,
550 2980 629 3021 (vel,
644 2980 726 3018 quod
743 2980 850 3009 eodem
868 2980 960 3015 redit,
975 2982 1021 3009 ἀν-

303 3021 431 3061 θρώπους
450 3022 555 3058 ἄλλων,
574 3024 621 3055 vel
637 3023 749 3054 πάντων
765 3023 1020 3064 καταφρονοῦντας)

1048 195 1130 236 AN
1136 194 1378 236 NOTATA

1049 308 1111 338 aut,
1125 304 1206 341 quod
1223 304 1366 342 equidem
1390 304 1505 341 malim,
1521 302 1676 344 ἀνθρώπους
1695 306 1772 335 aaa&

1049 347 1221 386 φρονοῦντας.
1235 347 1360 377 homines
1376 348 1542 385 malitiosos,
1553 356 1690 387 nequam,
1702 358 1771 378 con·-

1051 390 1117 420 silz'ci
1132 391 1292 428 perniciosa
1307 391 1465 431 agitantes.

1096 435 1170 464 938.
1186 435 1216 464 3.
1240 432 1367 474 ἑαυτοῖς]
1385 433 1456 468 sibi,
1473 432 1597 472 suisque
1612 433 1769 463 fratribus.

1095 493 1137 499 —-·
1155 479 1186 506 7.
1210 474 1428 515 ἐπαγγέλλεται
1449 476 1498 505 καὶ
1522 475 1616 517 δεινὸς]
1639 481 1692 506 aut
1717 476 1772 506 de-

1053 520 1174 549 lendum
1195 524 1242 549 est
1259 518 1320 556 καὶ,
1341 525 1393 550 aut
1416 519 1675 558 transponendum
1699 524 1771 549 ante

1054 564 1180 592 verbum
1196 560 1304 601 ἐπαγγ.
1325 574 1394 593 num
1415 562 1523 592 harum
1538 572 1648 603 quoque
1667 572 1770 593 rerum

1050 607 1187 645 peritiam
1203 611 1230 635 et
1246 612 1338 636 artem
1351 606 1521 646 profitetur.

1095 667 1138 672 —
1162 650 1214 679 15.
1242 649 1365 691 τούτων]
1400 649 1489 687 uncis
1519 647 1642 678 inclusi.
1669 647 1772 688 possit

1053 692 1129 722 alias
1154 691 1199 722 sic
1222 693 1308 733 legi:
1339 693 1354 725 ἢ
1382 693 1475 723 αὐτῶν
1501 693 1557 722 τῶν
1580 693 1622 722 τα
1647 693 1771 722 τοιαῦτα

1053 733 1269 774 παιδευομένων.

1097 796 1139 802 -——
1156 780 1208 809 25.
1223 780 1288 813 τοὺς
1304 778 1366 819 περὶ
1381 781 1436 809 τῶν
1451 776 1632 817 συμξολαίων
1645 780 1700 808 τῶν
1716 776 1772 818 {pz-

1054 824 1180 862 ωορικῶν
1195 821 1375 863 δικάζοντας]
1403 822 1640 852 Thesmothetas
1657 832 1710 851 eos
1726 822 1774 851 fu-

1054 865 1116 894 isse
1132 869 1218 903 patet
1241 874 1258 894 e
1278 875 1309 904 p.
1326 867 1400 896 920.
1417 868 1469 896 20.
1496 865 1572 895 alias
1598 865 1773 904 suspicarer

1055 912 1214 937 curatores
1231 912 1339 946 portus
1356 919 1437 938 esse.
1453 918 1483 937 v.
1501 918 1532 947 p.
1547 910 1623 939 894.
1641 911 1672 939 6.

1100 952 1172 981 939.
1191 953 1222 980 P.
1244 951 1288 990 τῷ
1307 950 1416 992 τούτῳ]
1447 950 1571 980 correxi
1594 950 1638 990 τῷ
1660 949 1771 981 τούτου.

1056 993 1146 1033 hujus
1163 993 1261 1027 fratri,
1277 995 1346 1024 scil.
1365 993 1534 1024 Artemoni.

1099 1055 1141 1060 —-
1157 1039 1188 1067 3.
1211 1034 1257 1077 αἶρ’
1272 1037 1305 1067 ἓιν
1319 1037 1431 1079 οἴεσθε]
1449 1036 1582 1067 inediam
1599 1047 1704 1066 vocem
1721 1037 1775 1066 ad-

1057 1079 1133 1109 didi.
1161 1079 1193 1110 ἓιν
1209 1080 1344 1110 cohaeret
1359 1091 1428 1111 cum
1443 1078 1533 1119 λέγειν
1548 1090 1578 1110 v.
1591 1081 1622 1111 5.

1100 1125 1174 1154 940.
1191 1126 1221 1155 9.
1236 1125 1301 1158 τοὺς
1315 1122 1363 1154 ἐπὶ
1379 1123 1512 1165 θανάτῳ]
1531 1123 1663 1154 subaudi
1680 1122 1773 1153 δεθέν-

1056 1178 1123 1201 τας.

1100 1227 1142 1233 --
1158 1209 1210 1240 15.
1234 1209 1324 1241 οὐκοῦν
1342 1208 1490 1241 ὑπόλοιπόν
1510 1207 1589 1239 ἐστιν
1604 1210 1626 1240 οἳ
1643 1220 1775 1249 στρατη-

1057 1252 1115 1293 γοὶ]
1150 1254 1257 1283 Lamb.
1281 1253 1348 1284 vult
1372 1253 1463 1283 οὐκοῦν
1488 1251 1635 1283 ὑπόλοιποί
1659 1253 1728 1282 εἰσιν
1752 1253 1775 1283 οἱ

1058 1296 1226 1337 στρατηγοί.
1241 1302 1290 1327 est
1305 1296 1430 1336 quidem
1447 1307 1482 1326 ea
1495 1296 1572 1325 ratio
1586 1296 1776 1335 planissima.

1059 1339 1161 1369 malim
1179 1345 1280 1369 tamen
1297 1341 1341 1370 sic
1355 1352 1362 1370 ;
1387 1340 1477 1370 οὐκοῦν
1492 1339 1641 1369 ὑπόλοιπόν
1655 1337 1722 1369 ἐστι
1734 1356 1777 1361 -

1060 1386 1107 1412 est
1133 1383 1199 1412 haeo
1226 1382 1349 1422 species
1379 1383 1518 1422 quaedam
1545 1381 1778 1421 aposiopeseos.

1059 1431 1164 1455 orator
1181 1426 1263 1455 enim
1284 1426 1349 1457 haeo
1373 1426 1576 1471 pronuncians
1595 1435 1700 1455 vocem
1726 1436 1778 1465 pa-

1060 1479 1186 1508 rumper
1201 1469 1342 1499 sustinet.
1361 1474 1424 1499 tum
1442 1468 1568 1508 subjicit
1584 1469 1708 1498 brevem
1732 1469 1779 1510 in-

1060 1512 1299 1551 terrogationem
1321 1511 1364 1548 τί,
1392 1513 1564 1553 quidnam?
1598 1511 1648 1541 cui
1673 1513 1776 1542 statim

1060 1557 1229 1595 respondet
1246 1556 1316 1595 ipse
1334 1556 1509 1595 subjiciens,
1523 1554 1545 1584 οἳ
1558 1555 1725 1594 στρατηγοί.

1104 1616 1147 1620 -—
1161 1601 1211 1629 17.
1228 1595 1300 1630 οὗτοι
1317 1599 1476 1638 εἰσάγοντες
1491 1599 1529 1632 εἷς
1540 1597 1573 1627 τὸ
1586 1597 1777 1639 δικαστήριον]

1063 1641 1149 1672 uncis
1175 1642 1297 1673 inclusi.
1322 1643 1445 1672 videtur
1469 1650 1570 1672 natum
1595 1651 1703 1671 essee
1726 1652 1779 1671 va-

1062 1684 1158 1715 riante
1173 1686 1400 1724 insequentium
1414 1685 1560 1722 lectione,
1580 1684 1609 1714 οὔ
1632 1695 1675 1714 τοι
1697 1684 1778 1715 εἰσά-

1059 1739 1154 1768 γουσιν
1169 1728 1206 1762 εἶς
1220 1727 1254 1758 τὸ
1269 1729 1323 1759 δικ.

1103 1789 1146 1793 -
1164 1775 1212 1804 19.
1236 1770 1289 1806 ἑνός
1303 1773 1358 1802 τῶν
1373 1770 1511 1812 ἐμπόρων,
1527 1770 1575 1801 καὶ
1599 1770 1650 1799 τοῦ
1675 1769 1778 1804 λαβόν-

1060 1814 1123 1854 τος]
1152 1825 1210 1844 non
1239 1815 1354 1845 alienus
1382 1816 1439 1845 sim
1467 1825 1485 1844 a
1512 1814 1645 1844 lectione
1673 1825 1779 1844 eorum

1060 1859 1215 1894 codicum,
1239 1859 1303 1897 qui,
1327 1859 1442 1888 omisso
1468 1856 1532 1893 ἐνὸς,
1560 1856 1605 1886 sic
1631 1857 1705 1887 dant
1728 1857 1779 1887 τοῦ

1060 1900 1183 1940 ἐμπόρου
1198 1902 1247 1931 τοῦ
1263 1901 1409 1936 λαβόντος.
1426 1901 1551 1940 vulgata
1573 1899 1598 1929 si
1625 1904 1778 1936 servatur,

1060 1945 1164 1973 malim
1184 1944 1232 1974 καὶ
1258 1950 1329 1984 post
1353 1947 1402 1974 τοῦ
1424 1943 1581 1980 collocari,
1600 1948 1635 1974 ut
1661 1944 1701 1974 sit
1725 1942 1778 1979 ἑνός

1060 1990 1114 2016 τῶν
1128 1985 1269 2028 ἐμπόρων,
1283 1989 1332 2018 τοῦ
1348 1987 1396 2018 καὶ
1412 1986 1559 2021 λαβόντος.

1104 2033 1177 2061 941.
1198 2035 1226 2061 1.
1251 2032 1265 2062 ἦ
1289 2030 1356 2072 πρὸς
1379 2031 1510 2072 τούτους]
1532 2029 1599 2060 soil.
1621 2029 1685 2072 ἐμοὶ
1708 2042 1778 2071 γρα-

1059 2074 1163 2114 φεῖσα,
1179 2073 1194 2105 ἢ
1209 2073 1333 2114 κειμένη.

1103 2135 1144 2140 —
1162 2120 1214 2147 11.
1236 2117 1345 2156 μηδενὶ,
1359 2116 1433 2156 μηδὲ
1448 2115 1485 2146 ἇῗν
1499 2113 1589 2157 οὗτοι]
1612 2117 1777 2146 secundam

1059 2170 1167 2190 vocem
1183 2161 1299 2190 addidi.
1323 2170 1413 2200 neque
1428 2161 1579 2200 cuiquam,
1594 2161 1645 2199 qui
1660 2161 1693 2190 in
1708 2161 1777 2190 isco-

1057 2213 1126 2232 ‘rum
1141 2209 1279 2242 potestate
1299 2205 1348 2234 sit.
1373 2207 1406 2232 ut
1427 2213 1529 2237 servo,
1545 2202 1593 2232 vel
1619 2203 1720 2239 agenti
1745 2204 1776 2233 in

1058 2246 1163 2282 rebus,
1178 2252 1231 2276 aut
1248 2247 1309 2277 lilio
1325 2246 1465 2281 familias,
1479 2251 1531 2275 aut
1547 2246 1678 2285 pupillo.

1101 2307 1142 2311 -
1163 2292 1215 2320 12.
1237 2289 1286 2319 καὶ
1310 2289 1411 2320 τᾶλλα
1434 2288 1476 2318 τὰ
1499 2287 1686 2328 γεγραμμένα
1713 2287 1777 2329 περὶ

1059 2330 1184 2362 ἑκάστου
1213 2332 1321 2372 αὐτῶν]
1349 2343 1409 2362 non
1434 2332 1577 2363 videntur
1601 2332 1671 2371 ipsa
1696 2332 1775 2371 legis

1059 2376 1164 2412 verba,
1181 2377 1234 2405 sed
1252 2376 1382 2406 oratoris
1397 2374 1542 2406 brevitati
1559 2375 1723 2412 studentis,
1746 2380 1777 2405 et

1058 2419 1183 2457 longum
1198 2419 1332 2449 indicem
1347 2419 1495 2449 mercium
1515 2418 1546 2448 in
1565 2419 1635 2456 lege
1654 2429 1778 2449 enume-

1059 2465 1190 2491 ratarum
1222 2462 1539 2502 compendifacientis.
1572 2466 1636 2491 tum
1667 2471 1775 2491 rursus

1059 2504 1161 2544 pergit
1175 2505 1228 2535 lex
1245 2504 1291 2536 ἐὰν
1305 2504 1334 2535 δέ
1349 2517 1394 2539 τις
1408 2504 1488 2545 ἐκδῷ.

1101 2566 1144 2570 -—
1161 2551 1212 2578 16.
1228 2551 1308 2579 κατὰ
1323 2549 1436 2590 ταῦτα]
1453 2548 1554 2578 malim
1570 2544 1650 2576 κατοί
1665 2546 1777 2577 ταύτά.

1103 2593 1178 2622 942.
1194 2594 1248 2622 10.
1263 2591 1304 2621 τοὶ
1318 2592 1479 2634 χρήματα]
1494 2595 1563 2631 post
1577 2588 1620 2619 τοι)
1631 2589 1777 2631 χρήματα

1058 2635 1167 2665 deesse
1196 2635 1320 2665 videtur
1350 2635 1533 2675 Δπειράσομαι
1556 2633 1699 2670 δεικνύναι,
1725 2633 1775 2663 vel

1059 2678 1158 2708 simile
1173 2678 1258 2717 quid.

1101 2739 1143 2744 —-
1161 2722 1212 2751 15.
1235 2722 1274 2755 εἷς
1288 2719 1348 2751 Χίον
1364 2718 1381 2750 ῗῗ
1394 2717 1631 2758 διαπεσταλκὼς]
1654 2717 1684 2747 iu
1707 2718 1778 2749 aliis

1058 2770 1105 2794 est
1120 2766 1315 2797 ἀπεσταλκὼς
1330 2763 1474 2803 simplex.
1496 2761 1615 2802 placuit
1631 2771 1671 2791 ex
1691 2761 1781 2802 inge-

1057 2808 1108 2837 nio
1125 2809 1196 2837 dare
1218 2807 1258 2841 εἷς
1274 2806 1334 2837 Χίον
1348 2809 1375 2837 νὴ
1392 2805 1448 2836 Δία
1465 2804 1600 2846 φαίνηται
1617 2805 1780 2834 ἀπεσταλ-

1056 2853 1122 2884 κώς.
1147 2852 1178 2880 in
1201 2850 1320 2886 Chium,
1334 2859 1386 2888 per
1402 2850 1487 2879 deum
1503 2848 1709 2883 immortalem,
1729 2848 1779 2879 ‹le-

1054 2894 1257 2933 prehendatur
1284 2893 1439 2933 ablegasse.
1474 2891 1550 2921 illud
1581 2892 1608 2921 νὴ
1641 2890 1709 2920 Δία·
1731 2895 1780 2921 est.

1056 2936 1233 2967 admirantis
1250 2945 1320 2965 cum
1335 2934 1544 2974 indignatione
1565 2938 1657 2973 atque
1683 2934 1782 2964 mise-

1056 2980 1182 3010 ratione.
1196 2981 1284 3015 hona,
1300 2989 1367 3018 quae
1380 2978 1508 3009 Athenis
1518 2978 1671 3007 debebant
1684 2976 1780 3013 mitti,

1055 3023 1163 3054 Chium
1179 3022 1369 3062 ablegantur.
1379 3032 1427 3052 res
1438 3021 1577 3060 indigna,
1589 3030 1639 3050 res
1647 3020 1775 3051 acerba.
