1931 3323
325 206 410 248 484

328 311 476 353 οἰνθρώποις
486 311 597 354 οἶςετῆν.
610 313 902 356 verbafunditnndo,
915 315 1047 345 inaniter

333 357 429 386 multa
441 358 648 397 perloquendo.

376 417 419 422 -—-
439 404 491 431 11.
513 399 593 435 δ’σους
612 401 644 431 ἂν
668 399 748 443 ἐθέλῃ
770 401 829 441 τις]
853 410 884 431 as
903 411 992 441 many
1019 410 1050 429 as

333 453 385 473 one
400 443 497 473 would
512 443 591 474 wish.
638 444 758 484 Lingua
773 445 851 475 enim
867 450 969 474 nostra
982 453 1047 472 ver-

334 486 442 515 nacula
459 487 489 516 in
507 488 564 517 hac
579 488 696 526 phrasi,
711 495 741 517 ut
759 487 827 517 aliis
850 498 908 516 non
933 486 1049 527 paucis,

334 528 482 569 ἐλληνίζει,
506 531 543 560 ad
568 531 711 561 amussim
734 531 874 560 convenit
898 541 966 560 cum
994 531 1050 559 Gr.

336 573 410 602 Vid.
430 573 503 602 alibi
519 573 623 613 plures
640 574 813 612 hujusmodi
831 573 1051 613 συνεμπτῶσεις

338 626 391 645 seu
408 617 636 647 conformitates
647 617 758 655 linguae
776 624 887 646 nostrae
900 628 968 646 cum
980 619 1036 646 Gr.

381 677 422 681 --
444 662 496 691 19.
518 660 644 699 μάταιον
665 661 770 701 μῆκος]
803 670 908 689 ‘vanam
928 660 1051 698 proli-ti-

337 707 436 732 talem..
461 707 492 732 et
509 704 647 741 profecto
663 704 736 733 nibil
757 703 945 743 μοιταιότεξον
962 713 1050 742 quam

337 745 511 785 hujusmodi
523 748 625 786 μῆκος,
640 746 713 776 nihil
727 747 834 775 vanius
849 757 936 784 quam
951 747 1053 785 inepta

336 794 367 818 et
381 790 534 829 superflua
549 789 698 819 sermonis
715 790 888 828 prolixitas.
903 790 983 827 quod
1010 790 1053 819 vi-

336 831 413 862 tium
436 833 568 862 maxime
593 832 705 862 vitavit
728 833 889 863 Demosth.
910 833 940 862 in
957 832 1054 862 omni-

340 877 396 904 bus
428 875 493 905 suis
522 875 731 913 orationibus;
755 881 861 915 utpote
890 886 950 915 quo
980 876 1054 906 nihil

338 919 488 957 pressius,
518 929 574 948 neo
604 918 743 956 densius,
780 930 836 949 nec
864 919 1054 950 adstrictius.

339 962 441 1000 Atque
459 963 523 991 liaeo
538 961 592 991 illa
606 968 653 991 est
669 962 851 1004 Βραχυλογίοι
866 968 897 992 et
912 961 1056 1003 συντομία,

339 1006 388 1033 τοῦ
408 1004 501 1043 λόγου,
519 1016 608 1044 quam
626 1006 655 1035 in
672 1011 795 1036 oratore
815 1012 921 1036 nostro
938 1007 1056 1046 deprae-

339 1047 442 1077 dicant
464 1055 494 1078 et
513 1049 699 1079 admirantur
721 1050 871 1080 Rhetures
888 1050 1057 1090 Criticique

341 1101 457 1127 omnes,
471 1093 601 1131 Dionys.
613 1093 701 1129 Hah,
716 1094 881 1133 Longinus,
896 1095 1057 1133 Hermog.‚

341 1135 506 1172 Quinctil„
521 1141 581 1166 etc.
627 1137 883 1177 Βίιΐετιιιιῐμῐκος
897 1142 926 1167 et
941 1139 1057 1178 μῆχοςε

341 1179 402 1207 imo
433 1184 639 1218 opponuntur.
675 1181 768 1219 μῆκος
805 1185 853 1210 est
889 1182 1055 1220 moliminis,

341 1222 504 1261 longitudo
518 1223 678 1259 sermonis,
692 1226 778 1263 cuius
791 1225 891 1253 nullus
903 1225 980 1259 finis,
991 1224 1057 1254 nul-

339 1265 389 1294 lus
413 1265 538 1303 exitus;
562 1278 661 1307 μηχος
679 1272 726 1296 est
741 1268 919 1303 eiilus‚via,
936 1268 1059 1298 consili-

340 1318 402 1344 um,
417 1310 597 1346 remedium,
613 1311 694 1340 idem
712 1311 793 1350 quod
806 1323 935 1352 μηχανη.
957 1310 1016 1341 οὐδε
1029 1323 1059 1341 τι

340 1354 439 1392 μῆχος
457 1351 524 1383 Ἠεν
542 1352 713 1394 &raveto-&ah
736 1355 843 1393 Agam.
872 1355 1006 1395 [Odyss.
1028 1361 1057 1385 E.

340 1398 414 1426 238.
418 1395 431 1435 ]
447 1398 545 1438 μῆχος
561 1407 617 1435 pro
632 1397 761 1438 μηχανή.
779 1400 815 1427 ab
830 1396 898 1434 ἦδος,
914 1398 998 1429 fiam.
1032 1401 1056 1429 A

341 1450 445 1488 μνικος,
463 1441 539 1470 Dor.
555 1441 660 1479 μᾶκος,
683 1442 715 1471 iit
733 1441 850 1481 μακρός.
875 1444 1059 1472 observetur

340 1482 421 1511 enim
445 1484 510 1513 haec
527 1494 612 1523 i·..eg
605 1494 613 1512 :
637 1489 644 1501 ¹
660 1485 758 1514 Multa
782 1486 936 1524 adjectiva
958 1490 1058 1524 oxy-,t

342 1525 485 1556 habentia
499 1527 587 1557 aliam
605 1533 836 1564 consonantem,
850 1530 877 1559 in
895 1542 936 1570 gog
954 1530 1027 1559 liunt
1041 1540 1059 1559 a

340 1569 543 1600 substantivis·
561 1572 699 1601 neutrius
719 1573 840 1610 geneiis
861 1573 889 1602 in
912 1584 949 1608 ος,
973 1583 1058 1603 assu-

339 1613 450 1642 mendo
474 1626 515 1654 ς
509 1619 577 1644 ante
601 1614 650 1651 ος,’
677 1620 710 1644 ut
732 1616 769 1644 ab
793 1614 876 1657 ἔχθος
901 1615 1018 1658 ἐχθρὸς,
1042 1627 1059 1645 a

339 1656 419 1690 κῦδος
435 1669 530 1698 -ρος,
555 1659 593 1687 ab
613 1658 724 1698 ἔξευὲος
736 1659 832 1699 -ξδς,
854 1660 899 1689 sic
922 1671 939 1690 a
958 1662 1060 1700 μῆκος,

339 1701 446 1738 μᾶκος,
458 1701 575 1741 μακρὸς,
589 1713 604 1731 a
615 1703 732 1741 στῖφος,
743 1713 860 1742 agmen,
874 1703 963 1733 densa
975 1705 1060 1738 acies,

341 1742 435 1782 -ρός,
458 1743 707 1785 densus,firmus,
728 1746 777 1775 vel
795 1745 954 1786 confertus,
972 1757 989 1775 a
1004 1745 1060 1784 ψῦ-

338 1796 402 1826 χος,
418 1786 513 1827 -ρος

385 1830 423 1860 Ρ.
450 1833 524 1862 037.
551 1833 580 1861 Ξ.
618 1829 766 1872 ἐξέφυγεν]
802 1831 921 1873 effugit,
955 1832 1060 1862 horum

342 1872 417 1902 nihil
443 1874 532 1904 vobis
557 1874 722 1904 infeliciter
747 1876 908 1904 suecessit.
936 1875 1061 1914 elegans

343 1915 529 1954 significatio
546 1918 637 1955 hujus
657 1918 743 1947 verbi
764 1916 904 1956 ἐκφυγεῖν,
930 1929 989 1957 qua
1005 1920 1062 1949 de-

342 1958 448 1988 lectari
466 1961 587 1989 videtur
603 1961 764 1990 Demosth.
790 1961 843 1990 Ol.
861 1967 889 1990 Γ.
908 1962 933 2000 §.
950 1961 979 1993 B'
982 1982 989 1990 .
1010 1961 1062 1992 πέ-

341 2013 469 2042 πεισμαι
486 2005 540 2043 γᾶς
553 2014 581 2032 κ.
596 2015 627 2033 τ.
642 2010 670 2033 λ.
686 2004 848 2034 maximam
864 2004 992 2034 istorum
1010 2016 1062 2034 ne-

342 2046 496 2084 gotiorum
514 2051 631 2085 partem
649 2057 689 2076 ex
710 2047 847 2077 manibus
866 2048 979 2077 nostris
999 2048 1063 2078 ela-

343 2099 428 2127 psam
446 2089 525 2119 esse.
542 2089 611 2118 aliis
627 2090 656 2119 in
674 2090 831 2129 plerisque
851 2101 903 2121 vos
920 2091 1061 2120 frustrari

342 2132 490 2171 negotiis.
515 2134 577 2162 Res
588 2133 688 2172 aliqua
700 2134 813 2163 dicitur
827 2133 956 2174 ἐκφυγεῖν
971 2134 1062 2175 ἦμὲἱς,

341 2177 428 2214 cujus
443 2186 498 2214 spe
512 2176 698 2212 excidimus,
714 2181 744 2206 et
760 2187 828 2215 qum
846 2177 940 2207 veluti
965 2178 1062 2208 elabi-

341 2224 390 2248 tur
414 2220 503 2249 nobis
523 2230 564 2249 ex
587 2220 739 2249 manibus.
765 2221 859 2250 Hom
887 2231 965 2262 prop
970 2221 1012 2251 rie
1031 2226 1063 2251 et

342 2263 472 2302 genuine
490 2264 541 2303 (ut
558 2263 698 2302 semper)
719 2262 960 2306 [11.A.407.‘]
952 2264 1015 2294 ὅττι
1032 2265 1061 2295 δή

341 2306 362 2335 οἶ
381 2305 492 2341 βέλος’
480 2318 536 2336 mnu
549 2304 664 2336 ἐτωσιον
678 2306 784 2346 ἔκφυγε
798 2307 900 2358 χειξός.

386 2367 431 2372 —-
446 2353 477 2381 3.
510 2349 706 2389 ἐπεθλέψατε
737 2350 803 2391 πξὸς
825 2349 982 2385 οἰλλήλους.
1003 2373 1011 2382 .
1029 2373 1037 2382 .
1054 2373 1061 2381 .

345 2393 506 2433 ιτς-ἄξοντα]
534 2396 604 2424 Ηοο
630 2400 676 2424 est
695 2393 729 2424 id
756 2395 837 2434 quod
862 2395 935 2424 alibi
962 2396 991 2425 in
1019 2397 1062 2425 A-

342 2435 425 2465 then.
454 2437 558 2476 culpat
582 2437 828 2468 Demosthenes:
865 2444 898 2468 ut
921 2438 1002 2468 Phil.
1028 2445 1062 2468 A.

344 2477 391 2518 [p
402 2481 453 2510 93.
465 2485 565 2520 antep.
575 2482 623 2510 ed.
633 2481 781 2522 Nostr.]
770 2493 798 2512 ην
801 2483 889 2531 'inach
901 2482 993 2513 αὐτῶν
1006 2480 1063 2512 ἐθε-

345 2521 450 2551 λήσετε
466 2522 601 2560 γενέσθαι
625 2524 761 2555 etc.1ta
779 2525 838 2555 viz.
855 2525 921 2555 fieri
936 2526 1041 2556 amat
1032 2537 1063 2555 ιι]

343 2566 540 2596 multitudine
557 2568 710 2597 hominum
727 2573 817 2608 atque
829 2569 1064 2607 communitate3

343 2608 396 2637 alii
420 2609 450 2638 in
475 2609 551 2640 alios
574 2621 651 2641 onus
674 2617 765 2650 atque
786 2622 864 2651 opus
884 2612 1063 2643 devolvunt.

345 2652 416 2682 Hoc
433 2662 549 2691 argum.
567 2653 726 2693 impugnat
742 2655 862 2686 Philus.
874 2656 1062 2686 communio-

345 2706 414 2724 nem
434 2696 635 2733 Platonicam,
659 2698 730 2735 quia
753 2709 801 2728 res
820 2698 961 2738 pluribus
980 2710 1063 2729 com-

345 2749 451 2769 munes
466 2739 646 2779 plerumque
667 2750 684 2769 a
703 2741 832 2790 singulis
854 2742 1062 2782 negliguntur.

344 2783 372 2810 V
375 2783 448 2813 erba
463 2783 640 2815 Aristotelis
660 2784 784 2823 egregia
805 2789 876 2814 sunt
895 2786 991 2815 Polit.
1013 2785 1061 2826 [ii.

343 2828 374 2855 3.
378 2825 413 2864 ]
406 2825 515 2857 η’κιστα,
530 2829 584 2867 γὰρ
598 2825 765 2866 ἐπιμελείας
780 2828 918 2869 τυγχάνει
934 2828 968 2859 τὸ
982 2828 1063 2858 πλεί-

343 2880 420 2899 στων
442 2868 532 2899 κοινόν·
555 2872 609 2900 τῶν
628 2882 684 2910 γαιξ
704 2869 776 2900 ἰδίων
794 2872 935 2909 μάλιστα
954 2871 1062 2912 φροντί-

344 2912 431 2951 ζουσι,
446 2915 502 2942 τῶν
515 2912 543 2943 δὲ
556 2915 646 2944 κοινῶν
658 2917 743 2946 ἧττον
759 2927 773 2945 η
791 2913 852 2943 ἴσον
865 2913 982 2954 ἑκάστῳ
999 2914 1061 2945 ἐπι·

340 2955 456 2987 θάλλει.
480 2967 555 2997 ωςος
569 2959 623 2996 γὰρ
639 2958 698 2991 τοῖς
712 2957 810 2991 ἄλλοις
825 2958 860 2991 ὡς
875 2957 968 2997 {rx-{gau
983 2966 1060 2998 <pem-

340 2998 462 3039 τίζοντος
477 2998 640 3039 ὀλιγωροῦσι
654 3002 780 3040 μᾶλλον,
795 3001 883 3040 ὥςπερ
898 3000 924 3031 ἐν
942 3004 1009 3035 ταῖς
1022 3002 1058 3031 οἷ-

339 3044 469 3078 :az-rina&-
480 3043 627 3078 διακονίαις
640 3045 661 3075 οἳ
675 3045 776 3076 πολλοὶ
791 3044 961 3086 θεράποντες
976 3044 1058 3075 ἐνίοτε

621 207 670 248 Τ.
704 205 982 248 STANLEII
1017 204 1494 248 ANNOTATIONES

1080 314 1171 353 χεῖρον
1200 313 1369 351 ὑπηρετοῦσι
1399 315 1453 343 τῶν
1479 313 1646 344 ἐλαττόνων.
1671 313 1795 345 minime

1082 357 1161 386 enim
1188 362 1324 386 curatum
1354 357 1522 393 multorum,
1542 367 1702 388 commune
1727 363 1794 387 est:

1083 400 1202 439 privata
1223 400 1301 429 enim
1325 404 1356 430 et
1379 399 1504 439 propria
1526 401 1656 440 quisque
1682 402 1797 439 majore

1084 443 1186 473 studio
1198 448 1228 473 et
1241 453 1324 478 cura,
1335 444 1510 473 communia
1518 449 1617 475 autem
1630 448 1662 474 et
1672 444 1798 483 publiea

1083 487 1174 525 longe
1191 486 1307 516 minore
1326 487 1495 526 diligentia,
1513 486 1724 526 prosequitur,
1740 487 1800 516 nisi

1084 530 1800 569 quatenuscujusqueinterest.negliguntRem-

1085 573 1254 612 publicam,
1262 573 1350 612 quasi
1360 584 1395 603 ea
1407 573 1474 603 aliis
1482 583 1564 603 curae
1574 579 1656 604 esset
1665 573 1801 612 nihilque

1085 617 1122 646 ad
1140 627 1172 646 se
1187 617 1374 655 pertineret:
1398 616 1443 646 ita
1459 617 1541 655 quod
1557 617 1595 646 ad
1610 627 1716 646 omnes
1730 626 1801 655 spe-

1086 664 1159 694 ctat,
1180 661 1217 688 ab
1236 660 1377 689 omnibus
1393 659 1570 699 negligitur.
1613 660 1649 689 ln
1671 660 1802 689 eundem

1086 712 1219 737 sensum,
1233 703 1320 733 Eth.
1313 714 1356 732 ix.
1369 705 1399 734 6.
1414 715 1456 741 μη
1472 705 1526 743 γὰρ
1541 702 1689 744 τηρούντων
1702 701 1735 732 τὸ
1746 712 1803 732 κοι·

1087 756 1125 775 νον
1137 744 1315 775 ἀπόλλυται.
1333 745 1486 784 συμβαίνει
1505 750 1547 777 οὐν
1562 757 1659 781 αυτοις
1673 745 1804 775 στασιά-

1088 788 1152 828 ζειν,
1172 786 1313 822 οἶλληλους
1338 788 1393 828 μὲν
1413 788 1675 830 ἐπαναγκάζοντοις,
1702 788 1807 823 αὐτους

1088 831 1116 862 δὲ
1133 833 1174 871 μὴ
1189 830 1374 871 βουλομένους
1385 834 1426 862 τὰ
1440 831 1534 862 δίκαιοι
1548 833 1644 864 ποιεῖν.

1131 892 1175 898 -—
1196 875 1275 905 ibid.
1302 873 1500 913 οἱπεβλέψοιτε
1535 875 1602 915 otgit,-
1644 874 1804 915 ἀλλῆλους]

1091 919 1225 948 Verbum
1249 917 1423 953 ἀποβλέπειν
1447 919 1479 948 in
1506 917 1642 958 syntaxi,
1665 929 1733 958 seq.
1757 929 1804 948 sc.

1089 972 1224 1001 praepOS.
1251 961 1318 1002 πςός
1340 963 1390 992 vel
1421 962 1460 996 εἷς
1487 973 1555 992 cum
1579 972 1682 992 εοεαε.
1708 972 1807 1002 pers„

1090 1005 1259 1045 saepissime
1282 1006 1312 1035 in
1333 1005 1491 1036 meliorem
1515 1011 1634 1045 partem
1662 1005 1805 1041 sumitur,

1089 1049 1216 1089 aliquem
1231 1060 1298 1079 cnm
1319 1048 1423 1080 honore
1440 1054 1467 1079 et
1482 1050 1646 1080 reverentia
1659 1049 1807 1088 suspicere

1088 1099 1116 1122 et
1129 1093 1255 1129 intueri,
1271 1092 1410 1132 adeoque
1424 1093 1515 1123 colere
1527 1099 1553 1123 et
1568 1093 1725 1122 admirari.
1754 1092 1808 1122 Sic

1091 1136 1158 1165 Lat.
1174 1137 1329 1176 suspicere,
1343 1136 1382 1166 de
1395 1145 1456 1176 qua
1475 1136 1698 1175 significatione
1718 1136 1808 1173 hujus

1091 1179 1178 1210 verbi
1203 1180 1266 1210 vid.
1292 1179 1376 1210 alibi.
1423 1179 1516 1216 Quod
1540 1180 1566 1210 si
1588 1180 1700 1210 vocab.
1715 1177 1810 1209 α’λλῆ·

1091 1229 1155 1256 λους
1171 1228 1327 1262 sequatur,
1340 1228 1404 1253 tum
1419 1222 1450 1252 in
1465 1224 1599 1262 pejorem
1616 1227 1736 1262 partem
1753 1232 1809 1252 ex-

1092 1267 1226 1305 ponitur.
1263 1268 1455 1297 Observetur
1471 1266 1567 1305 igitur
1587 1265 1755 1295 discrimen
1775 1265 1809 1295 in

1093 1310 1178 1339 vario
1203 1321 1258 1339 usu
1278 1311 1368 1349 hujus
1385 1309 1473 1340 verbi
1488 1308 1676 1343 εἰποΒλὲπειν.
1696 1307 1809 1342 dvi-067«.

1093 1354 1130 1387 εἴς
1149 1365 1212 1383 τινα.
1232 1354 1357 1383 denotat
1370 1353 1517 1383 honorem
1537 1357 1568 1382 et
1586 1352 1810 1390 reverentiam3

1094 1403 1123 1426 at
1139 1397 1250 1431 ἀποβλ.
1263 1395 1329 1437 πρὸς
1344 1397 1393 1427 vel
1409 1397 1448 1432 εἷς
1459 1395 1613 1432 α’λλξιλους,
1627 1395 1749 1426 consilii
1765 1396 1812 1425 in-

1093 1441 1205 1479 opiam,
1220 1446 1270 1470 aut
1284 1440 1443 1476 incuriam,
1457 1445 1488 1470 et
1500 1440 1652 1478 ignaviam
1667 1444 1698 1468 et
1713 1438 1811 1478 negli-

1093 1483 1238 1523 gentiam,
1251 1484 1335 1513 utiin
1349 1483 1487 1513 hocloco
1500 1485 1590 1513 Dem.
1612 1482 1730 1512 Similis
1741 1482 1811 1512 huic

1093 1527 1212 1567 phrasis
1229 1527 1364 1558 occurrit
1385 1527 1415 1559 iu
1437 1529 1529 1557 Sacra
1544 1527 1582 1556 P.
1598 1527 1675 1556 Gen.
1694 1524 1763 1555 xlii.
1779 1529 1811 1556 1.

1094 1571 1145 1600 ubi
1157 1571 1256 1602 Jacob
1271 1571 1432 1610 increpans
1445 1570 1536 1607 filios,
1547 1570 1626 1600 same
1639 1572 1811 1609 grassante,

1093 1615 1174 1653 quod
1190 1614 1221 1644 in
1233 1614 1346 1655 AEgvp.
1360 1625 1419 1644 non
1435 1614 1583 1644 descend.
1598 1613 1636 1643 ad
1651 1613 1810 1643 emendam

1092 1668 1252 1688 annonam.
1739 1655 1815 1686 ινατί

1093 1699 1258 1741 ῥᾳθυμεῖτε,
1286 1710 1377 1741 qnare
1402 1687 1486 1730 otiosi
1508 1701 1584 1735 estis,
1612 1700 1694 1738 vulg.
1722 1709 1814 1738 quare

1094 1745 1254 1785 negligitis,
1271 1754 1364 1783 qnare
1380 1743 1505 1774 desides
1520 1742 1702 1773 cunctamini
1719 1748 1750 1772 et
1761 1743 1813 1772 alii

1095 1788 1173 1817 alios
1191 1787 1367 1826 adspicitis‚
1391 1797 1494 1816 curam
1519 1792 1552 1816 et
1574 1796 1653 1815 onus
1676 1785 1812 1821 familiae,

1095 1830 1292 1870 comparandi
1313 1829 1466 1866 frumenti,
1493 1829 1545 1860 alii
1559 1829 1591 1858 in
1607 1829 1684 1859 alios
1707 1829 1812 1867 rejici-

1096 1878 1193 1903 entes.
1207 1875 1233 1903 is
1250 1874 1369 1903 videtui·
1383 1884 1451 1903 esse
1463 1883 1573 1903 seusus
1584 1883 1687 1902 eorum
1702 1873 1811 1902 verbo-

1095 1927 1172 1952 rum,
1189 1927 1361 1956 quanquam
1377 1917 1429 1946 alii
1443 1917 1533 1946 aliter
1549 1915 1716 1955 explicant,
1741 1915 1814 1945 ἱνατί

1092 1959 1282 1992 αἰποβλέπετε
1299 1959 1366 1998 πςός
1378 1959 1532 1995 ἀλλήλους,
1548 1958 1614 1989 sive
1630 1969 1670 1989 ex
1682 1969 1814 1989 consue-

1096 2002 1201 2032 tudine
1218 2003 1301 2042 apud
1319 2003 1427 2032 Athen.
1443 2002 1509 2032 sive
1531 2013 1570 2031 ex
1590 2002 1670 2041 lege.
1718 2002 1814 2033 Vide·

1095 2056 1162 2074 mus
1196 2045 1245 2074 hic
1276 2050 1405 2085 quatuor
1428 2045 1581 2074 hominum
1611 2055 1733 2083 genera,
1757 2056 1813 2076 seu

1096 2089 1233 2124 ordines,
1244 2089 1297 2127 qui
1310 2087 1425 2123 ἐτελεῖς
1438 2093 1535 2124 erant,
1547 2094 1577 2118 et
1586 2087 1812 2128 ἀλειτούργητοι,

1095 2143 1113 2161 a
1139 2132 1315 2162 muneribus
1331 2132 1466 2170 publicis
1486 2136 1517 2162 et
1535 2131 1813 2162 contributionibus

1095 2175 1257 2211 immunes,
1274 2174 1462 2212 οἰσύντοικτοι,
1486 2186 1502 2205 a
1526 2175 1690 2214 sytaxibus
1711 2175 1814 2211 liberi,

1096 2229 1152 2248 nec
1171 2218 1305 2259 εἷσφὲςειν
1327 2219 1482 2249 tenebant.
1506 2224 1556 2248 tax
1568 2217 1650 2259 free.
1675 2216 1706 2248 hi
1727 2224 1815 2250 erant

1095 2260 1248 2302 ἐπίκληξοι,
1271 2262 1389 2302 ὅξφοινοῖ,
1410 2262 1569 2303 κληροῦχοι,
1592 2261 1746 2298 κοινωνικοὶ,
1769 2272 1813 2292 sn-

1094 2307 1225 2341 cietates,
1236 2306 1302 2336 haec
1317 2306 1392 2335 ordo
1410 2305 1447 2335 ad
1459 2315 1513 2334 nos
1529 2309 1660 2344 spectat.

1138 2367 1180 2372 -—-
1193 2350 1272 2380 ibid.
1292 2347 1523 2389 αὐτδςὲκαο-τος]
1552 2348 1601 2378 Ad
1615 2359 1641 2378 v.
1653 2349 1709 2387 ipse
1721 2359 1813 2379 unus-

1096 2394 1214 2433 quisque
1232 2402 1284 2431 per
1306 2402 1333 2422 se
1355 2397 1384 2422 et
1409 2393 1439 2422 in
1462 2402 1515 2422 sua
1537 2393 1657 2430 propria
1680 2401 1815 2430 persona.

1097 2437 1147 2466 Ex
1163 2437 1209 2465 his
1226 2436 1345 2466 dnobus
1367 2436 1495 2465 vocibus
1517 2434 1710 2474 componitur
1733 2434 1813 2465 αὐθέ-

1095 2489 1217 2515 καστος,
1245 2479 1327 2518 quod
1354 2478 1518 2517 aliquando
1545 2478 1577 2507 iu
1605 2479 1728 2513 bonam,
1757 2479 1811 2508 sed

1097 2523 1277 2562 plerumque
1308 2522 1336 2552 in
1370 2523 1491 2558 malam,
1521 2526 1639 2561 partem
1671 2521 1814 2559 sumitur,

1096 2572 1261 2602 contumax,
1268 2565 1424 2606 perficiens,
1437 2575 1560 2600 severus,
1572 2564 1704 2605 rigidus,
1717 2575 1812 2604 asper.

1097 2610 1158 2640 Sed
1174 2611 1213 2640 de
1229 2611 1287 2640 hoo
1305 2609 1454 2640 vocabulo
1469 2608 1538 2638 dixi
1557 2607 1607 2650 (ni
1627 2607 1736 2649 fallor)
1760 2618 1811 2638 un-

1097 2657 1157 2683 tea.
1203 2655 1337 2684 Notetur
1353 2662 1432 2683 nunc
1452 2651 1645 2687 solummodo
1662 2651 1728 2680 haee
1746 2661 1811 2692 reg.

1098 2697 1207 2727 Eusth.
1222 2708 1228 2726 :
1252 2696 1350 2726 Πολλῖι
1362 2694 1428 2726 ἐστι
1444 2695 1558 2736 διαφορὰ
1569 2696 1619 2724 τοῦ
1631 2704 1664 2724 τε
1679 2693 1812 2724 διαλελυ-

1095 2739 1181 2778 μένου
1200 2739 1248 2769 καὶ
1267 2741 1317 2770 τοῦ
1333 2737 1476 2769 συνθέτου.
1519 2740 1529 2755 ⁴
1546 2738 1646 2768 Multa
1663 2738 1814 2768 vocabula

1096 2784 1126 2813 in
1139 2785 1218 2814 bono
1233 2794 1323 2814 sensu
1338 2789 1522 2822 usurpantur
1537 2780 1663 2811 divisim
1679 2784 1711 2811 et
1723 2792 1812 2820 sepa-

1096 2828 1195 2864 ratim,
1211 2838 1279 2867 quae
1292 2826 1475 2866 conjunctim
1491 2830 1522 2855 et
1537 2824 1567 2854 in
1587 2824 1812 2862 compositione

1097 2871 1203 2901 malam
1217 2869 1472 2910 significationem
1486 2868 1616 2905 habent3
1633 2872 1664 2897 et
1676 2878 1694 2897 e
1705 2873 1812 2898 contra

1094 2914 1262 2954 aliquando
1277 2913 1368 2944 etiarn
1387 2911 1533 2942 vocabula
1551 2889 1640 2941 extio
1659 2912 1813 2949 composi-

1094 2957 1207 2988 tionem
1226 2957 1304 2987 male
1325 2961 1432 2987 sonant
1456 2959 1487 2984 et
1505 2954 1535 2984 in
1559 2953 1696 2994 sequiori
1719 2965 1810 2986 sensu

1093 3005 1262 3040 ponuntur,
1277 3010 1344 3040 quae
1368 2998 1552 3038 conjunctim
1577 3003 1608 3027 et
1629 2996 1661 3028 in
1684 3007 1811 3036 compo-

1094 3044 1205 3074 sitione
1237 3045 1266 3074 in
1298 3042 1455 3074 meliorem
1484 3045 1602 3081 partem
1631 3039 1812 3071 sumuntur?
