1931 3322
438 196 520 236 AD
556 198 919 241 ORATIONEM
952 202 1013 242 IN
1047 203 1338 247 NEAERAM.

209 313 251 318 —
266 298 297 327 5.
312 296 454 339 ἐπιδείξω]
477 301 550 330 dedi
571 301 609 330 de
630 312 697 331 meo
722 301 869 342 ἐπιδείξου-

166 349 232 373 σαν,
248 344 281 368 ut
294 341 330 370 ad
343 341 500 382 μαρτυςίαν
517 343 632 373 redeat.
651 346 870 383 testimonium,

168 381 248 420 quod
265 384 461 422 semetipsum
477 386 667 417 demonstret
681 399 737 427 per
753 401 801 419 res
817 401 871 428 ge-

167 429 231 454 stas
252 425 336 464 ipsas
358 427 458 466 palam
481 430 593 459 factum
611 437 641 460 et
657 432 777 469 publice
802 444 872 473 pro-

167 470 258 496 stans.

209 526 251 532 —-
264 512 295 540 6.
316 510 366 541 καὶ
389 512 436 542 οὐκ
452 513 556 555 ἀληθῆ]
573 517 675 547 delevi
689 518 871 557 negativam.

167 561 255 590 quam
267 556 400 595 expungi
412 563 554 596 oportere
566 570 668 599 margo
678 562 780 590 Lutet.
797 571 871 599 quo-

167 605 226 634 qne
242 599 410 634 annotavit,
427 605 457 630 et
473 601 569 631 Wolf
581 604 618 632 ab
635 604 708 633 edit.
728 614 781 633 sua
797 615 869 642 quo-

167 647 226 676 que
249 640 367 670 arcuit:
390 643 511 673 Servari
538 645 565 674 si
587 646 688 682 debet,
715 647 776 686 leg.
791 647 870 676 erit:

164 680 212 710 καὶ
226 681 282 723 οὔχ
293 682 401 714 ἥκιστα
413 685 520 718 ἀληθῆ.

207 742 250 747 -
266 728 317 756 10.
341 727 417 768 περὶ]
435 730 535 760 malim
551 730 627 771 πρὸς.

208 784 251 789 —
272 771 324 799 12.
348 768 477 812 ἐζημίου]
500 774 636 805 dictabat
662 776 690 805 ei
717 775 870 812 mulctam,

164 819 253 848 quam
270 816 381 849 tamen,
398 821 431 844 ut
447 826 486 846 ex
501 818 732 858 insequentibus
743 824 869 856 constat,

165 853 308 884 damnato
318 859 513 894 postmodum
528 861 658 892 remisit.

208 899 303 928 1374.
322 901 352 929 2.
375 900 413 934 εἷς
427 901 455 943 ὃ]
472 904 549 941 fero,
561 905 664 935 malim
679 911 779 936 tamen
792 906 829 940 εἷς
840 906 871 936 ἶν’..

164 939 196 968 in
211 950 285 979 quae,
296 942 366 972 fana
381 951 465 981 puta.

208 1000 252 1006 —
263 986 294 1014 6.
317 984 364 1026 ἐφ’
373 984 406 1028 ᾖ]
423 1000 526 1029 margo
541 991 611 1021 Lut.
622 992 675 1022 dat
687 991 731 1031 ἐφ’
743 989 796 1026 αἷς.
812 1003 870 1022 non

167 1025 279 1057 malum
291 1027 324 1058 id
343 1031 478 1069 quidem,
495 1034 522 1063 si
543 1035 666 1064 codices
687 1036 769 1066 dent.
792 1037 870 1066 bene

165 1072 265 1099 tamen
281 1071 402 1104 defendi
418 1081 519 1114 potest
533 1078 669 1116 vulgata,
688 1079 714 1108 si
738 1079 870 1118 accipias

165 1113 479 1157 materialiter(verba
489 1120 568 1150 enim
580 1121 658 1160 legis
666 1122 735 1161 ipsa
746 1122 832 1162 sunt)
841 1127 871 1152 et

166 1156 366 1188 subandiatur
380 1163 480 1191 πιῖσαν
493 1162 612 1193 ταύτην.

207 1215 249 1221 —
260 1201 290 1230 9.
305 1200 376 1242 ὑπὲξ
386 1204 494 1246 αὐτῶν]
505 1206 583 1235 redit
595 1217 654 1236 non
665 1209 702 1238 ad
715 1208 870 1245 mulieres,

163 1241 219 1270 sed
233 1243 272 1272 ad
283 1245 324 1274 τὰ
335 1245 484 1286 γιγνόμενα
499 1248 552 1278 ὑπὸ
564 1252 620 1280 τῶν
634 1251 762 1281 τοιούτων
778 1262 870 1288 γυναι-

164 1286 228 1320 niv,
243 1289 278 1315 ut
294 1287 320 1316 si
335 1298 394 1328 qua
408 1290 528 1321 infamis
547 1292 577 1322 in
600 1295 746 1333 templum
768 1295 869 1333 publi-

164 1337 233 1357 cum
249 1329 388 1369 ingressa
402 1333 504 1364 fuerit.

205 1389 248 1394 —
265 1375 316 1404 11.
341 1375 441 1418 αῧτῆν]
456 1378 578 1408 correxi
597 1390 665 1409 meo
684 1380 804 1418 judicio
819 1381 869 1411 αὐ-

166 1414 232 1448 Τᾶς·
255 1416 305 1446 vel
330 1419 435 1457 potius
461 1427 582 1451 servato
607 1423 692 1453 αὐτὴν
711 1423 772 1462 leg.
799 1422 870 1464 ἑξμ-

164 1455 292 1488 σΘεῖσ-αν.
307 1470 338 1489 v.
352 1464 403 1492 10.
420 1465 511 1494 etsie
535 1465 608 1495 dedi
632 1467 671 1495 de
697 1477 774 1496 meo,
800 1468 870 1497 sub-

163 1500 288 1531 auditur
297 1514 369 1534 τινα.

208 1561 251 1567 —
275 1549 326 1576 14.
350 1547 502 1591 διδάσκων]
526 1550 647 1581 correxi
672 1562 778 1583 rursus
803 1564 870 1584 meo

161 1586 281 1624 judicio
297 1588 474 1623 διδάσκαλον.
498 1600 530 1624 ut
541 1595 647 1624 redeat
659 1596 695 1624 ad
711 1596 805 1635 φόβον,
818 1598 870 1636 qui

164 1635 255 1660 metus
278 1631 452 1672 appelletur
477 1638 614 1677 magister
639 1640 689 1668 τοῦ
715 1641 869 1680 σωφξονεῖν,

161 1673 209 1702 καὶ
222 1674 312 1712 μηδὲν
323 1677 506 1719 ἁμαρτάνειν,
522 1681 601 1711 ἀλλὰ
617 1681 727 1717 δικαίως
738 1682 870 1723 οἶκουςεῖν.

204 1734 248 1739 -—
264 1720 314 1749 15.
338 1719 371 1751 ἄν
385 1734 416 1752 τι
439 1722 574 1765 ‹iude-1¹31]
592 1725 722 1755 subaudi
736 1726 800 1764 γυνή
817 1738 871 1760 τις.

206 1777 247 1782 -
265 1764 318 1792 24.
339 1761 388 1794 ἐὰν
402 1764 426 1794 δ’
440 1765 496 1806 εἴη]
513 1767 634 1797 correxi
652 1779 668 1797 e
685 1770 765 1798 Bav.
783 1769 829 1799 ἐὰν
846 1770 869 1799 δ’

152 1802 274 1843 εἴσεισι.
297 1806 373 1836 alias
387 1810 565 1848 probassem
582 1811 679 1850 magis
692 1811 738 1842 ἐὰν
751 1811 775 1841 δ’
788 1811 868 1854 εἰσίῃ,

163 1850 214 1875 aut
226 1846 408 1887 simpliciter
419 1850 466 1882 ἐὰν
477 1851 504 1882 δὲ
519 1855 562 1893 μὴ
573 1872 615 1877 -—-
624 1856 666 1884 sin
682 1856 788 1890 minus,
798 1857 828 1886 b.
841 1867 869 1886 e.

164 1888 210 1918 sin
227 1895 330 1920 autem
353 1893 411 1924 hoc
429 1895 529 1925 minus
552 1897 616 1933 fiat,
631 1899 712 1936 quod
730 1899 785 1928 hac
800 1899 868 1938 lege

163 1932 351 1972 praecipitur.
367 1936 412 1967 sin
427 1942 527 1968 autem
541 1939 572 1969 in
588 1940 664 1970 hanc
680 1941 779 1980 legem
795 1953 868 1981 pec·

161 1979 258 2005 catur.

207 2020 302 2051 1375.
326 2022 354 2051 5.
379 2021 551 2064 βούλωνται]
577 2025 610 2056 id
638 2031 696 2062 est,
723 2025 869 2058 ζούληται.

161 2071 228 2091 nam
244 2061 329 2101 δῆμος·
351 2070 397 2095 est
421 2067 628 2098 collectivum.
674 2071 868 2101 Constructio

162 2109 228 2134 est:
252 2105 325 2136 καθ’
339 2107 382 2142 οὓς
395 2109 534 2140 ποιεῖσθαι
548 2111 590 2141 δεῖ
603 2112 738 2149 «πολίτην,
749 2113 795 2143 ἐάν
806 2126 868 2145 τινα

161 2146 318 2180 βούλωνται
334 2150 419 2191 [scil.
435 2153 456 2182 οἱ
468 2151 627 2196 Ἀθηναῖοι]
645 2157 800 2186 ποιεῖσθαι
816 2168 867 2187 πο-

162 2188 251 2222 λίτην.
273 2203 400 2232 quarum
424 2195 520 2237 legum
541 2208 556 2227 e
568 2198 708 2238 formula
726 2201 774 2230 vel
795 2211 868 2239 prae-

160 2234 268 2274 scripto
280 2236 369 2267 civem
384 2244 493 2277 oportet
505 2249 617 2278 creare,
633 2244 657 2272 si
671 2253 753 2282 quem
772 2253 870 2275 creare

161 2277 264 2308 velint.
286 2279 361 2310 citat
375 2281 404 2311 h.
421 2281 439 2310 Ι.
462 2283 614 2323 Harpocr.
630 2296 660 2315 v.
676 2285 871 2324 δημοποίητος.

206 2323 291 2352 -7.
306 2322 399 2364 ὅμως]
413 2325 518 2356 malim
533 2327 624 2366 ὑμεῖς.
643 2329 668 2359 si
686 2331 763 2359 bene
778 2331 870 2361 habet

165 2364 331 2404 vulgatum,
348 2367 499 2407 significat
514 2370 628 2410 aliquid
644 2373 763 2402 deesse.
789 2374 825 2403 Ε.
841 2386 868 2404 c.

163 2404 206 2442 οὓς
222 2406 306 2448 [scil.
320 2407 432 2451 νόμους]
453 2411 516 2441 ἴστε
540 2413 595 2453 μὲν
611 2415 657 2444 καὶ
674 2416 754 2446 αἰτοὶ
768 2416 870 2456 ὅμοίως

163 2449 236 2488 ἐμοί.
259 2461 330 2492 quas
344 2453 417 2495 leges
440 2464 485 2486 ros
506 2466 617 2498 quoque
637 2460 736 2495 nostis,
750 2461 871 2499 perinde

164 2498 255 2533 atque
271 2505 332 2536 ego.

206 2555 247 2560 —
260 2539 290 2569 8.
315 2538 445 2581 ὅδῗίμος]
463 2540 512 2570 hic
530 2542 587 2572 loci
605 2549 653 2574 est
670 2544 800 2582 Heliaea,
815 2557 870 2586 po-

161 2579 268 2620 pulum
283 2588 519 2621 repraesentans.

205 2640 249 2647 —
263 2626 316 2656 19.
338 2627 379 2656 τᾶ
390 2623 458 2666 γέρα
471 2627 600 2669 ἀναιρεῖν]
617 2630 747 2661 mediam
764 2642 869 2662 vocem

164 2667 284 2697 correxi
299 2666 393 2709 γέῤῥα,
409 2679 478 2700 cum
497 2671 650 2709 geminato
665 2674 730 2705 rho.
755 2680 786 2705 et
798 2676 871 2705 dedi

163 2709 202 2740 de
227 2719 297 2741 meo
322 2710 446 2753 ἀναίρεον,
470 2713 629 2753 barytone,
651 2726 668 2745 a
692 2718 787 2748 verbo
812 2729 871 2748 non

163 2757 319 2785 contracto
331 2754 408 2795 αἴρω,
419 2755 498 2787 tollo.
506 2758 540 2787 in
547 2758 643 2788 ultum
653 2761 796 2796 attollere,
804 2761 834 2791 h.
844 2772 872 2791 e.

136 2798 139 2799 ’
161 2799 306 2828 &mrum
317 2797 461 2830 tabernas.
493 2800 640 2831 Solebant
654 2804 872 2834 nundinatores

164 2843 333 2871 senatorum
341 2841 472 2873 Athenis
482 2842 512 2873 in
524 2843 591 2875 foro
604 2855 704 2876 rerum
720 2848 872 2878 venalium

164 2880 308 2914 tabernas
323 2894 341 2914 e
357 2884 493 2917 cratibus
508 2888 720 2929 compactiles,
736 2891 872 2931 quotidie

164 2926 382 2958 construendas
396 2933 429 2959 et
440 2939 547 2961 rursus
560 2932 770 2964 demoliendas
783 2939 874 2974 atque

162 2968 374 3009 asportandos,
385 2977 556 3010 exstruere,
568 2976 624 3005 sub
635 2977 748 3015 quibus
765 2978 874 3008 seden-

161 3012 207 3052 tes
223 3010 281 3041 tuti
300 3013 337 3046 ab
353 3012 504 3048 imbribus
529 3028 647 3049 merces
670 3031 742 3051 suas
759 3021 875 3052 vende-

1528 207 1608 248 287

904 311 980 335 rent.
1005 306 1058 335 has
1083 309 1221 338 tabernas
1246 311 1347 340 Graeci
1369 309 1451 352 γὲῤῥα
1476 311 1612 351 appella·

906 349 990 383 bant,
1004 358 1060 378 nos
1077 349 1182 380 Buden
1197 354 1396 391 appellamus.

949 393 1044 422 1376.
1061 395 1091 422 3.
1115 396 1236 428 πολλοὺς
1260 397 1307 424 καὶ
1332 397 1487 438 παλαιοὺς]
1514 397 1612 436 prima

906 434 966 463 duo
984 436 1132 465 vocabula
1147 437 1236 466 uncis
1251 438 1375 474 inclusi,
1392 451 1458 478 quae
1475 440 1550 470 mihi
1565 440 1611 469 vi-

905 478 1016 506 dentur
1036 489 1053 508 e
1073 480 1158 508 varia
1180 480 1322 516 lectione,
1349 482 1403 511 sed
1428 493 1464 512 ea
1487 483 1611 520 vitiosa,

905 520 1078 559 irrepsisse.

947 581 991 585 —
1004 566 1034 593 8.
1050 564 1126 594 ὥστε
1140 566 1242 603 ἀγνοεῖν
1258 566 1350 607 ὑμᾶς]
1366 566 1520 605 potuisset
1535 578 1612 607 quo-

906 617 963 644 que
977 606 1052 636 ὥστε
1067 608 1114 637 οὐκ
1135 609 1238 646 ἀγνοεῖν
1252 609 1341 648 ὑμεῖς,
1356 614 1517 648 utrumque
1532 612 1612 649 pari·

905 655 952 678 ter
962 651 1048 685 bene,
1061 652 1117 680 sed
1132 651 1257 681 diversa
1270 652 1398 682 ratione.
1421 653 1544 692 vulgata
1556 654 1613 683 hoc

905 693 997 722 dicit:
1015 694 1140 733 exempla
1153 694 1212 725 hoec
1227 696 1269 725 ita
1285 701 1397 725 vetusta
1411 706 1470 725 non
1484 702 1565 731 sunt,
1578 702 1615 726 ut

905 745 1011 766 necesse
1023 739 1059 767 sit
1068 747 1099 767 ea
1114 749 1132 767 a
1144 737 1217 768 vobis
1228 739 1375 778 ignorari.
1391 738 1496 768 addita
1510 744 1613 768 autem

906 780 1048 818 negativa
1065 781 1130 810 haec
1151 781 1279 811 exsistit
1294 782 1464 812 sententia:
1486 783 1615 822 exempla

906 821 967 852 haec
991 829 1104 853 vetusta
1129 835 1189 854 ποη
1207 829 1288 861 sunt,
1311 835 1366 865 quo
1381 824 1436 864 fit,
1460 830 1498 855 ut
1518 835 1566 855 vos
1579 835 1614 856 ea

905 868 1054 905 nequeatis
1069 869 1217 907 ignorare.

948 927 989 931 —-
1007 912 1058 940 24.
1081 910 1128 940 καὶ
1143 910 1210 951 πξός
1233 909 1433 952 οὓς-ὄντας]
1457 911 1539 941 idem
1563 918 1613 942 est

906 961 941 980 ac
956 952 982 981 si
999 953 1151 983 dixisset:
1175 954 1224 983 καὶ
1239 955 1275 988 ὡς
1290 954 1395 993 ἀγαθοὶ
1408 954 1500 994 ἅνδξες
1513 953 1613 992 ἐγένον-

905 1006 938 1024 το
956 991 1041 1032 οὗτοι,
1057 996 1125 1036 πξός
1139 997 1182 1030 οὓς
1198 996 1338 1038 διωρίσθη.
1362 1003 1389 1027 et
1412 1008 1499 1038 quam
1513 997 1614 1039 fortes

905 1037 1092 1078 ririfuerint
1108 1039 1149 1076 hi,
1171 1050 1292 1080 quorum
1311 1041 1344 1070 in
1356 1043 1488 1081 gratiam
1501 1042 1614 1080 peculi-

904 1081 998 1111 ariter
1013 1081 1072 1112 lzaec
1084 1083 1128 1112 lex
1143 1085 1258 1113 sancita
1273 1089 1324 1113 est.

949 1126 1011 1155 137
1013 1127 1042 1155 7.
1056 1128 1086 1156 6.
1101 1127 1210 1167 χώξαν]
1225 1126 1352 1156 subaudi
1367 1126 1474 1157 ταύτην
1484 1125 1615 1158 τῆνἈτ-

903 1177 991 1197 Τικην.

947 1229 989 1234 -—-
1002 1214 1052 1241 10.
1077 1213 1133 1246 τὰς
1147 1212 1244 1253 κύνας]
1264 1213 1386 1243 correxi
1402 1215 1457 1247 τὰς
1471 1215 1565 1249 κυνές,
1581 1214 1615 1244 id

904 1258 961 1289 est,
987 1253 1095 1289 κυνέας.
1129 1256 1193 1286 haec
1223 1261 1293 1286 sunt
1319 1257 1453 1295 tegmina
1477 1257 1614 1296 capitum

903 1297 1044 1336 pellicea,
1060 1299 1107 1327 sic
1120 1299 1213 1335 dicta,
1229 1299 1311 1338 qnod
1325 1299 1464 1339 primitus
1479 1301 1586 1330 fierent
1597 1311 1615 1330 e

904 1350 1011 1369 canum
1026 1341 1170 1380 pellibus.
1206 1342 1331 1373 Miitzen
1343 1352 1398 1372 nos
1413 1343 1614 1383 appellamus.

904 1383 1004 1412 medio
1026 1394 1092 1414 aevo
1113 1386 1293 1415 camelaucia
1310 1386 1517 1425 appellabant,
1532 1387 1616 1426 quod

905 1427 1087 1456 vocabulum
1099 1433 1144 1457 est
1154 1439 1170 1457 e
1178 1429 1286 1458 Latino
1293 1430 1442 1467 capilticia
1449 1430 1616 1460 detortum.

946 1487 989 1492 —-
999 1472 1050 1501 13.
1069 1471 1224 1511 ἧμετὲξας]
1236 1471 1337 1501 malim
1348 1471 1499 1512 {ap-trigae.
1523 1477 1555 1502 et
1571 1473 1618 1503 sio

905 1523 1026 1552 quoque
1044 1524 1071 1543 v.
1090 1516 1140 1544 17.
1165 1525 1225 1544 non
1250 1515 1329 1544 enim
1349 1516 1441 1544 decet
1465 1516 1617 1546 novitium

906 1555 1004 1585 civem
1031 1557 1249 1591 Atheniensem
1277 1564 1337 1588 tam
1370 1564 1548 1597 arroganter
1576 1560 1615 1589 ad

901 1599 1027 1638 judices
1043 1600 1138 1639 loqui.
1588 1602 1598 1611 '

948 1660 988 1665 —-
1006 1645 1056 1673 19.
1081 1643 1264 1686 τελευταίαν]
1282 1648 1353 1684 post
1367 1643 1536 1674 τελευταίαν
1550 1656 1616 1676 ma-

905 1685 955 1714 lim
973 1685 1001 1715 δὲ
1017 1687 1098 1716 addi.

945 1747 989 1751 -—
1005 1732 1056 1760 26.
1079 1731 1128 1760 καὶ
1148 1732 1162 1761 ἦ
1186 1730 1282 1771 πόλις]
1307 1731 1356 1760 καὶ
1372 1731 1495 1760 videtur
1509 1730 1615 1762 delen-

905 1772 987 1802 dum.

946 1834 988 1838 -—
1003 1817 1060 1846 ult.
1084 1816 1270 1858 φθονηθῶσιν]
1296 1827 1354 1856 pro
1377 1815 1511 1859 φθονηιῗτῇ.
1534 1828 1611 1857 prae-

904 1859 998 1888 cessit
1020 1860 1097 1889 enim
1116 1861 1129 1891 ἦ
1146 1860 1229 1894 πόλις
1249 1861 1354 1898 ἡγεῖτο.
1379 1871 1486 1890 verum
1502 1861 1576 1900 quia
1598 1862 1614 1891 ἡ

903 1901 986 1936 πόλις
1008 1902 1037 1931 h.
1054 1903 1074 1932 l.
1099 1903 1183 1932 cives
1215 1903 1417 1933 Athenienses
1449 1903 1613 1943 significat,

903 1944 973 1974 ideo
985 1945 1135 1984 pluralem
1151 1946 1201 1975 hic
1216 1951 1353 1985 usurpat.

948 1990 1040 2018 1378.
1057 1992 1089 2018 4.
1110 1989 1367 2031 ναυμαχήσαντες]
1384 1988 1485 2019 malim
1500 2001 1613 2020 συνναυ-

901 2042 985 2071 μαχ.

944 2091 987 2096 -
1012 2076 1042 2103 8.
1066 2075 1114 2104 τοῦ
1137 2073 1230 2116 ἔργου]
1257 2075 1329 2105 dedi
1352 2075 1391 2105 de
1413 2085 1482 2106 meo
1505 2077 1556 2107 τοῦ
1580 2087 1613 2106 τε

901 2116 988 2156 ἔργον.
1011 2116 1201 2156 significator
1225 2118 1356 2149 victoria
1379 2119 1418 2148 de
1441 2120 1543 2150 Persis
1565 2130 1614 2149 re-

903 2165 1033 2199 portata.
1051 2166 1082 2190 et
1098 2162 1142 2191 sic
1160 2172 1281 2201 quoque
1294 2173 1322 2192 v.
1338 2166 1390 2192 14.

945 2221 988 2226 —
1012 2206 1062 2234 12.
1085 2202 1281 2246 ἔκκόψαντας]
1309 2205 1362 2234 alii
1385 2204 1613 2243 ἐκκολάψαντας.

904 2247 987 2276 nullo
1013 2247 1052 2276 ad
1078 2249 1258 2279 sententiam
1273 2248 1464 2285 discrimine,
1480 2250 1534 2279 sed
1551 2250 1614 2279 for-

904 2291 981 2320 sitan
997 2291 1055 2320 hoc
1070 2295 1117 2320 est
1133 2291 1332 2331 exquisitius

946 2351 988 2356 ——
1006 2335 1056 2364 15.
1079 2334 1128 2363 καῖ
1143 2333 1174 2364 ἐκ
1189 2337 1239 2365 τοῦ
1255 2334 1360 2374 γένους]
1377 2335 1479 2366 malim
1495 2335 1544 2364 καὶ
1559 2337 1614 2366 τῶν

904 2374 936 2406 ἐκ,
949 2377 999 2406 τοῦ
1021 2376 1122 2414 γένους.
1146 2388 1312 2418 eorumque,
1334 2379 1383 2418 qui
1407 2379 1482 2419 regii
1499 2380 1616 2418 generis

903 2425 994 2450 essent
1009 2420 1131 2458 δραι-τω.

947 2481 990 2486 -
1007 2465 1058 2493 27.
1080 2464 1128 2492 καὶ
1143 2464 1239 2504 αὐτοὶ]
1254 2469 1327 2503 post
1339 2463 1386 2493 καὶ
1401 2463 1483 2494 αὐτοὶ
1503 2464 1614 2496 deesse

906 2505 1028 2536 videtur
1043 2506 1091 2535 καὶ
1105 2508 1133 2536 αἱ
1151 2508 1291 2544 γυναῖκες.

946 2568 990 2572 —
1005 2550 1058 2579 ult.
1083 2551 1179 2591 ἀλλὰ]
1196 2554 1268 2590 post
1283 2551 1364 2580 ἀλλὰ
1381 2555 1433 2581 aut
1447 2550 1548 2588 deest,
1565 2557 1616 2582 aut

906 2593 1148 2623 subaudiendum
1163 2598 1211 2623 est
1225 2592 1314 2633 μόνον,
1327 2594 1377 2624 vel
1392 2593 1499 2633 μόνους.

950 2638 1045 2667 1379.
1063 2638 1095 2666 Q.
1118 2635 1216 2678 μέγα]
1235 2638 1356 2667 correxi
1372 2636 1480 2677 μέγας.
1496 2639 1618 2668 v.Dor-

908 2678 971 2709 vill.
987 2680 1026 2709 ad
1042 2679 1200 2709 Chariton.
1215 2690 1249 2719 p.
1266 2682 1340 2711 637.

948 2739 991 2744 —
1008 2725 1060 2751 11.
1082 2722 1104 2752 οἳ
1123 2721 1281 2763 Ἀθηναῖοι]
1303 2733 1465 2763 personam
1485 2724 1542 2753 hoc
1566 2725 1619 2753 de-

907 2765 995 2794 cebat
1009 2765 1165 2802 historici,
1181 2776 1240 2796 non
1257 2766 1387 2797 oratoris
1403 2767 1441 2796 ad
1455 2767 1618 2796 Athenien-

907 2818 956 2838 ses
971 2808 1136 2848 loquentis.
1161 2820 1252 2848 quare
1276 2810 1377 2840 malim
1403 2810 1424 2838 oi
1446 2808 1512 2838 τότε
1528 2808 1617 2840 Ἀθε-

906 2862 985 2881 valol-

949 2913 992 2917 —
1017 2897 1067 2925 19.
1090 2898 1130 2926 τὰ
1155 2895 1200 2926 δύο
1223 2895 1311 2936 μέςη]
1335 2896 1410 2925 duas
1432 2900 1539 2933 partes,
1562 2896 1615 2926 sed

908 2937 1039 2976 quotas?
1063 2938 1102 2968 de
1130 2939 1252 2968 tribus?
1277 2948 1312 2968 an
1334 2939 1374 2968 de
1391 2938 1542 2976 quatuor?
1566 2945 1618 2969 aut

908 2981 947 3010 de
976 2986 1050 3020 quot
1077 2982 1219 3012 tandem?
1255 2981 1446 3011 incommoda
1469 2980 1546 3011 ratio
1572 2982 1617 3011 lo-

909 3025 1036 3064 quendi,
1051 3025 1093 3055 nil
1109 3024 1271 3059 definiens,
1282 3029 1314 3054 et
1331 3023 1552 3055 dubitationem
1570 3036 1617 3057 re·
