1997 3323
353 201 377 242 8
730 199 762 239 Ι.
797 199 830 242 Ι.
860 200 1084 243 REISKE
1114 201 1437 255 PRAEFATIO

350 306 420 335 dam
441 306 534 336 docto
550 316 567 336 ο
575 305 772 348 marginibus
790 307 954 341 Parisinae,
975 318 1015 336 cx
1033 306 1205 345 Augustani
1230 308 1416 339 lectionibus
1434 320 1450 339 a
1467 309 1609 340 Fabricio
1633 311 1782 350 collectis,
1798 325 1816 344 a

350 357 466 388 Wolfio
483 357 626 398 proditis,
644 368 685 387 ex
704 358 858 387 iudicibus
878 358 1071 394 variantium,
1089 358 1139 397 qui
1161 358 1352 401 editionibus
1368 360 1442 403 Aldi
1459 365 1490 391 et
1506 353 1657 392 Feliciani
1674 367 1704 393 et
1726 364 1818 405 Pauli

349 407 482 438 Manutii
497 409 628 448 subjecti
642 413 723 444 sunt,
741 413 771 438 et
784 409 865 439 unde
881 409 1002 448 farrago
1017 409 1058 438 W
1062 409 1170 439 olfiana
1183 411 1313 456 conflata
1330 415 1389 446 est,
1401 412 1584 452 compilatae,
1602 419 1634 443 ut
1651 414 1727 444 adeo
1743 415 1819 445 ridi-

348 460 451 490 culum
468 465 553 500 esset
568 461 719 500 ejusmodi
736 465 846 490 testem
864 460 969 490 citare.
1015 461 1127 490 Verum
1152 461 1240 502 brevi
1269 461 1423 499 videbam,
1445 463 1488 492 ibi
1511 464 1617 505 referri
1639 463 1786 507 lectiones
1802 477 1820 496 a

347 510 469 545 nemine
493 522 620 551 usquam
641 512 778 542 locorum
804 512 842 541 ad
867 511 925 541 hoc
947 511 1009 542 diei
1027 512 1181 555 prolatas3
1205 522 1333 552 quarum
1356 524 1426 555 cum
1443 501 1519 544 alias
1536 504 1727 546 acodicibus
1742 517 1820 547 meis

347 564 520 595 confirmari
533 575 701 600 cernerem,
714 568 778 594 tum
796 564 922 594 aliarum
935 564 1120 606 mentionem
1134 565 1248 605 nullam
1262 565 1339 595 fieri.
1386 565 1458 603 Quo
1470 565 1544 596 mihi
1556 570 1638 596 certo
1650 569 1822 604 constabat,

346 614 418 650 illas
437 626 558 656 quoque
583 627 598 645 e
617 616 702 646 Msto
719 615 847 655 quodam
873 606 941 645 esse
955 616 1144 655 depromtas.
1189 616 1257 657 Jam
1276 621 1438 658 supererat
1454 617 1592 659 codicem
1609 604 1819 660 illumve—,xple-

346 677 426 698 rare.
472 668 511 697 Et
529 667 630 697 statim
647 666 803 702 videbam,
820 667 950 696 eundem
976 677 1057 703 esse,
1074 668 1295 710 quemvTaylor
1310 669 1347 698 ad
1364 678 1408 698 or.
1425 679 1481 710 pro
1504 679 1617 709 corona
1629 673 1662 699 et
1683 670 1722 699 de
1745 671 1823 701 falsa

347 718 502 760 legatione
520 719 672 749 venetum
690 719 836 759 appellat,
853 718 911 748 nisi
929 719 1009 758 quod
1021 719 1198 762 testimonio
1212 719 1336 760 Taylmi
1355 720 1518 760 scriptain>
1531 720 1720 760 marginibus
1733 721 1822 752 Aldi-

347 781 394 800 nae
406 770 587 810 Tayloranac
604 775 656 800 aut
672 780 729 799 non
745 769 902 805 addicunt,
919 775 972 800 aut
987 770 1219 800 contradicunt:
1247 781 1314 801 nam
1332 771 1370 801 de
1388 771 1462 812 περὶ,
1475 772 1555 811 quod
1572 772 1601 802 in
1619 773 1738 813 Veneto
1755 783 1821 812 esse

346 822 460 862 Taylor
472 823 510 852 ad
526 832 558 861 p.
568 824 643 859 256,
655 825 685 852 8.
697 822 745 851 ed.
760 823 794 851 R.
805 821 858 856 ait,
874 817 985 865 Aldina
997 822 1123 862 Taylori
1134 826 1224 853 tacet.
1250 823 1415 853 Lectiones
1431 823 1506 853 alias
1522 824 1627 866 eadem
1642 824 1705 865 dat,
1718 824 1823 865 a'l'ay-

347 873 427 910 loro,
441 873 582 908 dubium,
597 884 633 903 an
649 885 666 903 a
683 874 817 909 volente,
834 873 1018 912 praeteritas.
1065 874 1210 904 Pluribus
1224 874 1255 904 in
1270 874 1349 904 locis
1365 874 1408 904 ibi
1424 875 1540 914 legitur
1552 873 1642 906 λείπει
1655 873 1682 904 ἔν
1692 874 1821 913 παλαιῷ.

348 925 409 955 Sed
425 925 507 964 quod
524 924 725 955 fortissimum
740 929 954 963 argumentum
973 929 1031 959 est,
1049 914 1157 954 eadem
1174 935 1294 968 manus,
1310 936 1378 964 quae
1392 926 1514 966 reliqua
1530 926 1630 957 omnia
1644 937 1702 957 ιιιιο
1716 931 1822 967 tenore

348 976 485 1015 scripsit,
501 976 531 1006 in
548 976 650 1006 media
664 976 743 1006 serie
761 986 867 1006 versus
884 976 921 1005 ad
935 976 1104 1005 clausulam
1119 976 1291 1014 argumenti
1306 977 1452 1007 orationis
1469 978 1513 1021 de.
1524 978 1623 1018 Falsa
1633 979 1741 1026 Legat.
1756 978 1822 1008 haec

349 1027 493 1068 scripsit:
517 1028 617 1058 ταῦτά
633 1028 686 1057 εἰπι
703 1026 730 1056 ἐν
745 1027 873 1067 παλαιῷ
887 1028 936 1056 τοῦ
957 1026 1038 1065 ἁγίου
1056 1027 1180 1068 Μάρκου.
1224 1028 1293 1057 .Ι3ιιι
1310 1028 1380 1067 plus
1395 1039 1485 1068 quam
1502 1028 1652 1059 credibile
1668 1032 1726 1066 est,
1742 1029 1823 1058 unde

348 1080 414 1109 haec
436 1084 542 1110 essent
564 1079 675 1119 petita,
691 1079 810 1118 reliqua
826 1089 948 1118 quoque
963 1079 1034 1108 inde
1053 1078 1149 1118 petita
1166 1089 1245 1109 esse.
1292 1079 1375 1117 Quia
1395 1084 1495 1110 tamen
1512 1080 1604 1110 semel
1616 1071 1776 1123 >coeperam
1790 1079 1824 1124 2⁵¹¹

348 1130 533 1170 Philippicis
549 1130 694 1160 Aldiuam
707 1130 833 1170 Taylori
846 1130 920 1172 (pro
937 1129 1074 1170 Veneto)
1086 1129 1225 1167 laudare,
1242 1131 1368 1171 perrexi
1383 1121 1490 1171 porro,
1506 1142 1652 1177 peropus
1668 1121 1824 1176 quoddam

349 1181 641 1221 supererogationis,
656 1182 746 1212 etiam
760 1182 813 1211 ubi
827 1181 1013 1222 Taylorjam
1029 1182 1182 1210 venetum
1195 1182 1394 1218 nominasset,
1408 1182 1549 1225 Aldinam
1561 1183 1713 1228 Taylori
1699 1183 1827 1218 addere,

347 1233 471 1263 tametsi
489 1243 545 1262 non
563 1243 643 1263 nova
656 1233 721 1262 haee
738 1237 786 1263 est
802 1234 978 1269 auctoritas,
997 1233 1053 1263 sed
1070 1243 1152 1263 mera
1164 1233 1286 1262 Veneti.
1317 1233 1436 1277 Aldina
1447 1223 1526 1268 haec,
1539 1223 1714 1277 Taylorana
1728 1244 1825 1274 quon-

347 1284 429 1321 dam,
446 1295 514 1325 quae
531 1295 610 1314 nunc
627 1295 722 1325 penes
739 1295 787 1315 me
804 1290 863 1321 est,
881 1284 1059 1324 exemplum
1078 1288 1136 1320 est,
1153 1288 1205 1313 aut
1222 1284 1320 1324 ipsius
1341 1285 1430 1314 Petri
1448 1285 1578 1322 Pithoei,
1594 1290 1646 1316 aut
1659 1296 1702 1329 ex
1717 1296 1755 1315 eo
1768 1286 1826 1329 du·

348 1340 441 1374 ctum,
454 1336 729 1377 locupletissimum
745 1342 774 1366 et
789 1336 967 1366 fidissimum
985 1336 1107 1366 illorum
1120 1336 1256 1366 omnium
1273 1325 1505 1381 excerptorum,
1511 1347 1588 1381 quae
1603 1347 1736 1380 unquam
1752 1347 1827 1381 pro-

347 1387 484 1423 dierunt,
501 1388 566 1418 sive
584 1398 624 1418 ex
640 1387 774 1417 editione
792 1388 1018 1423 Francfurtaua,
1034 1386 1101 1416 sive
1119 1397 1158 1416 ex
1171 1377 1286 1416 Aldina
1302 1387 1506 1427 Lessingiana
1523 1398 1578 1428 per
1593 1398 1641 1417 me
1657 1387 1826 1435 voluminis

349 1438 477 1468 secundi
493 1450 510 1469 a
535 1450 568 1479 p.
586 1441 658 1470 191.
682 1439 876 1478 Appendicis
900 1438 1095 1468 scholiorum
1120 1431 1266 1477 prodita·
1292 1438 1352 1468 nisi
1373 1439 1456 1478 quod
1482 1431 1673 1484 scholiorum
1694 1433 1770 1468 nihil
1794 1433 1825 1469 in

347 1490 463 1520 Aldina
472 1489 612 1529 Taylori‚
631 1495 683 1520 aut
706 1501 870 1530 perparum
892 1489 1090 1519 inveni.1n
1104 1488 1239 1519 oratione
1253 1490 1292 1519 de
1307 1483 1422 1520 foedere
1436 1500 1505 1520 cum
1517 1479 1696 1520 Alexandro
1707 1489 1827 1520 adscri-

347 1541 410 1581 psit
425 1542 530 1572 eadem
544 1552 651 1571 manus
667 1541 702 1571 ad
715 1541 876 1581 plerasque
888 1541 1051 1577 lectiones,
1063 1541 1116 1570 sed
1129 1551 1188 1571 non
1202 1541 1239 1570 ad
1252 1551 1366 1577 omnes,
1378 1540 1453 1571 Bar.
1464 1542 1522 1571 hoc
1536 1546 1583 1571 est
1595 1540 1824 1571 Baroccianus:

346 1592 379 1622 id
396 1593 477 1632 quod
495 1592 624 1622 dubium
640 1592 795 1632 relinquit,
807 1603 876 1622 num
892 1592 1040 1623 lectiones
1056 1592 1238 1622 auctoritate
1254 1597 1394 1622 carentes
1410 1593 1465 1622 eV
1467 1597 1556 1622 eneto
1573 1585 1741 1640 depromtae
1756 1591 1828 1628 sint,

348 1644 476 1683 reliquae
493 1655 510 1675 e
526 1644 720 1674 Barocciano
737 1644 816 1680 solo,
834 1653 870 1673 an
897 1650 1015 1680 contra,
1033 1653 1138 1673 omnes
1154 1634 1297 1684 plimitus
1315 1654 1332 1673 e
1349 1644 1471 1674 Veneto
1486 1643 1616 1679 haustae,
1635 1653 1703 1691 quae
1722 1648 1826 1673 autem

348 1694 411 1734 ipsi
432 1706 501 1726 cum
519 1695 710 1726 Barocciano
727 1705 904 1725 communes
921 1700 1038 1730 essent,
1056 1695 1094 1724 ad
1110 1705 1161 1725 eas
1177 1694 1254 1724 Βαν.
1270 1694 1460 1735 adscriptum
1481 1695 1533 1724 sit.
1577 1694 1635 1724 Illa
1659 1689 1748 1733 copia
1771 1690 1826 1724 Pi-

351 1747 485 1782 thoeana,
501 1759 518 1777 e
535 1748 642 1777 codice
659 1749 780 1777 Veneto
804 1747 955 1783 derivata,
971 1747 1125 1787 reperitur
1149 1747 1245 1777 etiam
1261 1746 1291 1776 in
1308 1747 1429 1777 duobus
1445 1747 1515 1777 aliis
1532 1746 1631 1782 libris,
1646 1746 1699 1786 qui
1715 1746 1824 1787 procul

353 1799 450 1829 dubio
463 1799 588 1839 Taylori
604 1810 724 1839 quoque
741 1799 853 1829 studiis
869 1799 943 1829 olim
961 1799 1180 1835 inservierunt,
1193 1803 1269 1835 tum,
1284 1799 1322 1828 ad
1338 1797 1519 1828 Askewium
1537 1809 1606 1829 cum
1631 1797 1827 1835 transissent,

350 1851 388 1879 ab
403 1851 462 1880 hoc
487 1851 526 1880 ad
547 1862 595 1881 me
615 1851 702 1881 missi
725 1855 804 1887 sunt,
819 1850 872 1889 qui
892 1861 994 1881 serve.
1041 1850 1227 1880 Basileensis
1250 1850 1393 1880 secundae
1417 1849 1482 1890 (sic
1505 1844 1629 1890 appello
1654 1843 1739 1879 1113ιιι
1763 1860 1827 1879 vae-

349 1902 494 1940 grandem
518 1901 548 1931 in
567 1902 654 1938 folio,
670 1912 738 1941 quae
755 1912 833 1931 anno
850 1903 945 1932 1572.
962 1911 1031 1931 cum
1045 1901 1155 1931 Latina
1169 1901 1291 1931 Wolfiii
1312 1901 1553 1941 nterpretatione
1574 1901 1740 1941 multisque
1756 1901 1827 1931 aliis

348 1953 591 1989 accessionibus,
614 1957 645 1982 et
668 1952 893 1983 Wolfianarum
917 1952 1051 1982 omnium
1077 1954 1273 1992 postmodum
1303 1957 1391 1992 partu
1420 1948 1649 1993 typographico
1673 1948 1826 1983 editarum

348 2008 447 2034 mater
467 2004 531 2044 est)
545 2005 636 2044 hujus
656 2005 760 2044 itaque
779 2014 896 2035 summa
921 2004 951 2034 in
968 2004 1082 2044 pagina
1103 2004 1168 2039 illa,
1183 2003 1236 2033 cui
1250 2003 1391 2034 incusum
1409 2008 1457 2034 est
1473 1998 1597 2034 Libanii
1613 2009 1825 2044 argumentum

348 2056 497 2086 orationis
514 2056 620 2096 primae
637 2056 828 2096 Olynthiacae
846 2055 1067 2095 superscripsit
1082 2055 1194 2095 aliquis
1210 2055 1294 2085 haec:
1320 2054 1409 2095 [MS.
1425 2055 1456 2084 in
1478 2055 1619 2102 margine
1641 2057 1712 2086 cod.
1727 2051 1828 2085 Vene-

348 2107 423 2137 tiani
439 2112 515 2138 orat.
534 2108 737 2138 Demosthen.
750 2108 824 2138 edit.
840 2110 937 2139 1504.
954 2106 1007 2146 qui
1023 2107 1054 2136 in
1070 2106 1253 2146 Bodleyana
1268 2106 1480 2136 bibliotheca
1468 2117 1531 2146 Jam
1549 2111 1704 2144 servatur,
1717 2107 1826 2138 lectio-

349 2168 416 2194 neS,
438 2169 506 2197 quae
524 2162 704 2197 sequuntur,
722 2158 878 2189 variantes
898 2168 988 2188 manu
1009 2157 1149 2197 egregi-1,
1163 2157 1244 2201 forte
1263 2156 1345 2187 Petri
1366 2156 1481 2187 Pithoei
1497 2158 1616 2205 Lugam
1642 2157 1721 2199 [sic]
1737 2159 1826 2204 cujus

349 2219 459 2240 nomen
474 2210 506 2240 in
527 2210 722 2249 frontispicio
739 2214 881 2250 apparet,
897 2209 1021 2248 scriptae
1038 2208 1243 2248 reperiuntur.
1289 2209 1340 2239 Ita
1342 2204 1561 2257 apographum
1578 2210 1617 2239 D.
1634 2208 1792 2245 Hudsoni‚
1809 2221 1826 2241 a

349 2273 411 2301 quo
428 2261 513 2302 ega]
531 2262 592 2292 Sed
611 2261 681 2301 quis
698 2262 786 2291 nobis
803 2261 899 2297 dicet,
916 2260 968 2300 qui
984 2261 1035 2290 ille
1051 2270 1104 2300 ego
1121 2260 1172 2290 sit.
1219 2261 1339 2290 Rursus
1363 2260 1466 2300 reperi
1485 2261 1609 2291 easdem
1631 2254 1804 2291 lectiones
1796 2272 1825 2291 ιιι

350 2314 539 2354 marginibus
558 2313 706 2343 editionis
723 2312 965 2347 Francfurtanae,
983 2322 1037 2341 seu
1052 2311 1262 2346 Weelielanae,
1284 2313 1373 2351 cujus
1388 2312 1418 2340 in
1437 2321 1554 2356 summa
1570 2321 1602 2351 p.
1624 2314 1653 2341 1.
1668 2312 1723 2342 illa
1739 2317 1827 2353 puta,

350 2366 403 2396 ubi
417 2366 516 2405 prima
532 2365 717 2405 Olyntliiaca
733 2364 857 2404 incipit,
871 2364 947 2400 liaec,
966 2374 1052 2403 paene
1068 2357 1175 2394 eadem
1194 2374 1262 2393 cum
1275 2363 1500 2403 superioribus,
1513 2363 1668 2410 adscripta
1682 2365 1828 2412 leguntur

350 2418 389 2448 ab
406 2417 465 2448 alia
480 2415 678 2457 manu.[1n
701 2416 838 2456 margine
863 2416 982 2446 codicis
1006 2422 1081 2446 orat.
1106 2415 1196 2445 Dem.
1215 2414 1394 2444 Venetianae
1417 2414 1570 2463 editionis
1585 2416 1710 2446 MD1V.
1727 2409 1826 2465 quiin

351 2469 532 2508 Bodleyana
544 2468 754 2498 bibliotheca
743 2479 805 2507 Jam
818 2472 1002 2504 reservatur,
1014 2460 1176 2502 lectiones,
1190 2476 1258 2506 quae
1270 2457 1449 2513 sequuntur,
1464 2453 1616 2497 variantes
1631 2478 1723 2498 manu
1739 2478 1827 2515 egre-

351 2519 413 2560 gia,
426 2521 505 2550 forte
524 2519 610 2549 Petri
627 2519 755 2555 Pithoei,
770 2520 857 2558 cujus
871 2529 980 2549 nomen
996 2519 1025 2549 in
1041 2517 1238 2558 frontispicio
1255 2521 1395 2557 apparet,
1412 2518 1536 2559 scriptae
1549 2511 1754 2567 reperiuntur.
1758 2519 1774 2560 ]

394 2573 433 2602 In
455 2571 597 2610 exemplo
622 2571 683 2601 alio
708 2582 760 2600 seu
784 2571 919 2601 secundo
943 2570 1089 2600 editionis
1115 2569 1340 2600 Francfurianae
1360 2569 1463 2609 reperi
1483 2568 1517 2610 1)
1543 2562 1766 2609 prolegomena
1787 2570 1826 2611 ad

353 2623 606 2658 Demosthenem,
631 2622 691 2652 alia
718 2622 790 2658 illis,
817 2632 885 2661 quae
909 2622 940 2651 in
965 2621 1122 2662 volumine
1147 2625 1300 2669 oratorum
1322 2626 1432 2650 octavo
1459 2621 1636 2666 Ριιὶιίἰοιινίς
1661 2621 1726 2652 haeo
1748 2626 1783 2652 ut
1807 2632 1825 2652 a

352 2675 473 2705 seniore
485 2675 549 2714 jam
558 2674 703 2713 Tayloro‚
713 2674 907 2714 perfectiora,
922 2673 980 2703 ista
990 2673 1134 2703 breviora
1149 2676 1181 2702 et
1191 2672 1345 2712 jejuniora
1359 2664 1455 2708 erant,
1466 2677 1500 2702 ut
1515 2672 1662 2711 ajuniore
1674 2667 1825 2712 profecta.

353 2726 436 2756 His·
428 2736 460 2756 ιιι
477 2725 707 2767 prolegomenis
725 2725 827 2765 reperi
843 2724 924 2754 inter
946 2724 1007 2754 alia
1022 2723 1156 2754 indicem
1175 2723 1317 2753 codicum
1335 2723 1557 2770 Demosthenis
1573 2714 1825 2763 Anglicanorum,

353 2777 510 2808 diversum
525 2778 563 2807 ab
578 2777 646 2812 illo,
662 2787 750 2816 quem
768 2776 797 2805 in
813 2776 1048 2816 Prolegomenis
1064 2774 1323 2815 posterioribusl.
1339 2785 1368 2804 c.
1386 2774 1447 2804 vol.
1465 2774 1485 2804 i.
1503 2784 1534 2813 p.
1553 2775 1637 2805 xcvi.
1654 2767 1825 2814 publicavi,

355 2840 411 2860 nec
426 2829 526 2860 minus
542 2830 580 2859 ab
600 2828 665 2863 illo,
683 2838 771 2869 quem
788 2827 855 2866 ipse
873 2827 986 2866 Taylor
998 2831 1158 2866 superstes
1174 2826 1286 2859 adhuc,
1301 2826 1359 2855 sub
1375 2825 1496 2855 exitum
1513 2835 1577 2855 suae
1594 2826 1632 2872 ad
1646 2826 1824 2875 universum

356 2881 594 2912 Demosthenem
612 2879 802 2923 praefationis
818 2877 1007 2918 publicavit.
1045 2879 1140 2908 Juvat
1156 2887 1236 2912 eum,
1252 2880 1286 2906 ut
1301 2877 1436 2911 brevem,
1448 2875 1498 2915 liic
1513 2869 1639 2916 ponere.

399 2933 435 2961 In
453 2932 650 2962 Bibliotheca
664 2929 842 2960 Bodleiana.
874 2929 975 2959 Godd.
993 2928 1186 2959 Barocciani.
1204 2929 1298 2958 Num.
1314 2927 1366 2958 45.
1390 2927 1608 2958 Demosthenis
1619 2927 1777 2970 Olynthia.
1796 2934 1824 2960 1.

355 2988 386 3020 ct
401 2986 431 3014 2.
449 2994 516 3014 eum
540 2984 620 3014 notis
642 2981 776 3022 Ulpiani.
823 2982 917 3012 Num.
933 2982 985 3012 75.
1005 2979 1224 3011 Demosthenis
1243 2979 1342 3010 oratio
1368 2982 1473 3009 contra
1499 2973 1630 3011 Midiam
1655 2983 1684 3010 1.
1716 2972 1824 3011 contra
