<?xml version="1.0" encoding="UTF-8"?>
<!DOCTYPE html PUBLIC "-//W3C//DTD XHTML 1.0 Transitional//EN"
    "http://www.w3.org/TR/xhtml1/DTD/xhtml1-transitional.dtd">
<html xmlns="http://www.w3.org/1999/xhtml" xml:lang="en" lang="en">
 <head>
  <title>
</title>
<meta http-equiv="Content-Type" content="text/html;charset=utf-8" />
  <meta name='ocr-system' content='tesseract 3.04.00' />
  <meta name='ocr-capabilities' content='ocr_page ocr_carea ocr_par ocr_line ocrx_word'/>
</head>
<body>
  <div class='ocr_page' id='page_1' title='image "./oratoresatticie09dobs/oratoresatticie09dobs_0281.png"; bbox 0 0 1931 3322; ppageno 0'>
   <div class='ocr_carea' id='block_1_1' title="bbox 406 212 1341 259">
    <p class='ocr_par' dir='ltr' id='par_1_1' title="bbox 406 212 1341 259">
     <span class='ocr_line' id='line_1_1' title="bbox 406 212 1341 259; baseline -0.006 0"><span class='ocrx_word' id='word_1_1' title='bbox 406 218 491 259; x_wconf 91' lang='lat' dir='ltr'>AD</span> <span class='ocrx_word' id='word_1_2' title='bbox 524 212 890 258; x_wconf 88' lang='lat' dir='ltr'>ORATIONEM</span> <span class='ocrx_word' id='word_1_3' title='bbox 925 213 987 254; x_wconf 84' lang='lat' dir='ltr'>IN</span> <span class='ocrx_word' id='word_1_4' title='bbox 1021 212 1341 254; x_wconf 83' lang='lat' dir='ltr'>CONONEM.</span> 
     </span>
    </p>
   </div>
   <div class='ocr_carea' id='block_1_2' title="bbox 1515 212 1598 254">
    <p class='ocr_par' dir='ltr' id='par_1_2' title="bbox 1515 212 1598 254">
     <span class='ocr_line' id='line_1_2' title="bbox 1515 212 1598 254; baseline 0.012 -1"><span class='ocrx_word' id='word_1_5' title='bbox 1515 212 1598 254; x_wconf 82' lang='lat'>269</span> 
     </span>
    </p>
   </div>
   <div class='ocr_carea' id='block_1_3' title="bbox 155 321 1603 451">
    <p class='ocr_par' dir='ltr' id='par_1_3' title="bbox 155 321 1603 451">
     <span class='ocr_line' id='line_1_3' title="bbox 155 321 1603 364; baseline -0.004 -7"><span class='ocrx_word' id='word_1_6' title='bbox 155 328 241 364; x_wconf 62' lang='grc' dir='ltr'>σθαι,</span> <span class='ocrx_word' id='word_1_7' title='bbox 253 324 375 356; x_wconf 87' lang='lat' dir='ltr'>tametsi</span> <span class='ocrx_word' id='word_1_8' title='bbox 389 335 450 355; x_wconf 87' lang='lat' dir='ltr'>non</span> <span class='ocrx_word' id='word_1_9' title='bbox 463 322 607 358; x_wconf 79' lang='lat' dir='ltr'>nesciam,</span> <span class='ocrx_word' id='word_1_10' title='bbox 625 323 711 353; x_wconf 90' lang='lat' dir='ltr'>illum</span> <span class='ocrx_word' id='word_1_11' title='bbox 733 321 860 351; x_wconf 86' lang='lat' dir='ltr'>infiniti·</span> <span class='ocrx_word' id='word_1_12' title='bbox 893 331 1028 351; x_wconf 75' lang='lat' dir='ltr'>excusare</span> <span class='ocrx_word' id='word_1_13' title='bbox 1042 321 1204 356; x_wconf 80' lang='lat' dir='ltr'>contendet,</span> <span class='ocrx_word' id='word_1_14' title='bbox 1212 322 1446 361; x_wconf 68' lang='lat' dir='ltr'>causubstnrque,</span> <span class='ocrx_word' id='word_1_15' title='bbox 1456 327 1491 351; x_wconf 81' lang='lat' dir='ltr'>ut</span> <span class='ocrx_word' id='word_1_16' title='bbox 1505 322 1603 351; x_wconf 80' lang='lat' dir='ltr'>statim</span> 
     </span>
     <span class='ocr_line' id='line_1_4' title="bbox 159 363 1602 406; baseline -0.006 -5"><span class='ocrx_word' id='word_1_17' title='bbox 159 381 227 400; x_wconf 85' lang='lat' dir='ltr'>vum</span> <span class='ocrx_word' id='word_1_18' title='bbox 244 368 351 399; x_wconf 81' lang='lat' dir='ltr'>referri</span> <span class='ocrx_word' id='word_1_19' title='bbox 372 369 410 397; x_wconf 86' lang='lat' dir='ltr'>ad</span> <span class='ocrx_word' id='word_1_20' title='bbox 434 367 622 406; x_wconf 85' lang='lat' dir='ltr'>praemissum</span> <span class='ocrx_word' id='word_1_21' title='bbox 646 365 812 404; x_wconf 58' lang='grc' dir='ltr'>πέπυσμαι</span> <span class='ocrx_word' id='word_1_22' title='bbox 831 370 862 394; x_wconf 84' lang='lat' dir='ltr'>et</span> <span class='ocrx_word' id='word_1_23' title='bbox 884 363 998 405; x_wconf 68' lang='lat' dir='ltr'>jaciet,</span> <span class='ocrx_word' id='word_1_24' title='bbox 1013 367 1208 401; x_wconf 75' lang='lat' dir='ltr'>se‚propterea</span> <span class='ocrx_word' id='word_1_25' title='bbox 1219 366 1291 402; x_wconf 80' lang='lat' dir='ltr'>qaod</span> <span class='ocrx_word' id='word_1_26' title='bbox 1301 366 1470 401; x_wconf 67' lang='lat' dir='ltr'>ignorasset,</span> <span class='ocrx_word' id='word_1_27' title='bbox 1485 365 1602 403; x_wconf 81' lang='lat' dir='ltr'>culpam</span> 
     </span>
     <span class='ocr_line' id='line_1_5' title="bbox 159 405 1603 451; baseline -0.006 -7"><span class='ocrx_word' id='word_1_28' title='bbox 159 414 205 444; x_wconf 83' lang='lat' dir='ltr'>sic</span> <span class='ocrx_word' id='word_1_29' title='bbox 224 413 374 451; x_wconf 83' lang='lat' dir='ltr'>vulgatam</span> <span class='ocrx_word' id='word_1_30' title='bbox 396 410 519 440; x_wconf 84' lang='lat' dir='ltr'>defendi</span> <span class='ocrx_word' id='word_1_31' title='bbox 535 420 638 450; x_wconf 87' lang='lat' dir='ltr'>posse.</span> <span class='ocrx_word' id='word_1_32' title='bbox 663 415 693 438; x_wconf 88' lang='lat' dir='ltr'>et</span> <span class='ocrx_word' id='word_1_33' title='bbox 714 409 817 438; x_wconf 86' lang='lat' dir='ltr'>addidi</span> <span class='ocrx_word' id='word_1_34' title='bbox 834 408 862 438; x_wconf 80' lang='grc' dir='ltr'>οὐ</span> <span class='ocrx_word' id='word_1_35' title='bbox 896 408 968 437; x_wconf 80' lang='lat' dir='ltr'>mali</span> <span class='ocrx_word' id='word_1_36' title='bbox 984 418 1001 436; x_wconf 87' lang='lat' dir='ltr'>a</span> <span class='ocrx_word' id='word_1_37' title='bbox 1016 407 1103 436; x_wconf 85' lang='lat' dir='ltr'>mein</span> <span class='ocrx_word' id='word_1_38' title='bbox 1117 416 1144 435; x_wconf 87' lang='lat' dir='ltr'>se</span> <span class='ocrx_word' id='word_1_39' title='bbox 1159 405 1297 446; x_wconf 60' lang='lat' dir='ltr'>conferri,</span> <span class='ocrx_word' id='word_1_40' title='bbox 1315 406 1504 445; x_wconf 57' lang='lat' dir='ltr'>defensionem</span> <span class='ocrx_word' id='word_1_41' title='bbox 1521 408 1603 437; x_wconf 77' lang='lat' dir='ltr'>hand</span> 
     </span>
    </p>
   </div>
   <div class='ocr_carea' id='block_1_4' title="bbox 158 455 879 1603">
    <p class='ocr_par' dir='ltr' id='par_1_4' title="bbox 158 455 868 748">
     <span class='ocr_line' id='line_1_6' title="bbox 158 455 864 490; baseline -0.008 -4"><span class='ocrx_word' id='word_1_42' title='bbox 158 457 197 486; x_wconf 88' lang='lat' dir='ltr'>de</span> <span class='ocrx_word' id='word_1_43' title='bbox 211 465 279 485; x_wconf 88' lang='lat' dir='ltr'>meo</span> <span class='ocrx_word' id='word_1_44' title='bbox 294 455 331 483; x_wconf 87' lang='lat' dir='ltr'>ad</span> <span class='ocrx_word' id='word_1_45' title='bbox 347 455 568 483; x_wconf 76' lang='grc' dir='ltr'>κατασκευάσει.</span> <span class='ocrx_word' id='word_1_46' title='bbox 586 463 641 482; x_wconf 89' lang='lat' dir='ltr'>nos</span> <span class='ocrx_word' id='word_1_47' title='bbox 652 458 762 487; x_wconf 86' lang='lat' dir='ltr'>autem,</span> <span class='ocrx_word' id='word_1_48' title='bbox 775 455 864 490; x_wconf 88' lang='lat' dir='ltr'>quot-</span> 
     </span>
     <span class='ocr_line' id='line_1_7' title="bbox 158 495 865 538; baseline -0.007 -10"><span class='ocrx_word' id='word_1_49' title='bbox 158 503 232 538; x_wconf 85' lang='lat' dir='ltr'>quot</span> <span class='ocrx_word' id='word_1_50' title='bbox 248 506 352 527; x_wconf 86' lang='lat' dir='ltr'>sumus</span> <span class='ocrx_word' id='word_1_51' title='bbox 368 498 486 532; x_wconf 79' lang='lat' dir='ltr'>fratres,</span> <span class='ocrx_word' id='word_1_52' title='bbox 502 499 606 527; x_wconf 72' lang='lat' dir='ltr'>Conon</span> <span class='ocrx_word' id='word_1_53' title='bbox 618 495 752 525; x_wconf 83' lang='lat' dir='ltr'>oratione</span> <span class='ocrx_word' id='word_1_54' title='bbox 764 495 865 529; x_wconf 81' lang='lat' dir='ltr'>faciet,</span> 
     </span>
     <span class='ocr_line' id='line_1_8' title="bbox 158 537 866 580; baseline -0.008 -9"><span class='ocrx_word' id='word_1_55' title='bbox 158 542 189 571; x_wconf 87' lang='lat' dir='ltr'>h.</span> <span class='ocrx_word' id='word_1_56' title='bbox 201 551 229 570; x_wconf 86' lang='lat' dir='ltr'>e.</span> <span class='ocrx_word' id='word_1_57' title='bbox 243 545 404 580; x_wconf 86' lang='lat' dir='ltr'>proponet,</span> <span class='ocrx_word' id='word_1_58' title='bbox 421 540 611 579; x_wconf 70' lang='lat' dir='ltr'><strong>praedicabit,</strong></span> <span class='ocrx_word' id='word_1_59' title='bbox 629 537 866 578; x_wconf 83' lang='lat' dir='ltr'>tinget,mentie-</span> 
     </span>
     <span class='ocr_line' id='line_1_9' title="bbox 159 581 866 622; baseline -0.006 -9"><span class='ocrx_word' id='word_1_60' title='bbox 159 589 219 619; x_wconf 83' lang='lat' dir='ltr'>tur,</span> <span class='ocrx_word' id='word_1_61' title='bbox 236 593 295 612; x_wconf 87' lang='lat' dir='ltr'>non</span> <span class='ocrx_word' id='word_1_62' title='bbox 310 583 505 613; x_wconf 70' lang='lat' dir='ltr'>lascivientes</span> <span class='ocrx_word' id='word_1_63' title='bbox 517 582 639 622; x_wconf 91' lang='lat' dir='ltr'>quidem</span> <span class='ocrx_word' id='word_1_64' title='bbox 651 586 680 610; x_wconf 86' lang='lat' dir='ltr'>et</span> <span class='ocrx_word' id='word_1_65' title='bbox 697 581 866 620; x_wconf 80' lang='lat' dir='ltr'><strong>petulantes</strong></span> 
     </span>
     <span class='ocr_line' id='line_1_10' title="bbox 159 624 867 666; baseline -0.006 -10"><span class='ocrx_word' id='word_1_66' title='bbox 159 636 214 666; x_wconf 83' lang='lat' dir='ltr'>per</span> <span class='ocrx_word' id='word_1_67' title='bbox 228 626 485 662; x_wconf 85' lang='lat' dir='ltr'>temulentiam‚et</span> <span class='ocrx_word' id='word_1_68' title='bbox 498 624 747 660; x_wconf 85' lang='lat' dir='ltr'>contumeliosos,</span> <span class='ocrx_word' id='word_1_69' title='bbox 763 625 867 662; x_wconf 87' lang='lat' dir='ltr'>cujus-</span> 
     </span>
     <span class='ocr_line' id='line_1_11' title="bbox 159 667 868 708; baseline -0.006 -9"><span class='ocrx_word' id='word_1_70' title='bbox 159 670 243 700; x_wconf 88' lang='lat' dir='ltr'>modi</span> <span class='ocrx_word' id='word_1_71' title='bbox 256 674 326 699; x_wconf 89' lang='lat' dir='ltr'>sunt</span> <span class='ocrx_word' id='word_1_72' title='bbox 340 669 439 708; x_wconf 86' lang='lat' dir='ltr'>ipsius</span> <span class='ocrx_word' id='word_1_73' title='bbox 456 668 556 704; x_wconf 84' lang='lat' dir='ltr'>liberi,</span> <span class='ocrx_word' id='word_1_74' title='bbox 568 672 775 697; x_wconf 74' lang='lat' dir='ltr'><strong>verumtamen</strong></span> <span class='ocrx_word' id='word_1_75' title='bbox 792 667 868 696; x_wconf 89' lang='lat' dir='ltr'>stul-</span> 
     </span>
     <span class='ocr_line' id='line_1_12' title="bbox 160 711 697 748; baseline -0.004 -6"><span class='ocrx_word' id='word_1_76' title='bbox 160 718 221 747; x_wconf 65' lang='lat' dir='ltr'>toa,</span> <span class='ocrx_word' id='word_1_77' title='bbox 236 722 387 748; x_wconf 86' lang='lat' dir='ltr'>morosos,</span> <span class='ocrx_word' id='word_1_78' title='bbox 403 722 501 742; x_wconf 81' lang='lat' dir='ltr'>saevos</span> <span class='ocrx_word' id='word_1_79' title='bbox 513 716 544 741; x_wconf 89' lang='lat' dir='ltr'>et</span> <span class='ocrx_word' id='word_1_80' title='bbox 557 711 697 740; x_wconf 77' lang='lat' dir='ltr'>acerbos.</span> 
     </span>
    </p>

    <p class='ocr_par' dir='ltr' id='par_1_5' title="bbox 159 753 869 872">
     <span class='ocr_line' id='line_1_13' title="bbox 201 753 869 796; baseline -0.004 -11"><span class='ocrx_word' id='word_1_81' title='bbox 201 772 246 778; x_wconf 92' lang='lat'>—</span> <span class='ocrx_word' id='word_1_82' title='bbox 260 757 312 785; x_wconf 71' lang='lat'>2⁷.</span> <span class='ocrx_word' id='word_1_83' title='bbox 327 754 420 796; x_wconf 75' lang='grc' dir='ltr'>ἐστὶν]</span> <span class='ocrx_word' id='word_1_84' title='bbox 444 765 502 784; x_wconf 83' lang='lat' dir='ltr'>non</span> <span class='ocrx_word' id='word_1_85' title='bbox 517 755 637 783; x_wconf 88' lang='lat' dir='ltr'>damno.</span> <span class='ocrx_word' id='word_1_86' title='bbox 653 753 753 783; x_wconf 80' lang='lat' dir='ltr'>videri</span> <span class='ocrx_word' id='word_1_87' title='bbox 770 757 869 783; x_wconf 87' lang='lat' dir='ltr'>tamen</span> 
     </span>
     <span class='ocr_line' id='line_1_14' title="bbox 159 795 869 838; baseline -0.004 -10"><span class='ocrx_word' id='word_1_88' title='bbox 159 798 259 838; x_wconf 84' lang='lat' dir='ltr'>possit</span> <span class='ocrx_word' id='word_1_89' title='bbox 275 796 468 838; x_wconf 82' lang='lat' dir='ltr'>prae&#39;missum</span> <span class='ocrx_word' id='word_1_90' title='bbox 490 797 559 837; x_wconf 77' lang='grc' dir='ltr'>δόξει</span> <span class='ocrx_word' id='word_1_91' title='bbox 583 797 687 836; x_wconf 86' lang='lat' dir='ltr'>potius</span> <span class='ocrx_word' id='word_1_92' title='bbox 707 795 793 826; x_wconf 76' lang='grc' dir='ltr'>1ε’σται</span> <span class='ocrx_word' id='word_1_93' title='bbox 815 807 869 836; x_wconf 93' lang='lat' dir='ltr'>po-</span> 
     </span>
     <span class='ocr_line' id='line_1_15' title="bbox 162 840 284 872; baseline 0.008 -1"><span class='ocrx_word' id='word_1_94' title='bbox 162 840 284 872; x_wconf 81' lang='lat' dir='ltr'>stulare.</span> 
     </span>
    </p>

    <p class='ocr_par' dir='ltr' id='par_1_6' title="bbox 162 881 871 958">
     <span class='ocr_line' id='line_1_16' title="bbox 204 881 871 925; baseline -0.004 -10"><span class='ocrx_word' id='word_1_95' title='bbox 204 881 299 915; x_wconf 68' lang='lat'>12602.</span> <span class='ocrx_word' id='word_1_96' title='bbox 315 886 365 914; x_wconf 80' lang='lat'>14.</span> <span class='ocrx_word' id='word_1_97' title='bbox 381 883 450 925; x_wconf 71' lang='lat' dir='ltr'>‘stag&#39;</span> <span class='ocrx_word' id='word_1_98' title='bbox 465 883 547 924; x_wconf 75' lang='grc' dir='ltr'>ὑμῖν]</span> <span class='ocrx_word' id='word_1_99' title='bbox 565 883 700 914; x_wconf 86' lang='lat' dir='ltr'>cohaeret</span> <span class='ocrx_word' id='word_1_100' title='bbox 714 893 782 912; x_wconf 90' lang='lat' dir='ltr'>cnm</span> <span class='ocrx_word' id='word_1_101' title='bbox 799 881 871 914; x_wconf 81' lang='grc' dir='ltr'>δίκην</span> 
     </span>
     <span class='ocr_line' id='line_1_17' title="bbox 162 927 401 958; baseline -0.004 -1"><span class='ocrx_word' id='word_1_102' title='bbox 162 927 191 957; x_wconf 77' lang='grc' dir='ltr'>οὗ</span> <span class='ocrx_word' id='word_1_103' title='bbox 205 927 286 957; x_wconf 77' lang='grc' dir='ltr'>δώσει</span> <span class='ocrx_word' id='word_1_104' title='bbox 303 937 333 957; x_wconf 85' lang='lat' dir='ltr'>v.</span> <span class='ocrx_word' id='word_1_105' title='bbox 351 929 401 958; x_wconf 87' lang='lat'>15.</span> 
     </span>
    </p>

    <p class='ocr_par' dir='ltr' id='par_1_7' title="bbox 163 970 872 1139">
     <span class='ocr_line' id='line_1_18' title="bbox 205 970 870 1011; baseline 0 -12"><span class='ocrx_word' id='word_1_106' title='bbox 205 988 248 994; x_wconf 89' lang='lat'>--</span> <span class='ocrx_word' id='word_1_107' title='bbox 260 974 310 1002; x_wconf 87' lang='lat'>19.</span> <span class='ocrx_word' id='word_1_108' title='bbox 323 970 434 1011; x_wconf 80' lang='grc' dir='ltr'>τοῦτον]</span> <span class='ocrx_word' id='word_1_109' title='bbox 452 975 499 1000; x_wconf 89' lang='lat' dir='ltr'>est</span> <span class='ocrx_word' id='word_1_110' title='bbox 515 970 544 999; x_wconf 92' lang='lat' dir='ltr'>in</span> <span class='ocrx_word' id='word_1_111' title='bbox 559 970 638 1009; x_wconf 86' lang='lat' dir='ltr'>Aug.</span> <span class='ocrx_word' id='word_1_112' title='bbox 652 980 699 1009; x_wconf 87' lang='lat' dir='ltr'>pr.</span> <span class='ocrx_word' id='word_1_113' title='bbox 711 970 790 1000; x_wconf 87' lang='lat' dir='ltr'>unde</span> <span class='ocrx_word' id='word_1_114' title='bbox 806 970 870 999; x_wconf 89' lang='lat' dir='ltr'>col-</span> 
     </span>
     <span class='ocr_line' id='line_1_19' title="bbox 163 1012 872 1053; baseline -0.003 -10"><span class='ocrx_word' id='word_1_115' title='bbox 163 1014 228 1052; x_wconf 85' lang='lat' dir='ltr'>ligo</span> <span class='ocrx_word' id='word_1_116' title='bbox 238 1015 475 1043; x_wconf 76' lang='lat' dir='ltr'>Demosthenem</span> <span class='ocrx_word' id='word_1_117' title='bbox 486 1013 628 1043; x_wconf 82' lang='lat' dir='ltr'>dedisse:</span> <span class='ocrx_word' id='word_1_118' title='bbox 644 1014 742 1043; x_wconf 80' lang='grc' dir='ltr'>τοῦτον</span> <span class='ocrx_word' id='word_1_119' title='bbox 753 1012 799 1043; x_wconf 77' lang='grc' dir='ltr'>τὸν</span> <span class='ocrx_word' id='word_1_120' title='bbox 812 1013 872 1053; x_wconf 62' lang='lat'>⁷36-</span> 
     </span>
     <span class='ocr_line' id='line_1_20' title="bbox 166 1055 872 1097; baseline -0.004 -9"><span class='ocrx_word' id='word_1_121' title='bbox 166 1066 215 1088; x_wconf 81' lang='grc' dir='ltr'>πον</span> <span class='ocrx_word' id='word_1_122' title='bbox 229 1056 344 1095; x_wconf 68' lang='grc' dir='ltr'>γέγονεν.</span> <span class='ocrx_word' id='word_1_123' title='bbox 371 1058 440 1097; x_wconf 89' lang='lat' dir='ltr'>Ego</span> <span class='ocrx_word' id='word_1_124' title='bbox 454 1058 492 1087; x_wconf 92' lang='lat' dir='ltr'>de</span> <span class='ocrx_word' id='word_1_125' title='bbox 505 1067 571 1087; x_wconf 88' lang='lat' dir='ltr'>meo</span> <span class='ocrx_word' id='word_1_126' title='bbox 584 1056 673 1086; x_wconf 90' lang='lat' dir='ltr'>dedi:</span> <span class='ocrx_word' id='word_1_127' title='bbox 698 1056 742 1086; x_wconf 75' lang='grc' dir='ltr'>διὰ</span> <span class='ocrx_word' id='word_1_128' title='bbox 757 1057 787 1086; x_wconf 88' lang='grc' dir='ltr'>τί</span> <span class='ocrx_word' id='word_1_129' title='bbox 801 1055 872 1087; x_wconf 73' lang='grc' dir='ltr'>οὕτω</span> 
     </span>
     <span class='ocr_line' id='line_1_21' title="bbox 167 1099 284 1139; baseline -0.009 -10"><span class='ocrx_word' id='word_1_130' title='bbox 167 1099 284 1139; x_wconf 72' lang='grc' dir='ltr'>γέγονεν.</span> 
     </span>
    </p>

    <p class='ocr_par' dir='ltr' id='par_1_8' title="bbox 167 1141 874 1227">
     <span class='ocr_line' id='line_1_22' title="bbox 212 1141 874 1183; baseline -0.002 -11"><span class='ocrx_word' id='word_1_131' title='bbox 212 1144 305 1173; x_wconf 66' lang='lat'>1263.</span> <span class='ocrx_word' id='word_1_132' title='bbox 324 1145 374 1173; x_wconf 88' lang='grc'>10.</span> <span class='ocrx_word' id='word_1_133' title='bbox 398 1141 474 1173; x_wconf 76' lang='grc' dir='ltr'>ἡνίκα</span> <span class='ocrx_word' id='word_1_134' title='bbox 496 1141 629 1183; x_wconf 75' lang='grc' dir='ltr'>εἱλκόμην</span> <span class='ocrx_word' id='word_1_135' title='bbox 639 1142 696 1183; x_wconf 84' lang='grc'>-]</span> <span class='ocrx_word' id='word_1_136' title='bbox 719 1142 802 1172; x_wconf 87' lang='lat' dir='ltr'>Citat</span> <span class='ocrx_word' id='word_1_137' title='bbox 813 1141 874 1172; x_wconf 90' lang='lat' dir='ltr'>h.l.</span> 
     </span>
     <span class='ocr_line' id='line_1_23' title="bbox 167 1185 553 1227; baseline 0.003 -13"><span class='ocrx_word' id='word_1_138' title='bbox 167 1185 319 1215; x_wconf 71' lang='lat' dir='ltr'>Aristides</span> <span class='ocrx_word' id='word_1_139' title='bbox 334 1196 416 1227; x_wconf 79' lang='grc' dir='ltr'>τεχν.</span> <span class='ocrx_word' id='word_1_140' title='bbox 431 1197 462 1225; x_wconf 89' lang='lat' dir='ltr'>p.</span> <span class='ocrx_word' id='word_1_141' title='bbox 479 1188 553 1216; x_wconf 62' lang='lat'>270.</span> 
     </span>
    </p>

    <p class='ocr_par' dir='ltr' id='par_1_9' title="bbox 166 1229 876 1397">
     <span class='ocr_line' id='line_1_24' title="bbox 208 1229 875 1270; baseline 0 -12"><span class='ocrx_word' id='word_1_142' title='bbox 208 1245 251 1251; x_wconf 87' lang='lat'>·—-</span> <span class='ocrx_word' id='word_1_143' title='bbox 265 1233 315 1258; x_wconf 92' lang='lat'>11.</span> <span class='ocrx_word' id='word_1_144' title='bbox 328 1229 419 1270; x_wconf 76' lang='grc' dir='ltr'>ὑγιὴς]</span> <span class='ocrx_word' id='word_1_145' title='bbox 432 1231 507 1258; x_wconf 86' lang='lat' dir='ltr'>bene</span> <span class='ocrx_word' id='word_1_146' title='bbox 522 1229 622 1258; x_wconf 81' lang='lat' dir='ltr'>habet.</span> <span class='ocrx_word' id='word_1_147' title='bbox 634 1238 701 1257; x_wconf 83' lang='lat' dir='ltr'>cum</span> <span class='ocrx_word' id='word_1_148' title='bbox 711 1229 792 1258; x_wconf 66' lang='lat' dir='ltr'>danto</span> <span class='ocrx_word' id='word_1_149' title='bbox 806 1229 875 1259; x_wconf 75' lang='lat' dir='ltr'>exis·</span> 
     </span>
     <span class='ocr_line' id='line_1_25' title="bbox 166 1272 876 1310; baseline -0.001 -9"><span class='ocrx_word' id='word_1_150' title='bbox 166 1280 224 1302; x_wconf 78' lang='lat' dir='ltr'>sem</span> <span class='ocrx_word' id='word_1_151' title='bbox 238 1282 328 1302; x_wconf 82' lang='lat' dir='ltr'>sanus</span> <span class='ocrx_word' id='word_1_152' title='bbox 341 1279 368 1302; x_wconf 78' lang='lat' dir='ltr'>et</span> <span class='ocrx_word' id='word_1_153' title='bbox 382 1272 449 1302; x_wconf 82' lang='lat' dir='ltr'>bene</span> <span class='ocrx_word' id='word_1_154' title='bbox 463 1272 571 1308; x_wconf 79' lang='lat' dir='ltr'>valens,</span> <span class='ocrx_word' id='word_1_155' title='bbox 585 1281 616 1301; x_wconf 85' lang='lat' dir='ltr'>eo</span> <span class='ocrx_word' id='word_1_156' title='bbox 629 1278 795 1310; x_wconf 71' lang='lat' dir='ltr'>reportarer</span> <span class='ocrx_word' id='word_1_157' title='bbox 809 1272 876 1302; x_wconf 82' lang='lat' dir='ltr'>sab-</span> 
     </span>
     <span class='ocr_line' id='line_1_26' title="bbox 169 1315 876 1355; baseline 0.001 -11"><span class='ocrx_word' id='word_1_158' title='bbox 169 1315 246 1345; x_wconf 84' lang='lat' dir='ltr'>limis</span> <span class='ocrx_word' id='word_1_159' title='bbox 259 1316 337 1344; x_wconf 78' lang='lat' dir='ltr'>inter</span> <span class='ocrx_word' id='word_1_160' title='bbox 356 1325 459 1345; x_wconf 83' lang='lat' dir='ltr'>manus</span> <span class='ocrx_word' id='word_1_161' title='bbox 471 1316 659 1355; x_wconf 77' lang='lat' dir='ltr'>gestantium.</span> <span class='ocrx_word' id='word_1_162' title='bbox 687 1320 818 1355; x_wconf 81' lang='lat' dir='ltr'>nugatur</span> <span class='ocrx_word' id='word_1_163' title='bbox 838 1315 876 1344; x_wconf 81' lang='lat' dir='ltr'>ad</span> 
     </span>
     <span class='ocr_line' id='line_1_27' title="bbox 170 1358 685 1397; baseline 0 -10"><span class='ocrx_word' id='word_1_164' title='bbox 170 1358 232 1388; x_wconf 86' lang='lat' dir='ltr'>h.l.</span> <span class='ocrx_word' id='word_1_165' title='bbox 249 1358 419 1388; x_wconf 79' lang='lat' dir='ltr'>Palmerins</span> <span class='ocrx_word' id='word_1_166' title='bbox 436 1369 466 1397; x_wconf 85' lang='lat' dir='ltr'>p.</span> <span class='ocrx_word' id='word_1_167' title='bbox 483 1362 556 1390; x_wconf 82' lang='lat'>647.</span> <span class='ocrx_word' id='word_1_168' title='bbox 572 1359 685 1388; x_wconf 79' lang='lat' dir='ltr'>Exere.</span> 
     </span>
    </p>

    <p class='ocr_par' dir='ltr' id='par_1_10' title="bbox 212 1400 706 1442">
     <span class='ocr_line' id='line_1_28' title="bbox 212 1400 706 1442; baseline 0 -12"><span class='ocrx_word' id='word_1_169' title='bbox 212 1419 255 1423; x_wconf 97' lang='lat'>—</span> <span class='ocrx_word' id='word_1_170' title='bbox 269 1401 323 1430; x_wconf 87' lang='lat' dir='ltr'>ult.</span> <span class='ocrx_word' id='word_1_171' title='bbox 339 1401 407 1430; x_wconf 82' lang='grc' dir='ltr'>ἀλλ’</span> <span class='ocrx_word' id='word_1_172' title='bbox 421 1402 459 1442; x_wconf 81' lang='grc' dir='ltr'>εἴ]</span> <span class='ocrx_word' id='word_1_173' title='bbox 477 1402 604 1431; x_wconf 80' lang='lat' dir='ltr'>subaudi</span> <span class='ocrx_word' id='word_1_174' title='bbox 618 1400 706 1441; x_wconf 77' lang='grc' dir='ltr'>μόνον.</span> 
     </span>
    </p>

    <p class='ocr_par' dir='ltr' id='par_1_11' title="bbox 159 1443 879 1603">
     <span class='ocr_line' id='line_1_29' title="bbox 214 1443 878 1486; baseline 0.003 -13"><span class='ocrx_word' id='word_1_175' title='bbox 214 1446 310 1474; x_wconf 72' lang='grc'><strong>1264.</strong></span> <span class='ocrx_word' id='word_1_176' title='bbox 327 1447 355 1473; x_wconf 89' lang='grc'>1.</span> <span class='ocrx_word' id='word_1_177' title='bbox 378 1444 448 1485; x_wconf 67' lang='grc' dir='ltr'>ἅπερ</span> <span class='ocrx_word' id='word_1_178' title='bbox 459 1444 524 1486; x_wconf 75' lang='grc' dir='ltr'>νυνὶ]</span> <span class='ocrx_word' id='word_1_179' title='bbox 543 1445 611 1474; x_wconf 85' lang='lat' dir='ltr'>scil.</span> <span class='ocrx_word' id='word_1_180' title='bbox 626 1443 750 1484; x_wconf 76' lang='grc' dir='ltr'>φαίνεται</span> <span class='ocrx_word' id='word_1_181' title='bbox 765 1455 878 1475; x_wconf 82' lang='grc' dir='ltr'>πεποιη-</span> 
     </span>
     <span class='ocr_line' id='line_1_30' title="bbox 170 1484 878 1527; baseline 0.003 -11"><span class='ocrx_word' id='word_1_182' title='bbox 170 1487 233 1520; x_wconf 80' lang='grc' dir='ltr'>κώς.</span> <span class='ocrx_word' id='word_1_183' title='bbox 254 1488 307 1516; x_wconf 83' lang='lat' dir='ltr'>sed</span> <span class='ocrx_word' id='word_1_184' title='bbox 330 1487 433 1517; x_wconf 84' lang='lat' dir='ltr'>addidi</span> <span class='ocrx_word' id='word_1_185' title='bbox 449 1484 526 1522; x_wconf 71' lang='grc' dir='ltr'>οὗτος</span> <span class='ocrx_word' id='word_1_186' title='bbox 543 1498 583 1517; x_wconf 85' lang='lat' dir='ltr'>ex</span> <span class='ocrx_word' id='word_1_187' title='bbox 599 1488 790 1526; x_wconf 84' lang='lat' dir='ltr'>Augustano.</span> <span class='ocrx_word' id='word_1_188' title='bbox 815 1498 878 1527; x_wconf 82' lang='lat' dir='ltr'>quae</span> 
     </span>
     <span class='ocr_line' id='line_1_31' title="bbox 159 1530 879 1571; baseline 0.003 -12"><span class='ocrx_word' id='word_1_189' title='bbox 159 1531 268 1571; x_wconf 73' lang='lat' dir='ltr'>jecisse</span> <span class='ocrx_word' id='word_1_190' title='bbox 294 1530 351 1567; x_wconf 82' lang='lat' dir='ltr'>hic,</span> <span class='ocrx_word' id='word_1_191' title='bbox 375 1530 481 1560; x_wconf 90' lang='lat' dir='ltr'>Conon</span> <span class='ocrx_word' id='word_1_192' title='bbox 509 1536 595 1570; x_wconf 83' lang='lat' dir='ltr'>puta,</span> <span class='ocrx_word' id='word_1_193' title='bbox 619 1541 700 1561; x_wconf 78' lang='lat' dir='ltr'>nunc</span> <span class='ocrx_word' id='word_1_194' title='bbox 723 1531 879 1570; x_wconf 81' lang='lat' dir='ltr'>deprehen-</span> 
     </span>
     <span class='ocr_line' id='line_1_32' title="bbox 171 1574 269 1603; baseline 0.01 -1"><span class='ocrx_word' id='word_1_195' title='bbox 171 1574 269 1603; x_wconf 76' lang='lat' dir='ltr'>ditur.</span> 
     </span>
    </p>
   </div>
   <div class='ocr_carea' id='block_1_5' title="bbox 171 1615 896 2940">
    <p class='ocr_par' dir='ltr' id='par_1_12' title="bbox 171 1615 882 1819">
     <span class='ocr_line' id='line_1_33' title="bbox 213 1615 880 1657; baseline 0 -11"><span class='ocrx_word' id='word_1_196' title='bbox 213 1634 258 1639; x_wconf 90' lang='grc'>--</span> <span class='ocrx_word' id='word_1_197' title='bbox 271 1618 301 1646; x_wconf 87' lang='grc'>9.</span> <span class='ocrx_word' id='word_1_198' title='bbox 317 1615 438 1657; x_wconf 79' lang='grc' dir='ltr'>τούτοις]</span> <span class='ocrx_word' id='word_1_199' title='bbox 453 1615 575 1646; x_wconf 88' lang='lat' dir='ltr'>correxi</span> <span class='ocrx_word' id='word_1_200' title='bbox 590 1615 715 1650; x_wconf 82' lang='grc' dir='ltr'>τούτους.</span> <span class='ocrx_word' id='word_1_201' title='bbox 737 1616 819 1646; x_wconf 88' lang='lat' dir='ltr'>idem</span> <span class='ocrx_word' id='word_1_202' title='bbox 835 1621 880 1646; x_wconf 84' lang='lat' dir='ltr'>est</span> 
     </span>
     <span class='ocr_line' id='line_1_34' title="bbox 542 1658 660 1669; baseline 0 0"><span class='ocrx_word' id='word_1_203' title='bbox 542 1660 550 1669; x_wconf 66' lang='lat'>5</span> <span class='ocrx_word' id='word_1_204' title='bbox 580 1658 587 1668; x_wconf 59' lang='grc' dir='ltr'><strong>Χ</strong></span> <span class='ocrx_word' id='word_1_205' title='bbox 619 1661 626 1669; x_wconf 70' lang='grc'><strong>9</strong></span> <span class='ocrx_word' id='word_1_206' title='bbox 655 1661 660 1669; x_wconf 92' lang='grc'><em>1</em></span> 
     </span>
     <span class='ocr_line' id='line_1_35' title="bbox 171 1701 882 1743; baseline -0.001 -12"><span class='ocrx_word' id='word_1_207' title='bbox 171 1702 233 1743; x_wconf 71' lang='grc' dir='ltr'>μᾷν</span> <span class='ocrx_word' id='word_1_208' title='bbox 255 1701 302 1732; x_wconf 81' lang='grc' dir='ltr'>καὶ</span> <span class='ocrx_word' id='word_1_209' title='bbox 328 1702 438 1733; x_wconf 74' lang='grc' dir='ltr'>δεδιέναι</span> <span class='ocrx_word' id='word_1_210' title='bbox 459 1701 564 1734; x_wconf 79' lang='grc' dir='ltr'>ἑαυτόν.</span> <span class='ocrx_word' id='word_1_211' title='bbox 590 1703 771 1741; x_wconf 76' lang='lat' dir='ltr'>postulasset,</span> <span class='ocrx_word' id='word_1_212' title='bbox 795 1708 828 1732; x_wconf 84' lang='lat' dir='ltr'>ut</span> <span class='ocrx_word' id='word_1_213' title='bbox 852 1702 882 1731; x_wconf 81' lang='lat' dir='ltr'>hi</span> 
     </span>
     <span class='ocr_line' id='line_1_36' title="bbox 174 1745 882 1786; baseline 0 -11"><span class='ocrx_word' id='word_1_214' title='bbox 174 1756 283 1786; x_wconf 80' lang='lat' dir='ltr'>quaque</span> <span class='ocrx_word' id='word_1_215' title='bbox 302 1750 338 1781; x_wconf 78' lang='lat' dir='ltr'>se,</span> <span class='ocrx_word' id='word_1_216' title='bbox 359 1752 484 1785; x_wconf 80' lang='lat' dir='ltr'>patrem,</span> <span class='ocrx_word' id='word_1_217' title='bbox 505 1749 538 1777; x_wconf 83' lang='lat' dir='ltr'>in</span> <span class='ocrx_word' id='word_1_218' title='bbox 557 1745 663 1776; x_wconf 83' lang='lat' dir='ltr'><strong><em>honore</em></strong></span> <span class='ocrx_word' id='word_1_219' title='bbox 677 1752 705 1776; x_wconf 79' lang='lat' dir='ltr'>ec</span> <span class='ocrx_word' id='word_1_220' title='bbox 719 1748 882 1775; x_wconf 74' lang='lat' dir='ltr'>reverentia</span> 
     </span>
     <span class='ocr_line' id='line_1_37' title="bbox 175 1789 321 1819; baseline -0.007 -2"><span class='ocrx_word' id='word_1_221' title='bbox 175 1789 321 1819; x_wconf 84' lang='lat' dir='ltr'>haberent.</span> 
     </span>
    </p>

    <p class='ocr_par' dir='ltr' id='par_1_13' title="bbox 177 1830 883 2001">
     <span class='ocr_line' id='line_1_38' title="bbox 217 1830 882 1872; baseline -0.003 -10"><span class='ocrx_word' id='word_1_222' title='bbox 217 1850 261 1855; x_wconf 89' lang='lat'>—</span> <span class='ocrx_word' id='word_1_223' title='bbox 282 1834 335 1862; x_wconf 68' lang='lat'>22.</span> <span class='ocrx_word' id='word_1_224' title='bbox 361 1830 458 1871; x_wconf 74' lang='grc' dir='ltr'>αὗτόν]</span> <span class='ocrx_word' id='word_1_225' title='bbox 486 1831 573 1862; x_wconf 83' lang='lat' dir='ltr'>uncis</span> <span class='ocrx_word' id='word_1_226' title='bbox 597 1832 720 1862; x_wconf 85' lang='lat' dir='ltr'>inclusi.</span> <span class='ocrx_word' id='word_1_227' title='bbox 747 1832 829 1872; x_wconf 85' lang='lat' dir='ltr'>quod</span> <span class='ocrx_word' id='word_1_228' title='bbox 856 1831 882 1861; x_wconf 91' lang='lat' dir='ltr'>si</span> 
     </span>
     <span class='ocr_line' id='line_1_39' title="bbox 177 1873 882 1915; baseline 0 -11"><span class='ocrx_word' id='word_1_229' title='bbox 177 1880 327 1909; x_wconf 77' lang='lat' dir='ltr'>servatur,</span> <span class='ocrx_word' id='word_1_230' title='bbox 342 1885 465 1904; x_wconf 86' lang='lat' dir='ltr'>necesse</span> <span class='ocrx_word' id='word_1_231' title='bbox 481 1876 550 1911; x_wconf 87' lang='lat' dir='ltr'>erit,</span> <span class='ocrx_word' id='word_1_232' title='bbox 568 1883 601 1904; x_wconf 83' lang='lat' dir='ltr'>ut</span> <span class='ocrx_word' id='word_1_233' title='bbox 613 1874 658 1906; x_wconf 75' lang='grc' dir='ltr'>τὸν</span> <span class='ocrx_word' id='word_1_234' title='bbox 669 1893 711 1898; x_wconf 90' lang='lat'>—</span> <span class='ocrx_word' id='word_1_235' title='bbox 723 1873 836 1915; x_wconf 79' lang='grc' dir='ltr'>πατέρα</span> <span class='ocrx_word' id='word_1_236' title='bbox 852 1885 882 1904; x_wconf 91' lang='lat' dir='ltr'>v.</span> 
     </span>
     <span class='ocr_line' id='line_1_40' title="bbox 177 1917 883 1957; baseline -0.003 -8"><span class='ocrx_word' id='word_1_237' title='bbox 177 1921 229 1949; x_wconf 71' lang='lat'>20.</span> <span class='ocrx_word' id='word_1_238' title='bbox 256 1917 425 1956; x_wconf 75' lang='lat' dir='ltr'>accipiatur</span> <span class='ocrx_word' id='word_1_239' title='bbox 451 1928 508 1957; x_wconf 88' lang='lat' dir='ltr'>pro</span> <span class='ocrx_word' id='word_1_240' title='bbox 531 1918 707 1948; x_wconf 85' lang='lat' dir='ltr'>accusativo</span> <span class='ocrx_word' id='word_1_241' title='bbox 733 1918 883 1953; x_wconf 85' lang='lat' dir='ltr'>absoluto,</span> 
     </span>
     <span class='ocr_line' id='line_1_41' title="bbox 178 1961 804 2001; baseline 0.002 -11"><span class='ocrx_word' id='word_1_242' title='bbox 178 1961 253 2001; x_wconf 81' lang='lat' dir='ltr'>quod</span> <span class='ocrx_word' id='word_1_243' title='bbox 264 1961 371 1990; x_wconf 77' lang='lat' dir='ltr'>attinet</span> <span class='ocrx_word' id='word_1_244' title='bbox 385 1962 424 1990; x_wconf 83' lang='lat' dir='ltr'>od</span> <span class='ocrx_word' id='word_1_245' title='bbox 436 1967 559 1999; x_wconf 82' lang='lat' dir='ltr'>patrem.</span> <span class='ocrx_word' id='word_1_246' title='bbox 574 1972 603 1991; x_wconf 90' lang='lat' dir='ltr'>v.</span> <span class='ocrx_word' id='word_1_247' title='bbox 622 1971 652 2000; x_wconf 85' lang='lat' dir='ltr'>p.</span> <span class='ocrx_word' id='word_1_248' title='bbox 666 1963 762 1992; x_wconf 74' lang='lat'>1253.</span> <span class='ocrx_word' id='word_1_249' title='bbox 775 1963 804 1991; x_wconf 88' lang='lat'>6.</span> 
     </span>
    </p>

    <p class='ocr_par' dir='ltr' id='par_1_14' title="bbox 178 2003 884 2087">
     <span class='ocr_line' id='line_1_42' title="bbox 223 2003 884 2046; baseline 0 -12"><span class='ocrx_word' id='word_1_250' title='bbox 223 2005 319 2034; x_wconf 76' lang='lat'>1265.</span> <span class='ocrx_word' id='word_1_251' title='bbox 333 2005 364 2035; x_wconf 87' lang='lat'>5.</span> <span class='ocrx_word' id='word_1_252' title='bbox 379 2005 434 2034; x_wconf 76' lang='grc' dir='ltr'>τῶν</span> <span class='ocrx_word' id='word_1_253' title='bbox 449 2015 482 2034; x_wconf 81' lang='grc' dir='ltr'>τε</span> <span class='ocrx_word' id='word_1_254' title='bbox 495 2004 648 2046; x_wconf 76' lang='grc' dir='ltr'>παρόντων]</span> <span class='ocrx_word' id='word_1_255' title='bbox 670 2005 772 2035; x_wconf 87' lang='lat' dir='ltr'>malim</span> <span class='ocrx_word' id='word_1_256' title='bbox 788 2006 842 2034; x_wconf 77' lang='grc' dir='ltr'>τῶν</span> <span class='ocrx_word' id='word_1_257' title='bbox 856 2003 884 2034; x_wconf 68' lang='grc' dir='ltr'>δὲ</span> 
     </span>
     <span class='ocr_line' id='line_1_43' title="bbox 178 2046 328 2087; baseline 0 -11"><span class='ocrx_word' id='word_1_258' title='bbox 178 2046 328 2087; x_wconf 74' lang='grc' dir='ltr'>παρόντων.</span> 
     </span>
    </p>

    <p class='ocr_par' dir='ltr' id='par_1_15' title="bbox 178 2089 886 2170">
     <span class='ocr_line' id='line_1_44' title="bbox 178 2089 886 2132; baseline 0.003 -13"><span class='ocrx_word' id='word_1_259' title='bbox 178 2102 180 2105; x_wconf 92' lang='grc'><em>·</em></span> <span class='ocrx_word' id='word_1_260' title='bbox 220 2108 263 2113; x_wconf 93' lang='lat'>—</span> <span class='ocrx_word' id='word_1_261' title='bbox 279 2090 354 2120; x_wconf 86' lang='lat' dir='ltr'>ibid.</span> <span class='ocrx_word' id='word_1_262' title='bbox 381 2090 492 2132; x_wconf 79' lang='grc' dir='ltr'>οὑτοσὶ]</span> <span class='ocrx_word' id='word_1_263' title='bbox 515 2091 636 2120; x_wconf 85' lang='lat' dir='ltr'>correxi</span> <span class='ocrx_word' id='word_1_264' title='bbox 655 2089 758 2122; x_wconf 80' lang='grc' dir='ltr'>οὑτωσὶ</span> <span class='ocrx_word' id='word_1_265' title='bbox 780 2090 809 2120; x_wconf 89' lang='lat' dir='ltr'>in</span> <span class='ocrx_word' id='word_1_266' title='bbox 832 2091 886 2121; x_wconf 87' lang='lat' dir='ltr'>ad-</span> 
     </span>
     <span class='ocr_line' id='line_1_45' title="bbox 178 2133 821 2170; baseline 0.002 -7"><span class='ocrx_word' id='word_1_267' title='bbox 178 2134 297 2163; x_wconf 84' lang='lat' dir='ltr'>verbio.</span> <span class='ocrx_word' id='word_1_268' title='bbox 318 2134 358 2164; x_wconf 84' lang='lat' dir='ltr'>sic</span> <span class='ocrx_word' id='word_1_269' title='bbox 373 2138 487 2168; x_wconf 85' lang='lat' dir='ltr'>temere,</span> <span class='ocrx_word' id='word_1_270' title='bbox 503 2133 644 2170; x_wconf 80' lang='lat' dir='ltr'>insubide,</span> <span class='ocrx_word' id='word_1_271' title='bbox 656 2135 688 2163; x_wconf 86' lang='lat' dir='ltr'>in</span> <span class='ocrx_word' id='word_1_272' title='bbox 701 2144 821 2164; x_wconf 83' lang='lat' dir='ltr'>cassum.</span> 
     </span>
    </p>

    <p class='ocr_par' dir='ltr' id='par_1_16' title="bbox 179 2175 892 2552">
     <span class='ocr_line' id='line_1_46' title="bbox 220 2175 888 2218; baseline 0.003 -13"><span class='ocrx_word' id='word_1_273' title='bbox 220 2194 264 2199; x_wconf 89' lang='lat'>--</span> <span class='ocrx_word' id='word_1_274' title='bbox 278 2178 310 2206; x_wconf 85' lang='lat'>6.</span> <span class='ocrx_word' id='word_1_275' title='bbox 331 2175 396 2216; x_wconf 79' lang='grc' dir='ltr'>πρὸς</span> <span class='ocrx_word' id='word_1_276' title='bbox 411 2176 457 2206; x_wconf 74' lang='grc' dir='ltr'>τὸν</span> <span class='ocrx_word' id='word_1_277' title='bbox 471 2175 580 2218; x_wconf 63' lang='grc' dir='ltr'>ζωμὸν]</span> <span class='ocrx_word' id='word_1_278' title='bbox 607 2178 830 2216; x_wconf 80' lang='lat' dir='ltr'>Harpocration</span> <span class='ocrx_word' id='word_1_279' title='bbox 847 2182 888 2213; x_wconf 86' lang='lat' dir='ltr'>et,</span> 
     </span>
     <span class='ocr_line' id='line_1_47' title="bbox 179 2219 887 2260; baseline 0.003 -11"><span class='ocrx_word' id='word_1_280' title='bbox 179 2219 286 2258; x_wconf 79' lang='lat' dir='ltr'>quiex</span> <span class='ocrx_word' id='word_1_281' title='bbox 303 2230 340 2249; x_wconf 89' lang='lat' dir='ltr'>eo</span> <span class='ocrx_word' id='word_1_282' title='bbox 355 2230 413 2258; x_wconf 91' lang='lat' dir='ltr'>pro</span> <span class='ocrx_word' id='word_1_283' title='bbox 435 2230 519 2251; x_wconf 84' lang='lat' dir='ltr'>more</span> <span class='ocrx_word' id='word_1_284' title='bbox 544 2230 600 2251; x_wconf 86' lang='lat' dir='ltr'>suo</span> <span class='ocrx_word' id='word_1_285' title='bbox 620 2221 799 2260; x_wconf 77' lang='lat' dir='ltr'>exscripsit,</span> <span class='ocrx_word' id='word_1_286' title='bbox 820 2221 887 2251; x_wconf 91' lang='lat' dir='ltr'>Sui-</span> 
     </span>
     <span class='ocr_line' id='line_1_48' title="bbox 179 2262 889 2305; baseline 0.003 -13"><span class='ocrx_word' id='word_1_287' title='bbox 179 2263 248 2299; x_wconf 85' lang='lat' dir='ltr'>das,</span> <span class='ocrx_word' id='word_1_288' title='bbox 265 2273 296 2293; x_wconf 85' lang='lat' dir='ltr'>v.</span> <span class='ocrx_word' id='word_1_289' title='bbox 313 2262 402 2298; x_wconf 66' lang='grc' dir='ltr'>λίθος,</span> <span class='ocrx_word' id='word_1_290' title='bbox 413 2264 487 2293; x_wconf 83' lang='lat' dir='ltr'>dant</span> <span class='ocrx_word' id='word_1_291' title='bbox 502 2262 565 2305; x_wconf 76' lang='grc' dir='ltr'>πρὸς</span> <span class='ocrx_word' id='word_1_292' title='bbox 579 2263 625 2293; x_wconf 73' lang='grc' dir='ltr'>τὸν</span> <span class='ocrx_word' id='word_1_293' title='bbox 640 2263 720 2294; x_wconf 80' lang='grc' dir='ltr'>λίθον.</span> <span class='ocrx_word' id='word_1_294' title='bbox 736 2264 817 2303; x_wconf 80' lang='lat' dir='ltr'>quod</span> <span class='ocrx_word' id='word_1_295' title='bbox 831 2264 889 2294; x_wconf 81' lang='lat' dir='ltr'>viri</span> 
     </span>
     <span class='ocr_line' id='line_1_49' title="bbox 180 2306 889 2343; baseline 0.003 -8"><span class='ocrx_word' id='word_1_296' title='bbox 180 2306 276 2341; x_wconf 86' lang='lat' dir='ltr'>docti,</span> <span class='ocrx_word' id='word_1_297' title='bbox 305 2307 472 2343; x_wconf 83' lang='lat' dir='ltr'>Meursius,</span> <span class='ocrx_word' id='word_1_298' title='bbox 501 2307 643 2337; x_wconf 80' lang='lat' dir='ltr'>Valesius</span> <span class='ocrx_word' id='word_1_299' title='bbox 676 2312 707 2337; x_wconf 91' lang='lat' dir='ltr'>et</span> <span class='ocrx_word' id='word_1_300' title='bbox 739 2309 889 2338; x_wconf 80' lang='lat' dir='ltr'>Kusterus</span> 
     </span>
     <span class='ocr_line' id='line_1_50' title="bbox 183 2349 892 2392; baseline 0.003 -14"><span class='ocrx_word' id='word_1_301' title='bbox 183 2349 356 2388; x_wconf 64' lang='lat' dir='ltr'>praeferunt.</span> <span class='ocrx_word' id='word_1_302' title='bbox 370 2349 462 2379; x_wconf 87' lang='lat' dir='ltr'>iidem</span> <span class='ocrx_word' id='word_1_303' title='bbox 474 2351 531 2380; x_wconf 89' lang='lat' dir='ltr'>hoc</span> <span class='ocrx_word' id='word_1_304' title='bbox 541 2361 633 2381; x_wconf 78' lang='lat' dir='ltr'>versu</span> <span class='ocrx_word' id='word_1_305' title='bbox 647 2361 703 2390; x_wconf 88' lang='lat' dir='ltr'>pro</span> <span class='ocrx_word' id='word_1_306' title='bbox 715 2349 892 2392; x_wconf 78' lang='grc' dir='ltr'>ἐξορκίζοντες</span> 
     </span>
     <span class='ocr_line' id='line_1_51' title="bbox 182 2391 889 2433; baseline 0.004 -12"><span class='ocrx_word' id='word_1_307' title='bbox 182 2394 313 2431; x_wconf 87' lang='lat' dir='ltr'>probant</span> <span class='ocrx_word' id='word_1_308' title='bbox 340 2391 516 2433; x_wconf 77' lang='grc' dir='ltr'>ἐξορκοῦντες.</span> <span class='ocrx_word' id='word_1_309' title='bbox 561 2394 718 2424; x_wconf 74' lang='lat' dir='ltr'>Sententia</span> <span class='ocrx_word' id='word_1_310' title='bbox 744 2400 810 2424; x_wconf 83' lang='lat' dir='ltr'>est:</span> <span class='ocrx_word' id='word_1_311' title='bbox 836 2405 889 2424; x_wconf 84' lang='lat' dir='ltr'>eos</span> 
     </span>
     <span class='ocr_line' id='line_1_52' title="bbox 182 2435 892 2478; baseline 0.006 -14"><span class='ocrx_word' id='word_1_312' title='bbox 182 2435 328 2470; x_wconf 81' lang='lat' dir='ltr'>rixando,</span> <span class='ocrx_word' id='word_1_313' title='bbox 347 2435 491 2474; x_wconf 83' lang='lat' dir='ltr'>jocando,</span> <span class='ocrx_word' id='word_1_314' title='bbox 515 2437 683 2477; x_wconf 67' lang='lat' dir='ltr'>praestigiis</span> <span class='ocrx_word' id='word_1_315' title='bbox 706 2443 737 2468; x_wconf 88' lang='lat' dir='ltr'>et</span> <span class='ocrx_word' id='word_1_316' title='bbox 762 2439 851 2478; x_wconf 84' lang='lat' dir='ltr'>nugis</span> <span class='ocrx_word' id='word_1_317' title='bbox 874 2449 892 2468; x_wconf 84' lang='lat' dir='ltr'>a</span> 
     </span>
     <span class='ocr_line' id='line_1_53' title="bbox 185 2479 890 2520; baseline 0.007 -13"><span class='ocrx_word' id='word_1_318' title='bbox 185 2488 278 2508; x_wconf 83' lang='lat' dir='ltr'>causa</span> <span class='ocrx_word' id='word_1_319' title='bbox 291 2479 398 2508; x_wconf 87' lang='lat' dir='ltr'>alienis</span> <span class='ocrx_word' id='word_1_320' title='bbox 416 2489 476 2509; x_wconf 87' lang='lat' dir='ltr'>rem</span> <span class='ocrx_word' id='word_1_321' title='bbox 494 2491 587 2520; x_wconf 87' lang='lat' dir='ltr'>usque</span> <span class='ocrx_word' id='word_1_322' title='bbox 604 2481 682 2511; x_wconf 84' lang='lat' dir='ltr'>ultra</span> <span class='ocrx_word' id='word_1_323' title='bbox 695 2481 824 2511; x_wconf 86' lang='lat' dir='ltr'>mediam</span> <span class='ocrx_word' id='word_1_324' title='bbox 838 2492 890 2512; x_wconf 91' lang='lat' dir='ltr'>no-</span> 
     </span>
     <span class='ocr_line' id='line_1_54' title="bbox 182 2522 462 2552; baseline 0.004 -1"><span class='ocrx_word' id='word_1_325' title='bbox 182 2525 262 2552; x_wconf 82' lang='lat' dir='ltr'>ctem</span> <span class='ocrx_word' id='word_1_326' title='bbox 279 2522 462 2552; x_wconf 75' lang='lat' dir='ltr'>extraxisse.</span> 
     </span>
    </p>

    <p class='ocr_par' dir='ltr' id='par_1_17' title="bbox 184 2564 893 2779">
     <span class='ocr_line' id='line_1_55' title="bbox 227 2564 892 2607; baseline 0.006 -13"><span class='ocrx_word' id='word_1_327' title='bbox 227 2583 271 2588; x_wconf 90' lang='lat'><em>-</em></span> <span class='ocrx_word' id='word_1_328' title='bbox 287 2567 337 2595; x_wconf 77' lang='lat'>14.</span> <span class='ocrx_word' id='word_1_329' title='bbox 365 2566 429 2599; x_wconf 78' lang='grc' dir='ltr'>τοὺς</span> <span class='ocrx_word' id='word_1_330' title='bbox 449 2564 568 2607; x_wconf 79' lang='grc' dir='ltr'>ἐχίνους]</span> <span class='ocrx_word' id='word_1_331' title='bbox 592 2566 722 2597; x_wconf 84' lang='lat' dir='ltr'>distinxi</span> <span class='ocrx_word' id='word_1_332' title='bbox 745 2572 892 2598; x_wconf 87' lang='lat' dir='ltr'>commate</span> 
     </span>
     <span class='ocr_line' id='line_1_56' title="bbox 184 2607 893 2650; baseline 0.004 -13"><span class='ocrx_word' id='word_1_333' title='bbox 184 2607 307 2646; x_wconf 80' lang='lat' dir='ltr'>figendo</span> <span class='ocrx_word' id='word_1_334' title='bbox 331 2615 405 2647; x_wconf 83' lang='lat' dir='ltr'>post</span> <span class='ocrx_word' id='word_1_335' title='bbox 431 2607 547 2650; x_wconf 83' lang='grc' dir='ltr'>ἐχίνους,</span> <span class='ocrx_word' id='word_1_336' title='bbox 573 2610 653 2649; x_wconf 85' lang='lat' dir='ltr'>quod</span> <span class='ocrx_word' id='word_1_337' title='bbox 679 2620 797 2640; x_wconf 84' lang='lat' dir='ltr'>comma</span> <span class='ocrx_word' id='word_1_338' title='bbox 822 2616 893 2649; x_wconf 86' lang='lat' dir='ltr'>post</span> 
     </span>
     <span class='ocr_line' id='line_1_57' title="bbox 184 2649 892 2692; baseline 0.004 -13"><span class='ocrx_word' id='word_1_339' title='bbox 184 2649 287 2682; x_wconf 77' lang='grc' dir='ltr'>ἐθέλειν</span> <span class='ocrx_word' id='word_1_340' title='bbox 301 2652 447 2690; x_wconf 80' lang='lat' dir='ltr'>expunxi.</span> <span class='ocrx_word' id='word_1_341' title='bbox 492 2653 695 2692; x_wconf 83' lang='lat' dir='ltr'>Sponsionem</span> <span class='ocrx_word' id='word_1_342' title='bbox 711 2653 892 2690; x_wconf 82' lang='lat' dir='ltr'>offerebant,</span> 
     </span>
     <span class='ocr_line' id='line_1_58' title="bbox 188 2695 893 2727; baseline 0.006 -5"><span class='ocrx_word' id='word_1_343' title='bbox 188 2704 257 2723; x_wconf 84' lang='lat' dir='ltr'>sese</span> <span class='ocrx_word' id='word_1_344' title='bbox 288 2695 365 2724; x_wconf 84' lang='lat' dir='ltr'>velle</span> <span class='ocrx_word' id='word_1_345' title='bbox 394 2696 513 2725; x_wconf 81' lang='lat' dir='ltr'>tradere</span> <span class='ocrx_word' id='word_1_346' title='bbox 540 2706 646 2726; x_wconf 81' lang='lat' dir='ltr'>servos</span> <span class='ocrx_word' id='word_1_347' title='bbox 670 2697 708 2726; x_wconf 90' lang='lat' dir='ltr'>ad</span> <span class='ocrx_word' id='word_1_348' title='bbox 734 2701 893 2727; x_wconf 86' lang='lat' dir='ltr'>tormento.</span> 
     </span>
     <span class='ocr_line' id='line_1_59' title="bbox 186 2736 836 2779; baseline 0.005 -13"><span class='ocrx_word' id='word_1_349' title='bbox 186 2737 320 2767; x_wconf 65' lang='lat' dir='ltr'>cohaeret</span> <span class='ocrx_word' id='word_1_350' title='bbox 333 2737 412 2767; x_wconf 83' lang='lat' dir='ltr'>enim</span> <span class='ocrx_word' id='word_1_351' title='bbox 427 2736 528 2768; x_wconf 78' lang='grc' dir='ltr'>ἐθέλειν</span> <span class='ocrx_word' id='word_1_352' title='bbox 542 2749 609 2769; x_wconf 86' lang='lat' dir='ltr'>cum</span> <span class='ocrx_word' id='word_1_353' title='bbox 624 2740 836 2779; x_wconf 76' lang='grc' dir='ltr'>προύκαλοῦντο.</span> 
     </span>
    </p>

    <p class='ocr_par' dir='ltr' id='par_1_18' title="bbox 229 2780 851 2822">
     <span class='ocr_line' id='line_1_60' title="bbox 229 2780 851 2822; baseline 0.002 -12"><span class='ocrx_word' id='word_1_354' title='bbox 229 2797 272 2802; x_wconf 89' lang='lat'>——</span> <span class='ocrx_word' id='word_1_355' title='bbox 288 2783 339 2811; x_wconf 70' lang='lat'>22.</span> <span class='ocrx_word' id='word_1_356' title='bbox 355 2780 424 2821; x_wconf 76' lang='grc' dir='ltr'>μὲν]</span> <span class='ocrx_word' id='word_1_357' title='bbox 442 2783 605 2821; x_wconf 77' lang='lat' dir='ltr'>respondet</span> <span class='ocrx_word' id='word_1_358' title='bbox 617 2782 645 2812; x_wconf 74' lang='grc' dir='ltr'>δὲ</span> <span class='ocrx_word' id='word_1_359' title='bbox 662 2792 692 2822; x_wconf 89' lang='lat' dir='ltr'>p.</span> <span class='ocrx_word' id='word_1_360' title='bbox 711 2784 804 2813; x_wconf 72' lang='lat'>1266.</span> <span class='ocrx_word' id='word_1_361' title='bbox 821 2786 851 2811; x_wconf 88' lang='lat'>1.</span> 
     </span>
    </p>

    <p class='ocr_par' dir='ltr' id='par_1_19' title="bbox 188 2823 896 2940">
     <span class='ocr_line' id='line_1_61' title="bbox 230 2823 895 2867; baseline 0.005 -15"><span class='ocrx_word' id='word_1_362' title='bbox 230 2840 272 2845; x_wconf 89' lang='lat'>——</span> <span class='ocrx_word' id='word_1_363' title='bbox 286 2823 341 2853; x_wconf 87' lang='lat' dir='ltr'>ult.</span> <span class='ocrx_word' id='word_1_364' title='bbox 354 2823 421 2864; x_wconf 77' lang='grc' dir='ltr'>πας’</span> <span class='ocrx_word' id='word_1_365' title='bbox 434 2823 537 2859; x_wconf 80' lang='grc' dir='ltr'>ἐκείνοις</span> <span class='ocrx_word' id='word_1_366' title='bbox 548 2825 580 2855; x_wconf 72' lang='grc' dir='ltr'>ἃν</span> <span class='ocrx_word' id='word_1_367' title='bbox 593 2823 623 2855; x_wconf 60' lang='grc' dir='ltr'>ἦν</span> <span class='ocrx_word' id='word_1_368' title='bbox 639 2827 652 2856; x_wconf 76' lang='grc' dir='ltr'>ἦ</span> <span class='ocrx_word' id='word_1_369' title='bbox 667 2823 741 2867; x_wconf 73' lang='grc' dir='ltr'>δίκη]</span> <span class='ocrx_word' id='word_1_370' title='bbox 766 2826 895 2855; x_wconf 80' lang='lat' dir='ltr'>fuissent</span> 
     </span>
     <span class='ocr_line' id='line_1_62' title="bbox 188 2865 896 2909; baseline 0.008 -16"><span class='ocrx_word' id='word_1_371' title='bbox 188 2865 249 2894; x_wconf 89' lang='lat' dir='ltr'>mei</span> <span class='ocrx_word' id='word_1_372' title='bbox 270 2867 433 2896; x_wconf 82' lang='lat' dir='ltr'>necessarii</span> <span class='ocrx_word' id='word_1_373' title='bbox 456 2879 509 2898; x_wconf 87' lang='lat' dir='ltr'>eos</span> <span class='ocrx_word' id='word_1_374' title='bbox 530 2869 611 2908; x_wconf 87' lang='lat' dir='ltr'>apud</span> <span class='ocrx_word' id='word_1_375' title='bbox 637 2869 839 2909; x_wconf 79' lang='lat' dir='ltr'>Areopagitas</span> <span class='ocrx_word' id='word_1_376' title='bbox 856 2869 896 2899; x_wconf 91' lang='lat' dir='ltr'>de</span> 
     </span>
     <span class='ocr_line' id='line_1_63' title="bbox 189 2908 470 2940; baseline 0.014 -4"><span class='ocrx_word' id='word_1_377' title='bbox 189 2908 273 2937; x_wconf 86' lang='lat' dir='ltr'>caede</span> <span class='ocrx_word' id='word_1_378' title='bbox 288 2910 470 2940; x_wconf 79' lang='lat' dir='ltr'>accusaturi.</span> 
     </span>
    </p>
   </div>
   <div class='ocr_carea' id='block_1_6' title="bbox 189 2951 899 3082">
    <p class='ocr_par' dir='ltr' id='par_1_20' title="bbox 189 2951 899 3082">
     <span class='ocr_line' id='line_1_64' title="bbox 193 2951 897 2998; baseline 0.007 -18"><span class='ocrx_word' id='word_1_379' title='bbox 193 2993 200 2998; x_wconf 42' lang='grc' dir='ltr'>Ι</span> <span class='ocrx_word' id='word_1_380' title='bbox 233 2952 324 2981; x_wconf 75' lang='lat'>1266.</span> <span class='ocrx_word' id='word_1_381' title='bbox 335 2954 366 2982; x_wconf 73' lang='lat'>2.</span> <span class='ocrx_word' id='word_1_382' title='bbox 380 2953 464 2983; x_wconf 66' lang='grc' dir='ltr'>1τοῦτο</span> <span class='ocrx_word' id='word_1_383' title='bbox 473 2952 507 2982; x_wconf 75' lang='grc' dir='ltr'>τὸ</span> <span class='ocrx_word' id='word_1_384' title='bbox 519 2951 618 2984; x_wconf 77' lang='grc' dir='ltr'>δίκαιον</span> <span class='ocrx_word' id='word_1_385' title='bbox 631 2953 719 2996; x_wconf 81' lang='grc' dir='ltr'>ἔχων]</span> <span class='ocrx_word' id='word_1_386' title='bbox 734 2956 778 2985; x_wconf 82' lang='lat' dir='ltr'>sin</span> <span class='ocrx_word' id='word_1_387' title='bbox 798 2961 897 2985; x_wconf 64' lang='lat' dir='ltr'>atatem</span> 
     </span>
     <span class='ocr_line' id='line_1_65' title="bbox 189 2995 898 3034; baseline 0.01 -13"><span class='ocrx_word' id='word_1_388' title='bbox 189 2995 350 3034; x_wconf 78' lang='lat' dir='ltr'>ignoravit,</span> <span class='ocrx_word' id='word_1_389' title='bbox 366 3001 512 3026; x_wconf 75' lang='lat' dir='ltr'>auctorem</span> <span class='ocrx_word' id='word_1_390' title='bbox 523 2998 678 3028; x_wconf 80' lang='lat' dir='ltr'>vulnerum</span> <span class='ocrx_word' id='word_1_391' title='bbox 689 3008 717 3028; x_wconf 79' lang='lat' dir='ltr'>se</span> <span class='ocrx_word' id='word_1_392' title='bbox 728 3010 747 3028; x_wconf 84' lang='lat' dir='ltr'>a</span> <span class='ocrx_word' id='word_1_393' title='bbox 758 3008 802 3028; x_wconf 87' lang='lat' dir='ltr'>me</span> <span class='ocrx_word' id='word_1_394' title='bbox 810 2999 898 3029; x_wconf 73' lang='lat' dir='ltr'>‹licti-</span> 
     </span>
     <span class='ocr_line' id='line_1_66' title="bbox 193 3036 899 3082; baseline 0.011 -17"><span class='ocrx_word' id='word_1_395' title='bbox 193 3036 266 3072; x_wconf 81' lang='lat' dir='ltr'>tari,</span> <span class='ocrx_word' id='word_1_396' title='bbox 281 3041 308 3066; x_wconf 83' lang='lat' dir='ltr'>et</span> <span class='ocrx_word' id='word_1_397' title='bbox 329 3037 383 3068; x_wconf 82' lang='lat' dir='ltr'>hae</span> <span class='ocrx_word' id='word_1_398' title='bbox 403 3039 574 3079; x_wconf 79' lang='lat' dir='ltr'>ignorantia</span> <span class='ocrx_word' id='word_1_399' title='bbox 593 3051 648 3071; x_wconf 77' lang='lat' dir='ltr'>sese</span> <span class='ocrx_word' id='word_1_400' title='bbox 668 3051 799 3082; x_wconf 81' lang='lat' dir='ltr'>purgare</span> <span class='ocrx_word' id='word_1_401' title='bbox 812 3048 899 3082; x_wconf 82' lang='lat' dir='ltr'>atque</span> 
     </span>
    </p>
   </div>
   <div class='ocr_carea' id='block_1_7' title="bbox 895 459 1641 3080">
    <p class='ocr_par' dir='ltr' id='par_1_21' title="bbox 895 459 1079 489">
     <span class='ocr_line' id='line_1_67' title="bbox 895 459 1079 489; baseline 0 -10"><span class='ocrx_word' id='word_1_402' title='bbox 895 459 1079 489; x_wconf 67' lang='lat' dir='ltr'>praeparasse.</span> 
     </span>
    </p>

    <p class='ocr_par' dir='ltr' id='par_1_22' title="bbox 900 490 1606 609">
     <span class='ocr_line' id='line_1_68' title="bbox 942 490 1606 531; baseline 0 -8"><span class='ocrx_word' id='word_1_403' title='bbox 942 510 984 515; x_wconf 78' lang='lat'>—-</span> <span class='ocrx_word' id='word_1_404' title='bbox 1001 495 1031 523; x_wconf 79' lang='lat'>3.</span> <span class='ocrx_word' id='word_1_405' title='bbox 1053 492 1212 525; x_wconf 70' lang='grc' dir='ltr'>ἀνεστηκὼς</span> <span class='ocrx_word' id='word_1_406' title='bbox 1226 490 1288 531; x_wconf 71' lang='grc' dir='ltr'>ἤδη]</span> <span class='ocrx_word' id='word_1_407' title='bbox 1304 501 1371 520; x_wconf 90' lang='lat' dir='ltr'>cum</span> <span class='ocrx_word' id='word_1_408' title='bbox 1385 493 1445 530; x_wconf 81' lang='lat' dir='ltr'>jam</span> <span class='ocrx_word' id='word_1_409' title='bbox 1461 493 1541 522; x_wconf 88' lang='lat' dir='ltr'>lecto</span> <span class='ocrx_word' id='word_1_410' title='bbox 1558 504 1606 523; x_wconf 85' lang='lat' dir='ltr'>re-</span> 
     </span>
     <span class='ocr_line' id='line_1_69' title="bbox 900 535 1604 574; baseline 0.001 -9"><span class='ocrx_word' id='word_1_411' title='bbox 900 536 1113 570; x_wconf 81' lang='lat' dir='ltr'>surrexissem,</span> <span class='ocrx_word' id='word_1_412' title='bbox 1129 536 1234 564; x_wconf 87' lang='lat' dir='ltr'>morbo</span> <span class='ocrx_word' id='word_1_413' title='bbox 1251 535 1399 564; x_wconf 83' lang='lat' dir='ltr'>liberatus</span> <span class='ocrx_word' id='word_1_414' title='bbox 1422 540 1452 564; x_wconf 88' lang='lat' dir='ltr'>et</span> <span class='ocrx_word' id='word_1_415' title='bbox 1467 536 1604 574; x_wconf 81' lang='lat' dir='ltr'>pristinae</span> 
     </span>
     <span class='ocr_line' id='line_1_70' title="bbox 901 577 1341 609; baseline -0.005 -1"><span class='ocrx_word' id='word_1_416' title='bbox 901 580 986 609; x_wconf 83' lang='lat' dir='ltr'>bonae</span> <span class='ocrx_word' id='word_1_417' title='bbox 1004 578 1173 608; x_wconf 81' lang='lat' dir='ltr'>valetudini</span> <span class='ocrx_word' id='word_1_418' title='bbox 1188 577 1341 607; x_wconf 82' lang='lat' dir='ltr'>redditus.</span> 
     </span>
    </p>

    <p class='ocr_par' dir='ltr' id='par_1_23' title="bbox 902 619 1611 878">
     <span class='ocr_line' id='line_1_71' title="bbox 943 619 1606 662; baseline -0.002 -10"><span class='ocrx_word' id='word_1_419' title='bbox 943 640 987 645; x_wconf 91' lang='lat'>-—-</span> <span class='ocrx_word' id='word_1_420' title='bbox 998 624 1029 652; x_wconf 85' lang='lat'>4.</span> <span class='ocrx_word' id='word_1_421' title='bbox 1045 619 1316 662; x_wconf 73' lang='grc' dir='ltr'>προσεκαλεσάμην]</span> <span class='ocrx_word' id='word_1_422' title='bbox 1331 621 1407 650; x_wconf 87' lang='lat' dir='ltr'>bene</span> <span class='ocrx_word' id='word_1_423' title='bbox 1420 620 1521 649; x_wconf 86' lang='lat' dir='ltr'>habet.</span> <span class='ocrx_word' id='word_1_424' title='bbox 1532 631 1606 651; x_wconf 87' lang='lat' dir='ltr'>cave</span> 
     </span>
     <span class='ocr_line' id='line_1_72' title="bbox 904 664 1609 703; baseline -0.003 -9"><span class='ocrx_word' id='word_1_425' title='bbox 904 665 1053 695; x_wconf 85' lang='lat' dir='ltr'>Lambino</span> <span class='ocrx_word' id='word_1_426' title='bbox 1069 665 1117 694; x_wconf 86' lang='lat' dir='ltr'>hic</span> <span class='ocrx_word' id='word_1_427' title='bbox 1134 675 1170 693; x_wconf 90' lang='lat' dir='ltr'>ne</span> <span class='ocrx_word' id='word_1_428' title='bbox 1186 664 1305 694; x_wconf 86' lang='lat' dir='ltr'>credas.</span> <span class='ocrx_word' id='word_1_429' title='bbox 1342 664 1528 693; x_wconf 84' lang='lat' dir='ltr'>Subauditur</span> <span class='ocrx_word' id='word_1_430' title='bbox 1543 665 1609 703; x_wconf 61' lang='grc' dir='ltr'>πρὸς</span> 
     </span>
     <span class='ocr_line' id='line_1_73' title="bbox 902 706 1609 750; baseline -0.004 -12"><span class='ocrx_word' id='word_1_431' title='bbox 902 708 949 739; x_wconf 80' lang='grc' dir='ltr'>τὸν</span> <span class='ocrx_word' id='word_1_432' title='bbox 964 708 1101 750; x_wconf 78' lang='grc' dir='ltr'>ἄρχοντα.</span> <span class='ocrx_word' id='word_1_433' title='bbox 1116 718 1174 737; x_wconf 91' lang='lat' dir='ltr'>non</span> <span class='ocrx_word' id='word_1_434' title='bbox 1199 707 1277 737; x_wconf 88' lang='lat' dir='ltr'>enim</span> <span class='ocrx_word' id='word_1_435' title='bbox 1302 712 1397 742; x_wconf 86' lang='lat' dir='ltr'>actor,</span> <span class='ocrx_word' id='word_1_436' title='bbox 1413 706 1442 736; x_wconf 90' lang='lat' dir='ltr'>in</span> <span class='ocrx_word' id='word_1_437' title='bbox 1465 707 1520 736; x_wconf 87' lang='lat' dir='ltr'>hac</span> <span class='ocrx_word' id='word_1_438' title='bbox 1541 708 1609 745; x_wconf 79' lang='lat' dir='ltr'>qui-</span> 
     </span>
     <span class='ocr_line' id='line_1_74' title="bbox 903 751 1610 791; baseline -0.001 -10"><span class='ocrx_word' id='word_1_439' title='bbox 903 753 972 782; x_wconf 88' lang='lat' dir='ltr'>dem</span> <span class='ocrx_word' id='word_1_440' title='bbox 988 762 1090 788; x_wconf 88' lang='lat' dir='ltr'>causa,</span> <span class='ocrx_word' id='word_1_441' title='bbox 1106 751 1267 791; x_wconf 83' lang='lat' dir='ltr'>sponsione</span> <span class='ocrx_word' id='word_1_442' title='bbox 1282 751 1450 790; x_wconf 72' lang='grc' dir='ltr'>ωςοκλήσει,</span> <span class='ocrx_word' id='word_1_443' title='bbox 1465 751 1610 785; x_wconf 83' lang='lat' dir='ltr'>certabat,</span> 
     </span>
     <span class='ocr_line' id='line_1_75' title="bbox 904 794 1611 835; baseline -0.003 -10"><span class='ocrx_word' id='word_1_444' title='bbox 904 796 960 825; x_wconf 89' lang='lat' dir='ltr'>sed</span> <span class='ocrx_word' id='word_1_445' title='bbox 976 805 1067 833; x_wconf 82' lang='lat' dir='ltr'>reus3</span> <span class='ocrx_word' id='word_1_446' title='bbox 1082 799 1166 825; x_wconf 88' lang='lat' dir='ltr'>actor</span> <span class='ocrx_word' id='word_1_447' title='bbox 1181 799 1281 824; x_wconf 85' lang='lat' dir='ltr'>autem</span> <span class='ocrx_word' id='word_1_448' title='bbox 1298 804 1381 824; x_wconf 89' lang='lat' dir='ltr'>reum</span> <span class='ocrx_word' id='word_1_449' title='bbox 1398 794 1611 835; x_wconf 77' lang='grc' dir='ltr'>προσεκαλεῖτο,</span> 
     </span>
     <span class='ocr_line' id='line_1_76' title="bbox 904 838 1361 878; baseline -0.002 -10"><span class='ocrx_word' id='word_1_450' title='bbox 904 839 942 868; x_wconf 87' lang='lat' dir='ltr'>ad</span> <span class='ocrx_word' id='word_1_451' title='bbox 954 839 1090 878; x_wconf 86' lang='lat' dir='ltr'>judicem</span> <span class='ocrx_word' id='word_1_452' title='bbox 1105 838 1212 867; x_wconf 86' lang='lat' dir='ltr'>adesse</span> <span class='ocrx_word' id='word_1_453' title='bbox 1223 838 1361 877; x_wconf 85' lang='lat' dir='ltr'>jubebat.</span> 
     </span>
    </p>

    <p class='ocr_par' dir='ltr' id='par_1_24' title="bbox 904 877 1620 1528">
     <span class='ocr_line' id='line_1_77' title="bbox 947 877 1612 922; baseline -0.003 -10"><span class='ocrx_word' id='word_1_454' title='bbox 947 899 992 905; x_wconf 89' lang='lat'>—</span> <span class='ocrx_word' id='word_1_455' title='bbox 1007 886 1058 913; x_wconf 86' lang='lat'>10.</span> <span class='ocrx_word' id='word_1_456' title='bbox 1080 878 1114 911; x_wconf 64' lang='grc' dir='ltr'>ὧν</span> <span class='ocrx_word' id='word_1_457' title='bbox 1129 880 1210 922; x_wconf 76' lang='grc' dir='ltr'>ἕνεκ’]</span> <span class='ocrx_word' id='word_1_458' title='bbox 1235 886 1306 910; x_wconf 85' lang='lat' dir='ltr'>ante</span> <span class='ocrx_word' id='word_1_459' title='bbox 1329 877 1365 910; x_wconf 70' lang='grc' dir='ltr'>οἷν</span> <span class='ocrx_word' id='word_1_460' title='bbox 1388 879 1526 919; x_wconf 83' lang='lat' dir='ltr'>expunxi</span> <span class='ocrx_word' id='word_1_461' title='bbox 1551 879 1612 915; x_wconf 75' lang='grc' dir='ltr'>καὶ,</span> 
     </span>
     <span class='ocr_line' id='line_1_78' title="bbox 906 922 1612 965; baseline -0.001 -11"><span class='ocrx_word' id='word_1_462' title='bbox 906 926 988 965; x_wconf 87' lang='lat' dir='ltr'>quod</span> <span class='ocrx_word' id='word_1_463' title='bbox 1009 926 1034 955; x_wconf 88' lang='lat' dir='ltr'>si</span> <span class='ocrx_word' id='word_1_464' title='bbox 1059 930 1209 961; x_wconf 88' lang='lat' dir='ltr'>servetur,</span> <span class='ocrx_word' id='word_1_465' title='bbox 1223 929 1288 954; x_wconf 86' lang='lat' dir='ltr'>tum</span> <span class='ocrx_word' id='word_1_466' title='bbox 1311 924 1402 954; x_wconf 86' lang='lat' dir='ltr'>etiam</span> <span class='ocrx_word' id='word_1_467' title='bbox 1422 923 1464 953; x_wconf 87' lang='lat' dir='ltr'>sit</span> <span class='ocrx_word' id='word_1_468' title='bbox 1483 922 1612 958; x_wconf 75' lang='grc' dir='ltr'>καὶτοὺς</span> 
     </span>
     <span class='ocr_line' id='line_1_79' title="bbox 905 967 1613 1010; baseline -0.004 -12"><span class='ocrx_word' id='word_1_469' title='bbox 905 969 1014 1010; x_wconf 78' lang='grc' dir='ltr'>χρόνους</span> <span class='ocrx_word' id='word_1_470' title='bbox 1027 968 1202 1008; x_wconf 88' lang='lat' dir='ltr'>legendum.</span> <span class='ocrx_word' id='word_1_471' title='bbox 1238 968 1310 998; x_wconf 84' lang='lat' dir='ltr'>Tria</span> <span class='ocrx_word' id='word_1_472' title='bbox 1325 967 1512 997; x_wconf 82' lang='lat' dir='ltr'>commendat</span> <span class='ocrx_word' id='word_1_473' title='bbox 1528 970 1613 996; x_wconf 87' lang='lat' dir='ltr'>actor</span> 
     </span>
     <span class='ocr_line' id='line_1_80' title="bbox 904 1009 1613 1051; baseline -0.004 -9"><span class='ocrx_word' id='word_1_474' title='bbox 904 1012 1062 1051; x_wconf 88' lang='lat' dir='ltr'>judicibus</span> <span class='ocrx_word' id='word_1_475' title='bbox 1085 1017 1209 1051; x_wconf 83' lang='lat' dir='ltr'>puncta,</span> <span class='ocrx_word' id='word_1_476' title='bbox 1224 1022 1292 1050; x_wconf 81' lang='lat' dir='ltr'>quae</span> <span class='ocrx_word' id='word_1_477' title='bbox 1309 1011 1379 1040; x_wconf 91' lang='lat' dir='ltr'>illos</span> <span class='ocrx_word' id='word_1_478' title='bbox 1401 1010 1464 1039; x_wconf 85' lang='lat' dir='ltr'>vult</span> <span class='ocrx_word' id='word_1_479' title='bbox 1488 1009 1613 1039; x_wconf 89' lang='lat' dir='ltr'>memori</span> 
     </span>
     <span class='ocr_line' id='line_1_81' title="bbox 907 1052 1615 1094; baseline -0.004 -9"><span class='ocrx_word' id='word_1_480' title='bbox 907 1061 1007 1085; x_wconf 83' lang='lat' dir='ltr'>mente</span> <span class='ocrx_word' id='word_1_481' title='bbox 1030 1057 1152 1085; x_wconf 87' lang='lat' dir='ltr'>habere.</span> <span class='ocrx_word' id='word_1_482' title='bbox 1198 1059 1229 1084; x_wconf 89' lang='lat'>1.</span> <span class='ocrx_word' id='word_1_483' title='bbox 1245 1060 1364 1094; x_wconf 88' lang='lat' dir='ltr'>tempus</span> <span class='ocrx_word' id='word_1_484' title='bbox 1390 1052 1499 1083; x_wconf 62' lang='lat' dir='ltr'>oblatae</span> <span class='ocrx_word' id='word_1_485' title='bbox 1522 1063 1615 1092; x_wconf 91' lang='lat' dir='ltr'>spon-</span> 
     </span>
     <span class='ocr_line' id='line_1_82' title="bbox 909 1098 1614 1137; baseline -0.003 -9"><span class='ocrx_word' id='word_1_486' title='bbox 909 1099 1015 1134; x_wconf 86' lang='lat' dir='ltr'>sionis,</span> <span class='ocrx_word' id='word_1_487' title='bbox 1032 1098 1160 1128; x_wconf 86' lang='lat' dir='ltr'>mediam</span> <span class='ocrx_word' id='word_1_488' title='bbox 1184 1103 1257 1137; x_wconf 87' lang='lat' dir='ltr'>puta</span> <span class='ocrx_word' id='word_1_489' title='bbox 1273 1104 1400 1127; x_wconf 81' lang='lat' dir='ltr'>noctem.</span> <span class='ocrx_word' id='word_1_490' title='bbox 1445 1099 1474 1126; x_wconf 71' lang='lat'>2.</span> <span class='ocrx_word' id='word_1_491' title='bbox 1491 1107 1614 1126; x_wconf 90' lang='lat' dir='ltr'>causam</span> 
     </span>
     <span class='ocr_line' id='line_1_83' title="bbox 909 1139 1616 1180; baseline -0.004 -9"><span class='ocrx_word' id='word_1_492' title='bbox 909 1143 1018 1171; x_wconf 85' lang='lat' dir='ltr'>oblatae</span> <span class='ocrx_word' id='word_1_493' title='bbox 1034 1142 1218 1180; x_wconf 80' lang='lat' dir='ltr'>sponsionis,</span> <span class='ocrx_word' id='word_1_494' title='bbox 1239 1141 1305 1171; x_wconf 88' lang='lat' dir='ltr'>scil.</span> <span class='ocrx_word' id='word_1_495' title='bbox 1331 1139 1507 1169; x_wconf 78' lang='lat' dir='ltr'>ludificandi</span> <span class='ocrx_word' id='word_1_496' title='bbox 1529 1150 1616 1179; x_wconf 87' lang='lat' dir='ltr'>ergo,</span> 
     </span>
     <span class='ocr_line' id='line_1_84' title="bbox 910 1183 1616 1222; baseline -0.003 -8"><span class='ocrx_word' id='word_1_497' title='bbox 910 1193 938 1215; x_wconf 76' lang='lat' dir='ltr'>et</span> <span class='ocrx_word' id='word_1_498' title='bbox 955 1195 1018 1214; x_wconf 89' lang='lat' dir='ltr'>rem</span> <span class='ocrx_word' id='word_1_499' title='bbox 1035 1185 1226 1214; x_wconf 80' lang='lat' dir='ltr'>extrahendi.</span> <span class='ocrx_word' id='word_1_500' title='bbox 1265 1187 1294 1215; x_wconf 85' lang='lat'>3.</span> <span class='ocrx_word' id='word_1_501' title='bbox 1309 1183 1456 1222; x_wconf 88' lang='lat' dir='ltr'>temporis</span> <span class='ocrx_word' id='word_1_502' title='bbox 1470 1183 1616 1221; x_wconf 87' lang='lat' dir='ltr'>praeteriti</span> 
     </span>
     <span class='ocr_line' id='line_1_85' title="bbox 909 1226 1617 1267; baseline -0.003 -10"><span class='ocrx_word' id='word_1_503' title='bbox 909 1233 987 1264; x_wconf 82' lang='lat' dir='ltr'>acta,</span> <span class='ocrx_word' id='word_1_504' title='bbox 1002 1229 1083 1267; x_wconf 87' lang='lat' dir='ltr'>quod</span> <span class='ocrx_word' id='word_1_505' title='bbox 1094 1228 1199 1258; x_wconf 78' lang='lat' dir='ltr'>Conon</span> <span class='ocrx_word' id='word_1_506' title='bbox 1216 1228 1309 1257; x_wconf 86' lang='lat' dir='ltr'>multa</span> <span class='ocrx_word' id='word_1_507' title='bbox 1323 1227 1545 1265; x_wconf 82' lang='lat' dir='ltr'>omiserit,quae</span> <span class='ocrx_word' id='word_1_508' title='bbox 1561 1226 1617 1256; x_wconf 88' lang='lat' dir='ltr'>du-</span> 
     </span>
     <span class='ocr_line' id='line_1_86' title="bbox 910 1269 1618 1310; baseline -0.003 -9"><span class='ocrx_word' id='word_1_509' title='bbox 910 1272 981 1301; x_wconf 86' lang='lat' dir='ltr'>dum</span> <span class='ocrx_word' id='word_1_510' title='bbox 1003 1272 1047 1301; x_wconf 86' lang='lat' dir='ltr'>illi</span> <span class='ocrx_word' id='word_1_511' title='bbox 1064 1272 1193 1301; x_wconf 81' lang='lat' dir='ltr'>fuissent</span> <span class='ocrx_word' id='word_1_512' title='bbox 1208 1271 1334 1310; x_wconf 81' lang='lat' dir='ltr'>agenda,</span> <span class='ocrx_word' id='word_1_513' title='bbox 1351 1269 1377 1299; x_wconf 84' lang='lat' dir='ltr'>si</span> <span class='ocrx_word' id='word_1_514' title='bbox 1394 1279 1515 1299; x_wconf 85' lang='lat' dir='ltr'>causam</span> <span class='ocrx_word' id='word_1_515' title='bbox 1532 1279 1618 1299; x_wconf 89' lang='lat' dir='ltr'>suam</span> 
     </span>
     <span class='ocr_line' id='line_1_87' title="bbox 911 1313 1618 1345; baseline -0.004 -1"><span class='ocrx_word' id='word_1_516' title='bbox 911 1314 1062 1345; x_wconf 87' lang='lat' dir='ltr'>voluisset</span> <span class='ocrx_word' id='word_1_517' title='bbox 1074 1315 1103 1344; x_wconf 84' lang='lat' dir='ltr'>in</span> <span class='ocrx_word' id='word_1_518' title='bbox 1119 1320 1185 1344; x_wconf 88' lang='lat' dir='ltr'>tuto</span> <span class='ocrx_word' id='word_1_519' title='bbox 1201 1315 1363 1344; x_wconf 81' lang='lat' dir='ltr'>collocare.</span> <span class='ocrx_word' id='word_1_520' title='bbox 1386 1314 1462 1343; x_wconf 86' lang='lat' dir='ltr'>Sunt</span> <span class='ocrx_word' id='word_1_521' title='bbox 1478 1313 1542 1341; x_wconf 83' lang='lat' dir='ltr'>haec</span> <span class='ocrx_word' id='word_1_522' title='bbox 1559 1313 1618 1342; x_wconf 83' lang='lat' dir='ltr'>tria</span> 
     </span>
     <span class='ocr_line' id='line_1_88' title="bbox 910 1356 1618 1397; baseline -0.004 -10"><span class='ocrx_word' id='word_1_523' title='bbox 910 1358 1059 1388; x_wconf 79' lang='grc' dir='ltr'>ἀσύνδετα.</span> <span class='ocrx_word' id='word_1_524' title='bbox 1075 1363 1127 1387; x_wconf 87' lang='lat' dir='ltr'>aut</span> <span class='ocrx_word' id='word_1_525' title='bbox 1137 1359 1162 1388; x_wconf 90' lang='lat' dir='ltr'>si</span> <span class='ocrx_word' id='word_1_526' title='bbox 1177 1358 1225 1387; x_wconf 77' lang='grc' dir='ltr'>καὶ</span> <span class='ocrx_word' id='word_1_527' title='bbox 1241 1358 1270 1387; x_wconf 85' lang='lat' dir='ltr'>in</span> <span class='ocrx_word' id='word_1_528' title='bbox 1288 1357 1388 1397; x_wconf 86' lang='lat' dir='ltr'>capite</span> <span class='ocrx_word' id='word_1_529' title='bbox 1400 1356 1525 1385; x_wconf 86' lang='lat' dir='ltr'>secundi</span> <span class='ocrx_word' id='word_1_530' title='bbox 1540 1366 1618 1394; x_wconf 87' lang='lat' dir='ltr'>pun-</span> 
     </span>
     <span class='ocr_line' id='line_1_89' title="bbox 912 1399 1619 1441; baseline -0.004 -11"><span class='ocrx_word' id='word_1_531' title='bbox 912 1402 952 1431; x_wconf 86' lang='lat' dir='ltr'>cti</span> <span class='ocrx_word' id='word_1_532' title='bbox 978 1402 1113 1437; x_wconf 82' lang='lat' dir='ltr'>serimus,</span> <span class='ocrx_word' id='word_1_533' title='bbox 1137 1412 1194 1431; x_wconf 90' lang='lat' dir='ltr'>non</span> <span class='ocrx_word' id='word_1_534' title='bbox 1223 1402 1390 1441; x_wconf 80' lang='lat' dir='ltr'>poterimus</span> <span class='ocrx_word' id='word_1_535' title='bbox 1411 1400 1522 1434; x_wconf 84' lang='lat' dir='ltr'>facere,</span> <span class='ocrx_word' id='word_1_536' title='bbox 1546 1399 1619 1438; x_wconf 88' lang='lat' dir='ltr'>quin</span> 
     </span>
     <span class='ocr_line' id='line_1_90' title="bbox 911 1442 1620 1483; baseline -0.004 -9"><span class='ocrx_word' id='word_1_537' title='bbox 911 1445 959 1474; x_wconf 78' lang='grc' dir='ltr'>καὶ</span> <span class='ocrx_word' id='word_1_538' title='bbox 985 1445 1075 1474; x_wconf 85' lang='lat' dir='ltr'>etiam</span> <span class='ocrx_word' id='word_1_539' title='bbox 1098 1445 1190 1474; x_wconf 86' lang='lat' dir='ltr'>tertio</span> <span class='ocrx_word' id='word_1_540' title='bbox 1219 1449 1343 1483; x_wconf 85' lang='lat' dir='ltr'>puncto,</span> <span class='ocrx_word' id='word_1_541' title='bbox 1368 1442 1449 1482; x_wconf 87' lang='lat' dir='ltr'>quod</span> <span class='ocrx_word' id='word_1_542' title='bbox 1477 1453 1494 1471; x_wconf 87' lang='lat' dir='ltr'>a</span> <span class='ocrx_word' id='word_1_543' title='bbox 1517 1442 1620 1472; x_wconf 89' lang='lat' dir='ltr'>verbis</span> 
     </span>
     <span class='ocr_line' id='line_1_91' title="bbox 912 1486 1433 1528; baseline -0.004 -11"><span class='ocrx_word' id='word_1_544' title='bbox 912 1489 976 1522; x_wconf 78' lang='grc' dir='ltr'>τοὺς</span> <span class='ocrx_word' id='word_1_545' title='bbox 988 1486 1097 1528; x_wconf 61' lang='grc' dir='ltr'>χρόνους</span> <span class='ocrx_word' id='word_1_546' title='bbox 1111 1487 1232 1527; x_wconf 80' lang='lat' dir='ltr'>incipit,</span> <span class='ocrx_word' id='word_1_547' title='bbox 1249 1487 1433 1526; x_wconf 70' lang='lat' dir='ltr'>praefigatur.</span> 
     </span>
    </p>

    <p class='ocr_par' dir='ltr' id='par_1_25' title="bbox 913 1529 1625 2000">
     <span class='ocr_line' id='line_1_92' title="bbox 955 1529 1621 1571; baseline -0.005 -11"><span class='ocrx_word' id='word_1_548' title='bbox 955 1549 998 1553; x_wconf 90' lang='lat'><strong>—</strong></span> <span class='ocrx_word' id='word_1_549' title='bbox 1011 1533 1061 1561; x_wconf 65' lang='lat'>152.</span> <span class='ocrx_word' id='word_1_550' title='bbox 1075 1530 1161 1571; x_wconf 72' lang='grc' dir='ltr'>αὐτὸ]</span> <span class='ocrx_word' id='word_1_551' title='bbox 1178 1529 1299 1560; x_wconf 85' lang='lat' dir='ltr'>correxi</span> <span class='ocrx_word' id='word_1_552' title='bbox 1315 1529 1404 1568; x_wconf 72' lang='grc' dir='ltr'>αὐτῷ.</span> <span class='ocrx_word' id='word_1_553' title='bbox 1418 1534 1555 1566; x_wconf 88' lang='lat' dir='ltr'>tempora</span> <span class='ocrx_word' id='word_1_554' title='bbox 1571 1538 1621 1558; x_wconf 89' lang='lat' dir='ltr'>su-</span> 
     </span>
     <span class='ocr_line' id='line_1_93' title="bbox 913 1571 1622 1613; baseline -0.004 -10"><span class='ocrx_word' id='word_1_555' title='bbox 913 1574 1046 1613; x_wconf 86' lang='lat' dir='ltr'>periora,</span> <span class='ocrx_word' id='word_1_556' title='bbox 1062 1573 1173 1612; x_wconf 89' lang='lat' dir='ltr'>quibus</span> <span class='ocrx_word' id='word_1_557' title='bbox 1190 1583 1341 1613; x_wconf 85' lang='lat' dir='ltr'>nunquam</span> <span class='ocrx_word' id='word_1_558' title='bbox 1358 1572 1402 1602; x_wconf 82' lang='lat' dir='ltr'>ita</span> <span class='ocrx_word' id='word_1_559' title='bbox 1414 1582 1447 1601; x_wconf 84' lang='lat' dir='ltr'>se</span> <span class='ocrx_word' id='word_1_560' title='bbox 1464 1571 1571 1610; x_wconf 87' lang='lat' dir='ltr'>gessit,</span> <span class='ocrx_word' id='word_1_561' title='bbox 1588 1575 1622 1601; x_wconf 83' lang='lat' dir='ltr'>ut</span> 
     </span>
     <span class='ocr_line' id='line_1_94' title="bbox 914 1615 1620 1655; baseline -0.004 -9"><span class='ocrx_word' id='word_1_562' title='bbox 914 1621 1053 1646; x_wconf 83' lang='lat' dir='ltr'>constare</span> <span class='ocrx_word' id='word_1_563' title='bbox 1080 1617 1180 1655; x_wconf 88' lang='lat' dir='ltr'>possit</span> <span class='ocrx_word' id='word_1_564' title='bbox 1207 1627 1276 1645; x_wconf 83' lang='lat' dir='ltr'>eum</span> <span class='ocrx_word' id='word_1_565' title='bbox 1297 1616 1428 1645; x_wconf 84' lang='lat' dir='ltr'>voluisse</span> <span class='ocrx_word' id='word_1_566' title='bbox 1453 1616 1537 1653; x_wconf 89' lang='lat' dir='ltr'>justo</span> <span class='ocrx_word' id='word_1_567' title='bbox 1563 1615 1620 1644; x_wconf 88' lang='lat' dir='ltr'>boc</span> 
     </span>
     <span class='ocr_line' id='line_1_95' title="bbox 914 1658 1622 1699; baseline -0.003 -11"><span class='ocrx_word' id='word_1_568' title='bbox 914 1660 1124 1689; x_wconf 81' lang='lat' dir='ltr'>excusationis</span> <span class='ocrx_word' id='word_1_569' title='bbox 1141 1665 1171 1689; x_wconf 86' lang='lat' dir='ltr'>et</span> <span class='ocrx_word' id='word_1_570' title='bbox 1188 1659 1373 1688; x_wconf 80' lang='lat' dir='ltr'>defensionis</span> <span class='ocrx_word' id='word_1_571' title='bbox 1386 1658 1488 1693; x_wconf 81' lang='lat' dir='ltr'>titulo,</span> <span class='ocrx_word' id='word_1_572' title='bbox 1504 1658 1542 1699; x_wconf 72' lang='grc' dir='ltr'>τῇ</span> <span class='ocrx_word' id='word_1_573' title='bbox 1557 1668 1622 1697; x_wconf 80' lang='grc' dir='ltr'>προ-</span> 
     </span>
     <span class='ocr_line' id='line_1_96' title="bbox 915 1700 1624 1742; baseline -0.003 -10"><span class='ocrx_word' id='word_1_574' title='bbox 915 1702 1026 1737; x_wconf 66' lang='grc' dir='ltr'>κλήσει,</span> <span class='ocrx_word' id='word_1_575' title='bbox 1043 1703 1148 1742; x_wconf 87' lang='lat' dir='ltr'>potiri.</span> <span class='ocrx_word' id='word_1_576' title='bbox 1181 1703 1327 1741; x_wconf 85' lang='lat' dir='ltr'>Magnum</span> <span class='ocrx_word' id='word_1_577' title='bbox 1344 1701 1423 1731; x_wconf 86' lang='lat' dir='ltr'>enim</span> <span class='ocrx_word' id='word_1_578' title='bbox 1440 1700 1514 1730; x_wconf 85' lang='lat' dir='ltr'>alias</span> <span class='ocrx_word' id='word_1_579' title='bbox 1531 1701 1624 1730; x_wconf 86' lang='lat' dir='ltr'>dabat</span> 
     </span>
     <span class='ocr_line' id='line_1_97' title="bbox 914 1745 1622 1786; baseline -0.003 -11"><span class='ocrx_word' id='word_1_580' title='bbox 914 1746 1036 1786; x_wconf 88' lang='lat' dir='ltr'>pondus</span> <span class='ocrx_word' id='word_1_581' title='bbox 1059 1756 1158 1775; x_wconf 82' lang='lat' dir='ltr'>causae</span> <span class='ocrx_word' id='word_1_582' title='bbox 1178 1746 1233 1780; x_wconf 89' lang='lat' dir='ltr'>rei,</span> <span class='ocrx_word' id='word_1_583' title='bbox 1253 1745 1277 1774; x_wconf 85' lang='lat' dir='ltr'>si</span> <span class='ocrx_word' id='word_1_584' title='bbox 1303 1749 1408 1785; x_wconf 89' lang='lat' dir='ltr'>posset</span> <span class='ocrx_word' id='word_1_585' title='bbox 1430 1745 1573 1783; x_wconf 87' lang='lat' dir='ltr'>probare,</span> <span class='ocrx_word' id='word_1_586' title='bbox 1589 1755 1622 1774; x_wconf 88' lang='lat' dir='ltr'>se</span> 
     </span>
     <span class='ocr_line' id='line_1_98' title="bbox 916 1787 1622 1828; baseline -0.003 -10"><span class='ocrx_word' id='word_1_587' title='bbox 916 1789 1110 1828; x_wconf 87' lang='lat' dir='ltr'>sponsionem</span> <span class='ocrx_word' id='word_1_588' title='bbox 1128 1789 1222 1818; x_wconf 85' lang='lat' dir='ltr'>actori</span> <span class='ocrx_word' id='word_1_589' title='bbox 1237 1789 1384 1818; x_wconf 88' lang='lat' dir='ltr'>obtulisse</span> <span class='ocrx_word' id='word_1_590' title='bbox 1399 1789 1437 1817; x_wconf 87' lang='lat' dir='ltr'>de</span> <span class='ocrx_word' id='word_1_591' title='bbox 1450 1787 1548 1817; x_wconf 80' lang='lat' dir='ltr'>servis</span> <span class='ocrx_word' id='word_1_592' title='bbox 1559 1788 1622 1817; x_wconf 85' lang='lat' dir='ltr'>suis</span> 
     </span>
     <span class='ocr_line' id='line_1_99' title="bbox 916 1831 1624 1871; baseline -0.003 -10"><span class='ocrx_word' id='word_1_593' title='bbox 916 1832 1078 1871; x_wconf 85' lang='lat' dir='ltr'>quaestioni</span> <span class='ocrx_word' id='word_1_594' title='bbox 1094 1842 1149 1871; x_wconf 90' lang='lat' dir='ltr'>per</span> <span class='ocrx_word' id='word_1_595' title='bbox 1163 1836 1316 1862; x_wconf 85' lang='lat' dir='ltr'>tormenta</span> <span class='ocrx_word' id='word_1_596' title='bbox 1330 1831 1492 1861; x_wconf 85' lang='lat' dir='ltr'>dedendis.</span> <span class='ocrx_word' id='word_1_597' title='bbox 1525 1831 1624 1867; x_wconf 89' lang='lat' dir='ltr'>Quem</span> 
     </span>
     <span class='ocr_line' id='line_1_100' title="bbox 917 1874 1625 1914; baseline -0.004 -9"><span class='ocrx_word' id='word_1_598' title='bbox 917 1876 1038 1905; x_wconf 90' lang='lat' dir='ltr'>titulum</span> <span class='ocrx_word' id='word_1_599' title='bbox 1053 1875 1269 1910; x_wconf 83' lang='lat' dir='ltr'>excusationis,</span> <span class='ocrx_word' id='word_1_600' title='bbox 1286 1885 1345 1914; x_wconf 86' lang='lat' dir='ltr'>qno</span> <span class='ocrx_word' id='word_1_601' title='bbox 1358 1876 1499 1904; x_wconf 89' lang='lat' dir='ltr'>utebatur</span> <span class='ocrx_word' id='word_1_602' title='bbox 1508 1874 1625 1910; x_wconf 88' lang='lat' dir='ltr'>Conon,</span> 
     </span>
     <span class='ocr_line' id='line_1_101' title="bbox 917 1917 1625 1956; baseline -0.001 -9"><span class='ocrx_word' id='word_1_603' title='bbox 917 1919 1018 1948; x_wconf 89' lang='lat' dir='ltr'>modis</span> <span class='ocrx_word' id='word_1_604' title='bbox 1048 1919 1188 1947; x_wconf 89' lang='lat' dir='ltr'>omnibus</span> <span class='ocrx_word' id='word_1_605' title='bbox 1213 1919 1330 1948; x_wconf 86' lang='lat' dir='ltr'>laborat</span> <span class='ocrx_word' id='word_1_606' title='bbox 1353 1922 1436 1947; x_wconf 88' lang='lat' dir='ltr'>actor</span> <span class='ocrx_word' id='word_1_607' title='bbox 1461 1917 1625 1956; x_wconf 84' lang='lat' dir='ltr'>infringere</span> 
     </span>
     <span class='ocr_line' id='line_1_102' title="bbox 918 1961 1191 2000; baseline 0 -9"><span class='ocrx_word' id='word_1_608' title='bbox 918 1965 1008 2000; x_wconf 82' lang='lat' dir='ltr'>atque</span> <span class='ocrx_word' id='word_1_609' title='bbox 1019 1961 1191 1992; x_wconf 78' lang='lat' dir='ltr'>debilitare.</span> 
     </span>
    </p>

    <p class='ocr_par' dir='ltr' id='par_1_26' title="bbox 920 2001 1628 2087">
     <span class='ocr_line' id='line_1_103' title="bbox 960 2001 1628 2045; baseline -0.003 -11"><span class='ocrx_word' id='word_1_610' title='bbox 960 2022 1005 2028; x_wconf 85' lang='lat'>·—-</span> <span class='ocrx_word' id='word_1_611' title='bbox 1034 2006 1085 2034; x_wconf 85' lang='lat'>14.</span> <span class='ocrx_word' id='word_1_612' title='bbox 1119 2004 1259 2045; x_wconf 75' lang='grc' dir='ltr'>ἀξιώσας]</span> <span class='ocrx_word' id='word_1_613' title='bbox 1290 2003 1357 2034; x_wconf 89' lang='lat' dir='ltr'>scil.</span> <span class='ocrx_word' id='word_1_614' title='bbox 1382 2004 1460 2044; x_wconf 70' lang='grc' dir='ltr'>αὐτῷ</span> <span class='ocrx_word' id='word_1_615' title='bbox 1488 2001 1628 2041; x_wconf 77' lang='grc' dir='ltr'>γενέσθαι,</span> 
     </span>
     <span class='ocr_line' id='line_1_104' title="bbox 920 2048 1186 2087; baseline 0 -10"><span class='ocrx_word' id='word_1_616' title='bbox 920 2049 1002 2087; x_wconf 89' lang='lat' dir='ltr'>quod</span> <span class='ocrx_word' id='word_1_617' title='bbox 1017 2048 1186 2087; x_wconf 85' lang='lat' dir='ltr'>praecessit.</span> 
     </span>
    </p>

    <p class='ocr_par' dir='ltr' id='par_1_27' title="bbox 920 2087 1630 2304">
     <span class='ocr_line' id='line_1_105' title="bbox 963 2087 1629 2133; baseline -0.005 -13"><span class='ocrx_word' id='word_1_618' title='bbox 963 2109 1004 2113; x_wconf 88' lang='lat'>-—-</span> <span class='ocrx_word' id='word_1_619' title='bbox 1020 2092 1070 2121; x_wconf 85' lang='lat'>15.</span> <span class='ocrx_word' id='word_1_620' title='bbox 1095 2091 1172 2130; x_wconf 62' lang='lat' dir='ltr'>iiie-ep</span> <span class='ocrx_word' id='word_1_621' title='bbox 1195 2088 1264 2133; x_wconf 71' lang='grc' dir='ltr'>πας’</span> <span class='ocrx_word' id='word_1_622' title='bbox 1280 2089 1361 2131; x_wconf 80' lang='grc' dir='ltr'>ὑμῖν]</span> <span class='ocrx_word' id='word_1_623' title='bbox 1386 2090 1453 2120; x_wconf 87' lang='lat' dir='ltr'>scil.</span> <span class='ocrx_word' id='word_1_624' title='bbox 1473 2087 1629 2130; x_wconf 76' lang='grc' dir='ltr'>ἐλέγχεται</span> 
     </span>
     <span class='ocr_line' id='line_1_106' title="bbox 920 2132 1629 2174; baseline -0.001 -11"><span class='ocrx_word' id='word_1_625' title='bbox 920 2135 961 2164; x_wconf 73' lang='grc' dir='ltr'>νῦν</span> <span class='ocrx_word' id='word_1_626' title='bbox 977 2133 1024 2164; x_wconf 82' lang='grc' dir='ltr'>ὑπ’</span> <span class='ocrx_word' id='word_1_627' title='bbox 1039 2133 1119 2173; x_wconf 78' lang='grc' dir='ltr'>ἐμοῦ.</span> <span class='ocrx_word' id='word_1_628' title='bbox 1141 2134 1280 2174; x_wconf 86' lang='lat' dir='ltr'>quoniam</span> <span class='ocrx_word' id='word_1_629' title='bbox 1299 2135 1378 2173; x_wconf 88' lang='lat' dir='ltr'>apud</span> <span class='ocrx_word' id='word_1_630' title='bbox 1397 2132 1541 2163; x_wconf 78' lang='lat' dir='ltr'>arbitrum</span> <span class='ocrx_word' id='word_1_631' title='bbox 1559 2143 1629 2171; x_wconf 82' lang='lat' dir='ltr'>per-</span> 
     </span>
     <span class='ocr_line' id='line_1_107' title="bbox 922 2176 1629 2217; baseline -0.003 -10"><span class='ocrx_word' id='word_1_632' title='bbox 922 2178 991 2208; x_wconf 87' lang='lat' dir='ltr'>inde</span> <span class='ocrx_word' id='word_1_633' title='bbox 1014 2179 1206 2217; x_wconf 85' lang='lat' dir='ltr'>arguebatur,</span> <span class='ocrx_word' id='word_1_634' title='bbox 1223 2182 1314 2217; x_wconf 84' lang='lat' dir='ltr'>atque</span> <span class='ocrx_word' id='word_1_635' title='bbox 1338 2188 1415 2206; x_wconf 87' lang='lat' dir='ltr'>nunc</span> <span class='ocrx_word' id='word_1_636' title='bbox 1438 2187 1455 2206; x_wconf 91' lang='lat' dir='ltr'>a</span> <span class='ocrx_word' id='word_1_637' title='bbox 1477 2186 1524 2206; x_wconf 85' lang='lat' dir='ltr'>me</span> <span class='ocrx_word' id='word_1_638' title='bbox 1547 2176 1629 2215; x_wconf 89' lang='lat' dir='ltr'>apud</span> 
     </span>
     <span class='ocr_line' id='line_1_108' title="bbox 922 2220 1630 2260; baseline -0.004 -9"><span class='ocrx_word' id='word_1_639' title='bbox 922 2231 989 2257; x_wconf 82' lang='lat' dir='ltr'>vos,</span> <span class='ocrx_word' id='word_1_640' title='bbox 1004 2222 1137 2260; x_wconf 80' lang='lat' dir='ltr'>judioeS,</span> <span class='ocrx_word' id='word_1_641' title='bbox 1154 2221 1303 2260; x_wconf 82' lang='lat' dir='ltr'>arguitur,</span> <span class='ocrx_word' id='word_1_642' title='bbox 1317 2220 1347 2249; x_wconf 90' lang='lat' dir='ltr'>in</span> <span class='ocrx_word' id='word_1_643' title='bbox 1365 2221 1412 2250; x_wconf 79' lang='lat' dir='ltr'>his</span> <span class='ocrx_word' id='word_1_644' title='bbox 1428 2220 1566 2249; x_wconf 86' lang='lat' dir='ltr'>omnibus</span> <span class='ocrx_word' id='word_1_645' title='bbox 1582 2230 1630 2248; x_wconf 89' lang='lat' dir='ltr'>re-</span> 
     </span>
     <span class='ocr_line' id='line_1_109' title="bbox 921 2261 1629 2304; baseline -0.003 -10"><span class='ocrx_word' id='word_1_646' title='bbox 921 2265 980 2294; x_wconf 92' lang='lat' dir='ltr'>bus</span> <span class='ocrx_word' id='word_1_647' title='bbox 996 2265 1173 2304; x_wconf 82' lang='lat' dir='ltr'>deliquisse.</span> <span class='ocrx_word' id='word_1_648' title='bbox 1183 2265 1255 2294; x_wconf 88' lang='lat' dir='ltr'>dedi</span> <span class='ocrx_word' id='word_1_649' title='bbox 1269 2264 1341 2304; x_wconf 68' lang='grc' dir='ltr'>ἄπες</span> <span class='ocrx_word' id='word_1_650' title='bbox 1356 2264 1403 2293; x_wconf 70' lang='grc' dir='ltr'>καὶ</span> <span class='ocrx_word' id='word_1_651' title='bbox 1420 2265 1462 2294; x_wconf 83' lang='grc' dir='ltr'>νῦν</span> <span class='ocrx_word' id='word_1_652' title='bbox 1472 2261 1538 2303; x_wconf 83' lang='grc' dir='ltr'>παρ’</span> <span class='ocrx_word' id='word_1_653' title='bbox 1551 2263 1629 2302; x_wconf 80' lang='grc' dir='ltr'>ὑμῖν.</span> 
     </span>
    </p>

    <p class='ocr_par' dir='ltr' id='par_1_28' title="bbox 923 2306 1631 2389">
     <span class='ocr_line' id='line_1_110' title="bbox 965 2306 1631 2348; baseline -0.005 -10"><span class='ocrx_word' id='word_1_654' title='bbox 965 2326 1008 2331; x_wconf 94' lang='lat'>—-</span> <span class='ocrx_word' id='word_1_655' title='bbox 1023 2311 1075 2339; x_wconf 90' lang='lat'>16.</span> <span class='ocrx_word' id='word_1_656' title='bbox 1101 2308 1206 2348; x_wconf 71' lang='grc' dir='ltr'>πᾶσιν]</span> <span class='ocrx_word' id='word_1_657' title='bbox 1231 2307 1360 2337; x_wconf 88' lang='lat' dir='ltr'>subaudi</span> <span class='ocrx_word' id='word_1_658' title='bbox 1382 2306 1546 2346; x_wconf 62' lang='grc' dir='ltr'>ἀνθρώποις.</span> <span class='ocrx_word' id='word_1_659' title='bbox 1572 2316 1631 2336; x_wconf 91' lang='lat' dir='ltr'>non</span> 
     </span>
     <span class='ocr_line' id='line_1_111' title="bbox 923 2348 1546 2389; baseline -0.005 -8"><span class='ocrx_word' id='word_1_660' title='bbox 923 2351 1003 2382; x_wconf 87' lang='lat' dir='ltr'>enim</span> <span class='ocrx_word' id='word_1_661' title='bbox 1020 2352 1153 2382; x_wconf 82' lang='lat' dir='ltr'>cohaeret</span> <span class='ocrx_word' id='word_1_662' title='bbox 1169 2362 1236 2381; x_wconf 89' lang='lat' dir='ltr'>oum</span> <span class='ocrx_word' id='word_1_663' title='bbox 1252 2353 1312 2385; x_wconf 76' lang='grc' dir='ltr'>τοῖς</span> <span class='ocrx_word' id='word_1_664' title='bbox 1326 2348 1546 2389; x_wconf 76' lang='grc' dir='ltr'>ἐγκεκλημένοις.</span> 
     </span>
    </p>

    <p class='ocr_par' dir='ltr' id='par_1_29' title="bbox 924 2392 1634 2598">
     <span class='ocr_line' id='line_1_112' title="bbox 966 2392 1632 2437; baseline -0.008 -11"><span class='ocrx_word' id='word_1_665' title='bbox 966 2413 1008 2419; x_wconf 96' lang='lat'>—</span> <span class='ocrx_word' id='word_1_666' title='bbox 1025 2398 1076 2427; x_wconf 67' lang='lat'>20.</span> <span class='ocrx_word' id='word_1_667' title='bbox 1100 2395 1260 2437; x_wconf 69' lang='grc' dir='ltr'>Χαιρήτιος]</span> <span class='ocrx_word' id='word_1_668' title='bbox 1287 2395 1409 2424; x_wconf 87' lang='lat' dir='ltr'>videtur</span> <span class='ocrx_word' id='word_1_669' title='bbox 1432 2399 1531 2423; x_wconf 88' lang='lat' dir='ltr'>natum</span> <span class='ocrx_word' id='word_1_670' title='bbox 1552 2404 1568 2422; x_wconf 91' lang='lat' dir='ltr'>e</span> <span class='ocrx_word' id='word_1_671' title='bbox 1588 2392 1632 2421; x_wconf 87' lang='lat' dir='ltr'>le-</span> 
     </span>
     <span class='ocr_line' id='line_1_113' title="bbox 924 2435 1631 2478; baseline -0.006 -10"><span class='ocrx_word' id='word_1_672' title='bbox 924 2438 1023 2468; x_wconf 85' lang='lat' dir='ltr'>ctione</span> <span class='ocrx_word' id='word_1_673' title='bbox 1061 2439 1249 2478; x_wconf 81' lang='lat' dir='ltr'>quorundam</span> <span class='ocrx_word' id='word_1_674' title='bbox 1288 2438 1430 2466; x_wconf 78' lang='lat' dir='ltr'>librorum</span> <span class='ocrx_word' id='word_1_675' title='bbox 1464 2435 1631 2477; x_wconf 84' lang='grc' dir='ltr'>Χαίριππος.</span> 
     </span>
     <span class='ocr_line' id='line_1_114' title="bbox 925 2479 1631 2521; baseline -0.006 -9"><span class='ocrx_word' id='word_1_676' title='bbox 925 2482 1048 2512; x_wconf 82' lang='lat' dir='ltr'>correxi</span> <span class='ocrx_word' id='word_1_677' title='bbox 1080 2488 1177 2512; x_wconf 70' lang='lat' dir='ltr'>tannen</span> <span class='ocrx_word' id='word_1_678' title='bbox 1203 2480 1372 2521; x_wconf 77' lang='grc' dir='ltr'>Χαιρὲτιμος</span> <span class='ocrx_word' id='word_1_679' title='bbox 1402 2486 1432 2509; x_wconf 82' lang='lat' dir='ltr'>et</span> <span class='ocrx_word' id='word_1_680' title='bbox 1458 2479 1520 2515; x_wconf 80' lang='lat' dir='ltr'>hic,</span> <span class='ocrx_word' id='word_1_681' title='bbox 1546 2484 1577 2509; x_wconf 85' lang='lat' dir='ltr'>et</span> <span class='ocrx_word' id='word_1_682' title='bbox 1602 2491 1631 2518; x_wconf 87' lang='lat' dir='ltr'>p.</span> 
     </span>
     <span class='ocr_line' id='line_1_115' title="bbox 926 2523 1634 2564; baseline -0.006 -9"><span class='ocrx_word' id='word_1_683' title='bbox 926 2528 1019 2556; x_wconf 65' lang='lat'>1267.</span> <span class='ocrx_word' id='word_1_684' title='bbox 1037 2528 1088 2556; x_wconf 78' lang='lat'>20.</span> <span class='ocrx_word' id='word_1_685' title='bbox 1112 2526 1184 2564; x_wconf 77' lang='lat' dir='ltr'>quia</span> <span class='ocrx_word' id='word_1_686' title='bbox 1201 2525 1343 2555; x_wconf 80' lang='lat' dir='ltr'>meliores</span> <span class='ocrx_word' id='word_1_687' title='bbox 1366 2523 1434 2553; x_wconf 83' lang='lat' dir='ltr'>libri</span> <span class='ocrx_word' id='word_1_688' title='bbox 1453 2524 1484 2553; x_wconf 84' lang='lat' dir='ltr'>id</span> <span class='ocrx_word' id='word_1_689' title='bbox 1508 2523 1634 2553; x_wconf 77' lang='lat' dir='ltr'>exhibe-</span> 
     </span>
     <span class='ocr_line' id='line_1_116' title="bbox 925 2569 1007 2598; baseline 0 0"><span class='ocrx_word' id='word_1_690' title='bbox 925 2569 1007 2598; x_wconf 82' lang='lat' dir='ltr'>bant.</span> 
     </span>
    </p>

    <p class='ocr_par' dir='ltr' id='par_1_30' title="bbox 926 2608 1634 2739">
     <span class='ocr_line' id='line_1_117' title="bbox 968 2608 1633 2651; baseline -0.008 -9"><span class='ocrx_word' id='word_1_691' title='bbox 968 2629 1010 2634; x_wconf 91' lang='lat'>--</span> <span class='ocrx_word' id='word_1_692' title='bbox 1031 2614 1082 2642; x_wconf 67' lang='lat'>24.</span> <span class='ocrx_word' id='word_1_693' title='bbox 1112 2610 1225 2644; x_wconf 81' lang='grc' dir='ltr'>Κόνωνα,</span> <span class='ocrx_word' id='word_1_694' title='bbox 1255 2609 1303 2640; x_wconf 78' lang='grc' dir='ltr'>καὶ</span> <span class='ocrx_word' id='word_1_695' title='bbox 1330 2608 1499 2651; x_wconf 62' lang='grc' dir='ltr'>Ἀρίστωνα]</span> <span class='ocrx_word' id='word_1_696' title='bbox 1524 2608 1633 2638; x_wconf 77' lang='lat' dir='ltr'>sustuli</span> 
     </span>
     <span class='ocr_line' id='line_1_118' title="bbox 926 2652 1634 2685; baseline -0.006 -1"><span class='ocrx_word' id='word_1_697' title='bbox 926 2665 1045 2685; x_wconf 87' lang='lat' dir='ltr'>comma</span> <span class='ocrx_word' id='word_1_698' title='bbox 1065 2659 1096 2684; x_wconf 89' lang='lat' dir='ltr'>et</span> <span class='ocrx_word' id='word_1_699' title='bbox 1120 2654 1179 2684; x_wconf 77' lang='grc' dir='ltr'>καί.</span> <span class='ocrx_word' id='word_1_700' title='bbox 1204 2654 1346 2684; x_wconf 75' lang='lat' dir='ltr'>Cononem</span> <span class='ocrx_word' id='word_1_701' title='bbox 1368 2655 1484 2684; x_wconf 77' lang='lat' dir='ltr'>verbera</span> <span class='ocrx_word' id='word_1_702' title='bbox 1503 2652 1634 2682; x_wconf 76' lang='lat' dir='ltr'>Aristoni</span> 
     </span>
     <span class='ocr_line' id='line_1_119' title="bbox 927 2698 1170 2739; baseline 0 -12"><span class='ocrx_word' id='word_1_703' title='bbox 927 2698 1006 2728; x_wconf 82' lang='lat' dir='ltr'>haud</span> <span class='ocrx_word' id='word_1_704' title='bbox 1022 2698 1170 2739; x_wconf 72' lang='lat' dir='ltr'>inflixisse.</span> 
     </span>
    </p>

    <p class='ocr_par' dir='ltr' id='par_1_31' title="bbox 928 2737 1636 2824">
     <span class='ocr_line' id='line_1_120' title="bbox 972 2737 1636 2781; baseline -0.006 -11"><span class='ocrx_word' id='word_1_705' title='bbox 972 2745 985 2770; x_wconf 89' lang='lat'>1</span> <span class='ocrx_word' id='word_1_706' title='bbox 994 2743 1065 2771; x_wconf 61' lang='lat'>⁹267.</span> <span class='ocrx_word' id='word_1_707' title='bbox 1078 2743 1108 2772; x_wconf 83' lang='lat'>6.</span> <span class='ocrx_word' id='word_1_708' title='bbox 1119 2739 1247 2781; x_wconf 82' lang='grc' dir='ltr'>εἰσιέναι]</span> <span class='ocrx_word' id='word_1_709' title='bbox 1265 2739 1394 2770; x_wconf 87' lang='lat' dir='ltr'>subaudi</span> <span class='ocrx_word' id='word_1_710' title='bbox 1406 2740 1444 2773; x_wconf 73' lang='grc' dir='ltr'>εἰς</span> <span class='ocrx_word' id='word_1_711' title='bbox 1455 2737 1636 2773; x_wconf 52' lang='lat' dir='ltr'>arbanam-›3-</span> 
     </span>
     <span class='ocr_line' id='line_1_121' title="bbox 928 2795 987 2824; baseline 0 -11"><span class='ocrx_word' id='word_1_712' title='bbox 928 2795 987 2824; x_wconf 88' lang='grc' dir='ltr'>ριον.</span> 
     </span>
    </p>

    <p class='ocr_par' dir='ltr' id='par_1_32' title="bbox 928 2823 1636 2995">
     <span class='ocr_line' id='line_1_122' title="bbox 972 2823 1635 2867; baseline -0.008 -11"><span class='ocrx_word' id='word_1_713' title='bbox 972 2844 1014 2850; x_wconf 86' lang='lat'>·—·</span> <span class='ocrx_word' id='word_1_714' title='bbox 1029 2826 1104 2856; x_wconf 84' lang='lat' dir='ltr'>ibid.</span> <span class='ocrx_word' id='word_1_715' title='bbox 1126 2825 1158 2856; x_wconf 85' lang='grc' dir='ltr'>τί</span> <span class='ocrx_word' id='word_1_716' title='bbox 1177 2828 1230 2867; x_wconf 72' lang='grc' dir='ltr'>γὰρ</span> <span class='ocrx_word' id='word_1_717' title='bbox 1252 2826 1285 2856; x_wconf 78' lang='grc' dir='ltr'>ἃν</span> <span class='ocrx_word' id='word_1_718' title='bbox 1305 2825 1319 2857; x_wconf 74' lang='grc' dir='ltr'>ἢ</span> <span class='ocrx_word' id='word_1_719' title='bbox 1344 2827 1389 2856; x_wconf 70' lang='grc' dir='ltr'>διὰ</span> <span class='ocrx_word' id='word_1_720' title='bbox 1412 2823 1455 2865; x_wconf 80' lang='grc' dir='ltr'>τί]</span> <span class='ocrx_word' id='word_1_721' title='bbox 1481 2824 1546 2853; x_wconf 87' lang='lat' dir='ltr'>scil.</span> <span class='ocrx_word' id='word_1_722' title='bbox 1573 2832 1635 2851; x_wconf 88' lang='lat' dir='ltr'>ma-</span> 
     </span>
     <span class='ocr_line' id='line_1_123' title="bbox 928 2866 1636 2908; baseline -0.007 -9"><span class='ocrx_word' id='word_1_723' title='bbox 928 2869 1052 2900; x_wconf 82' lang='lat' dir='ltr'>luissem</span> <span class='ocrx_word' id='word_1_724' title='bbox 1064 2870 1183 2908; x_wconf 90' lang='lat' dir='ltr'>judicio</span> <span class='ocrx_word' id='word_1_725' title='bbox 1196 2870 1390 2900; x_wconf 81' lang='lat' dir='ltr'>contendere.</span> <span class='ocrx_word' id='word_1_726' title='bbox 1427 2868 1487 2897; x_wconf 79' lang='lat' dir='ltr'>Sed</span> <span class='ocrx_word' id='word_1_727' title='bbox 1502 2866 1573 2905; x_wconf 86' lang='lat' dir='ltr'>quid</span> <span class='ocrx_word' id='word_1_728' title='bbox 1590 2866 1636 2894; x_wconf 88' lang='lat' dir='ltr'>in-</span> 
     </span>
     <span class='ocr_line' id='line_1_124' title="bbox 930 2908 1635 2949; baseline -0.007 -7"><span class='ocrx_word' id='word_1_729' title='bbox 930 2917 1025 2942; x_wconf 86' lang='lat' dir='ltr'>terest</span> <span class='ocrx_word' id='word_1_730' title='bbox 1040 2912 1119 2943; x_wconf 86' lang='lat' dir='ltr'>inter</span> <span class='ocrx_word' id='word_1_731' title='bbox 1131 2911 1162 2942; x_wconf 87' lang='grc' dir='ltr'>τί</span> <span class='ocrx_word' id='word_1_732' title='bbox 1176 2917 1207 2942; x_wconf 90' lang='lat' dir='ltr'>et</span> <span class='ocrx_word' id='word_1_733' title='bbox 1222 2913 1267 2942; x_wconf 72' lang='grc' dir='ltr'>διὰ,</span> <span class='ocrx_word' id='word_1_734' title='bbox 1278 2913 1317 2943; x_wconf 82' lang='grc' dir='ltr'>τί.</span> <span class='ocrx_word' id='word_1_735' title='bbox 1333 2911 1419 2945; x_wconf 86' lang='lat' dir='ltr'>nihil,</span> <span class='ocrx_word' id='word_1_736' title='bbox 1431 2910 1511 2949; x_wconf 84' lang='lat' dir='ltr'>quod</span> <span class='ocrx_word' id='word_1_737' title='bbox 1528 2908 1635 2944; x_wconf 85' lang='lat' dir='ltr'>sciam,</span> 
     </span>
     <span class='ocr_line' id='line_1_125' title="bbox 930 2956 1333 2995; baseline -0.002 -10"><span class='ocrx_word' id='word_1_738' title='bbox 930 2956 1010 2985; x_wconf 88' lang='lat' dir='ltr'>inter</span> <span class='ocrx_word' id='word_1_739' title='bbox 1025 2960 1184 2995; x_wconf 90' lang='lat' dir='ltr'>utrumque</span> <span class='ocrx_word' id='word_1_740' title='bbox 1197 2956 1333 2985; x_wconf 85' lang='lat' dir='ltr'>interest.</span> 
     </span>
    </p>

    <p class='ocr_par' dir='ltr' id='par_1_33' title="bbox 932 2994 1641 3080">
     <span class='ocr_line' id='line_1_126' title="bbox 973 2994 1636 3039; baseline -0.009 -10"><span class='ocrx_word' id='word_1_741' title='bbox 973 3000 1057 3031; x_wconf 84' lang='grc'>-7,</span> <span class='ocrx_word' id='word_1_742' title='bbox 1073 2999 1194 3039; x_wconf 75' lang='grc' dir='ltr'>πρῶτον]</span> <span class='ocrx_word' id='word_1_743' title='bbox 1209 2998 1281 3028; x_wconf 87' lang='lat' dir='ltr'>dedi</span> <span class='ocrx_word' id='word_1_744' title='bbox 1296 2997 1415 3037; x_wconf 70' lang='grc' dir='ltr'>πςώτου.</span> <span class='ocrx_word' id='word_1_745' title='bbox 1431 3004 1532 3024; x_wconf 81' lang='lat' dir='ltr'>causae</span> <span class='ocrx_word' id='word_1_746' title='bbox 1544 2994 1636 3024; x_wconf 81' lang='lat' dir='ltr'>cardo</span> 
     </span>
     <span class='ocr_line' id='line_1_127' title="bbox 932 3038 1641 3080; baseline -0.007 -8"><span class='ocrx_word' id='word_1_747' title='bbox 932 3041 961 3072; x_wconf 88' lang='lat' dir='ltr'>in</span> <span class='ocrx_word' id='word_1_748' title='bbox 976 3052 1012 3073; x_wconf 89' lang='lat' dir='ltr'>eo</span> <span class='ocrx_word' id='word_1_749' title='bbox 1025 3043 1214 3077; x_wconf 81' lang='lat' dir='ltr'>vertebatur,</span> <span class='ocrx_word' id='word_1_750' title='bbox 1226 3040 1294 3080; x_wconf 80' lang='lat' dir='ltr'>quis</span> <span class='ocrx_word' id='word_1_751' title='bbox 1307 3041 1422 3079; x_wconf 81' lang='lat' dir='ltr'>primus</span> <span class='ocrx_word' id='word_1_752' title='bbox 1438 3038 1641 3073; x_wconf 80' lang='lat' dir='ltr'>verberasset,</span> 
     </span>
    </p>
   </div>
  </div>
 </body>
</html>
