1948 3322
410 197 494 238 AD
527 195 895 238 ORATIONEM
929 194 1052 235 PRO
1085 195 1356 236 CORONA.

153 301 219 333 ἀπὸ
239 305 294 334 τῶν
314 301 436 342 πράξεων
451 301 608 333 συνέστησε
632 303 680 333 τὴν
703 301 803 332 ἑαυτοῦ
819 301 862 331 εὔ-

150 357 220 376 νοιαν
227 345 408 396 οὕτωςεῖπῶν·
423 344 491 375 ὅπου
507 345 584 385 [leg.
600 344 686 379 οὕτως
701 345 783 376 εἰπών
795 355 860 379 που,

153 389 255 419 nescio
278 388 328 418 ubi
354 388 503 428 locorum]
537 387 712 429 Βυζαντίους,
739 386 861 438 Περινθί-

153 443 206 467 ους,
228 430 357 465 Εὐβοέας,
380 429 512 472 Ἀχαιους
539 431 720 472 συμμάχους
742 428 860 460 ἐποίησα

152 475 192 516 '¹355
205 472 294 504 πόλει.
306 473 436 503 fortasse
453 475 530 503 hunc
544 474 644 503 locum
661 473 836 511 designans.

193 533 236 539 -—
257 516 311 546 ult.
336 518 414 550 κενοῖς
427 534 469 539 -
482 517 620 557 χάριτας]
646 516 719 545 κεναὶ
741 516 860 556 χάριτες

151 564 221 589 sunt
232 558 343 595 officia,
363 560 463 589 studia
477 569 563 593 vana,
578 560 729 588 incassum
741 564 859 592 navata,

150 601 218 632 sive
233 601 299 637 illo,
316 601 363 631 cui
380 607 538 638 uavantnr,
554 602 631 631 haud
655 602 860 636 desiderante,

151 648 182 674 et
198 644 247 674 vel
269 652 448 684 aspernante
472 644 576 680 etiam,
599 645 666 674 sive
685 644 767 683 quod
791 654 860 673 sero

152 687 286 722 veniunt,
301 687 368 717 sive
382 689 462 727 quod
482 697 547 717 rem
568 688 675 717 malam
697 692 728 716 et
756 697 859 717 corru-

149 733 232 770 ptam
247 730 328 760 haud
345 730 508 770 corrigunt.

191 774 265 804 307.
281 775 311 802 Q.
327 773 362 803 ὢν
376 772 402 802 ἐν
417 774 458 815 τῇ
470 772 566 814 πόλει]
582 783 688 813 agens,
700 773 814 803 habens
830 773 859 802 in

149 816 237 852 urbe,
252 826 311 845 non
326 819 536 855 peregrinans.

190 876 234 881 ——-
259 858 337 889 ibid.
364 860 474 903 ποιςὼν]
505 859 571 889 scil.
600 860 659 893 ’τοῖς
684 857 860 898 γιγνομένοις.

147 911 284 941 praesens
298 903 390 932 rebus
400 898 474 939 illis,
487 914 555 933 cum
574 908 762 942 gererentur,
775 903 804 931 in
821 902 861 932 iis

150 945 263 975 mediis
280 955 416 975 ιετεαιι5.

191 1005 235 1011 -
249 990 279 1018 4.
295 988 350 1029 οὐχ
362 1000 418 1018 oca
427 987 459 1017 ἂν
473 986 654 1028 Εουλῶμεθα]
669 988 792 1027 praetuli
808 999 862 1029 ουχ

147 1029 203 1060 ὅσα,
216 1029 410 1071 ἐβουλόμεθα.
431 1038 577 1070 praeterea
592 1033 686 1062 verba
705 1029 766 1070 ἐξῆν
779 1031 861 1072 αἱρεῖ-

147 1073 235 1109 σθαι,
257 1080 308 1104 aut
329 1074 450 1109 similia,
470 1074 610 1104 addenda
630 1074 780 1103 videntur.
801 1084 860 1103 non

146 1127 183 1146 ea
199 1117 310 1146 licebat
335 1122 453 1156 optare,
474 1127 541 1156 quae
565 1116 722 1151 vellemus,
747 1117 802 1145 sed
826 1126 861 1146 ea

146 1169 275 1189 necesse
290 1165 354 1189 erat
364 1165 535 1198 acceptare,
549 1170 616 1198 quae
630 1170 680 1189 res
695 1164 726 1189 et
741 1164 860 1199 tempo-

147 1212 182 1232 ra
195 1203 311 1232 darent.

189 1263 234 1268 —
248 1247 279 1274 8.
291 1243 585 1286 τοῖςπεπξαγμένοις]
604 1244 704 1274 malim
720 1243 794 1274 οὕτω
809 1250 861 1275 aut

150 1299 238 1322 ουτως
252 1299 282 1318 ευ
295 1288 457 1328 interponi.

190 1349 233 1353 —-
245 1333 273 1362 9.
288 1329 320 1361 τί
333 1331 365 1361 ἂν
379 1331 488 1373 οἴεσθε]
513 1332 596 1362 Citut
611 1332 640 1361 h.
653 1331 675 1360 l.
690 1331 828 1371 aliosque
843 1342 859 1361 e

149 1373 262 1405 vicinia
276 1374 413 1414 Apsines
426 1385 458 1414 p.
471 1377 545 1406 699.

190 1434 233 1439 ——
245 1420 298 1449 21.
311 1417 430 1458 πονηρὸν,
445 1416 467 1447 ὦ
482 1418 512 1448 ἄ.
522 1417 568 1448 Ἀ.
585 1418 643 1458 ——]
667 1418 798 1456 Sopater
821 1418 860 1447 ad

149 1460 298 1500 Hermog.
320 1471 353 1500 p.
368 1463 420 1492 37.
443 1462 486 1491 δεῖ
505 1460 534 1491 δὲ
559 1460 605 1491 ’τὸν
629 1464 800 1500 μελετῶντα
821 1463 862 1491 τὰ

149 1502 224 1544 wetig-
236 1515 278 1541 τι,
290 1503 304 1535 ἢ
318 1502 540 1545 διαβεβλημένοι,
560 1504 723 1539 καθολικοις
737 1502 860 1545 xpm-6⁴²1

149 1545 379 1599 ἐπιχειρήμασιν,
395 1549 430 1582 ὡς
440 1559 488 1577 και
507 1547 519 1577 ὅ
539 1545 729 1588 Δημοσθένης·
746 1546 861 1587 πονηρόν,

148 1601 170 1618 ω
182 1588 247 1620 Ἀθ.
264 1589 584 1632 πονηρόνὸσυκοφίιντης.
600 1602 630 1620 ν.
649 1591 742 1621 etiam
756 1591 861 1620 Schol.

147 1632 306 1673 Aristoph.
319 1634 357 1664 ad
371 1635 479 1664 Nubes
496 1645 589 1665 versu
601 1636 676 1664 447.

189 1693 234 1699 —-
255 1677 308 1710 25.
336 1676 539 1718 aia-rovgc'tymoc
560 1675 686 1717 πίθηκος]
716 1677 763 1706 εἰη
792 1676 862 1706 leib-

149 1717 248 1759 hafter
269 1719 435 1761 tragischer
456 1720 523 1762 Affe
550 1721 584 1762 [a
605 1719 774 1761 downright
798 1725 861 1749 tm-

145 1761 215 1812 giqk
229 1764 311 1805 αρε]
337 1764 402 1794 haec
427 1763 507 1794 inest
529 1764 614 1793 notio
639 1763 709 1793 huic
735 1773 861 1803 compo-

147 1804 253 1835 sitioni
268 1817 339 1837 cum
353 1807 433 1837 αὐτο.
450 1807 567 1846 placuit
581 1812 682 1836 tamen
701 1806 798 1845 magis
822 1807 861 1836 ad

149 1849 321 1886 augendum
340 1851 483 1880 vocabuli
498 1849 675 1886 ridiculum,
691 1854 721 1879 et
736 1853 861 1888 porten-

149 1895 259 1927 tosum,
276 1893 339 1922 duo
353 1892 440 1923 istaec
455 1894 485 1923 in
503 1904 593 1923 unum
609 1893 800 1929 contrahere,
823 1894 862 1923 ad

149 1933 405 1974 Aristophaneam
424 1936 584 1966 formulam
600 1946 763 1976 procusum
778 1936 862 1966 αὐτο-

150 1976 399 2017 τραγικοπίθηκος.
424 1988 519 2017 purus
542 1984 636 2019 putus
659 1979 793 2019 tragicus
821 1979 863 2008 si—

151 2020 221 2050 mia.
243 2021 379 2061 ἀρουραῖος
394 2023 562 2051 OEnotnaus
584 2022 768 2061 appellatur,
788 2032 863 2061 quo-

151 2062 232 2092 niam
248 2064 350 2093 nonin
368 2066 453 2101 urbe,
471 2065 527 2095 sed
549 2065 622 2100 ruri,
641 2066 717 2094 banc.
732 2065 863 2094 fabulam

151 2106 272 2144 agebat,
293 2111 325 2136 et
343 2108 522 2143 OEnomaus,
541 2109 586 2138 διὰ
607 2107 641 2138 τό
665 2105 863 2147 ὑποκρίνεσθαι

150 2147 197 2178 τὸν
220 2148 357 2189 Οἷνὸμοιον
376 2150 423 2180 καὶ
445 2151 549 2180 ’πεσεῖν
571 2150 629 2180 ἀπὸ
649 2152 699 2181 τοῦ
722 2150 867 2191 &glum-oc,

151 2195 186 2221 ut
203 2192 269 2222 vult
283 2193 388 2223 Schol.
403 2193 553 2233 Hermog.
569 2204 602 2234 p.
615 2197 689 2225 410.

195 2237 270 2266 508.
285 2238 316 2267 3.
332 2236 355 2266 εἲ
371 2235 404 2266 τὸ
417 2236 465 2266 και
489 2235 522 2266 τό
542 2236 601 2276 —]
624 2237 802 2267 Alexander
825 2236 864 2266 de

152 2276 258 2351 {gultris
287 2289 319 2318 p.
340 2281 394 2310 72.
423 2290 493 2319 cap.
522 2279 590 2321 περὶ
611 2278 766 2319 ἐλλείψεως
789 2278 866 2310 citat.

194 2381 237 2386 —
254 2364 393 2406 6.ειῦτιιν]
404 2364 519 2396 addidi.
533 2377 590 2397 non
604 2376 865 2405 supervacaneum

153 2410 202 2437 est
215 2406 274 2437 hoo
289 2409 396 2438 vocab.
409 2408 522 2439 cladem
542 2411 642 2449 ipsam.
660 2410 725 2440 vult
740 2410 864 2440 dicere:

152 2449 266 2480 delicta
281 2450 498 2490 imperatorum
514 2457 545 2482 ct
560 2453 702 2488 militum,
718 2464 786 2492 quae
801 2453 865 2483 cla-

152 2492 221 2523 dem
244 2492 321 2523 hanc
332 2494 561 2532 consciverunt,
574 2496 604 2525 in
618 2501 715 2526 semet
727 2501 864 2536 spectata

151 2540 183 2566 et
198 2545 216 2565 a
230 2537 306 2566 meis
321 2537 459 2576 politicis
479 2537 628 2569 institutis
643 2545 774 2576 secreta,
792 2540 864 2570 mihi

152 2589 208 2619 par
221 2589 281 2610 non
297 2584 345 2610 est
358 2581 513 2621 imputari.

195 2623 306 2653 -utt.
323 2623 344 2653 ἃ
358 2624 520 2665 πολιτικὰ]
545 2626 667 2656 correxi
691 2627 731 2656 de
757 2637 824 2657 meo
847 2626 866 2656 ἃ

152 2665 298 2696 emma.
329 2677 396 2706 quae
427 2667 502 2698 vitia
524 2669 700 2699 civitatibus
724 2670 866 2700 omnibus

153 2714 282 2749 cognata
297 2715 378 2746 sunt,
393 2721 462 2740 cum
487 2711 566 2752 ipsis
589 2718 668 2750 nata,
684 2713 866 2753 durantque,

154 2752 274 2782 donec
267 2763 342 2791 lpsae
355 2761 543 2792 permanent.

197 2796 270 2826 309.
288 2797 319 2826 3.
335 2796 444 2838 φιλίαν]
473 2799 558 2827 malit
574 2798 690 2837 Taylor
712 2800 749 2828 nd
771 2798 866 2838 φιλίαν

155 2836 226 2867 addi
239 2839 367 2876 ἀγαγεῖν,
389 2851 446 2870 non
463 2840 722 2878 animadvertens,
736 2853 772 2872 eo
788 2843 867 2872 facto

156 2880 269 2910 etiam
261 2885 452 2921 insequentia
467 2884 511 2914 sic
527 2885 638 2915 debere
663 2886 805 2929 corrigi:
820 2886 868 2916 καὶ

156 2921 195 2958 εις
209 2925 257 2954 τὴν
270 2925 319 2954 τοῦ
334 2927 375 2955 τὰ
390 2926 417 2956 δ.

199 2968 282 2997 -9.
301 2967 350 2998 m?
362 2970 405 3007 τῷ
419 2969 601 3011 staveng-m]
626 2971 729 3001 delevi
755 2972 869 3002 articu-

157 3007 231 3038 lum.
253 3019 310 3040 non
334 3012 416 3042 enim
442 3012 501 3042 nisi
526 3015 595 3043 duae
619 3020 690 3044 sunt
712 3015 869 3051 machinae,

159 3052 270 3090 quibus
284 3053 451 3096 Philippus
468 3057 566 3087 omnia
582 3059 727 3098 percutit.
757 3062 784 3088 1.
804 3060 870 3090 Ex-

1554 190 1605 231 83

895 300 1021 336 ercitus,
1035 304 1066 330 et
1080 303 1110 330 2.
1126 300 1159 329 τὸ
1181 300 1278 330 διδόναι
1305 300 1352 330 καὶ
1372 298 1550 339 διαφθείςειν,
1574 296 1605 325 id

894 351 953 378 est,
973 343 1018 372 διὰ
1039 346 1094 373 τῶν
1109 343 1208 382 &mesia
1230 343 1405 383 διαφθείρειν.
1423 340 1605 381 corruptelae

893 386 1103 425 largitionibus
1119 387 1248 416 effectae.

935 447 977 451 -—
994 431 1045 458 17.
1059 429 1077 458 ἃ
1094 428 1148 467 μὲν
1171 427 1255 458 τοίνυν
1269 428 1327 468 —]
1345 427 1495 456 Aristides
1509 427 1546 455 de
1565 427 1604 455 D.

892 473 928 502 C.
944 483 973 511 p.
992 475 1064 502 240.
1081 473 1135 502 εἶσι
1158 471 1185 501 δὲ
1209 483 1255 500 και
1271 472 1360 500 ἄλλαι
1377 470 1606 509 συμπληρώσεις

892 533 934 537 ——
951 515 1018 555 ἅμα
1034 525 1066 544 τε
1078 514 1112 545 τὸ
1127 513 1311 555 προειρημένον
1325 513 1493 552 συμπλνροῖ
1492 524 1546 540 σαι
1560 511 1604 540 καὶ

892 557 1114 597 ἀπαξτίζουο-οιι,
1125 569 1172 587 και
1164 555 1374 609 perefflua-wi
1363 567 1409 585 πι
1425 554 1458 583 ’τὸ
1475 554 1536 592 ἑξνς
1547 565 1606 584 εισ-

892 599 1011 639 αγᾶμενο
1013 600 1223 641 νπαξέχουσαι,
1240 601 1274 634 ὡς
1290 599 1316 629 ἒν
1332 611 1373 638 τῳ
1390 596 1459 636 νπὲρ
1470 598 1520 626 τοῦ
1538 603 1606 626 Στε-

891 645 986 683 ‹pzvov‘
999 643 1018 671 ἃ
1032 642 1087 682 μὲν
1098 642 1182 673 τοίνυν
1192 642 1246 681 ἐγὼ
1258 641 1454 682 ’παρεσχόμην
1468 657 1521 669 -.

935 704 978 708 —-
994 688 1044 716 19.
1061 685 1184 725 τουτονι]
1200 687 1281 715 hunc
1296 685 1541 723 Ctesiphontem.

935 748 978 752 —
995 731 1047 759 271.
1057 728 1138 768 ἴστε]
1150 739 1222 768 ergo
1233 728 1285 758 illa
1299 727 1459 766 superiora
1472 736 1528 755 non
1540 735 1608 764 per-

893 772 964 802 inde
991 777 1110 808 norant,
1137 781 1234 811 eoque
1266 770 1500 801 demonstranda
1527 768 1607 807 ipsis

893 816 1027 846 fuerant.

935 877 978 882 ——
992 861 1044 889 24.
1061 857 1246 897 ἐμβεβηκὼς]
1263 856 1388 886 ‹lnbium
1405 860 1464 890 est,
1481 865 1542 894 quo
1560 865 1606 884 re-

894 902 1017 937 feratur,
1033 912 1104 931 num
1120 901 1158 930 ad
1174 901 1272 939 δῆμος,
1289 911 1324 930 an
1348 900 1384 928 ad
1410 897 1475 936 ἐγώ.
1519 899 1608 927 luse-

894 945 1018 984 quentia
1040 949 1139 974 tamen
1166 943 1210 973 sic
1237 943 1311 973 satis
1339 947 1426 972 certo
1448 940 1608 975 definiunt,

894 994 985 1027 atque
1011 987 1199 1026 restringunt
1228 987 1267 1016 ad
1293 986 1390 1026 δῆμος.
1415 984 1523 1014 mirum
1548 994 1607 1013 non

893 1032 1015 1065 suisset,
1028 1031 1053 1060 si
1066 1030 1211 1070 populu&
1225 1034 1332 1069 utpote
1346 1030 1376 1058 in
1387 1027 1474 1067 ipsos
1490 1027 1609 1066 ingres-

895 1084 946 1103 sus
961 1074 1144 1104 deterrimos
1165 1074 1320 1103 turbarum
1346 1071 1523 1101 bellicarum
1540 1071 1606 1100 lior-

894 1126 990 1152 rores,
1006 1117 1105 1156 iisque
1121 1120 1227 1156 septus
1247 1120 1279 1146 et
1296 1126 1383 1155 paene
1407 1115 1609 1149 dementatus,

893 1160 1106 1190 inclementius
1122 1159 1258 1197 aliquid
1251 1170 1280 1189 ιιι
1294 1169 1342 1188 me
1360 1157 1528 1187 statuisset.

936 1205 1078 1234 310.10.
1096 1202 1235 1245 Μελάνου]
1263 1211 1371 1232 nomen
1384 1202 1525 1230 Gr‘ecum
1543 1200 1610 1229 nul-

893 1246 954 1275 lum
977 1251 1025 1275 est
1046 1245 1181 1280 Μέλανος,
1201 1245 1338 1275 Μελάνου.
1384 1245 1419 1273 In
1444 1243 1534 1273 libris
1562 1248 1610 1272 est

893 1289 1049 1319 Μελάντου.
1093 1290 1154 1319 Sed
1169 1288 1314 1322 Μέλαντος
1336 1297 1458 1328 quoque
1480 1286 1609 1324 perinde

893 1337 982 1363 extra
997 1342 1086 1362 usum
1110 1337 1168 1367 est,
1184 1342 1277 1383 quare
1298 1342 1338 1362 ex
1353 1340 1390 1361 eo
1405 1329 1496 1360 effeci
1512 1335 1609 1358 Μελαι-

892 1374 956 1412 νίου,
973 1386 988 1405 a
1001 1386 1081 1406 nom.
1093 1374 1242 1408 Μελανίας.

937 1436 981 1442 -
1009 1421 1060 1449 16.
1086 1416 1329 1458 εἰσηγγελλόμην]
1360 1421 1449 1446 erant
1474 1415 1609 1445 actiones

893 1462 1077 1500 εἰσαγγελίας
1100 1462 1130 1491 iu
1153 1472 1218 1496 eos,
1244 1461 1269 1490 si
1294 1460 1348 1510 qui
1373 1469 1444 1490 cum
1469 1458 1609 1488 hostibus

895 1506 1003 1544 patriae
1038 1505 1169 1535 consilia
1195 1504 1369 1543 perniciosa
1398 1502 1610 1536 contulissent,

895 1559 999 1578 eorum
1019 1548 1138 1587 legatos
1155 1548 1206 1578 vel
1232 1547 1405 1577 emissarios
1429 1546 1506 1575 clam
1526 1544 1609 1573 domi

894 1602 958 1621 suae
974 1591 1178 1630 accepissent,
1200 1596 1252 1620 aut
1275 1590 1446 1620 tenuissent
1461 1588 1613 1622 occultos,

896 1635 969 1664 belli
983 1635 1186 1665 instrumenta
1202 1634 1369 1673 copiasque
1384 1631 1540 1671 exportari
1557 1641 1611 1659 ve-

893 1678 966 1708 titas
977 1678 1079 1708 clam'
1071 1678 1148 1717 ipsis
1163 1676 1389 1712 submisissent,
1402 1675 1530 1713 aliisque
1545 1673 1612 1713 qui-

896 1722 1016 1761 busque
1030 1721 1157 1751 modis'
1149 1732 1179 1751 ιιι
1194 1731 1290 1760 remp.
1304 1723 1483 1750 armassent.

937 1783 980 1788 —-
995 1768 1046 1797 19.
1065 1766 1105 1794 τὰ
1120 1764 1227 1804 ἄριστά,
1242 1774 1282 1803 με
1295 1761 1450 1802 πράττειν]
1470 1760 1611 1790 instituta

895 1818 963 1838 mea
977 1818 1047 1838 esse
1063 1807 1196 1837 omnium
1218 1807 1335 1847 optima
1354 1810 1384 1836 et
1400 1804 1613 1838 saluberrima,

895 1856 925 1881 et
940 1862 1008 1890 quae
1025 1861 1162 1890 agerem,
1176 1861 1213 1880 ea
1227 1861 1276 1880 me
1296 1860 1387 1887 agere
1402 1849 1462 1878 fide
1479 1847 1613 1886 integer-

895 1895 972 1924 rima
987 1894 1238 1933 sanctissimaque
1255 1903 1327 1932 erga
1339 1903 1434 1931 remp.
1445 1891 1569 1930 pietate.

938 1937 1072 1967 -ibid.
1087 1937 1214 1978 γραφὰς]
1236 1936 1385 1971 actiones,
1409 1935 1520 1974 quibus
1540 1944 1612 1963 reus

896 1980 1066 2016 incusatur,
1091 1981 1178 2019 leges
1207 1989 1332 2018 rogasse
1355 1979 1464 2008 noxias
1493 1977 1613 2015 patriae,

897 2024 1025 2062 ejusque
1042 2028 1172 2054 vetustae
1195 2021 1408 2053 constitutioni
1432 2025 1464 2050 et
1480 2020 1542 2060 juri
1568 2020 1613 2049 ci-

897 2065 952 2096 vili
966 2066 1175 2096 adversantes.

939 2119 1064 2149 ——-pen.
1076 2109 1220 2150 Κεφάλου]
1237 2108 1320 2139 citat
1332 2109 1363 2138 l1
1376 2108 1397 2138 l.
1417 2109 1566 2144 Hermog.
1584 2116 1617 2143 p.

897 2154 971 2184 306.
987 2152 1134 2190 Syrianus
1152 2162 1183 2190 p.
1200 2155 1273 2183 237.
1291 2153 1326 2185 ὡς
1347 2151 1394 2181 ἐπὶ
1415 2151 1465 2180 τοῦ
1483 2149 1614 2187 Κεφάλου

896 2206 944 2224 και
965 2193 1189 2235 Ἀριστοφῶντος
1203 2198 1258 2225 τῶν
1270 2193 1529 2245 ἀμφισβητουντων
1545 2191 1613 2231 περὶ

897 2248 947 2268 του
963 2239 1051 2268 καλου
1063 2237 1133 2272 Βίου.
1149 2255 1191 2261 -—
1200 2240 1249 2268 τοῦ
1265 2241 1344 2268 κατὰ
1359 2236 1404 2267 τὸν
1418 2235 1545 2276 Κέφαλον
1557 2234 1615 2273 μὲ-

898 2293 966 2321 ρους,
981 2293 1022 2321 τῳ
1008 2280 1178 2321 μηδεμίαν
1189 2283 1297 2322 γςαφῆν
1312 2283 1471 2321 φυγεῖν,--
1481 2280 1531 2308 τοῦ
1547 2275 1616 2307 κατ’

897 2324 1124 2365 Ἀςισ-τοφῶντιι,
1139 2325 1181 2364 τῷ
1197 2327 1310 2359 πολλὰς
1330 2325 1426 2363 φυγεῖν
1442 2323 1552 2364 γραφὰς
1568 2320 1613 2350 καὶ

898 2367 1044 2409 μηδεμίαν
1056 2369 1169 2398 ἁλῶναι.
1186 2369 1258 2398 item
1272 2379 1304 2408 p.
1321 2370 1395 2398 404.

941 2429 985 2434 —-
1001 2412 1054 2442 ult.
1070 2411 1118 2440 καὶ
1136 2413 1162 2442 νὴ
1177 2410 1231 2442 Δία.
1248 2412 1296 2452 γε]
1314 2421 1372 2441 ιιοιι
1389 2410 1419 2439 id
1436 2409 1527 2438 modo
1544 2418 1617 2436 con-

901 2454 990 2489 cedo,
1013 2455 1095 2494 quod
1111 2459 1143 2484 tu
1159 2455 1309 2493 postulas,
1334 2453 1511 2495 praeclarum
1535 2461 1617 2485 esse,

900 2499 955 2528 sed
978 2499 1102 2538 insuper
1126 2498 1184 2527 boc
1199 2508 1320 2538 quoque
1341 2498 1467 2537 largior,
1495 2496 1618 2524 boatum

900 2551 979 2571 esse.

944 2586 1018 2615 311.
1036 2586 1065 2614 5.
1093 2583 1177 2618 οὗδεῖς
1200 2582 1364 2625 ἐγράψατο]
1397 2583 1540 2613 videntur
1570 2580 1616 2609 lta:

901 2628 969 2657 duae
987 2627 1151 2662 dictiones,
1167 2627 1250 2661 οὐδεὶς
1266 2626 1414 2667 ἐγςάψοιτό
1427 2635 1467 2666 με
1487 2625 1618 2658 πώποτε,

901 2675 932 2700 et
946 2670 1030 2704 msam
1046 2669 1136 2710 ἐδίωξε
1149 2672 1266 2711 γραφην,
1282 2671 1323 2700 nil
1340 2671 1417 2700 inter
1432 2680 1464 2698 se
1481 2668 1619 2702 distorre,

902 2714 955 2744 sed
990 2714 1072 2744 idern
1104 2714 1286 2753 significare.
1322 2714 1468 2744 differunt
1506 2717 1616 2740 tamen.

904 2757 1092 2786 Deserebant
1107 2757 1194 2786 multi
1217 2757 1293 2787 alios
1315 2757 1488 2789 criminum,
1505 2754 1558 2783 scd
1586 2752 1622 2780 li-

902 2805 972 2830 tem
979 2805 1109 2839 coeptam
1131 2800 1212 2830 haud
1235 2801 1507 2839 prosequebantur.
1556 2797 1619 2825 De-

902 2845 1077 2874 mosthenes
1094 2843 1142 2873 liic
1164 2844 1201 2872 ab
1219 2844 1366 2874 AEscbine
1382 2843 1543 2879 dicamque
1560 2838 1619 2868 sibi

903 2887 1049 2926 scriptam
1072 2892 1163 2926 negat
1187 2897 1315 2926 unquam
1332 2887 1440 2918 fuisse,
1457 2893 1556 2922 neque
1573 2892 1621 2911 se-

904 2930 962 2960 mel
979 2930 1009 2959 in
1024 2931 1120 2960 sorum
1137 2930 1267 2960 delatam
1285 2931 1322 2959 ab
1339 2929 1447 2958 eodem
1464 2937 1531 2956 esse
1548 2936 1620 2956 con-

905 2979 1020 3003 stanter
1042 2978 1209 3012 peractam.
1257 2975 1417 3011 Nunquam
1435 2981 1481 3000 nte
1498 2979 1622 2999 accusa-

906 3017 952 3046 vit
971 3016 1148 3050 AEsdnines,
1175 3017 1228 3051 ait,
1255 3026 1407 3055 nunquam
1433 3013 1516 3044 litent
1543 3012 1621 3042 indi-

906 3065 985 3091 ctam
1002 3065 1184 3099 persecutus
1199 3064 1256 3090 cst.
