1948 3322
231 220 316 262 AD
350 215 715 262 ORATIONEM
750 214 833 256 DE
865 213 1055 256 FALSA
1088 215 1452 260 LEGATIONE.

140 330 200 363 eet,
224 337 340 358 comma
367 326 500 356 retrahat
522 325 560 354 ad
584 323 734 365 τρύχετιιι.
758 323 849 353 metri

139 379 231 400 eausa
244 378 369 400 necesse
385 368 490 397 habuit
511 367 778 402 constructionem,
794 376 849 396 sen

140 422 243 442 casum
261 415 386 442 mutare.
407 420 474 439 nam
499 415 613 440 rectam
637 410 785 439 rationem
800 412 848 438 te-

137 464 211 485 nere
220 454 246 484 si
254 453 415 488 voluisset,
424 453 585 483 dicendum
596 453 711 485 fuerat:
722 454 776 482 τῶν
788 452 848 481 ἀδι-

137 496 251 527 κοῶτων
264 497 328 530 τοὺς
341 494 437 538 φίλους·
450 494 476 525 ἐν
491 497 557 529 ταῖς
575 496 701 530 συνόδοις.
725 495 777 534 qni
787 500 848 534 ‘ge-

134 539 251 569 nitivus
269 539 436 569 cohaereret
458 549 526 568 cum
542 537 574 568 ἐκ
588 537 752 578 δυσμενέων.
779 539 848 569 Jam

135 591 221 619 vero,
242 585 368 612 coactus
384 593 401 611 a
415 586 525 618 metro,
543 581 623 612 dixit
638 583 698 616 τοῖς
712 582 847 616 ἀδικοῦσι,

135 624 188 663 qui
212 624 337 654 dativus
358 626 534 655 tantundem
559 625 651 660 valet,
679 628 769 663 atque
795 623 848 655 ὑπὸ

134 668 190 697 τῶν
211 666 382 697 ἀδικούντων.
427 668 560 707 Injurias
578 667 759 698 multifarias
774 668 847 697 dare

133 708 218 739 cives
233 710 352 740 civibus
367 711 398 740 in
413 711 612 741 familiaribus
633 711 847 751 congressibus

132 757 275 792 possunt,
305 754 443 793 inprimis
471 764 547 785 vero
575 754 674 791 rixas,
705 755 847 784 verbera-

133 794 242 845 (ξοπιες,
265 797 378 827 caedes.
394 807 461 837 quae
484 802 555 828 sunt
570 797 751 838 injuriarum
767 803 848 828 atro-

131 848 276 870 crssrmae.

176 899 220 905 —
234 884 287 913 ⁶23.
311 881 340 912 δέ
363 881 394 912 τ’
416 881 506 925 ἔχειν]
526 883 559 914 in
582 884 690 915 Wolfii
714 886 753 914 ad
779 885 810 914 h.
825 885 848 915 l.

133 925 357 955 annotationem
398 926 423 956 si
461 927 594 967 tempori
628 928 847 967 inspexissem,

132 970 337 1007 conjecturam
353 967 378 999 δ’
392 968 434 1000 ἔτ’
444 969 519 1011 ἔχειν
531 971 563 1001 in
578 974 697 1001 textum
713 971 848 1010 recepis-

133 1019 210 1041 sem.
252 1013 470 1051 Interpretatio
498 1015 563 1053 ejus
595 1015 672 1044 bona
696 1019 727 1044 et
750 1016 847 1054 proba

134 1059 192 1084 est.
230 1053 304 1096 ἔχειν
335 1056 363 1085 h.
380 1056 402 1085 l.
425 1058 602 1087 tantundem
632 1057 726 1093 valet,
755 1062 847 1097 atque

132 1095 277 1139 κατέχειν.
301 1098 469 1135 continere,
493 1100 636 1130 retinere.
681 1101 740 1130 Sed
766 1111 847 1141 saepe

129 1139 205 1169 mihi
232 1141 290 1170 hoc
311 1141 426 1177 evenit,
449 1146 484 1172 ut
507 1143 661 1173 Woliium
689 1144 847 1173 consulere

131 1187 184 1212 aut
208 1183 421 1220 obliviscerer,
446 1189 499 1215 aut
524 1186 663 1222 taederet,
687 1186 726 1216 ob
753 1186 848 1216 mole-

133 1230 213 1255 stum
225 1227 347 1265 pondus
367 1226 512 1258 editionis
526 1229 728 1265 Basileonsis,
744 1234 775 1260 et
790 1230 846 1259 mi-

129 1268 308 1308 nutissimos
342 1275 448 1310 typos,
485 1271 597 1311 quibus
638 1273 846 1303 annotationes

129 1311 295 1342 Wolfianae
306 1323 430 1344 excusae
442 1318 523 1346 sunt.
538 1315 571 1346 id
586 1316 669 1355 quod
683 1316 847 1347 mihihaud

130 1364 202 1385 raro
216 1356 316 1386 fraudi
326 1356 397 1387 fuit.

173 1416 217 1422 -—
231 1402 285 1430 24.
309 1399 438 1441 πάντων]
461 1401 583 1441 praetuli
608 1402 740 1437 πάντως.
766 1403 848 1434 omni

131 1441 236 1478 modo,
252 1447 337 1473 oerto
355 1445 483 1474 certius.

173 1488 251 1518 4023.
279 1488 332 1527 17.
361 1487 564 1518 ὑπακούσαντά
578 1499 642 1518 τινα.
665 1489 768 1530 αὒτοῦ]
794 1489 849 1520 ali-

130 1538 234 1568 quem,
251 1529 305 1569 qui
325 1539 397 1560 aure
412 1531 451 1560 ad
477 1541 561 1561 seras
585 1533 706 1562 admota
728 1533 849 1563 anscul-

128 1575 225 1602 tasset
239 1573 408 1612 ignoratus,
423 1574 496 1613 quid
507 1574 671 1605 AEschines
685 1586 755 1605 cum
766 1577 850 1616 lega-

132 1613 173 1645 fis
185 1615 324 1655 Philippi
339 1616 416 1647 clam
432 1622 549 1658 ageret.

171 1675 216 1682 —
228 1659 307 1690 ibid.
320 1660 483 1702 κατήγορον]
498 1660 618 1691 correxi
638 1665 798 1702 κατηγορῶν
812 1663 850 1692 de

131 1712 212 1732 meo.
227 1713 284 1741 per
298 1704 527 1735 accusationem
549 1715 636 1735 suam
659 1705 718 1736 hoc
735 1706 850 1743 effecit,

132 1749 168 1775 ut
181 1745 208 1776 is
223 1745 349 1776 infamia
364 1752 534 1778 notaretur.

172 1805 216 1811 —-—-
231 1791 282 1821 19.
305 1791 386 1821 ἀλλὰ
408 1791 473 1831 καὶ]
499 1791 592 1831 quid?
615 1792 702 1832 quod,
724 1792 775 1822 vel
791 1803 849 1822 non

132 1831 231 1862 solum
257 1837 358 1864 autem
384 1834 443 1864 hoc
468 1845 564 1865 ausus
589 1840 648 1872 est,
674 1836 730 1866 sed
758 1837 851 1867 etiam

133 1873 216 1905 istud
231 1893 284 1907 —.

171 1935 216 1942 --
236 1921 295 1951 25.
313 1919 532 1963 διακρουόμενος]
555 1921 658 1952 malim
685 1922 850 1962 διακρουσά-

128 1970 220 2000 μενος.

173 2007 247 2036 424.
259 2007 292 2036 3.
315 2005 427 2047 νόσημα
439 2011 493 2049 γιὶς
503 2007 562 2048 -]
582 2008 803 2039 celeberrimus
820 2014 852 2039 et

129 2057 149 2076 a
161 2048 266 2078 multis
281 2048 394 2080 citatus
409 2051 508 2088 locus,
524 2056 586 2081 uta
599 2052 760 2082 Demetrio
770 2053 851 2081 Pha-

129 2090 213 2121 lereo
236 2101 268 2130 p.
284 2094 355 2123 161.
378 2093 404 2133 §.
422 2097 496 2126 296.
514 2096 710 2135 Hermogene
729 2106 759 2134 p.
777 2097 852 2126 263.

130 2133 268 2164 Aristide
285 2135 324 2165 de
342 2137 381 2166 D.
396 2137 432 2167 C.
446 2149 478 2177 p.
496 2140 572 2168 192.

171 2193 216 2200 —
231 2181 282 2208 11.
294 2178 344 2208 καὶ
358 2181 399 2210 τὰ
414 2181 507 2223 κύριαι]
524 2182 654 2211 subaudi
668 2181 750 2212 τέλη.
768 2182 851 2212 ordi-

129 2229 196 2256 nes,
213 2231 309 2260 penes
321 2233 398 2262 quos
413 2235 532 2255 summa
545 2235 648 2254 rerum
664 2229 721 2255 est.

150 2305 159 2313 ⁴
171 2281 215 2287 —
226 2267 278 2295 12.
293 2264 352 2308 οὓς]
377 2277 453 2306 quos
470 2268 605 2307 reliquos
626 2268 724 2304 cives,
741 2273 772 2298 et
788 2278 852 2298 ma-

128 2312 275 2346 gistratus
290 2311 453 2348 oportebat
473 2310 504 2341 in
521 2311 578 2341 hos
595 2312 771 2351 proditores
797 2322 851 2351 pa-

129 2349 196 2380 triae
211 2351 466 2384 animadvertere.

171 2411 215 2416 —
236 2397 292 2425 19.
320 2397 370 2426 τῆν
400 2395 560 2439 ἡγεμονίαν]
589 2397 749 2428 Sententia
780 2402 830 2428 est
844 2409 850 2427 :

128 2435 274 2467 hactenus
296 2439 420 2477 quidem
450 2441 627 2481 principatu
655 2442 851 2471 solummodo

127 2479 241 2518 privati
266 2481 389 2513 fuerant
408 2484 562 2521 Thessali,
586 2484 726 2514 libertate
752 2490 852 2514 tamen

127 2522 305 2554 adhucdum
328 2526 512 2564 gaudebant.
557 2529 626 2559 Jam
654 2538 731 2558 vero
760 2529 852 2558 etiam

129 2564 188 2596 hac
204 2567 330 2606 spoliati
347 2574 429 2600 sunt.

169 2611 245 2641 425.
257 2613 287 2641 4.
301 2609 436 2653 Ἀργεῖοι]
449 2613 551 2643 malim
561 2613 610 2643 καὶ
620 2612 747 2655 Ἀξγεῖοι.
761 2614 852 2645 etiam

128 2652 251 2693 Argivi,
268 2654 337 2685 scil.
351 2655 476 2694 agitant.

171 2714 215 2720 —
230 2700 260 2728 5.
278 2698 328 2739 ὡς]
350 2699 540 2729 tantumdem
565 2700 646 2730 valet
666 2701 695 2730 h.
717 2701 740 2731 l.
760 2706 851 2741 atque

128 2741 194 2780 γὲξ,
208 2740 258 2770 vel
269 2739 324 2771 δ’τι.
339 2752 422 2779 nam,
440 2743 490 2772 vel
506 2743 653 2782 quoniam.

171 2800 214 2805 —
236 2785 267 2814 6.
291 2784 492 2826 εἰσελήλυθεν]
520 2786 552 2816 in
583 2787 689 2816 urbem
717 2791 851 2816 nostram

129 2835 262 2866 quoque.
276 2828 388 2858 modus
406 2830 493 2860 verbi
509 2834 594 2860 recte
612 2830 714 2866 habet,
727 2835 757 2859 et
774 2830 852 2859 indi-

129 2869 249 2899 cativus
268 2876 397 2909 praestat
415 2872 595 2912 participio,
610 2874 635 2902 si
651 2874 686 2907 ὡς
699 2884 736 2903 eo
750 2883 852 2909 sensu,

131 2921 196 2961 quo
221 2912 302 2950 dixi,
320 2919 352 2944 et
372 2925 432 2954 quo
459 2917 645 2946 creberrime
676 2921 854 2955 usurpatur,

132 2955 279 2993 accipias.

174 3014 218 3020 —
232 3000 281 3028 10.
298 2999 353 3041 οὗχ
363 3001 443 3043 ὁρᾶτε
461 3002 518 3044 ——]
536 3003 620 3034 Citat
632 3003 663 3034 h.
680 3003 703 3034 Ι.
720 3003 851 3034 Hermo-

134 3049 227 3079 genes
242 3052 273 3083 p.
290 3043 366 3074 253.

1516 216 1596 259 115

926 324 1000 352 426.
1029 325 1061 353 ⁵7.
1092 321 1191 354 ἐπειδὴ
1224 325 1325 365 ταῦθ’]
1356 325 1525 365 interposui
1557 324 1599 356 δέ.

883 375 953 395 num
969 369 1094 403 praestet
1114 366 1144 394 in
1162 368 1328 396 continenti
1354 372 1455 409 πξοῆγε
1477 368 1541 408 legi
1566 369 1596 398 in

882 407 995 443 actim,
1010 418 1066 446 pro
1082 407 1201 447 vulgari
1216 410 1363 450 προήγετο,
1385 414 1414 441 in
1432 412 1534 442 medio
1547 422 1595 442 re-

880 451 1025 490 linquam.

924 511 967 516 ——-
983 497 1034 524 11.
1051 495 1107 522 τῶν
1121 496 1259 535 πολιτῶν]
1277 496 1406 525 subaudi
1421 500 1476 527 τῶν
1491 496 1597 537 ἢμετέ-

881 548 939 577 ρων.
956 536 1070 567 civium
1086 542 1258 566 nostrorum
1275 539 1517 569 Atheniensium.

924 598 968 604 ·-
983 582 1034 611 15.
1051 578 1191 613 Φίλιππος
1204 580 1250 610 οὐκ
1266 579 1308 610 ἔτ’
1328 581 1419 622 εῖχεν]
1438 583 1596 613 Sententia

883 628 947 654 est:
967 634 1025 653 uon
1039 624 1101 662 jam
1116 623 1285 653 sufficiebat
1306 625 1469 665 Philippus
1491 627 1596 665 prodi-

882 667 1012 702 toribus,
1024 672 1085 696 tam
1102 667 1196 696 dense
1211 666 1420 707 crebriterque
1431 678 1498 697 sese
1513 669 1598 707 inge-

881 710 1021 741 rentibus
1039 714 1130 749 atque
1145 719 1213 739 eum
1229 711 1268 740 ad
1292 720 1325 739 se
1342 711 1536 746 vocantibus,
1553 718 1597 747 ut,

881 755 930 784 cni
941 753 1038 793 primo
1053 753 1253 789 satisfaceret,
1265 752 1410 790 nesciret,
1425 764 1524 793 neque
1537 759 1599 784 tam

882 797 944 828 cito
959 807 1118 827 accurrere
1131 801 1221 836 atque
1236 807 1389 837 occupare
1404 796 1506 827 oblata
1526 807 1600 837 pos·

883 845 942 878 set,
959 845 1050 879 atque
1065 840 1110 870 illi
1127 840 1282 870 offerrent.
1489 860 1491 862 -

925 886 999 914 427.
1013 886 1065 914 10.
1078 884 1177 913 ταῦτα
1190 883 1360 925 διαφθείρει]
1374 882 1504 913 subaudi
1514 882 1599 922 μόνα.

881 927 956 957 nihil
980 927 1105 967 quidem
1126 927 1208 956 aliud
1231 927 1411 966 corrumpit,
1426 927 1457 956 h.
1474 937 1501 957 e.
1517 927 1601 956 hosti

881 970 996 1011 prodit,
1020 975 1133 1010 praeter
1154 970 1236 1000 illam
1266 971 1425 1010 copiarum
1450 975 1481 999 et
1507 979 1600 1008 opum

881 1013 1074 1054 particulam,
1095 1013 1144 1043 cui
1173 1014 1338 1052 praefectus
1355 1018 1414 1043 est.
1431 1022 1538 1043 verum
1555 1018 1602 1042 ta-

880 1067 947 1086 men
964 1057 1007 1086 nil
1024 1056 1095 1086 ideo
1111 1056 1212 1086 minus
1228 1057 1299 1087 odio
1322 1062 1352 1086 et
1374 1056 1602 1086 abominatione

881 1099 991 1139 dignus
1006 1105 1064 1135 est,
1081 1110 1169 1138 qnam
1182 1099 1210 1129 si
1226 1104 1320 1130 totam
1333 1111 1431 1139 remp.
1447 1099 1604 1138 prodidis-

881 1147 939 1172 set.
956 1153 1024 1173 nam
1049 1153 1139 1182 quem
1156 1143 1289 1182 prodere
1313 1148 1426 1183 partem
1449 1142 1531 1172 haud
1547 1152 1604 1182 pu-

880 1186 944 1221 det,
973 1185 1001 1215 is
1032 1189 1132 1215 totum
1159 1190 1243 1216 certo
1273 1187 1389 1216 certius
1420 1186 1543 1225 prodet,
1577 1185 1604 1215 si

880 1229 989 1269 possit.

923 1290 966 1295 —
981 1275 1034 1304 21.
1050 1272 1075 1303 ἐν
1096 1273 1149 1313 ἴσῳ
1167 1273 1269 1315 χρόνῳ]
1293 1283 1354 1312 quo
1370 1272 1439 1312 quis
1454 1271 1603 1312 temporis

882 1316 983 1355 spatio
1017 1317 1096 1346 male
1134 1317 1322 1347 consulendo
1356 1326 1453 1356 remp.
1483 1316 1606 1354 perdat,

882 1359 992 1389 eodem
1007 1364 1091 1389 recte
1116 1361 1274 1390 suadendo
1306 1364 1419 1389 servet.
1452 1358 1544 1388 bonis
1574 1362 1605 1387 et

882 1402 1066 1433 salutaribus
1104 1403 1295 1433 inveniendis
1333 1401 1472 1433 consiliis
1510 1400 1605 1430 nihilo

883 1446 953 1486 plus
982 1446 1130 1485 temporis
1156 1456 1299 1484 operaeve
1329 1455 1408 1485 opus
1431 1449 1490 1481 est,
1515 1454 1606 1483 quam

883 1488 1040 1528 pestiferis
1055 1489 1280 1527 excogitandis.

927 1535 999 1563 4‘28.
1027 1536 1056 1562 1.
1089 1533 1260 1573 γράμματα,
1290 1531 1423 1571 ἐκλογῆς]
1447 1530 1479 1560 in
1503 1530 1605 1559 locunt

885 1576 974 1614 liujus
989 1575 1072 1605 tituli
1094 1576 1202 1605 suffeci
1224 1576 1316 1605 istum
1339 1575 1445 1605 στήλη.
1460 1573 1605 1603 videntur

885 1619 935 1648 hic
951 1619 1042 1649 variae
1054 1619 1085 1648 in
1098 1619 1186 1648 libris
1196 1623 1327 1648 versatae
1340 1618 1436 1648 fuisse
1445 1616 1606 1647 lectiones.

885 1672 914 1691 e.
930 1672 957 1692 c.
973 1661 1040 1700 λέγε
1059 1664 1158 1692 ’ταῦτα
1172 1664 1212 1692 τὰ
1228 1662 1411 1703 γράμματα.
1439 1661 1535 1690 recita
1552 1661 1607 1689 has

885 1705 1012 1735 tabulas.
1033 1707 1094 1744 jam
1119 1705 1239 1735 titulus.
1268 1703 1300 1733 ἐκ,
1329 1704 1450 1737 στήλης.
1486 1708 1537 1733 aut
1564 1703 1607 1732 is-

885 1753 960 1778 taee:
982 1747 1048 1787 λέγε
1073 1749 1171 1778 ταῦτα.
1192 1750 1232 1778 ’τὰ
1253 1748 1428 1788 γράμματα
1440 1745 1472 1776 ἐκ
1488 1746 1608 1780 στήλης,

887 1792 991 1823 Στήλη.

928 1854 971 1859 —
981 1838 1009 1867 8.
1027 1835 1095 1876 μηθ’
1107 1834 1210 1876 ἄλλος]
1229 1835 1261 1864 id
1272 1839 1330 1870 est,
1339 1835 1392 1874 qui
1404 1833 1484 1864 civis
1495 1838 1608 1867 vester,

887 1880 938 1919 qui
956 1881 1084 1910 Graecus
1098 1889 1159 1908 non
1176 1879 1226 1908 sit.

926 1939 969 1946 —
984 1926 1035 1953 12.
1049 1924 1077 1953 νῆ
1101 1922 1157 1958 Δί’,
1182 1919 1251 1952 ἀλλ’
1271 1919 1344 1954 ὅπως
1366 1920 1455 1961 ἔτυχε
1477 1918 1534 1959 -]
1558 1918 1611 1948 Ci-

884 1970 950 1996 tant
964 1966 995 1995 h.
1011 1967 1033 1996 l.
1049 1967 1238 2004 Hermogen.
1263 1975 1295 2003 p.
1315 1966 1390 1995 27²2.
1414 1963 1609 1993 Minucianus

887 2019 917 2048 p.
934 2010 1009 2039 150.

928 2070 971 2075 —
983 2052 1061 2082 ibid.
1077 2050 1209 2092 ἕστηκεν]
1227 2054 1297 2090 post
1321 2049 1440 2080 ἕστηκεν
1455 2049 1542 2079 addit
1559 2049 1609 2078 ed.

886 2095 1056 2125 Lutetianae
1067 2106 1171 2134 margo
1183 2095 1209 2123 οὐ
1222 2095 1271 2133 μὲ
1282 2091 1348 2124 Δία.
1361 2093 1608 2132 supplementum

886 2149 946 2169 non
980 2139 1102 2174 inutile,
1128 2148 1225 2176 neque
1255 2137 1462 2166 necessarium
1499 2141 1611 2165 tamen.

886 2182 958 2212 Sine
985 2182 1039 2211 illo
1069 2181 1230 2211 nervosior
1258 2185 1304 2210 est
1326 2180 1438 2216 oratio,
1462 2189 1531 2208 cum
1557 2178 1609 2207 illo

886 2225 1008 2256 mollior
1024 2230 1116 2264 atque
1134 2224 1264 2263 planior.

930 2271 1037 2298 -17.
1053 2270 1093 2298 τὰ
1110 2268 1256 2308 χρήματα
1282 2265 1396 2305 ταῦτα]
1424 2275 1477 2300 aes,
1506 2263 1611 2303 quanti

887 2312 1042 2342 vaenibant
1058 2322 1111 2346 aes,
1127 2311 1209 2341 uude
1229 2314 1332 2339 statua
1348 2309 1502 2338 Minervae
1519 2308 1612 2341 facta,

887 2366 1005 2390 aurum,
1022 2360 1193 2395 argentum,
1208 2354 1296 2388 ebur,
1313 2362 1454 2391 gemtnae,
1472 2350 1612 2389 reliquus

887 2399 1032 2435 mundus,
1049 2408 1144 2438 opera
1161 2396 1301 2427 artificis.

929 2445 1037 2473 —QL
1057 2439 1211 2481 τιμωξίαι]
1229 2440 1260 2469 id
1291 2443 1350 2473 est,
1378 2437 1483 2467 tabula
1506 2441 1613 2466 tenens

886 2485 988 2515 literis
1027 2485 1224 2521 consignatas
1262 2482 1360 2511 minas
1391 2490 1613 2520 poenaruntque

887 2529 1137 2559 denuntiationes
1158 2527 1307 2556 adversus
1324 2524 1542 2554 sceleratorum
1556 2523 1614 2552 hoc

888 2582 997 2611 genus.
1352 2596 1363 2608 0

930 2634 973 2638 —-
988 2613 1064 2644 ibid.
1089 2615 1130 2643 νῦν
1147 2612 1174 2642 δὲ
1196 2611 1296 2650 γέλως,
1320 2611 1412 2645 ἄδεια,
1432 2609 1568 2650 αἰσχύνη,
1591 2608 1613 2638 εἰ

885 2659 944 2699 μὴ]
978 2658 1023 2687 sic
1056 2658 1200 2693 vulgatae.
1234 2655 1355 2685 correxi
1381 2655 1420 2683 de
1453 2663 1521 2682 meo
1552 2652 1614 2681 sic:

887 2703 928 2732 νῦν
945 2701 972 2731 δὲ
987 2698 1088 2739 γέλως.
1107 2702 1170 2739 jam
1189 2709 1263 2728 vero
1280 2709 1329 2728 res
1344 2698 1409 2727 risu
1436 2696 1532 2734 digna
1556 2700 1614 2727 cst,

887 2743 936 2775 ὅση
960 2744 1041 2773 ἄδεια.
1067 2743 1199 2784 Αἰσχίνῃ,
1223 2747 1366 2781 quautam
1383 2739 1538 2769 licentiam
1557 2738 1615 2766 lar-

888 2788 1022 2827 gitiones
1051 2786 1225 2826 accipiendi
1253 2790 1285 2814 et
1309 2783 1493 2814 cot-radendi
1525 2782 1616 2809 bonn-

887 2837 946 2870 'que
993 2835 1097 2860 vestra
1135 2827 1289 2859 vendendi
1328 2832 1359 2856 et
1393 2822 1615 2855 intervertendi

890 2885 944 2904 vos
962 2873 1102 2903 AEschini
1128 2872 1292 2902 ‹ledet-itis.
1316 2870 1347 2899 id
1375 2874 1431 2903 cst,
1450 2878 1505 2895 vos
1535 2865 1615 2895 deri-

888 2918 982 2947 dendi
1002 2916 1079 2946 estis
1108 2916 1148 2945 ob
1174 2916 1250 2944 lianc
1272 2918 1398 2947 tantam,
1416 2918 1475 2940 tam
1496 2916 1615 2949 turpent

889 2959 1077 2991 socordiam.

932 3022 974 3028 -—
987 3006 1039 3034 27.
1052 3002 1175 3042 ταύτην]
1194 3001 1294 3030 malini
1309 2999 1355 3027 τὸν
1369 2996 1486 3026 ταύτην.

934 3049 1007 3079 4³29.
1033 3048 1083 3076 19.
1112 3043 1311 3084 κτησαμένην]
1342 3042 1425 3071 idem
1452 3043 1498 3069 est
1526 3048 1562 3068 ac
1589 3039 1615 3067 at
