1997 3323
412 202 492 245 104

409 310 484 339 satis
509 307 707 339 festinassent
731 308 851 340 tabulas
881 308 1006 338 soederls
1035 308 1116 338 obsi-

408 352 543 391 gnandas
560 357 591 382 et
611 351 758 391 religione
777 351 979 391 jurisjurandi
1008 352 1116 381 ooulir-

406 396 532 426 mandas
546 405 664 425 curare.

451 456 493 461 —-
510 440 562 468 12.
585 436 883 478 ἐγκαταλειφθέντων]
900 437 1018 468 correxi
1030 436 1116 474 ἐγκα-

406 480 537 521 ταληφθ.
548 492 628 521 quae,
642 482 755 511 interea
768 481 840 510 dum
856 482 895 510 de
911 491 988 521 pace
1004 481 1115 519 agitur,

406 528 438 554 et
465 535 527 564 pax
554 524 711 560 coalescit,
741 529 931 563 occupantur
956 525 994 553 ab
1021 523 1115 552 altera

405 571 493 607 parte
508 567 762 598 contrahentium.

449 628 493 633 ——
509 614 559 641 17.
583 610 751 652 ἀποδώσειν]
779 610 910 640 subaudi
930 608 1026 645 αὐτὸν,
1042 608 1114 638 Phi-

407 652 536 693 lippum.

449 714 491 719 —
516 699 565 726 18.
597 695 712 736 τούτου]
739 694 862 735 praetuli
891 694 999 726 ἐκείνου.
1033 694 1113 734 quod

405 738 487 769 idem
505 740 543 769 ad
561 739 740 779 Philippum
757 739 846 768 redit.

449 801 491 806 -—
508 785 559 814 ⁶23.
589 781 782 822 πςοήσεσθοιι]
808 781 836 810 Ιι.
849 781 870 809 1.
895 780 995 820 accipi
1022 781 1115 810 debet

405 835 462 864 pro
478 825 643 866 ἅμελησειν.
659 824 840 855 subauditur
855 831 906 853 aut
921 826 986 859 τοὺς
998 824 1115 866 καιροὺς,

408 873 459 898 aut
474 873 514 899 τοὶ
536 868 660 909 ὑμέτερα.
675 867 869 908 συμφέροντα.

450 929 491 934 --
500 923 570 951 pen.
581 912 602 941 εἶ
614 913 667 951 γὰρ
679 909 765 951 ’ἦα-αν]
777 910 877 939 malim
886 910 909 939 εἶ
919 910 972 949 γὰρ
982 910 1025 940 νῦν
1035 915 1114 940 ἡσαν.

406 965 473 984 nam
484 954 659 994 oppositum
676 952 876 984 adverbium
867 954 1045 995 insequens
1047 952 1116 983 τότε

407 999 551 1036 postulat.

448 1043 521 1071 389.
536 1044 566 1070 4.
588 1039 671 1078 ὑμεῖς
686 1038 732 1080 δὲ]
754 1037 821 1068 scil.
833 1036 988 1077 ἐμέλλετε,
1000 1039 1082 1078 quod
1099 1050 1115 1069 e

405 1084 546 1123 proximo
560 1082 680 1123 ἔμελλεν
693 1087 741 1111 est
756 1081 847 1111 tacite
869 1082 1051 1111 iterandum.

448 1145 489 1149 —
505 1129 534 1156 6.
557 1125 584 1156 ἐν
607 1123 766 1165 πολιορκίᾳ]
795 1124 924 1154 mirifica
950 1125 1058 1160 dictio,
1085 1129 1116 1154 et

405 1170 508 1198 nescio
524 1179 561 1198 an
581 1168 634 1198 alii
654 1168 767 1197 nemini
789 1171 947 1207 usurpata,
963 1172 1116 1198 verumta-

405 1223 472 1241 men
490 1212 530 1241 nil
552 1212 624 1242 ideo
647 1211 748 1241 minus
764 1210 936 1250 elegantiae,
961 1211 991 1240 ni
1014 1212 1115 1247 fallor,

407 1256 576 1294 exquisitae.
599 1254 714 1284 dicitur
737 1254 788 1284 ille
813 1254 844 1283 in
860 1253 1052 1285 obsidionem
1069 1265 1116 1284 re-

404 1309 470 1328 rum
485 1308 605 1328 suarum
620 1298 783 1333 adductus,
799 1308 895 1337 eaque
911 1303 1019 1336 septus
1032 1308 1115 1333 esse,

405 1341 455 1371 cui
481 1352 580 1380 neque
605 1340 685 1370 foras
710 1340 847 1380 prodire,
864 1350 961 1378 neque
976 1341 1116 1371 emittere

406 1385 578 1424 quicquam,
603 1394 702 1422 neque
725 1384 764 1413 ad
787 1394 820 1413 se
843 1383 1004 1413 admittere
1021 1384 1115 1422 licet3

406 1433 440 1457 ut
456 1438 482 1457 e.
496 1439 522 1458 c.
533 1428 701 1467 imperator
717 1428 755 1456 ab
771 1427 858 1456 hoste
875 1426 919 1456 ita
933 1426 1115 1457 circumses-

407 1481 472 1507 sus,
489 1476 521 1501 ut
537 1481 635 1510 neque
651 1470 808 1510 progredi,
824 1479 920 1508 neque
942 1480 975 1499 se
995 1470 1028 1500 in
1050 1470 1115 1510 pri-

407 1525 489 1544 orem
507 1515 611 1544 sedem
627 1518 723 1544 tutam
738 1513 891 1552 recipere,
907 1523 1006 1552 neque
1021 1524 1116 1543 novas

406 1558 583 1587 contrahere
596 1557 712 1597 copias,
723 1566 821 1596 neque
837 1555 989 1586 submissa
1001 1557 1117 1586 auxilia

404 1601 514 1630 castris
525 1600 675 1640 recipere,
684 1610 780 1638 neque
792 1604 913 1638 paratas
925 1599 1031 1639 copias
1046 1610 1116 1630 suas

405 1644 574 1682 explicare,
590 1654 689 1683 neque
715 1642 841 1672 hostiles
864 1653 1061 1682 perrumpere
1086 1647 1116 1673 et

403 1686 556 1726 dissipare
571 1687 679 1726 possit.
717 1687 779 1716 Sed
794 1696 921 1716 necesse
936 1686 1047 1716 habeat
1062 1687 1116 1716 de-

406 1739 456 1759 ses
471 1736 501 1759 et
516 1735 653 1760 mortuns
665 1731 780 1768 jacere,
790 1729 1042 1769 repentinumque
1055 1730 1117 1760 for-

405 1775 486 1801 tunae
515 1774 675 1812 eujusdam
704 1772 867 1811 insperatae
898 1773 1117 1809 interventum,

407 1826 474 1853 quae
492 1826 524 1844 se
539 1815 689 1854 angustiis
712 1816 774 1845 illis
798 1816 950 1851 extrahat,
966 1816 1114 1855 opperiri.

406 1869 473 1896 quae
494 1869 558 1888 sors
584 1859 691 1889 eadem
718 1863 767 1888 est
790 1858 925 1889 civitatis
950 1859 1115 1889 obsidione

407 1902 527 1931 cinctae.

448 1962 491 1967 —
509 1946 558 1975 13.
586 1943 890 1986 προκατακεχρῆσθαι]
916 1945 995 1974 bene
1015 1944 1042 1975 si
1063 1946 1116 1976 ha-

406 1989 469 2023 bet,
481 1992 618 2018 neutram
633 1989 712 2018 enim
729 1988 760 2017 in
775 1993 889 2028 partem
900 1989 1073 2023 decernam,
1083 1999 1115 2019 re

404 2041 461 2060 non
478 2031 605 2069 liquida,
631 2031 830 2071 significabit:
855 2035 1019 2072 propterea
1033 2032 1116 2071 quod

405 2075 505 2103 omnia
527 2077 585 2104 huc
608 2075 750 2105 facientia
775 2078 901 2114 peracta
922 2079 953 2105 et
977 2076 1118 2105 absoluta

405 2122 518 2147 essent.
534 2128 600 2156 quae
618 2118 643 2147 si
669 2123 714 2147 est
739 2118 825 2147 verbi
851 2118 1012 2153 sententia,
1036 2123 1067 2148 et
1090 2118 1116 2147 si

404 2161 554 2200 scriptura
568 2161 680 2190 menda
694 2164 788 2196 caret,
804 2160 979 2190 tantundem
992 2161 1117 2197 valebit,

404 2208 496 2242 atque
520 2201 912 2244 νω-ςοκατακεχρημοιτίσθαι.
943 2204 1117 2242 Hermoge-

404 2256 458 2276 nes
476 2258 506 2286 p.
524 2249 598 2278 283.
614 2245 768 2286 ἐφέλκεται
788 2246 919 2285 νοήματα.
939 2246 987 2276 καὶ
1003 2245 1036 2276 rra
1052 2245 1117 2276 ἔπι-

405 2290 504 2339 Τξὲχον
527 2302 639 2332 σ’χῆμᾶι
660 2301 692 2319 Eu·
713 2301 762 2319 ‘rou
788 2300 1032 2319 πθθσυναωτικου
1055 2287 1114 2320 010V⁸

404 2331 496 2364 ἐπειδὴ
519 2335 573 2374 γὰρ
593 2332 731 2364 ἐκκλησίαι
751 2331 806 2372 μὲν
819 2331 911 2362 οὐκέτ’
923 2330 953 2362 ’ἦν
966 2332 1117 2368 ὑπόλοιπος

404 2374 518 2416 οὐδεμία
529 2394 582 2407 ——.

448 2437 491 2441 -—
508 2421 560 2449 23.
588 2418 688 2460 οὕτως]
721 2418 779 2448 1ιοο
802 2423 905 2458 pacto,
923 2419 978 2448 hoc
1003 2419 1115 2458 agendi

407 2462 508 2496 modo,
536 2472 591 2500 per
618 2463 674 2491 hoc
698 2462 868 2497 decretum,
898 2461 1016 2492 invitos
1045 2462 1115 2492 illos

407 2505 486 2539 hinc,
503 2515 539 2533 ex
556 2505 642 2540 urbe,
660 2505 795 2540 extraxi,
812 2504 900 2544 coegi
917 2505 1015 2535 exire.
1032 2507 1115 2545 quod

405 2552 506 2577 autem
522 2547 699 2577 invitissimi
724 2558 757 2577 se
781 2548 811 2577 in
835 2548 896 2578 iter
914 2548 1066 2584 dederint,
1081 2549 1115 2579 id

406 2591 567 2630 perspicue
590 2602 628 2620 ex
652 2590 700 2625 iis,
716 2601 784 2629 quae
806 2592 1000 2630 postmodum
1027 2592 1116 2622 insti-

404 2638 538 2667 tuerunt,
548 2633 737 2671 intelligetis.
751 2634 815 2664 liaec
831 2640 879 2664 est
891 2635 1041 2665 sententia
1054 2636 1115 2665 loci

398 2676 583 2716 plenissimi.

447 2722 521 2751 390.
537 2722 566 2749 3.
589 2718 706 2758 Θρᾴκην,
720 2721 760 2748 τὰ
781 2718 836 2749 {wi
859 2722 913 2749 τῶν
927 2721 1047 2762 τειχῶν]
1064 2732 1115 2751 su—

405 2763 517 2803 spicari
540 2762 566 2792 si
588 2762 662 2791 licet
678 2762 707 2791 in
724 2772 756 2791 re
773 2764 959 2801 perobscura
973 2768 1004 2793 et
1025 2765 1114 2795 nobis

402 2808 554 2845 ignorata,
568 2805 671 2835 malim
687 2805 749 2843 legi
765 2804 871 2845 Θρᾳκης
885 2808 924 2836 τὰ
940 2805 990 2836 ἐπὶ
1011 2810 1066 2836 τῶν
1081 2819 1111 2837 τ.

399 2850 449 2891 (in
466 2848 605 2889 genitivo
616 2852 648 2877 et
661 2853 810 2877 commate
826 2848 975 2888 sublato).
1018 2851 1114 2880 Thra-

402 2893 459 2923 ciae
475 2897 591 2932 partem
607 2901 686 2926 eam,
703 2901 770 2929 quae
791 2893 831 2921 τὰ
847 2890 893 2921 ἐπὶ
919 2895 974 2921 τῶν
995 2896 1113 2934 τειχῶν,

402 2938 488 2976 regio
512 2945 620 2966 versus
647 2935 783 2969 castella,
808 2934 992 2974 appellatur.
1016 2936 1112 2966 tuisse

401 2985 531 3010 tractum
547 2978 685 3007 Thraciae
699 2979 739 3008 τὰ
764 2977 847 3019 τείχη
869 2977 985 3007 dictum
1007 2979 1057 3019 (ut
1080 2980 1111 3009 in

402 3023 516 3063 Belgio
531 3027 600 3052 sunt
617 3022 656 3051 les
670 3020 858 3062 Baro-teres),
874 3031 891 3050 e
904 3031 935 3060 p.
951 3023 1025 3052 ⁰297.
1042 3031 1112 3060 pen.

793 200 826 243 1.
845 200 884 243 1.
906 198 1130 243 REISKE
1161 196 1487 241 ANNOTATA

1150 312 1283 337 constat.

1195 367 1237 372 ——
1253 351 1284 380 6.
1307 349 1341 380 τὸ
1355 348 1411 389 μὲν
1426 351 1597 393 πρῶτον-]
1621 351 1710 383 initio
1723 353 1863 405 quidem,

1150 398 1184 422 ut
1200 392 1226 422 si
1242 391 1311 431 quis
1326 393 1428 423 locum
1445 404 1635 425 communem
1648 396 1694 426 sic
1710 397 1868 437 projiciat,

1151 435 1181 465 in
1196 435 1331 464 medium
1348 436 1494 476 proferat,
1511 443 1545 468 ut
1559 439 1610 478 qui
1628 439 1713 476 velit,
1730 450 1798 470 eum
1814 451 1863 470 ar-

1149 478 1256 517 ripiat,
1268 478 1328 508 sibi
1338 480 1561 516 accommodet,
1568 481 1626 511 sibi
1638 482 1753 513 dictum
1763 488 1864 523 putet,

1150 521 1178 551 si
1193 521 1242 550 cui
1258 521 1297 550 ad
1311 531 1344 551 se
1359 522 1515 561 pertinere
1531 523 1681 556 videatur.

1191 580 1235 586 —-
1250 564 1303 594 15.
1318 564 1548 606 ἀναγκασθέντι]
1565 568 1714 598 sententia
1728 573 1792 599 est·
1809 579 1865 599 nos

1149 605 1242 636 hodie
1259 611 1341 638 stare
1356 618 1459 639 eoram
1472 619 1510 639 eo
1521 609 1652 648 judicio,
1665 611 1747 650 quod
1757 622 1862 642 eorum

1148 649 1300 680 neminem
1319 652 1430 681 bonum
1447 655 1478 681 et
1490 652 1650 683 honestum
1659 654 1865 692 habeatideo

1149 694 1231 732 quod
1242 697 1366 724 coactus
1376 695 1503 744 probum
1515 706 1547 726 se
1557 697 1706 736 gesserit3
1718 698 1771 727 sed
1781 707 1864 734 eum,

1147 735 1202 775 qui
1214 736 1306 773 ultro,
1318 738 1357 767 ab
1370 737 1471 768 animo
1482 748 1538 768 suo
1555 739 1718 780 impulsus,
1733 740 1863 771 honeste

1149 789 1182 808 se
1203 780 1346 819 gesserit,
1359 785 1390 811 et
1413 781 1598 820 flagitiorum
1622 787 1713 823 atque
1735 784 1866 823 nequiti-

1147 832 1232 852 arum
1247 828 1404 854 exsortem
1419 834 1453 854 se
1468 825 1671 857 conservarit.

1148 893 1153 895 t
1190 883 1235 888 -—-
1249 869 1302 897 24.
1317 867 1425 907 ἄλλης]
1443 867 1562 904 addidi,
1578 869 1633 899 sed
1649 873 1681 899 et
1694 867 1796 900 adhuc
1810 870 1867 900 ad-

1149 908 1283 939 dendum
1293 909 1422 950 aliquid,
1431 920 1492 950 quo
1504 911 1668 942 deficiente
1680 912 1744 942 hiat
1754 913 1865 943 oratio.

1151 952 1206 981 scil
1215 974 1222 982 .
1234 953 1324 992 plena
1336 954 1402 983 hoec
1417 954 1494 984 erit:
1518 954 1573 984 ὅσοι
1585 954 1686 989 οὐδένες
1699 954 1784 985 ἄλλοι
1800 955 1867 997 πρέ-

1148 994 1232 1030 σβεις
1251 994 1327 1037 παρ’
1346 994 1479 1036 οὐδεμιᾶς
1503 997 1597 1032 ἄλλης
1619 997 1728 1032 πόλεως
1750 997 1862 1032 ἔλαβον.

1149 1043 1210 1069 tam
1225 1040 1414 1069 luculentum
1433 1039 1591 1078 viaticum,
1601 1050 1691 1080 qnam
1705 1041 1765 1071 alia
1780 1041 1865 1072 nulla

1149 1082 1260 1112 civitas
1290 1083 1355 1112 suis
1383 1083 1494 1122 legatis
1522 1083 1653 1114 addidit.
1696 1083 1864 1115 AEstimare

1149 1124 1218 1154 hine
1234 1125 1308 1155 licet
1324 1125 1461 1161 divitium,
1475 1137 1544 1166 quae
1567 1132 1632 1157 tum
1654 1127 1754 1164 fuere,
1776 1128 1864 1158 Grae-

1149 1168 1217 1203 oiae,
1244 1173 1275 1198 et
1303 1169 1403 1208 pretia
1428 1179 1541 1206 rerum,
1567 1176 1598 1199 ct
1621 1170 1865 1209 magnitudinem

1151 1215 1305 1242 sumtuum
1327 1212 1360 1242 in
1377 1212 1492 1243 victum
1513 1211 1724 1252 quotidianum
1749 1213 1865 1244 sacien-

1149 1254 1268 1284 dorum.
1313 1255 1389 1285 Tam
1411 1256 1604 1294 splendidum
1624 1256 1684 1287 fuit
1703 1255 1863 1294 viaticum,

1149 1303 1184 1327 ut
1205 1298 1350 1337 exemplo
1366 1303 1496 1335 careret,
1512 1304 1601 1339 atque
1624 1299 1750 1330 liberale
1773 1300 1865 1330 viati-

1149 1351 1217 1370 cum
1233 1342 1271 1370 ab
1286 1341 1396 1371 Athen.
1414 1341 1525 1381 legatis
1540 1343 1603 1372 suis
1616 1342 1772 1381 additum3
1794 1343 1863 1383 qui-

1149 1383 1219 1419 bus,
1236 1394 1364 1414 numero
1380 1385 1486 1414 decem
1501 1384 1588 1421 viris,
1603 1385 1800 1425 ipsorumque
1812 1396 1865 1416 co-

1148 1426 1281 1462 mitatui,
1294 1428 1323 1462 in
1338 1427 1414 1457 itum
1432 1428 1637 1468 reditumque,
1651 1433 1683 1459 et
1694 1429 1863 1459 absentiam

1149 1469 1348 1506 trimestrem,
1365 1471 1507 1501 universe
1526 1472 1612 1502 mille
1632 1472 1792 1503 drachmas
1807 1473 1862 1502 de-

1150 1512 1277 1550 derant3
1300 1514 1338 1544 ad
1363 1514 1434 1544 aeris
1456 1515 1556 1544 nostri
1577 1515 1725 1545 rationem
1739 1515 1864 1547 circiter

1153 1556 1224 1586 150.
1241 1556 1386 1592 thaleros,
1403 1560 1434 1587 et
1448 1567 1485 1587 ne
1499 1558 1554 1588 hos
1571 1557 1694 1597 quidem
1710 1562 1806 1589 totos.

1192 1614 1236 1622 -·—
1251 1601 1304 1630 26.
1325 1599 1396 1630 ἀλλ’
1410 1598 1437 1630 ἔν
1451 1599 1495 1640 τῷ
1508 1600 1674 1642 πανδοκείῳ]
1698 1601 1783 1633 citat
1797 1602 1828 1632 h.
1840 1603 1862 1632 l.

1151 1643 1364 1681 Hermogenes
1385 1653 1417 1682 p.
1432 1645 1506 1673 ⁰276.
1522 1648 1554 1674 et
1575 1645 1789 1675 'l'heodoretus
1809 1655 1865 1675 cu-

1149 1690 1209 1716 rat.
1225 1686 1325 1715 Graec.
1339 1686 1441 1716 affect.
1455 1696 1486 1725 p.
1501 1687 1639 1718 115.10.
1654 1688 1704 1718 ed.
1717 1688 1864 1729 Sylburg.

1192 1746 1236 1751 —
1250 1739 1323 1769 pen
1353 1740 1399 1759 οτε
1426 1727 1496 1770 δεῦρ’
1515 1729 1562 1760 nt„
1571 1731 1629 1781 -]
1652 1731 1754 1761 Schol.
1779 1732 1863 1762 Her-

1149 1782 1231 1810 mog.
1247 1783 1278 1812 p.
1296 1774 1372 1804 384.
1396 1771 1536 1803 ποιότητα
1561 1771 1590 1803 δὲ
1616 1774 1803 1815 πράγματος,
1825 1775 1862 1809 ὡς

1148 1812 1196 1846 ἐπ
1207 1813 1305 1845 ἐκείνω·
1314 1816 1518 1846 καὶσπουδοιῖει
1528 1815 1688 1857 νομίζων,ἱῑ
1700 1817 1791 1858 ἄνδςες
1799 1816 1864 1847 ’.ΑΘ

1150 1857 1197 1898 [ν.
1213 1868 1246 1898 p.
1264 1861 1337 1890 131.
1357 1863 1385 1888 1.
1404 1860 1493 1889 Dem.
1496 1859 1510 1900 ]
1525 1860 1574 1889 καὶ
1593 1860 1737 1912 ἀναγκαῖα.
1752 1872 1788 1891 τη
1811 1859 1879 1890 1716-

1149 1907 1202 1936 λει,
1217 1901 1280 1942 περὶ
1295 1898 1330 1932 οἷν
1343 1899 1550 1933 cannavae*
1538 1915 1553 1933 η
1568 1903 1604 1937 ὡς
1619 1901 1645 1933 ἐν
1666 1903 1710 1944 τῷ
1730 1903 1789 1944 περὶ
1805 1915 1864 1934 πα-

1149 1954 1234 1984 ςοιπς.
1248 1944 1295 1975 δ’τε
1311 1945 1382 1984 δεῦρο
1396 1944 1443 1976 ἤδη
1458 1945 1492 1975 τὸ
1509 1946 1685 1987 στράτευμα
1701 1945 1792 2001 aym-N
1794 1946 1864 1980 &Boi-

1149 1987 1245 2026 διζεν
1232 1999 1245 2017 ο
1262 1987 1413 2022 Φίλιππος.
1430 1987 1496 2018 εἶτα
1511 2001 1526 2018 η
1542 1988 1665 2024 ποιότης.
1680 1989 1862 2031 αἰσχρούς-,ω

1150 2029 1305 2066 Ἀθηναιοι,
1319 2030 1367 2060 καὶ
1383 2029 1524 2069 ἄναξίως“
1513 2033 1602 2071 υμῶν.

1192 2075 1338 2105 391.17.
1362 2074 1478 2115 αὐτοὺς]
1509 2074 1631 2115 praetuli
1656 2073 1783 2111 τούτους.
1807 2075 1862 2106 hos

1150 2115 1270 2156 legatos
1286 2120 1418 2147 vestros.

1192 2177 1237 2182 —-
1254 2162 1306 2190 18.
1337 2158 1542 2201 ἐνδεικνύμενοι]
1573 2163 1762 2190 ostentantes
1794 2171 1864 2191 sese

1146 2202 1361 2241 jactantesque
1378 2202 1535 2243 Philippo,
1555 2203 1751 2233 venditantes
1773 2203 1814 2240 ei,
1831 2210 1864 2235 ut

1149 2245 1267 2275 Tullius
1288 2245 1436 2284 loquitur,
1454 2256 1511 2275 sua
1531 2246 1644 2282 studia,
1657 2246 1689 2276 lt.
1706 2257 1735 2276 e.
1752 2248 1864 2278 vei-nili

1150 2289 1280 2327 quadam
1305 2293 1398 2327 atque
1422 2289 1594 2319 adulatoria
1615 2289 1781 2320 sedulitate
1805 2300 1863 2320 non

1151 2331 1248 2361 solum
1274 2331 1478 2371 gratificantes
1501 2332 1542 2365 ei,
1565 2333 1622 2362 sed
1647 2332 1740 2363 etiam
1763 2333 1864 2365 officia

1150 2374 1215 2404 haec
1230 2385 1284 2405 sua
1295 2374 1357 2414 ipsi
1368 2375 1456 2405 velut
1467 2375 1666 2414 imputantes,
1676 2379 1708 2406 et
1719 2375 1863 2417 ingeren-

1151 2422 1210 2454 tes,
1222 2423 1254 2448 ut
1267 2418 1319 2457 qui
1334 2417 1364 2447 in
1382 2419 1488 2448 oculos
1502 2429 1620 2456 eorum,
1637 2429 1654 2449 a
1664 2419 1777 2459 quibus
1790 2430 1863 2460 spe-
1884 2460 1885 2465 1

1150 2461 1237 2496 ctari,
1253 2468 1285 2491 et
1307 2461 1419 2500 quibus
1443 2462 1568 2501 placere
1593 2462 1711 2499 volunt,
1727 2472 1796 2494 sese
1815 2463 1863 2493 in-

1150 2508 1269 2543 gerunt.

1192 2564 1236 2570 ·—
1250 2547 1303 2578 25.
1331 2546 1456 2589 τούτοις]
1487 2548 1564 2578 bene
1587 2548 1689 2586 habet,
1705 2530 1864 2580 oohaerens

1150 2600 1219 2620 cum
1236 2592 1296 2624 πῶς
1308 2590 1399 2621 ἔνεστι
1420 2601 1511 2622 versu
1530 2593 1582 2641 23.

1192 2651 1236 2658 -·
1252 2636 1304 2664 ⁰27.
1327 2634 1409 2675 ὗμιν]
1437 2633 1561 2664 correxi
1589 2633 1667 2673 ημῖν.
1693 2633 1862 2670 decretum,

1149 2687 1210 2715 quo
1226 2678 1428 2717 praescriptus
1448 2677 1539 2707 nobis
1561 2676 1674 2715 legatis
1688 2678 1799 2708 modus
1813 2689 1864 2709 es-

1150 2725 1209 2755 set,
1236 2721 1403 2750 secundum
1430 2731 1519 2759 quern
1545 2719 1722 2760 Philippum
1745 2722 1863 2762 Jureju-

1149 2764 1244 2793 raudo
1260 2763 1465 2803 adiget-emus.

1191 2824 1234 2829 -—
1243 2817 1313 2846 peu.
1332 2805 1365 2836 τὸ
1379 2807 1430 2836 τοῦ
1443 2804 1646 2846 Φιλοκράτους]
1660 2805 1690 2836 in
1703 2816 1765 2846 quo
1778 2807 1863 2847 lege-

1149 2849 1238 2880 batur
1253 2849 1402 2879 formula:
1423 2851 1500 2880 πλὴν
1524 2851 1580 2880 τῶν
1603 2847 1708 2886 Ἀλέαν]
1726 2849 1780 2880 καὶ
1802 2856 1863 2881 Φω-

1147 2891 1225 2923 κέων.
1241 2903 1269 2922 v.
1282 2903 1375 2932 supra
1389 2903 1478 2922 versu
1492 2893 1523 2922 5.

1190 2954 1232 2958 -
1249 2935 1304 2966 ult.
1327 2935 1361 2965 τὸ
1375 2936 1424 2964 τοῦ
1440 2933 1570 2976 &byeus
1562 2944 1592 2964 ιιι
1609 2944 1670 2973 quo
1685 2939 1861 2968 correctum

1147 2979 1193 3008 sic
1211 2986 1286 3014 erat,
1301 2977 1464 3013 Ἀθηναίους
1479 2989 1527 3008 και
1542 2989 1607 3012 τους
1619 2975 1766 3009 Ἀθηναίων
1780 2991 1861 3020 συμ-

1145 3022 1273 3062 μάχους.
1289 3031 1320 3052 v.
1337 3023 1477 3054 versu?-

1994 1129 1997 1133 Δ
1974 1080 1997 1123 «⁴5...
1993 1073 1996 1075 ,
