1931 3322
615 196 1103 239 ANNOTATIONES.

136 305 186 335 suxi
195 305 256 346 Beyii
268 304 386 344 γίνεται,
395 302 542 342 πεφύκασι
557 302 585 332 δέ
597 314 658 337 πως
669 304 692 332 οἱ
708 302 841 344 ἄνθρωποι

136 345 303 387 primm-'¹'
289 357 364 388 εχειν
385 347 516 385 ἀκρατῶς
533 346 598 386 πρὸς
618 348 658 377 τὰ
674 357 732 388 παρ
754 345 843 384 ἀξίαν.

138 391 197 420 hoc
212 395 258 420 est
277 389 329 430 (ut
343 399 402 428 ego
417 389 540 428 quidem
560 390 766 429 interpretor:
791 389 843 428 qui

139 434 235 468 volet,
249 431 408 462 transferat
428 431 547 472 aliter),
569 443 634 462 cum
649 438 747 462 autem
766 432 841 462 Mes-

137 476 221 512 senii,
236 481 272 505 ut
294 474 421 505 homines
432 476 569 514 expediti,
583 475 663 505 haud
684 473 844 515 difficulter

137 518 322 560 refugerent:
345 524 467 548 aestuare
478 518 699 554 Lacedaemonii,
713 525 799 559 atque
809 527 842 547 ex

134 572 167 592 eo
169 572 240 601 Jam
253 563 341 591 etiam
355 563 441 592 irasci
453 567 609 600 caeperunt.
632 560 754 591 Natura
765 562 841 590 enim

135 603 267 645 uasat,
276 610 352 635 utea
363 606 484 635 mitaime
494 609 687 634 commoneant
703 603 840 640 homines,

134 658 198 688 quae
211 647 247 677 ab
261 648 372 678 usitata
379 650 491 677 ratione
504 648 654 677 recedunt.
675 648 839 687 Indignum

136 690 258 720 seilicet.
275 691 392 720 facinus
408 690 589 729 judicabant
604 691 752 726 Lacones,
775 701 807 720 se
823 701 841 720 a

133 733 273 772 fugitivis
299 734 463 763 Messeniis
486 734 529 764 ita
553 734 672 769 vexari,
691 739 723 763 ut
745 735 840 764 Anto—

132 776 202 806 nius
214 787 232 806 a
245 777 380 806 Parthis:
405 787 482 816 quos
496 777 527 807 in
539 777 662 807 stataria
677 787 779 817 pugna
795 777 838 806 fa-

131 819 191 849 cile
206 820 421 850 confecissent.

174 863 305 892 —ibid.
322 861 453 904 οὶφοςμῆ]
477 865 597 898 occasio,
613 864 745 898 initium,
757 873 838 892 unsa.

130 907 338 946 μεταφορικῶς.
360 907 512 936 interdum
535 904 640 940 ἒνθίικη,
660 905 691 934 id
709 912 768 940 est,
783 915 841 935 sors

129 957 233 979 mensae
247 950 497 989 argentariorum.

177 1009 220 1016 —-
241 991 321 1022 ibid.
343 992 394 1022 τοῦ
416 993 511 1024 κακῶς
533 990 648 1031 φρονεῖν]
672 990 840 1029 desipiendi.

131 1033 166 1064 τὸ
178 1033 206 1064 ⁵3
221 1036 335 1075 φρονεῖν,
349 1044 458 1074 sapere.
501 1034 580 1063 Nam
596 1035 697 1074 φρονεῖν
712 1034 838 1063 verbum

132 1083 180 1109 est
192 1078 301 1108 mediae
313 1077 558 1118 significationis,
568 1078 724 1107 declarans
735 1087 839 1115 quam-

130 1131 251 1161 cunque
270 1123 383 1152 mentis
402 1125 433 1152 et
454 1121 620 1151 voluntatis
635 1120 837 1150 affectionem.

129 1164 212 1194 unde
228 1163 312 1204 μέγα
333 1165 444 1206 φρονεῖν,
465 1165 625 1204 superbire,
638 1162 760 1204 fretum
784 1173 839 1193 esse

127 1207 232 1247 aliqua
244 1217 286 1238 re.

173 1268 217 1273 —
243 1250 322 1281 ibid.
350 1250 410 1285 τοῖς
433 1249 567 1291 ἀνοήτοις]
598 1250 835 1290 incogitantibus,

130 1294 229 1324 minus
248 1295 379 1324 attentis.
422 1296 501 1325 Nam
527 1294 551 1323 οἱ
577 1293 664 1334 μωροὶ
688 1299 836 1333 perpetuo

128 1339 224 1371 κακῶς
247 1339 381 1378 φρονοῦσι.
425 1338 536 1368 Potest
559 1342 659 1367 autem
682 1336 836 1367 interdum

127 1381 222 1411 etiam
235 1381 283 1411 vir
294 1381 429 1421 prudens
442 1381 492 1410 vel
510 1391 550 1410 ex
566 1380 775 1419 incogitantia,
789 1381 836 1410 vel

128 1424 360 1463 perturbatione
389 1424 481 1454 animi
507 1424 609 1463 aliqua
635 1425 837 1463 praepeditus,

128 1469 224 1502 κακῶς
232 1468 343 1508 φρονεῖν,
358 1467 569 1507 praesertimin
580 1468 670 1497 rebus
683 1468 837 1498 secundis.

129 1511 220 1542 Unde
233 1516 344 1550 poeta:
362 1515 384 1529 “
398 1511 530 1541 Difficile
541 1516 588 1540 est
599 1510 734 1552 (inquit)
750 1521 837 1550 aequa

128 1554 290 1591 commoda
299 1560 401 1585 mente
415 1553 513 1594 pati.'’
535 1555 720 1585 Declaratur
734 1560 835 1584 autem

127 1597 193 1627 haeo
220 1598 370 1628 sententia
393 1597 423 1628 iu
452 1598 661 1638 Areopagitici
687 1598 836 1628 Isocratis

127 1641 276 1671 exordio:
301 1646 330 1672 et
347 1641 456 1672 Cicero
470 1642 570 1681 primo
581 1642 619 1671 de
629 1641 739 1671 officiis
755 1641 837 1680 sapi-

128 1688 213 1715 enter
221 1685 374 1724 praecipit‚
383 1694 532 1723 prospera
541 1686 663 1714 fortuna
671 1695 731 1724 quo
745 1690 835 1724 pacto

126 1727 168 1758 sit
191 1728 327 1759 ferenda.
371 1727 530 1759 Eusebius
551 1726 578 1757 ἔν
599 1738 641 1766 τῳ
664 1733 804 1768 συλλογῳ·
823 1727 836 1757 ὃ

128 1770 248 1812 ἄφθονος
269 1772 394 1807 πλοῦτος
421 1769 560 1812 ἐμπόδιον
583 1771 649 1810 πξος
677 1770 711 1800 τὸ
740 1773 836 1804 καλῶς

125 1815 226 1853 φρονεῖν
245 1815 388 1856 ὑωίιςχει.
411 1820 442 1845 et
459 1815 643 1853 AEschylus.
660 1826 674 1844 η
698 1813 769 1854 flagi,
786 1814 834 1854 φό-

127 1854 194 1897 ρημ’
209 1855 353 1896 ἄνθρωπος
367 1858 494 1897 εὐτυχῶν
508 1857 610 1895 ἄφρων.

171 1902 254 1930 —9.
267 1898 358 1939 διόπερ
369 1899 524 1939 πολλάκις]
542 1898 719 1928 Conclusio.
750 1899 834 1938 Ergo

129 1941 298 1973 verisimile
313 1947 372 1978 est,
390 1942 571 1981 Philippum
593 1951 652 1970 non
667 1946 728 1972 tarn
744 1942 834 1971 facile

128 1989 316 2016 retenturum
326 1995 396 2016 esse
407 1985 586 2025 potentiam,
600 1995 690 2024 quam
701 1985 836 2024 paravit:

129 2028 184 2058 sed
199 2032 251 2059 aut
264 2030 414 2068 deceptus
431 2033 490 2064 est,
507 2033 559 2057 aut
576 2028 703 2067 decepit
722 2028 836 2059 Demo-

127 2071 263 2102 sthenes.
307 2073 371 2103 Aut
385 2072 464 2103 enim
481 2076 654 2101 manserunt
670 2071 701 2101 hi
717 2082 834 2108 omnes,

125 2118 178 2144 ant
195 2115 224 2144 vi
240 2120 324 2146 certe
343 2115 457 2145 retenti
478 2119 548 2145 sunt
563 2115 592 2144 in
609 2114 680 2150 fide,
695 2120 786 2155 atque
803 2116 833 2146 in

121 2156 233 2188 officio.

167 2200 301 2231 —ibid.
323 2200 416 2241 &nime
439 2200 596 2241 πολλάκις]
645 2201 706 2231 His
731 2202 832 2232 verbis

123 2242 235 2280 innuit,
244 2243 423 2284 Philippum
439 2245 542 2274 socios
555 2244 735 2274 amissurum
753 2256 833 2275 esse.

123 2285 159 2317 τὸ
158 2286 298 2339 ..φυλάξαι
306 2299 357 2318 του
341 2287 550 2324 κτήσασθαι,
560 2298 617 2327 pro
628 2287 661 2317 τό
673 2289 834 2327 φυλάττειν

123 2331 174 2361 τοῦ
189 2330 336 2361 κτᾶσθαι.
355 2330 477 2372 ἀόριστοι
491 2330 589 2361 loco’
580 2332 750 2361 ενεσ-τώτων.
795 2333 830 2362 In

123 2374 260 2405 oratione
279 2373 348 2414 ωεςὶ
367 2376 543 2415 συμμοριῶν·
561 2373 606 2404 τὸν
621 2375 717 2413 ἀγῶνα.
736 2374 783 2405 τὸν
799 2374 832 2405 ἐκ

122 2417 174 2447 τοῦ
189 2416 320 2457 πολέμου
333 2416 420 2459 ῥᾴδιον
440 2417 472 2447 ἂν
488 2417 659 2456 συμβάντα,
678 2429 735 2458 pro
752 2431 831 2458 συμ-

123 2457 273 2500 ςησόμενον
296 2460 397 2500 ponit,
420 2466 455 2491 ut
477 2461 555 2490 infra
579 2460 750 2501 ζημιωθῆναι
775 2473 831 2502 pro

122 2502 372 2544 ζημιωθήσεσθοιι.

163 2564 209 2571 --
224 2550 276 2577 10.
298 2546 342 2577 δεῖ
356 2544 442 2576 τοίνυν
460 2545 553 2586 ὑμᾶς]
577 2547 661 2577 Loco
677 2547 832 2578 facultatis

124 2590 281 2627 absoluto,
301 2589 332 2620 in
355 2600 416 2629 quo
439 2594 471 2620 et
495 2589 732 2621 Atheniensibus
758 2592 830 2621 belli

123 2644 235 2664 nervos
252 2632 414 2673 pecuniam
430 2643 489 2662 non
505 2633 629 2669 deesse,
645 2639 676 2664 et
692 2634 831 2675 Philippi

121 2687 173 2708 res
187 2687 248 2707 non
264 2677 295 2707 in
312 2676 429 2716 optimo
445 2686 513 2706 esse
525 2676 606 2712 loco,
616 2678 746 2716 probare
757 2689 829 2708 con-

121 2719 221 2751 tendit
233 2730 240 2750 :
256 2720 293 2750 ad
303 2719 547 2750 exhortationem
560 2721 691 2756 accedit,
704 2721 736 2750 id
748 2722 830 2760 quod

123 2763 236 2794 usitate
250 2763 294 2793 fit.
317 2763 359 2793 Ut
373 2763 454 2793 enim
470 2763 499 2792 in
515 2763 708 2800 aedificando,
723 2765 830 2794 funda-

123 2811 225 2837 menta
238 2806 371 2845 primum
385 2806 550 2845 jaciuntur,
566 2816 601 2836 ac
620 2811 683 2836 tum
707 2807 829 2837 demum

93 2880 98 2884 .
121 2849 268 2891 parietes,
281 2855 395 2880 tectum
411 2854 443 2879 et
457 2854 581 2880 ornatus
596 2850 748 2880 adduntur
762 2861 768 2880 z
786 2851 832 2880 sic

124 2892 216 2923 etiam
231 2892 262 2922 in
275 2893 428 2923 suadendo
437 2893 569 2932 primum
579 2893 717 2923 docenda
727 2905 789 2930 τες,
800 2899 832 2924 et.

124 2934 328 2966 confirmanda
346 2940 405 2973 est,
426 2941 498 2978 post
522 2937 560 2966 ad
584 2936 830 2967 exhortationem

123 2978 317 3010 veniendum.

167 3037 212 3045 -·
232 3030 305 3061 pen.
327 3022 377 3053 τῆν
406 3020 558 3066 einander,-
568 3023 618 3054 τῆν
643 3021 756 3064 ἐκείνου]

1507 202 1590 243 339

880 302 1031 332 Φιλίππου.
1072 303 1149 339 Quae
1177 309 1277 335 autem
1302 310 1349 335 est
1376 306 1430 335 illa
1455 304 1587 346 ἆκαιρίαὲ

878 345 999 375 Bellum
1025 345 1253 385 Olynthiorum‚
1278 349 1490 379 Thessalorum
1515 360 1586 388 per-

877 388 959 423 fidia,
978 389 1104 418 Barbari
1119 390 1378 421 studentesnovis
1394 393 1498 428 rebus,
1509 403 1585 431 quo-

875 441 942 460 rum
954 431 1042 461 fidem
1055 432 1201 462 lubricam
1212 434 1301 463 etiam
1314 435 1505 465 Alexander
1498 436 1585 465 initio

875 474 962 513 regni
989 481 1037 505 est
1057 481 1216 514 expertus.
1263 477 1340 506 Vide
1362 478 1522 508 Arrianum
1546 478 1585 508 li-

875 518 930 547 bro
948 521 977 547 1.

918 578 960 583 —
972 560 1049 590 ibid.
1064 559 1154 601 καιρέν
1170 559 1302 600 ὑμέτερον
1317 560 1505 604 νομίσαντας]
1533 563 1584 593 Sic

876 603 1008 633 Plancus
1025 605 1063 633 ad
1085 594 1285 634 Ciceronem.
1310 610 1329 622 ‘¹
1348 605 1469 635 interim
1487 607 1583 635 maxi-

875 657 952 676 mam
963 647 1013 676 hic
1023 647 1249 677 solicitudinem
1258 658 1421 686 curamque
1430 649 1582 678 sustineo:

876 701 924 725 ne,
941 690 1019 720 iuter
1043 691 1141 721 aliena
1163 691 1248 725 vitia,
1266 692 1310 721 hae
1336 698 1444 730 gentes
1465 692 1585 732 <Gallia

874 733 998 762 citerior
1014 741 1043 763 et
1058 734 1200 775 ulterior)
1217 740 1321 764 nostra
1333 735 1412 766 mala
1425 746 1509 765 suam
1526 745 1582 774 pu-

874 780 941 806 tent
957 777 1169 808 occasionem?

918 837 960 842 ——
981 821 1035 850 ult.
1059 820 1256 863 συνάξω-θαι]
1290 822 1407 851 Iterum
1432 821 1583 851 distribu—

875 862 956 892 tione
973 864 1078 893 utitur.

917 923 959 927 -—
980 906 1054 935 ibid.
1072 907 1268 947 συνάρασθαι]
1294 908 1322 937 Α
1337 907 1512 948 συναίξομοιι,
1527 907 1582 936 ‹ul-

863 949 950 986 juto.
994 950 1161 988 Proposito
1177 952 1227 980 σὺν
1241 951 1305 981 fere
1321 957 1472 990 perpetuo
1490 950 1583 980 etiam

874 991 902 1020 in
912 992 1132 1030 compositione
1143 994 1277 1023 dativum
1287 996 1434 1033 postulat,
1443 994 1492 1024 cui
1502 1004 1583 1033 saepe

875 1035 995 1064 accedit
1025 1035 1235 1065 accusativus:
1267 1043 1299 1066 ut
1325 1037 1514 1076 συμβουλεύω
1538 1037 1582 1066 σ-οὶ

873 1078 913 1106 τοὶ
930 1076 1036 1107 δέοντα.
1060 1079 1167 1108 Potest
1181 1078 1275 1119 igitur
1285 1080 1334 1109 hio
1350 1081 1442 1110 etiam
1458 1081 1583 1110 dativus

873 1119 916 1159 τῷ
925 1120 1022 1160 καιρῷ,
1035 1122 1083 1150 vel
1099 1121 1136 1162 τῇ
1146 1121 1280 1163 τύχη(υῒ
1292 1123 1443 1161 Ulpianus
1453 1123 1580 1163 monet),

874 1163 996 1198 vele-oig-
1011 1155 1178 1200 ⁷07wv8ioic,
1192 1166 1395 1203 subintelligi.

917 1207 954 1236 P.
978 1209 1029 1238 ⁹26.
1054 1213 1082 1238 1.
1099 1208 1359 1251 πρεσβευομένους]
1384 1209 1427 1249 τῷ
1445 1207 1581 1250 πρεεὲεύ-

872 1248 962 1280 &7921

913 1311 957 1316 ——
972 1294 1046 1324 ibid.
1068 1294 1114 1335 ἐ’φ
1129 1294 1163 1335 ἃ]
1186 1295 1312 1326 Scilicet
1332 1294 1435 1337 χωρία,
1452 1306 1519 1336 pro,
1536 1294 1581 1336 ἐφ’

872 1336 914 1371 οὓς
924 1339 979 1368 τῶν
989 1335 1124 1369 Ελλήνων
1138 1339 1188 1369 δεῖ.

913 1398 956 1403 --
973 1384 1001 1412 Q.
1018 1382 1066 1411 καὶ
1082 1382 1298 1422 ποιξοξύνοντοις]
1314 1382 1356 1421 τῷ
1368 1381 1533 1421 παροξυνειν.

914 1441 956 1447 ——-
968 1425 1042 1455 ibid.
1058 1424 1265 1466 λογιζομένους]
1282 1426 1331 1455 καῖ
1348 1424 1528 1466 λογίζεσθαι.

915 1485 957 1490 —-
972 1468 1050 1499 ibid.
1074 1468 1281 1510 λογιζομένους]
1306 1470 1353 1499 Ab
1369 1469 1514 1506 exemplo
1528 1469 1580 1498 ho-

871 1510 926 1540 stis
945 1511 1094 1552 Philippi,
1109 1523 1169 1552 quo
1188 1518 1217 1542 et
1236 1517 1383 1542 terrorem
1400 1512 1445 1542 eis
1461 1512 1583 1547 incutit,

871 1559 902 1584 et
919 1555 1022 1584 odium
1038 1557 1069 1586 in
1087 1567 1153 1586 euni
1170 1561 1260 1595 atque
1278 1556 1517 1596 indignationem
1534 1556 1582 1585 in-

872 1598 1011 1628 flammat.

913 1659 957 1663 —
971 1644 1000 1672 4·-
1019 1642 1057 1684 τῇ
1070 1641 1166 1683 χώρᾳ]
1185 1641 1222 1683 τῇ
1237 1641 1372 1683 'Aru-tufi,
1390 1642 1427 1683 τῇ
1444 1640 1580 1681 ὑμετέρᾳ,

870 1685 894 1714 si
925 1690 1014 1716 vester
1049 1696 1123 1725 ager
1155 1686 1226 1715 bello
1263 1686 1467 1727 infestaretur.
1524 1686 1583 1714 Est.

870 1728 1037 1757 declaratio
1068 1730 1135 1768 ejus
1167 1729 1250 1767 quod
1285 1729 1455 1768 praecessit.
1502 1728 1581 1765 Quae

870 1771 1004 1809 optatior
1013 1771 1161 1811 Philippo
1174 1772 1240 1801 dari
1251 1777 1358 1801 contra
1377 1771 1581 1802 Athenienses

869 1815 971 1854 possit
987 1815 1109 1844 occasio
1124 1816 1133 1845 ?
1158 1815 1204 1850 Si,
1221 1820 1254 1845 ut
1266 1815 1319 1845 ille
1332 1826 1411 1845 nunc
1427 1815 1457 1844 in
1475 1816 1582 1844 Mace-

869 1857 968 1886 doniae
999 1858 1098 1888 vicina
1124 1858 1255 1887 Thracia
1283 1859 1469 1897 Olynthiaco
1496 1858 1579 1887 bello

870 1900 1050 1930 vexabitur:
1077 1901 1122 1931 sic
1143 1901 1174 1930 in
1198 1901 1308 1931 Atticae
1325 1902 1435 1931 finibus
1459 1901 1581 1930 hostilis

870 1947 947 1972 esset
965 1944 1134 1973 exercitus.

912 2003 955 2009 -—-
970 1986 1044 2016 ibid.
1069 1985 1264 2027 λογιζομένους
1279 2006 1322 2010 --
1337 1989 1397 2022 πῶς
1421 1987 1453 2016 ἂν
1469 1986 1578 2027 οἴεσθε]

869 2028 950 2059 Haec
978 2031 1057 2060 male
1087 2031 1249 2060 cohaerent.
1295 2031 1466 2060 Dicendum
1500 2030 1581 2060 enim

869 2073 988 2109 fuisset,
998 2073 1191 2114 λογιζομένους
1200 2075 1260 2108 πῶς
1272 2073 1303 2103 ἂν
1313 2074 1435 2113 ἑτοίμως
1445 2071 1490 2112 ἐφ’
1500 2075 1580 2113 ἡμᾶς

868 2114 959 2146 ἔλθοι.
973 2118 1025 2146 sed
1046 2117 1266 2148 Demosthenes
1278 2115 1360 2147 αὐτὸν
1375 2115 1464 2147 οἴεσθε
1478 2127 1517 2146 ex
1535 2117 1580 2146 af-

868 2160 949 2189 fectu
971 2159 1166 2199 interposuit.
1211 2160 1352 2190 Affectus
1373 2166 1475 2190 autern
1496 2160 1581 2199 leges

868 2204 1073 2241 grammaticae
1094 2215 1152 2234 non
1172 2203 1272 2234 minus
1294 2204 1467 2244 negligunt,
1488 2214 1578 2243 qnam

866 2246 988 2285 reipub.

909 2308 952 2312 -
979 2291 1010 2320 5.
1040 2289 1122 2331 εἶτα]
1158 2298 1266 2328 postea,
1296 2290 1414 2325 deinde,
1451 2290 1578 2320 demum.

868 2343 951 2372 saepe
966 2339 993 2363 et
1010 2339 1043 2363 ut.
1060 2333 1160 2372 virgil
1171 2344 1179 2352 ·
1198 2337 1217 2351 “
1233 2334 1273 2363 Et
1286 2334 1462 2363 dubitamus
1477 2334 1578 2362 adhuc

866 2377 954 2406 factis
973 2376 1131 2415 acquirere
1155 2377 1284 2406 famam?
1307 2375 1364 2406 εἶτ’
1386 2375 1514 2415 ὃκνοῧμεν
1532 2375 1577 2406 ἔτι

866 2420 911 2450 διὰ
925 2422 1018 2449 καλῶν
1026 2419 1107 2461 ἔργων
1121 2419 1199 2458 δόξαν
1210 2419 1404 2457 urucae-San

909 2481 951 2486 -—-
964 2463 1042 2493 ibid.
1054 2463 1073 2492 ἃ
1085 2462 1211 2493 πάθοιτε
1227 2463 1342 2503 ταῦτα]
1359 2463 1480 2493 Usitate
1494 2464 1577 2502 apud

867 2507 1005 2541 Graeeos,
1021 2517 1077 2536 nec
1097 2507 1178 2545 apud
1195 2506 1374 2537 Ciceronem
1393 2517 1474 2542 raro,
1490 2507 1578 2545 prius

866 2549 1028 2579 relativum
1046 2550 1245 2581 antecedente
1261 2551 1395 2589 ponitur,
1410 2550 1485 2580 utin
1502 2551 1578 2590 Epi-

867 2592 944 2622 stola
958 2593 994 2621 ad
1013 2592 1195 2622 Curionem:
1213 2598 1234 2611 ¹‘
1251 2593 1524 2633 Exspectationem
1542 2598 1576 2623 tu

866 2646 925 2665 una
941 2646 973 2665 re
990 2636 1137 2666 facillime
1156 2636 1271 2672 vinces,
1292 2637 1318 2667 si
1344 2638 1402 2667 hoc
1418 2638 1576 2672 statueris,

865 2689 992 2718 quarum
1005 2679 1128 2709 laudum
1146 2679 1271 2719 gloriam
1288 2680 1448 2716 adamaris,
1464 2680 1576 2719 quibus

864 2723 979 2752 artibus
996 2733 1039 2752 ere
1052 2722 1159 2753 laudes
1175 2723 1441 2763 comparantur‚in
1459 2723 1495 2752 iis
1508 2733 1576 2752 esse

864 2765 1112 2796 elaborandum.'’
1156 2767 1312 2797 Naturalis
1324 2767 1403 2796 enim
1418 2766 1492 2795 ordo
1506 2765 1575 2795 talis

864 2814 966 2838 esset:
992 2810 1026 2839 ln
1048 2809 1087 2839 iis
1112 2810 1229 2840 artibus
1253 2820 1321 2840 esse
1345 2808 1574 2843 elaborandum,

865 2852 976 2891 quibus
992 2863 1036 2883 eae
1052 2853 1160 2883 laudes
1184 2858 1340 2892 parantur,
1361 2861 1486 2891 quarum
1509 2851 1574 2890 glo-

864 2896 938 2925 riam
955 2895 1115 2925 adamaris.

907 2955 950 2961 ——
962 2941 992 2969 6.
1002 2939 1186 2979 τολμήσετε]
1205 2937 1286 2976 Quia
1296 2937 1456 2976 praecessit
1467 2936 1575 2977 αἶσχό-

864 2981 979 3019 νισθαι,
1004 2979 1348 3021 utrumquejndicativi
1374 2980 1467 3010 modi.
1513 2981 1574 3010 Sed

782 3025 832 3055 τοῦ
866 3025 937 3064 quia
959 3025 1089 3063 νηίθοιτιἱ
1108 3034 1201 3064 supra
1225 3023 1374 3063 scriptum
1396 3030 1442 3054 est
1479 3023 1561 3064 possi
