1931 3323
340 201 423 241 370

341 305 466 336 Tusculi
497 311 598 345 natus,
623 309 653 338 in
677 310 784 350 populi
808 311 868 340 Ro.
892 310 1049 340 civitatem

341 355 504 390 susceptus
521 355 578 381 est.
622 353 730 392 Itaque
745 364 836 392 quum
851 359 919 383 ortu
932 355 1050 384 Tuscu-

341 392 429 422 lanus
453 399 548 430 esset,
566 394 611 434 [p.
626 398 678 427 36.
694 397 742 426 ed.
760 396 816 437 D.]
840 397 964 427 civitate
988 399 1048 427 Ro-

343 446 461 472 manuS,
487 438 590 467 habuit
613 440 737 469 alteram
759 441 817 470 loci
842 440 982 479 patriam,
1007 441 1050 469 al-

342 483 440 508 teram
457 479 604 511 civitatis.
608 481 625 495 '³
668 482 751 512 Hinc
772 483 939 522 Euripides
964 484 1050 517 lone,

344 521 453 563 [294]
472 522 563 556 Εὔβοι’
575 524 739 560 Ἀθηναις
730 526 796 555 εστί
814 537 860 559 τις
874 524 972 564 γείτων
995 525 1050 557 πό-

342 570 398 599 λις.
421 565 540 602 πολίτης
528 575 597 598 est
608 566 770 610 ἐπιχώριος,
785 574 816 598 ut
830 570 950 605 Strabo,
962 580 1050 609 quem

345 613 569 640 conterraneum
593 612 734 641 dicimus.
781 613 889 648 Lucas,
915 613 1051 652 [Evang.

345 651 423 681 XV.
441 654 508 694 15.]
525 653 660 694 πορευθεὶς
681 653 850 685 ἐκολληὲη
842 655 877 684 evi
894 657 948 685 τῶν
962 662 1050 686 πολι-

344 706 400 725 των
414 696 465 730 τῆς
486 697 546 738 χώξ
549 709 582 731 ας
597 697 704 732 ἐκείνης.
747 698 815 727 Non
832 698 907 727 dicit
928 711 978 732 της
993 698 1053 729 ωὖ-

343 743 422 771 λεως
445 740 525 780 χώρει
541 741 685 779 producit
707 738 813 781 χωρίον,
830 742 910 779 quod
928 746 958 770 et
973 743 1053 780 oppi-

344 779 417 811 dum
434 788 481 812 est
496 787 526 812 et
540 794 600 813 rus.
635 784 661 814 A
677 793 736 822 quo
752 783 875 825 χωρίτης
890 785 972 823 apud
987 785 1054 814 Xe-

342 825 539 878 nophontem,
564 826 667 866 [Hell.
688 827 750 856 111.
773 830 804 857 ⁰2.
823 826 891 867 22]
915 829 1055 864 rusticus,

344 870 477 908 agrestis.
500 868 557 898 ἀπὸ
572 870 622 899 τοῦ
636 868 733 910 χωξίον
747 872 827 900 κατὰ
840 869 998 909 μετάθεσιν
1008 872 1054 902 καὶ

344 909 485 941 ἐπένθεο-ιν
499 923 549 941 του
573 923 602 946 τ,
624 919 760 952 country,
781 919 987 954 countryman.
1010 914 1055 945 sic

343 955 488 984 rusticum
501 959 531 984 et
543 956 630 986 civem
642 956 784 987 dicimus.
806 956 929 998 χωςίτην
944 958 992 988 καὶ
1005 969 1056 989 πο-

344 995 433 1026 λίτην.
480 997 546 1027 Cic.
561 999 600 1028 ad
616 999 764 1038 Atticum,
781 1000 852 1041 [lib.
865 1001 910 1031 ΙΙ.
921 1011 971 1040 ep.
986 1001 1007 1031 i.
1024 1013 1056 1041 p.

346 1041 420 1069 107.
438 1040 488 1070 ed.
508 1042 627 1084 Graev.]
653 1047 674 1060 “
686 1044 766 1083 quod
791 1044 820 1073 in
846 1044 890 1074 eis
911 1044 1057 1074 orationi-

344 1082 413 1118 bus,
438 1094 505 1133 quae
531 1085 718 1125 Philippicae
742 1087 942 1123 nominantur,
959 1088 1056 1118 enitu-

345 1130 411 1155 erat
426 1127 506 1157 civis
525 1128 578 1158 ille
595 1134 666 1159 tuus
682 1130 927 1161 Demosthene&³
920 1130 938 1143 '’
982 1132 1057 1162 Erat

345 1168 425 1199 enim
452 1170 573 1201 Atticus
594 1172 825 1203 Atheniensium
852 1174 979 1204 civitate
1001 1175 1055 1204 do-

343 1216 445 1249 natus,
463 1217 493 1243 et
507 1213 578 1244 inde
601 1226 770 1255 cognomen
796 1218 851 1247 hoc
869 1218 1053 1256 deportavit

343 1254 527 1286 Proximum
552 1258 582 1287 in
614 1259 683 1300 lege
711 1261 813 1290 Graeci
842 1269 1053 1298 nonnunquam

343 1304 468 1329 vertunt
484 1298 611 1332 πολίτην.

387 1360 430 1364 --
448 1345 498 1373 13.
521 1342 590 1382 ἕξειν
605 1344 653 1374 καὶ
668 1344 758 1381 λέγειν
772 1345 820 1374 καὶ
835 1343 1053 1386 συμβουλεύειν]

341 1384 404 1414 His
414 1386 514 1415 verbis
526 1387 618 1427 erigit
630 1388 803 1417 auditorum
816 1387 945 1422 animos,
958 1394 988 1417 et
999 1398 1054 1427 spe

342 1429 469 1458 meliore
486 1431 666 1469 permulcet.
711 1432 790 1460 Nam
814 1430 866 1460 illa
881 1441 992 1469 anceps
1009 1435 1054 1460 at-

344 1481 403 1510 que
417 1472 553 1503 difficilis¹
570 1473 692 1502 consilii
707 1473 849 1512 capiendi
865 1474 954 1508 ratio,
966 1484 1054 1513 quam

343 1516 520 1553 proposuit,
536 1517 668 1554 abjicere
685 1521 716 1546 et
731 1516 892 1546 debilitare
909 1517 1022 1555 potuit.

387 1575 430 1580 —-
447 1560 496 1589 15.
519 1562 558 1589 τὰ
581 1559 733 1599 προειμένοι
757 1558 935 1600 σωθήσεται]
952 1561 1055 1591 amissa

342 1608 564 1640 recuperentur.
611 1604 700 1633 Dem.
718 1603 772 1643 [de
792 1604 937 1633 ementita
958 1604 1054 1642 Lega-

341 1643 422 1673 tione
428 1655 475 1683 ,p.
486 1647 560 1677 343.
571 1645 619 1675 ed.
633 1646 915 1687 Κθί5ῐς.]πολλάκις
925 1645 1055 1687 συμβαί-

341 1696 376 1715 νει
402 1691 513 1718 πολλῶν
528 1689 717 1740 ωριγμᾴτων
739 1689 786 1718 καὶ
811 1691 947 1729 μεγάλων
967 1689 1056 1730 καιςόν

341 1727 367 1757 ἒν
383 1728 468 1769 ὄλίγῳ
491 1731 576 1772 χρόνῳ
597 1729 759 1769 γίγνεσθαι,
781 1730 806 1760 ἓν
822 1732 868 1762 ἐάν
882 1745 924 1766 τις
944 1732 1056 1775 καθυφν

344 1773 393 1800 τοῖ’
392 1784 404 1805 ς
419 1771 544 1808 ἐναντίοις
559 1786 606 1804 και
629 1775 730 1814 πξοδᾷἷ,
751 1774 806 1804 οὐδ
820 1775 852 1805 ἂν
867 1775 953 1805 &victv
968 1777 1054 1818 πνοιῇ,

341 1815 429 1846 πάλιν
441 1814 490 1852 οἰός
502 1817 531 1846 τ’
541 1816 627 1849 ἔσται
642 1821 745 1848 σῶσαι.
773 1818 954 1849 Occasionem
968 1819 1053 1860 (quae

346 1859 436 1888 velox
456 1864 514 1896 est,
539 1866 584 1892 ut
596 1861 695 1899 inquit
718 1861 927 1911 Hippocrates
954 1861 1053 1902 [Prae-

345 1901 956 1946 dict.11.29,117.Aph.1.1.])siq1iis
974 1907 1053 1936 obla-

343 1950 402 1974 tam
419 1946 563 1977 dimiserzt
588 1946 713 1977 hostibus
736 1953 761 1978 et
784 1949 959 1987 prodiderit,
974 1959 1010 1979 ne
1031 1951 1055 1979 si

342 1989 458 2026 quidvis
472 1990 590 2030 quidem
603 1990 690 2032 fecer
693 1992 727 2027 it,
742 2002 846 2021 rursus
859 1993 967 2031 poterit
980 1993 1054 2022 reci-

336 2040 454 2069 perure.
500 2034 586 2063 Idem
607 2034 659 2063 ille
682 2034 869 2065 medicorum
886 2035 1053 2075 Princeps.

340 2073 436 2116 χρόνος
458 2074 550 2112 ἐστὶν,
573 2075 599 2106 ἐν
619 2089 639 2116 ῳ
661 2077 762 2117 καιρός.
784 2078 832 2107 κοιι
856 2090 903 2108 κα
896 2091 958 2118 ρος,
981 2077 1006 2108 ἓν
1031 2076 1055 2118 ᾧ

340 2117 433 2158 χρόνος
456 2118 484 2148 οὐ
509 2119 605 2153 πολύς.
628 2120 726 2154 ἄκεσις
746 2121 844 2161 χρόνῳ,
859 2121 925 2151 ἔστι
941 2120 964 2150 δ
980 2119 1055 2152 {avim

341 2171 389 2189 και
405 2161 506 2201 καιρῷ.
530 2163 678 2200 Quaedam
698 2163 779 2194 enim
795 2165 968 2194 curationes
985 2165 1055 2194 diu-

341 2207 439 2234 turnae
457 2210 546 2236 sunt:
572 2216 784 2246 nonnunquam
804 2208 984 2238 medicinam
1001 2209 1055 2237 ad-

337 2247 429 2284 juvat
449 2248 516 2287 ipsa
539 2250 754 2288 opportunitas
769 2254 800 2279 et
815 2250 947 2281 occasio.
993 2252 1054 2282 Sed

342 2290 401 2320 hoc
417 2292 605 2331 frequentius
624 2293 730 2322 dieunt
749 2292 902 2333 ἀνασώζειν
915 2293 964 2322 και
987 2296 1053 2324 ἀνοι-

340 2334 487 2364 macerat.
505 2335 550 2376 [p.
567 2337 619 2366 37.
635 2336 684 2366 ed.
699 2335 814 2376 D..]M
828 2337 963 2373 Tullius,
981 2338 1054 2378 [pro

343 2377 470 2413 Milone,
480 2389 506 2408 c.
520 2380 572 2409 37.
575 2380 589 2420 ]
605 2382 626 2396 “
638 2390 686 2409 me
699 2390 758 2409 non
772 2380 912 2419 potuisse
925 2380 1053 2411 Milonis

341 2400 470 2450 salutem’
487 2422 566 2451 tueri
591 2433 646 2461 per
661 2423 797 2458 eosdem,
817 2434 874 2462 per
897 2433 974 2462 quos
999 2435 1054 2454 no-

343 2466 436 2492 stram
452 2464 504 2494 ille
520 2471 674 2495 servasset
684 2465 717 2495 ?'’
738 2470 770 2495 at
785 2466 816 2496 in
834 2466 961 2496 exilium
984 2468 1054 2507 pul-

343 2515 396 2535 sus
418 2511 478 2542 est,
494 2512 524 2536 et
539 2519 595 2547 per
610 2509 758 2539 Milonem
775 2509 854 2539 inter
869 2513 988 2540 ceteros
1005 2521 1053 2540 re-

341 2548 479 2579 stitutus.
525 2551 623 2586 Idem,
650 2551 722 2592 [pro
749 2553 874 2583 Rabirio
892 2553 1053 2589 Postumo,

341 2601 371 2620 c.
383 2591 451 2631 10]
469 2594 576 2623 “Nam
592 2598 624 2624 ut
636 2600 759 2626 ventum
774 2601 821 2626 est
832 2596 1053 2627 Alexandriam

341 2634 378 2663 ad
395 2635 551 2671 Auletem,
573 2638 637 2666 haec
662 2649 720 2668 una
743 2639 823 2669 ratio
839 2651 855 2669 a
873 2640 957 2678 Rege
982 2651 1053 2679 pro-

340 2678 442 2716 posita
458 2679 603 2709 Postumo
619 2684 667 2710 est
683 2683 843 2712 servandae
858 2683 1011 2722 pecuniae,
1027 2683 1052 2712 si

340 2721 527 2751 curationem
552 2727 583 2751 et
607 2724 693 2761 quusi
716 2724 978 2763 dispensationem
1005 2737 1053 2756 re—

342 2763 422 2803 giam
445 2765 647 2804 suscepisset.
652 2766 670 2779 ’‘
714 2768 865 2798 Grandem
893 2769 1052 2808 pecuniam

338 2808 404 2848 regi
427 2807 603 2838 crediderat
617 2809 795 2840 Postumus.
839 2811 925 2842 Hinc
945 2824 1052 2852 own-ng,

340 2850 507 2887 Dominus,
523 2851 575 2890 qui
592 2853 727 2882 servavit
748 2864 815 2889 nos,
838 2864 907 2883 cum
932 2865 1052 2885 eramus

340 2893 465 2932 perditi.
510 2894 619 2934 Itaque
636 2896 725 2935 hujus
742 2896 803 2926 vim
821 2897 963 2926 vocabuli
981 2909 1050 2928 con-

339 2941 390 2966 tra
400 2937 529 2967 Verrem
551 2938 613 2978 [Π.
630 2939 697 2979 63.]
723 2944 814 2979 negat
827 2940 933 2969 Latine
960 2951 1050 2979 posse

338 2979 472 3019 exprimi
503 2980 623 3011 Cicero.
677 2981 759 3021 Virg.
792 2982 910 3022 Ecloga
941 2985 970 3013 9.
1003 2984 1049 3025 [ν.

676 200 931 244 DOUNAEI
967 201 1443 245 PRAELECTIONES

1082 314 1102 327 ‘¹
1128 310 1219 340 Certe
1236 311 1375 350 equidem
1401 311 1568 347 audieram,
1584 320 1644 350 qua
1661 319 1695 340 se
1720 310 1794 341 sub-

1209 354 1321 383 ducere
1337 354 1432 385 colles

1127 396 1294 435 incipiunt,
1322 397 1468 437 mollique
1493 397 1602 436 jugum
1629 395 1793 426 demittere

1211 439 1303 475 clivo,
1526 477 1528 480 ‚

1125 482 1231 521 Usque
1247 484 1284 512 ad
1302 493 1410 521 aquam
1426 488 1457 513 et
1475 482 1591 512 veteris
1611 483 1675 521 jam
1696 481 1795 511 fracta

1211 526 1368 556 cacumina
1382 526 1456 564 fagi,

1127 568 1240 598 Omnia
1268 569 1455 599 carminibus
1484 572 1621 599 vestrum
1652 575 1796 597 servasse

1213 612 1417 643 Menalcam.''

1085 696 1116 726 id
1134 701 1193 734 est,
1209 708 1403 737 recuperasse,
1417 696 1517 737 inquit
1531 696 1670 727 Servius.
1715 697 1796 727 Nam

1087 750 1193 770 omnes
1207 743 1420 780 possessiones
1437 751 1507 772 suas
1528 740 1609 770 bello
1624 739 1711 770 civili
1726 738 1798 769 Vir-

1088 783 1180 822 gilius
1202 785 1357 822 amiserat,
1373 785 1427 824 qui
1446 783 1596 815 Menalcae
1611 783 1731 813 nomine
1748 786 1798 812 est

1087 826 1306 866 intelligendus
1319 832 1399 858 teste
1411 828 1516 858 Fabio.
1530 827 1598 867 [lib.
1609 827 1704 856 VIII.
1717 827 1798 856 Inst.

1090 870 1145 899 Or.
1162 880 1189 900 c.
1189 851 1236 902 6.
1251 871 1277 920 ᾗ.
1291 872 1360 912 46.]
1406 871 1458 900 Sic
1475 870 1554 899 enim
1577 869 1630 899 ille
1647 879 1740 909 agens
1756 869 1796 898 de

1088 913 1236 951 allegoria
1251 914 1316 944 sive
1329 913 1547 944 translatione:
1564 915 1585 929 “
1599 912 1639 942 Ut
1651 911 1798 953 (inquit),

1088 955 1119 985 in
1138 956 1303 993 Bucolicis,
1321 958 1412 987 Certe
1429 956 1570 995 equidem
1586 955 1754 990 audieram,
1767 959 1799 983 et

1090 1010 1157 1038 quae
1172 1005 1340 1039 sequnntur
1350 1009 1446 1038 usque
1463 998 1500 1028 ad
1514 998 1602 1026 finem
1616 997 1716 1036 quarti
1728 1008 1799 1028 ver-

1090 1052 1154 1073 sus.
1200 1044 1270 1073 Hoc
1287 1043 1366 1073 enirn
1386 1043 1455 1071 loco
1471 1044 1585 1080 praeter
1607 1050 1727 1077 nomen,
1746 1051 1799 1071 ce-

1089 1089 1155 1115 tera
1168 1087 1302 1127 propriis
1318 1085 1421 1116 decisa
1442 1088 1511 1114 sunt
1526 1083 1640 1113 verbis.
1684 1084 1799 1114 Verum

1089 1139 1148 1158 non
1174 1133 1281 1168 pastor
1303 1128 1475 1164 Menalcas,
1499 1126 1555 1156 sed
1576 1126 1727 1166 Virgilius
1751 1130 1800 1157 est

1088 1172 1319 1209 intelligendus.
1321 1169 1339 1182 '’
1383 1171 1464 1200 Haec
1479 1169 1605 1200 Fabius.

1131 1231 1173 1235 —
1188 1213 1265 1244 ibid.
1288 1212 1454 1254 πξοειμενα]
1478 1213 1608 1254 neglecta
1622 1218 1650 1243 et
1667 1214 1799 1253 prodita.

1089 1257 1137 1285 De
1153 1256 1255 1295 priore
1271 1256 1450 1296 acceptione
1470 1258 1533 1295 Jam
1556 1255 1703 1286 diximus:
1749 1258 1799 1287 De

1087 1299 1263 1338 proditione
1293 1311 1385 1330 unum
1416 1303 1468 1329 aut
1493 1300 1621 1328 alterum
1650 1300 1798 1330 addamus

1088 1343 1277 1382 exemplum.
1323 1344 1414 1373 Dem.
1433 1342 1562 1382 [Philip.
1576 1343 1623 1372 11.
1636 1352 1666 1382 p.
1685 1345 1736 1373 68.
1749 1344 1800 1373 ed.

1089 1385 1213 1425 Reisk]
1231 1384 1359 1426 κὲκςισθε
1381 1388 1434 1426 γὰρ
1459 1385 1491 1415 ἐκ
1514 1385 1620 1415 τούτων
1641 1387 1696 1415 τῶν
1716 1385 1801 1426 ἔργων

1087 1427 1165 1466 μόνοι
1180 1431 1234 1458 τῶν
1249 1430 1374 1465 πάντων,
1390 1427 1488 1463 οὐδενὸς
1502 1427 1534 1458 ἃν
1547 1427 1655 1468 κέρδους
1669 1430 1709 1458 τὰ
1725 1431 1800 1459 κοινὰ

1089 1469 1181 1501 δίκαια
1206 1474 1261 1502 τῶν
1275 1472 1410 1503 Ἑλλήνων
1433 1470 1586 1513 προέσθαι.
1631 1472 1802 1508 Isocrates,

1089 1513 1313 1555 [Panegyrico,
1329 1527 1356 1545 c.
1370 1518 1423 1546 43.
1440 1516 1489 1545 ed.
1505 1515 1604 1556 Mor.]
1629 1513 1722 1546 ἐκεῖνοι
1743 1517 1798 1556 γὰρ

1088 1558 1292 1599 ὑστερήσαντες
1306 1561 1360 1588 τῶν
1375 1558 1531 1600 Βαξβάρων,
1549 1557 1596 1598 [p.
1612 1561 1665 1590 38.
1678 1559 1728 1588 ed.
1742 1559 1800 1600 D.]

1088 1601 1134 1630 καὶ
1150 1600 1296 1641 προέμενοί
1308 1613 1386 1636 τινας
1405 1605 1460 1632 τῶν
1474 1602 1658 1643 συμμάχων,
1676 1603 1802 1640 haynri-

1088 1643 1197 1675 cenem
1212 1645 1296 1684 ὀλίγοι
1311 1645 1377 1686 ‘trevie
1393 1646 1513 1678 πολλοὺς
1526 1644 1690 1676 κινδυνεύειν.
1725 1645 1800 1676 Plu-

1088 1689 1210 1718 tarchus
1234 1688 1280 1729 [in
1298 1689 1467 1724 Phocione,
1483 1699 1510 1718 c.
1527 1687 1595 1728 26]
1611 1693 1683 1728 post
1698 1688 1801 1719 victo-

1088 1730 1163 1761 riam
1195 1732 1350 1783 Antipatri
1377 1743 1436 1761 non
1468 1741 1620 1770 magnam,
1651 1743 1800 1773 αισχιστα.

1088 1774 1241 1814 προηκοιντο
1255 1777 1304 1805 τήν
1312 1773 1480 1827 ἐλευθερίαν,
1495 1778 1669 1814 postquam,
1687 1775 1800 1814 inquit,

1088 1817 1257 1848 '‘mentina-av
1273 1818 1294 1848 οἱ
1304 1815 1437 1853 ’Έλληνες
1460 1817 1522 1848 οὔτε
1546 1818 1677 1858 μεγάλην
1697 1829 1800 1855 ηττοιν,

1088 1860 1150 1890 οὕτε
1174 1863 1288 1890 πολλῶν
1307 1871 1342 1891 πε
1345 1861 1456 1891 σόντων.
1479 1859 1510 1890 id
1527 1861 1608 1899 quod
1626 1861 1707 1890 Otho
1727 1862 1802 1892 fecit

1087 1913 1197 1942 magna
1213 1914 1280 1933 cum
1306 1904 1410 1940 laude,
1432 1913 1493 1933 uno
1514 1903 1621 1943 praelio
1638 1903 1738 1934 victus
1758 1906 1797 1935 ab

1087 1947 1207 1976 aemulo.
1225 1946 1271 1987 [v.
1289 1947 1426 1983 Tacitus,
1439 1946 1524 1977 Hist.
1542 1947 1586 1977 Π.
1600 1949 1652 1977 47.
1666 1947 1709 1987 s.]

1130 2007 1172 2012 —-
1189 1992 1237 2020 16.
1263 1989 1308 2029 [p.
1332 1992 1385 2021 39.
1407 1991 1456 2020 ed.
1481 1989 1600 2030 Duum]
1624 1990 1747 2030 ἀκριβῶς
1770 1990 1799 2022 δὲ

1088 2032 1179 2073 εἰδὼς]
1205 2033 1418 2073 Πξοθεξάωεια.
1464 2034 1539 2063 Cum
1563 2033 1642 2063 enim
1659 2033 1799 2064 dicturus

1088 2081 1181 2111 esset,
1193 2087 1260 2116 quae
1276 2076 1344 2116 ipse
1358 2077 1521 2116 aliquando
1531 2076 1666 2107 dixisset
1680 2077 1710 2106 in
1727 2087 1802 2107 con-

1088 2119 1230 2149 cionibus
1254 2121 1337 2159 apud
1361 2120 1522 2159 populum,
1538 2130 1606 2159 quae
1629 2123 1713 2150 recte
1733 2120 1803 2159 qui-

1088 2163 1157 2192 dem
1170 2167 1256 2193 erant
1267 2168 1297 2193 et
1311 2163 1469 2193 verissime
1482 2162 1575 2198 dicta,
1587 2163 1639 2193 sed
1654 2173 1671 2192 a
1682 2163 1800 2202 populo

1088 2206 1251 2245 repudiata
1265 2217 1272 2235 ε
1297 2217 1332 2235 ea
1358 2211 1459 2236 autem
1486 2206 1588 2245 ipsum
1614 2216 1801 2236 commemo-

1088 2259 1168 2285 rare,
1184 2254 1215 2279 et
1238 2250 1346 2279 laudes
1372 2260 1442 2279 suas
1465 2249 1647 2289 praedicare,
1663 2248 1800 2279 invidio-

1089 2303 1153 2322 sum
1169 2298 1201 2322 et
1215 2292 1373 2322 molestum
1391 2291 1602 2322 auditoribus:
1626 2295 1695 2323 ante
1717 2291 1800 2322 illius

1088 2335 1246 2371 orationis,
1270 2345 1360 2374 quam
1384 2335 1544 2365 habiturus
1569 2339 1626 2370 est,
1650 2334 1799 2366 invidiam

1087 2378 1220 2417 mitigat.
1264 2378 1341 2414 Quae
1355 2379 1478 2418 quidem
1491 2378 1589 2408 oratio
1604 2388 1661 2408 nec
1676 2378 1745 2418 ipsa
1760 2379 1800 2408 ad

1088 2431 1209 2451 causam
1225 2422 1370 2460 pertinet,
1386 2422 1525 2461 quamvis
1542 2421 1583 2452 sit
1603 2421 1777 2452 necessaria
1791 2433 1798 2451 :

1088 2465 1141 2494 sed
1159 2465 1350 2494 extrinsecus
1375 2469 1533 2505 assumpta
1556 2469 1615 2501 est,
1637 2469 1670 2494 ut
1694 2474 1801 2505 argona-

1087 2510 1213 2539 τοισκευῆ
1231 2508 1386 2538 suasionis
1401 2508 1499 2544 illius,
1514 2518 1603 2548 quam
1618 2513 1716 2547 parat.
1740 2508 1799 2538 Est

1087 2550 1181 2590 igitur
1205 2552 1283 2587 haec,
1302 2562 1390 2590 quam
1416 2562 1495 2581 nunc
1519 2554 1695 2586 tractamus,
1711 2551 1799 2589 quasi

1087 2594 1279 2634 praemunitio
1291 2594 1548 2634 praemunitionis:
1567 2604 1614 2630 ne,
1624 2595 1695 2624 dum
1708 2593 1799 2623 fidem

1088 2642 1119 2667 et
1135 2638 1348 2668 auctoritatem
1365 2637 1424 2667 sibi
1440 2637 1607 2667 conciliare
1622 2636 1797 2673 meditatur,

1087 2681 1189 2710 odium
1208 2684 1298 2720 atque
1313 2681 1461 2710 invidiam
1478 2678 1604 2719 quaerat.

1129 2741 1172 2747 —-
1184 2726 1234 2754 17.
1252 2723 1312 2765 περὶ
1326 2721 1361 2753 εῖν
1375 2722 1459 2758 αὐτὸς
1474 2721 1537 2754 erni
1553 2721 1614 2762 τις]
1632 2721 1798 2761 Repetitu-

1086 2778 1138 2797 rus
1156 2771 1204 2797 est
1228 2767 1345 2806 aliquot
1367 2767 1525 2796 suasiones
1541 2775 1623 2801 suas,
1640 2765 1670 2794 in
1686 2765 1798 2804 quibus

1085 2815 1208 2846 nonest
1222 2810 1365 2840 auditus:
1390 2814 1421 2839 et
1443 2814 1541 2839 tamen
1565 2809 1597 2838 in
1618 2808 1657 2838 iis
1673 2809 1798 2848 abipso

1084 2857 1201 2883 rectum
1217 2858 1249 2883 et
1266 2863 1370 2883 verum
1387 2852 1484 2888 stetit,
1499 2861 1559 2891 quo
1582 2861 1662 2881 nunc
1677 2851 1797 2882 facilius

1084 2896 1272 2926 audientiam
1309 2899 1523 2934 consequatur.
1563 2894 1655 2927 ‚Cum
1694 2898 1797 2925 autem

1085 2939 1181 2969 omnis
1193 2938 1321 2978 jactatio
1337 2938 1466 2968 molesta
1480 2941 1512 2967 et
1528 2936 1637 2967 odiosa
1652 2941 1712 2973 est,
1732 2941 1796 2967 tum
1845 2941 1850 2949 “

1083 2982 1199 3021 ingenii
1212 2981 1355 3011 maxime.
1372 2981 1478 3015 πάντες
1488 2982 1541 3020 γᾶς
1552 2978 1739 3019 ἀμωσγέπως
1749 2981 1797 3010 iw-

1085 3026 1257 3056 τιποιοῦντοιι
1273 3026 1323 3058 τῆς
1338 3024 1447 3064 ἆξετῆς,
1465 3023 1564 3063 inquit
1587 3022 1677 3054 Plato
1702 3022 1796 3063 [Pro-
