1931 3322
472 179 536 220 IN
571 177 975 220 PHILIPPICAM
1011 180 1092 220 DE
1125 179 1297 222 PACE.

151 285 256 316 οῧσὲαι
273 284 449 326 ιιιι-,νεφιῖκαμεν
461 286 567 320 πάντες
582 286 722 325 zmegma
736 284 804 316 κατ’
819 287 864 314 οἱν-

153 329 251 367 άγκην.
274 329 303 358 οὗ
320 330 374 368 γὰρ
395 327 428 358 δι’
442 329 543 364 ἄλλην,
569 328 617 369 [p.
637 331 710 359 131.
735 329 785 358 ed.
803 329 862 370 D.]

153 371 198 402 διὰ
216 371 323 402 ταύτην
341 371 369 401 δὲ
389 373 437 402 τῆν
457 372 564 408 αἰτίαν,
586 374 667 402 κατα
690 374 745 405 τὰς
760 371 866 405 ἐθνικὰς

151 414 200 443 καὶ
215 415 271 448 τὰς
287 415 449 455 ὄλοσχεςεῖς
463 415 642 450 διαστάσεις,
660 417 796 444 πλεῖστον
811 416 865 443 ἆλ-

151 456 243 487 λῆλων
265 456 444 498 διαφέρομεν,
460 457 537 489 ἔθεσί
558 470 591 488 τε
608 459 656 488 καὶ
673 460 800 498 μοξφαῖς
814 457 862 486 καὶ

150 500 317 540 χρώμασιν,
340 500 384 530 ἔτι
409 501 437 531 δέ
460 504 516 531 τῶν
540 501 778 540 ἐπιτηδευμάτων
806 502 866 534 τοῖς

150 542 310 578 πλείστοις.
333 545 398 573 haec
414 545 453 574 de
474 545 538 574 suis
560 544 730 574 Arcadicus
745 548 863 578 auctor,

149 595 278 625 quorum
296 587 439 617 duritiem
455 588 568 617 indolis
584 592 711 627 propter
727 586 864 625 regionis

150 629 243 659 situm
264 636 355 669 atque
378 636 513 660 naturam
539 636 570 660 et
597 629 743 660 montium
759 629 864 659 altitu-

148 672 250 702 dinem
260 674 530 712 asperitatemque,
542 673 696 712 sapientes
707 673 766 701 viri
777 673 864 702 bouis

148 715 268 754 legibus
282 715 506 754 institutisque,
518 720 548 744 et
562 716 592 744 in
611 715 716 753 primis
733 715 863 752 musica,

147 759 370 796 temperabant.
394 759 439 788 M.
454 758 575 788 Tullius
604 757 749 798 [Agraria
764 759 810 788 II.
835 770 862 788 c.

148 801 221 842 35.]
266 806 289 841 ‘f
300 801 369 830 Non
380 801 598 841 ingenerantur
611 801 783 831 hominibus
798 813 863 831 mo-

146 855 198 875 res
215 850 275 875 tam
293 855 311 874 a
327 844 422 884 stirpe
438 844 559 884 generis
575 855 610 874 ac
625 844 761 880 seminis,
774 855 862 884 quam

150 898 192 918 ex
208 887 248 918 iis
269 890 374 923 rebus,
389 898 457 927 quae
473 889 512 918 ab
535 887 604 927 ipsa
619 893 725 918 natura
742 889 815 924 loci,
832 893 863 918 et

149 942 167 961 a
183 931 255 961 vitae
279 931 505 962 consuetudine
527 931 776 971 suppeditantur,
793 933 860 971 qui-

147 976 206 1004 bus
222 975 332 1004 alimur
356 979 388 1005 et
414 974 557 1005 vivimus.
604 974 862 1014 Carthaginenses

146 1017 333 1049 fraudulenti
350 1022 381 1048 et
404 1019 578 1053 mendaces,
593 1029 650 1048 non
669 1028 792 1057 genere,
807 1020 861 1049 sed

147 1066 256 1092 natura
283 1061 357 1097 loci,
384 1062 466 1101 quod
495 1066 624 1101 propter
649 1067 757 1100 portus
788 1073 862 1093 suos

147 1105 252 1135 multis
264 1109 295 1135 et
308 1104 403 1135 variis
416 1109 616 1135 mercatorum
631 1110 662 1134 et
674 1106 862 1136 advenarum

146 1148 354 1184 sermonibus,
376 1148 415 1178 ad
439 1148 576 1178 studium
604 1148 731 1179 fallendi
759 1149 862 1179 studio

146 1197 283 1231 quaestus
306 1192 504 1222 vocabantur.
548 1191 680 1231 Ligures
714 1193 860 1228 montani,

147 1234 216 1265 duri
233 1239 323 1274 atque
340 1240 486 1275 agrestes.
508 1235 616 1264 docuit
631 1235 698 1274 ipse
715 1246 798 1276 ager,
815 1236 860 1266 ni-

146 1277 191 1308 hil
209 1278 336 1308 ferendo
359 1278 420 1308 nisi
441 1278 538 1308 multa
561 1278 679 1308 cultura
701 1284 732 1309 et
752 1290 860 1318 magno

145 1321 252 1351 labore
275 1322 449 1361 quaesitum.
494 1322 643 1360 Campani
669 1333 791 1362 semper
811 1334 861 1353 su·

145 1365 235 1404 perbi
258 1365 396 1395 bonitate
411 1375 554 1404 agrorum
580 1371 609 1394 et
629 1366 782 1396 fructuum
797 1377 860 1396 rna-

147 1408 320 1447 gnitndine,
331 1408 418 1439 urbis
434 1408 627 1444 salubritate,
639 1409 860 1448 descriptione,

145 1452 370 1491 pulcritudine.
392 1453 443 1482 Ex
458 1452 513 1482 hac
523 1453 612 1491 copia
621 1457 713 1492 atque
726 1453 860 1483 omnium

146 1505 249 1525 rerum
262 1495 414 1525 affluentia
430 1495 562 1534 primum
577 1496 629 1525 iila
641 1501 709 1526 nata
721 1502 802 1533 sunt,
814 1507 860 1527 ar·

146 1538 301 1578 rogantia,
316 1549 384 1579 quae
395 1549 412 1569 a
422 1539 590 1578 majoribus
602 1539 715 1570 nostris
732 1540 861 1570 alterum

147 1582 306 1612 consulem
322 1582 504 1621 postulavit:
530 1582 641 1613 deinde
660 1594 696 1613 ea
711 1584 861 1623 luxuries,

145 1635 215 1665 quae
227 1626 330 1666 ipsum
338 1626 519 1656 Annibalem
531 1627 624 1656 armis
636 1627 726 1657 etiam
739 1631 802 1656 tum
816 1628 861 1657 in-

146 1670 274 1706 victum,
298 1670 456 1709 voluptate
474 1669 583 1700 vicit.”
627 1670 679 1700 Sic
701 1669 862 1711 ληκυὸίζειν

145 1713 202 1746 τὰς
222 1711 323 1748 θέσεις,
345 1713 432 1743 locos
451 1718 583 1743 tractare
604 1723 793 1751 communes,
815 1716 860 1744 in-

146 1756 266 1786 terdum
278 1757 379 1795 juvat.
578 1777 582 1780 -

189 1817 234 1822 —-
249 1803 301 1830 14.
325 1801 385 1834 τοῖς
409 1799 432 1829 δ’
457 1801 583 1840 ἀγαθοῖς
607 1800 780 1844 ἔφεδρεύων”
771 1802 862 1844 ε’τερος

146 1842 330 1883 καθεδεῖται]
353 1844 475 1883 Nempe
501 1846 678 1884 Philippus
708 1847 861 1885 Polybius

140 1885 219 1926 [lib.
234 1887 298 1917 111.
318 1898 346 1917 c.
363 1889 415 1918 90.
431 1887 458 1926 §.
475 1890 504 1918 2.
508 1888 521 1928 ]
551 1889 590 1918 de
607 1889 704 1918 Fabio
721 1891 861 1919 Maximo

146 1934 346 1960 cunctatore·
370 1929 478 1970 ἀθρόους
498 1930 522 1960 δ’
538 1931 581 1961 ἀεὶ
605 1932 790 1973 στρατιώτας
813 1932 862 1962 καὶ

146 1972 416 2015 συνεστραμμένους
426 1975 530 2025 fugitiv,
550 1974 698 2014 ἒφήδςευσε
725 1987 785 2010 τοις
813 1975 861 2006 τό-

147 2026 211 2050 ποις
225 2017 273 2046 και
283 2029 343 2052 τοις
351 2028 463 2058 καιροι
457 2018 593 2048 ‚assidue
601 2019 729 2048 milites
720 2029 750 2048 m
765 2029 860 2049 ἰιηιιηι

145 2061 307 2096 continens,
337 2060 472 2099 captabat
499 2062 656 2091 occasiones
675 2071 709 2091 ex
735 2061 804 2092 locis
833 2067 862 2091 et

145 2103 329 2142 temporibus.
356 2103 402 2144 [p.
425 2105 499 2133 13⁶2.
516 2105 565 2134 ed.
583 2104 641 2144 D.]
670 2105 757 2134 Idem
777 2105 859 2145 [111.

145 2148 198 2177 12.
214 2146 262 2187 6.]
281 2146 324 2177 ἵνα
338 2147 403 2182 τοὺς
419 2145 475 2186 μὲν
490 2145 616 2187 ἒφὲδξους
643 2146 711 2177 εῖναι
737 2147 861 2188 νομίζον-

144 2199 194 2225 τες
209 2191 265 2220 τῶν
287 2192 397 2229 καιρῶν,
413 2189 454 2219 ἀεὶ
471 2190 692 2227 φυλάττωνται.
714 2191 803 2221 Idem
821 2193 859 2221 de

143 2232 271 2271 regibus
295 2233 430 2273 AEgypti
458 2232 514 2273 [V.
531 2235 584 2264 34.
598 2234 648 2274 8.]
669 2232 808 2274 ἐφήδξευον
830 2234 859 2265 δὲ

145 2277 206 2311 τοῖς
216 2275 243 2307 ἐν
257 2276 351 2318 Θράκῃ
362 2277 408 2306 καὶ
425 2277 485 2311 τοῖς
503 2275 530 2306 ἐν
542 2275 696 2317 Μακεδονίᾳ.
716 2277 858 2317 πράγμα-

146 2330 202 2351 σιν.
216 2320 406 2350 imminebant
416 2331 449 2350 esc
463 2320 586 2350 insidiis.
620 2320 759 2350 Philotas
775 2323 859 2361 apud

145 2363 286 2393 Curtium
314 2362 385 2403 [lib.
409 2362 466 2404 V.]
513 2363 597 2393 “Sic
627 2373 686 2402 ego
714 2363 859 2404 imperio,

145 2407 228 2447 qnod
241 2406 420 2445 dedign0r‚'
412 2407 571 2437 immineo.
565 2405 599 2424 ²”
615 2405 727 2437 Idem'
718 2410 859 2448 εφοςμεῖν,

145 2449 206 2480 nisi
221 2448 302 2490 quod
319 2449 378 2479 hoc
389 2450 566 2480 translatum
576 2460 594 2479 a
609 2450 752 2482 navibus.
776 2451 859 2492 ὅρμος

146 2493 227 2524 enim
242 2494 366 2523 navium
378 2494 476 2523 statio.
506 2494 596 2523 Dem.
625 2493 856 2534 [Olynth.111.

145 2547 178 2576 p.
194 2536 264 2577 30.]
288 2533 320 2566 ’ἧν
341 2536 428 2566 τοῦτο
452 2536 547 2577 ὥσπερ
568 2535 747 2576 ἐμπόδισμά.
761 2548 791 2568 τι
807 2539 858 2569 καὶ

97 2611 100 2614 .
145 2579 292 2622 δυσχερὲς,
303 2578 386 2609 πόλιν
398 2579 530 2619 μεγάλην
544 2579 674 2634 ἐφορμεῖν
682 2582 743 2615 τοῖς
757 2580 859 2612 ἑαυτου

144 2624 260 2664 καιροῖς,
273 2621 481 2663 διηλλαγμένην
501 2622 576 2663 ωξός
589 2624 676 2662 anag.
702 2624 859 2666 Delu-[¹71¹.

145 2677 177 2697 τ.
192 2665 332 2708 ἐνΧεῤῥον.
347 2677 395 2705 πρ.
409 2677 442 2706 p.
459 2669 533 2697 100.
549 2671 580 2697 et
597 2666 736 2707 Philipp.
749 2667 810 2698 IV.
824 2679 858 2722 p.

146 2711 221 2742 135.
211 2709 245 2763 Η]
255 2709 346 2740 ουκθυν
366 2707 500 2740 ςῦύλξταί
521 2711 583 2745 τοῖς
595 2711 682 2742 αὑτθυ
696 2721 799 2752 'taleme
809 2713 858 2743 ’ΐῆν

145 2751 220 2795 wap'
233 2753 312 2794 ὑμῶν
321 2751 478 2794 ἐλευθερίαν
491 2752 647 2794 ἐφεδρεύειν.
691 2753 819 2785 Βοιιιι5
810 2765 856 2784 ιιι-

145 2800 283 2836 terpres:
307 2806 364 2826 mm
388 2797 454 2827 vult
472 2801 595 2827 uestram
617 2797 780 2828 libertatem
804 2798 858 2828 sibi

147 2840 181 2870 in
207 2839 293 2870 rebus
321 2839 449 2870 adversis
474 2849 528 2871 esse
547 2839 723 2881 formidini.
770 2841 857 2878 Quos

146 2882 264 2913 Paulus
279 2883 425 2923 χαλεποὺς
438 2883 546 2924 καιςοὺς
561 2887 667 2914 vocat:
691 2888 726 2914 ut
736 2884 857 2915 Tullius

144 2925 188 2956 ad
211 2925 374 2955 Lentulum
397 2936 451 2957 sua
475 2931 615 2967 tempora
631 2926 777 2968 appellat,
790 2929 858 2968 qui-

112 2974 133 2987 *
147 2970 208 2999 bus
233 2968 265 2998 in
289 2967 401 2998 exsilio
418 2969 487 3006 fuit,
506 2975 538 3000 et
553 2980 646 3010 quum
661 2975 793 3001 vexatus
811 2977 858 3002 est

145 3012 186 3042 ab
207 3009 339 3043 inimicis
358 3016 428 3043 aute
443 3012 598 3045 exsilium.
630 3014 689 3045 Est
703 3012 859 3057 ἐφεδρεύειν,

1529 179 1612 222 399

899 286 996 325 inquit
1012 287 1161 323 Budaeus,
1174 289 1322 318 imminere
1339 289 1368 318 in
1387 288 1576 323 occasionem,
1586 292 1614 316 et

899 330 1109 365 calamitatem,
1124 336 1151 359 et
1167 341 1211 360 res
1222 330 1350 371 afflictas
1359 331 1492 361 alterius.
1515 331 1614 360 Arist.

900 371 1010 412 [polit.
1025 372 1088 412 IL]
1119 372 1222 411 ὁμοίως
1247 374 1275 404 δὲ
1299 375 1348 404 καὶ
1369 377 1428 408 τοῖς
1444 375 1576 404 Λάκωσιν
1589 374 1613 403 οἱ

900 415 1035 450 Εἵλωτες,
1050 416 1153 455 [zo-weg
1167 415 1349 457 ἐφεδρεύοντες
1364 418 1424 452 τοῖς
1436 417 1614 458 ἀτυχῆμασι

899 458 1089 494 διατελοῖσιν,
1106 464 1138 487 ut
1155 458 1288 494 scilicet,
1314 461 1340 489 si
1363 461 1444 499 quod
1470 461 1613 500 proelium

899 503 1059 531 adversum
1079 502 1217 536 fecerint,
1231 502 1259 530 in
1274 502 1448 533 libertatem
1464 514 1497 533 se
1513 503 1614 533 vindi-

899 551 984 574 cent:
1012 549 1043 574 et
1067 550 1138 584 post
1158 548 1247 573 terrae
1263 551 1390 581 motum,
1418 557 1485 585 quae
1503 556 1614 586 magna

899 593 965 617 erat
981 589 1139 617 calamitas
1157 588 1315 628 (magnam
1332 590 1412 618 enim
1434 590 1519 619 urbis
1543 600 1612 628 par-

898 636 961 660 tem
1003 631 1177 670 deleverat)
1217 631 1408 661 defecerunt.
1480 632 1614 662 Ovidius

901 673 996 713 [Met.
1010 675 1036 703 1.
1050 673 1140 714 146]
1168 679 1186 691 “
1199 674 1345 704 Imminet
1364 673 1461 704 exitio
1479 675 1525 703 vir
1541 685 1614 704 con-

894 718 992 757 jugis,
1018 717 1073 747 illa
1107 717 1220 748 mariti.
1223 716 1241 729 ''
1282 717 1453 757 Euripides
1485 716 1613 757 [Oreste

900 762 995 791 1627.
998 761 1013 802 ]

963 819 1051 857 669⁵,
1066 819 1093 855 ὃς
1107 820 1218 862 ξιφηρης
1233 820 1298 862 τῇδ’
1313 792 1462 862 ἐφεδξεῦεις
1476 820 1547 863 stiga,

898 889 1026 919 Orestes
1050 889 1183 927 gladium
1209 890 1332 919 tenebat
1351 889 1545 926 furibundus,
1568 888 1613 919 in·

897 937 1012 962 tentum
1032 929 1377 962 HermionesMenetai
1399 932 1471 962 filiae
1489 933 1612 972 jugulo.

896 975 1064 1006 Triclinius
1089 977 1118 1005 in
1142 975 1301 1006 Lorarium
1319 975 1483 1015 Sophoclis
1509 975 1613 1016 [Ajac.

897 1019 991 1059 610.]
1027 1017 1134 1060 ἔφεδρος
1165 1017 1262 1059 κυρίως
1294 1019 1306 1048 ὅ
1336 1019 1614 1060 παρεσκευασμένος,

896 1061 963 1092 δ’ταν
977 1062 1020 1092 δύο
1036 1061 1109 1096 τινὲς
1126 1062 1308 1098 παλαίσωσι,
1325 1061 1457 1092 παλαίειν
1476 1062 1520 1102 τῷ
1539 1063 1613 1093 νική-

897 1117 993 1136 σαντι.
1019 1106 1173 1136 Pindarus
1193 1106 1301 1147 [Nem.
1316 1106 1374 1136 lv.
1395 1107 1485 1147 156]
1502 1106 1615 1147 τραχὺς

896 1148 925 1178 δὲ
950 1147 1137 1186 παλιγκότοις
1162 1149 1280 1190 ἔφεδρος.
1304 1149 1408 1179 Schol.
1423 1155 1614 1189 πξοκεκληρω-

895 1192 988 1232 μένοις
1002 1192 1051 1221 καὶ
1077 1192 1290 1233 προκεκμηκότι
1315 1193 1375 1227 τοῖς
1399 1192 1614 1232 προηγουμένοις

897 1235 959 1276 πρός
973 1235 1128 1270 ἀλλήλους,
1144 1235 1307 1269 damarim-⁰4·
1323 1234 1476 1276 ἐφέστηκε.
1501 1237 1612 1266 Trans-

894 1279 991 1309 latnm
1011 1283 1058 1309 est
1079 1279 1174 1319 igitur
1186 1279 1432 1309 acertaminibus
1449 1279 1613 1319 gymnicis.

896 1324 953 1353 Cui
970 1334 1030 1352 non
1047 1323 1216 1353 obvenerat
1241 1332 1308 1362 par,
1339 1323 1518 1361 quiescebat
1543 1323 1612 1352 aliis

895 1366 1094 1403 certantibus,
1114 1365 1163 1406 [p.
1179 1369 1252 1398 133.
1270 1367 1318 1396 ed.
1336 1364 1394 1406 D.]
1421 1376 1490 1396 cum
1515 1366 1613 1405 depu-

895 1413 1052 1449 gnassent,
1084 1410 1231 1440 victorem
1262 1410 1438 1439 adorturus.
1492 1409 1612 1448 Sopho—

895 1453 959 1483 cles
987 1453 1070 1492 apud
1099 1453 1337 1492 Aristophanem
1362 1451 1484 1491 ἔμελλεν
1503 1451 1628 1493 ἔφεδρος*

895 1496 1103 1532 καθεδεῖσθαι,
1120 1497 1146 1526 si
1163 1496 1292 1526 vicisset
1307 1496 1480 1534 AEsohylus
1495 1495 1526 1525 in
1543 1507 1610 1526 cer-

894 1541 1008 1570 tamine
1022 1541 1154 1575 musico,
1168 1540 1345 1579 quieturus:
1371 1538 1417 1569 sin
1431 1538 1612 1578 Euripides,

895 1584 955 1626 περὶ
968 1585 1018 1617 τῆς
1034 1583 1138 1625 τέχνης

940 1651 1137 1691 Διαγωνιεῖσθ’
1153 1653 1264 1693 ἔφασκε
1280 1652 1353 1694 πρός
1369 1651 1402 1691 γ’
1416 1651 1567 1694 Εὐριπίδην.

984 1695 1030 1736 [in
1050 1697 1159 1734 Ranis,
1176 1699 1252 1729 793.
1269 1697 1313 1738 s.]

895 1757 948 1788 Sic
961 1757 1041 1788 bene
1050 1760 1088 1789 ab
1105 1763 1226 1788 oratore
1238 1759 1409 1797 junguntur
1425 1757 1490 1788 haec
1505 1757 1610 1787 verba.

895 1800 1011 1841 ἔφεδξοι,
1036 1802 1143 1832 milites
1165 1803 1197 1832 z'n
1222 1801 1357 1832 subsidiis
1380 1801 1524 1832 collocati.
1547 1799 1612 1840 ἐφε-

894 1843 992 1884 δςεῖαι,
1017 1846 1159 1876 subsidia.
1180 1844 1336 1875 Diodorus
1365 1844 1402 1885 [l.
1426 1842 1539 1884 XVI.]
1557 1842 1612 1874 ὅδὲ

897 1887 1037 1923 βασιλεὺς
1049 1889 1114 1922 τοὺς
1125 1887 1181 1927 μὲν
1195 1888 1367 1929 προμάχους
1384 1889 1440 1918 τῶν
1451 1886 1612 1916 Μακεδόνων

895 1932 1022 1970 πρώτους
1037 1930 1154 1967 ἔστησε,
1171 1931 1236 1965 τοὺς
1248 1930 1276 1960 δὲ
1292 1929 1417 1971 ἐφέδρους
1433 1929 1530 1968 ἔταξε,
1547 1930 1612 1964 τοὺς

895 1972 1083 2008 ἐπιλέκτους.
1127 1976 1171 2004 Ut
1185 1974 1315 2003 Romani
1331 1974 1468 2009 triarios,
1482 1972 1533 2012 qui
1549 1973 1610 2004 sor-

891 2015 1007 2046 tissimi
1023 2017 1153 2053 fuerant,
1168 2017 1198 2046 in
1210 2021 1367 2056 postrema
1381 2016 1447 2046 acie
1458 2017 1612 2046 locabant.

894 2060 986 2090 Unde
998 2061 1214 2100 proverbium:
1240 2060 1303 2089 Res
1319 2060 1356 2088 ad
1373 2059 1496 2090 triarios
1507 2059 1611 2090 rediit.

894 2103 982 2133 Idem
1011 2103 1169 2133 Diodorus
1195 2103 1326 2144 [XVII.
1342 2103 1412 2143 12.]
1451 2101 1611 2142 προσέταξε

894 2147 977 2211 ‘roh-QP
977 2145 1033 2176 {wa
1055 2158 1107 2181 της
1129 2145 1266 2186 ἐφεδρείας
1287 2156 1492 2184 τεταγμενους,
1519 2145 1610 2175 διαδέ-

893 2190 977 2229 Zaa-0*
955 2202 1049 2220 ..οαιτ
1040 2190 1177 2228 >vest-m,
1188 2189 1470 2229 praelinmexcipere.
1481 2188 1612 2219 ζἀιι·ἱειε

892 2234 998 2274 garde,
1012 2234 1184 2264 subszdmm
1210 2232 1359 2272 Virgilius
1377 2232 1446 2273 [lib.
1462 2232 1526 2262 XI.
1539 2233 1609 2262 AEn.

894 2279 968 2308 266.
987 2277 1030 2317 s.]

936 2337 1046 2376 “Ipse
1076 2338 1253 2376 Mycenaeus
1283 2346 1462 2376 magnorum
1499 2336 1610 2366 ductor

982 2379 1133 2410 Achivum

937 2423 1086 2463 Conjugis
1111 2423 1241 2453 infandae
1267 2423 1368 2463 prima
1394 2423 1475 2453 intra
1500 2421 1609 2453 limina

980 2467 1090 2496 dextra

938 2510 1099 2550 Oppetiit:
1134 2509 1289 2541 devictam
1330 2509 1434 2541 Asiam
1469 2508 1611 2540 subsedit

981 2552 1132 2584 adulter.”

893 2621 1057 2662 AEgisthus
1082 2633 1124 2653 ex
1151 2622 1273 2654 insidiis
1299 2621 1497 2653 obtruncavit
1524 2622 1606 2660 Aga-

892 2675 1094 2696 memnonem.
1138 2666 1274 2697 Verbum
1287 2667 1345 2697 hoc
1365 2666 1508 2697 Latinum
1524 2674 1607 2693 com-

893 2709 1059 2748 prehendit
1073 2715 1237 2750 utrumque
1253 2710 1394 2741 Graecum
1411 2707 1542 2748 ὑφορμεῖν
1557 2705 1606 2735 καὶ

892 2750 1048 2792 ἐφεδρεύειν.
1071 2752 1230 2785 καθεδεῖται
1253 2753 1386 2784 futurum
1403 2750 1606 2782 11.medium.

892 2793 1072 2835 καθέζομαι,
1096 2797 1246 2828 infinitum
1270 2798 1317 2827 11.
1343 2793 1523 2834 ἐκαθεδόμην,
1547 2793 1605 2822 fut.

893 2839 938 2868 11.
954 2837 1112 2880 καθεδουμα
1114 2852 1133 2871 ι.

937 2883 973 2913 Ρ
989 2886 1063 2914 144.
1080 2889 1109 2916 2.
1126 2886 1191 2918 τοὺς
1201 2882 1391 2916 §onena-mag
1404 2880 1436 2910 ἂν
1450 2880 1555 2919 οἴομαι,
1570 2878 1608 2912 εἷς

892 2927 941 2957 τὴν
963 2926 1060 2958 οἰκείαν
1093 2927 1119 2957 εἴ
1139 2939 1185 2961 τις
1215 2926 1348 2966 ἐμβάλη,
1373 2923 1503 2963 eonem]
1527 2923 1606 2952 Haec

893 2969 973 3000 enim
994 2970 1166 3001 humanitas
1194 2979 1316 3009 semper
1336 2967 1395 2998 fuit
1420 2967 1450 2996 in
1466 2965 1606 2996 omuibus

893 3013 1022 3051 (ἶι-ιιεοίε,
1035 3014 1167 3046 maxime
1187 3012 1438 3048 Atheniensibus,
1455 3013 1498 3046 ut,
1514 3009 1541 3040 si
1553 3007 1606 3049 qui
