1948 3322
403 202 487 243 AD
521 199 694 242 ORAT.
727 198 810 239 DE
832 186 1363 239 'CONTRIBUTIONE
1556 195 1611 235 47

161 311 317 341 decretum
330 316 361 340 et
369 310 492 352 jussum
504 308 612 349 suerit]
625 307 795 338 victoriam.
812 307 870 336 hoc

161 354 323 384 videbatur
336 353 444 383 melius
459 363 529 383 eum
544 351 778 392 insequentibus
804 350 872 389 ὑμῖν

162 397 411 437 παρασκευάσουσι
430 396 605 426 convenire.
628 405 695 425 nam
713 394 788 424 alias
804 393 871 423 vul-

160 446 232 482 gata
245 440 276 470 b.
292 440 314 470 l.
329 439 405 470 vitio
419 444 515 469 caret.

204 499 247 506 —
263 485 316 513 10.
331 482 402 513 αὐτὸ
421 483 516 515 τοῦτο,
529 481 619 522 ὀρθῶς
629 481 690 522 ——]
715 490 786 510 num
810 479 872 518 leg.

162 530 231 556 est:
257 525 305 556 καὶ
321 525 406 560 αὖτός
428 525 575 566 [subaudi
600 524 682 565 ἔγὼ],
705 523 798 553 etiam
814 532 873 561 ego

162 569 304 608 ipsemet,
331 570 417 599 τοῦτο
443 567 522 610 ὀρθῶς
541 567 617 609 ἔχειν
640 566 720 606 αὐτῷ
742 565 872 602 συνδοιιῶ,

162 616 248 642 recte
262 622 332 654 eum
347 612 378 642 in
392 613 450 642 boe
469 612 600 651 opinari,
623 610 789 641 assentior.

205 672 248 678 -—
267 658 318 687 12.
341 654 453 689 (παντὸς
476 654 530 689 ἑνὸς
554 655 605 685 τοῦ
637 652 780 694 λέγοντος]
810 652 874 691 legi

162 698 264 737 possit
286 699 401 732 πάντως
423 697 478 733 ἑνὸς
502 698 552 728 τοῦ
576 703 606 728 λ.
631 697 748 737 utique,
763 695 875 736 quovis

164 746 268 780 paeto,
293 742 415 772 omnino
437 742 532 771 debet
557 750 746 780 exsuperare
773 739 875 769 videri

161 783 312 815 fortunam
339 789 371 814 et
391 784 572 824 dignitatem
595 783 741 819 oratoris,
760 782 877 822 quippe

162 828 216 867 qni
237 827 428 858 solummodo
449 838 528 858 unus
551 828 592 858 sit
615 828 705 857 homo
720 826 876 866 privatus.

164 871 228 901 Sed
242 880 343 901 causae
357 871 399 901 nil
417 876 477 906 est,
497 880 552 901 eur
568 880 586 900 a
601 869 716 905 παντὸς
736 869 877 900 disceda-

165 918 229 951 tur,
243 916 332 954 cujus
347 914 413 944 haec
426 914 528 953 possit
543 924 613 944 esse
631 913 800 944 sententia:
823 913 879 942 τῶν

165 956 302 995 λεγόντων
315 957 451 993 ἑκάστου,
466 957 521 988 ἔνι-ε
537 956 589 991 ἑνὸς
602 955 687 990 ὄντος.
709 955 879 986 dicentium

166 1000 408 1040 uniuscujusque
424 1004 548 1031 sortem.
573 1000 667 1030 Haud
679 999 880 1029 dissimulabo

166 1048 280 1080 tamen,
300 1043 374 1073 mibi
395 1053 455 1074 non
469 1043 639 1083 displicere
662 1043 740 1072 bane
760 1047 881 1072 senten-

167 1086 259 1116 tiam:
283 1084 389 1120 παντός
399 1085 462 1123 ἑνδς,
476 1086 629 1117 excedere
644 1085 759 1116 debere
774 1085 882 1114 unius-

169 1130 318 1168 cujusque
343 1129 473 1159 bominis
495 1128 670 1168 singularis,
691 1128 832 1170 quisquis
855 1127 883 1157 is

171 1176 230 1208 est,
244 1171 293 1205 καὶ
306 1172 449 1211 μάλιστα.
468 1173 520 1202 τοῦ
540 1170 680 1210 λέγοντος,
695 1177 726 1201 et
740 1170 883 1211 inprimis

168 1214 299 1245 oratoris
314 1219 439 1246 sortem.

213 1275 257 1280 -
289 1258 342 1289 15.
371 1255 544 1297 τιμωμένων
572 1256 687 1291 ταύτας
716 1256 794 1296 λέγει
825 1258 883 1290 τὰς

169 1300 336 1341 προφάσεις,
351 1298 408 1339 ἐγὼ
424 1299 560 1341 διέξειμι]
575 1299 705 1331 distinxi
718 1305 748 1330 et
760 1300 883 1330 conexi

169 1344 209 1374 ad
225 1348 357 1374 mentem
367 1344 497 1374 Wolfii:
512 1342 680 1384 τιμωμένων
694 1343 782 1382 λέγει,
799 1343 884 1383 [scil.

173 1387 252 1426 ὑμῖν,
266 1385 286 1416 ἃ
302 1385 358 1425 ἐγῶ
371 1388 414 1417 νῦν
426 1387 494 1427 ὑμῖν
509 1387 602 1427 εἴρηκα.
617 1387 679 1428 περὶ
692 1388 742 1417 τοῦ
757 1385 883 1418 ἀληθινοῦ

172 1428 276 1470 τρόπου
297 1431 347 1460 τοῦ
374 1429 579 1460 καταλύεσθαι
604 1431 654 1461 τὴν
679 1429 883 1472 δημοκρατίαν]

173 1474 256 1512 quod
272 1477 372 1503 autem
384 1474 451 1504 haec
463 1484 551 1504 nemo
561 1483 617 1504 vos
630 1474 733 1509 docet,
742 1484 811 1513 quae
826 1483 884 1513 ego

174 1526 239 1547 vos⁵
252 1516 344 1547 modo
359 1516 464 1553 docui,
479 1518 537 1552 τὰς
558 1517 714 1558 προφάσεις
737 1517 886 1557 [subaudi

173 1558 290 1600 τούτου]
313 1558 369 1598 ἐγὼ
391 1558 523 1601 διέξειμι,
538 1570 647 1590 causas
663 1562 731 1600 ejus
746 1561 791 1591 rei
805 1571 886 1591 nnnc

174 1612 276 1632 eoram
290 1602 380 1632 vobis
392 1613 556 1643 exsequar.

218 1662 263 1669 —
272 1648 324 1676 17.
335 1645 385 1675 καὶ
397 1646 506 1678 ταύτην
519 1649 569 1678 ’τὴν
581 1645 681 1686 τάξιν]
698 1647 765 1677 scil.
777 1647 817 1677 de
828 1657 887 1686 qua

175 1689 267 1719 modo
287 1689 438 1726 dicebam,
461 1692 517 1720 τῶν
540 1688 589 1731 ὑφ’
607 1690 686 1728 ὑμῶν
706 1689 888 1730 τιμωμένων,

175 1731 257 1762 hune
271 1732 408 1762 ordinem
423 1733 578 1763 hominum
602 1742 698 1772 penes
715 1744 770 1764 vos
795 1734 888 1764 hono-

175 1778 320 1805 ratorum.

220 1836 264 1841 -—-
279 1820 332 1849 18.
347 1816 396 1849 ἐπὶ
411 1817 444 1848 τό
458 1817 699 1860 χειροτονεῖσθαι]
716 1819 838 1859 praetuli
849 1821 888 1850 de

178 1871 248 1891 meo
271 1871 374 1896 sensu,
397 1861 446 1892 ἐπὶ
469 1862 513 1901 τῷ
533 1872 568 1903 χ.
584 1861 615 1890 in
633 1861 749 1893 dativo.
772 1863 858 1904 χάρις
874 1864 888 1893 ἧ

179 1903 228 1934 ἐπὶ
251 1904 294 1944 τῷ
314 1915 385 1946 χειρ.
408 1909 457 1934 est
473 1915 510 1934 ea
526 1904 623 1944 gratia
638 1905 750 1942 activa,
766 1916 802 1935 ea
817 1917 889 1937 con-

180 1946 277 1976 tentio
293 1947 344 1976 alii
361 1947 564 1986 gratificandi,
587 1947 722 1978 studium
746 1948 890 1988 placendi

182 1989 247 2025 alii,
261 1999 357 2029 penes
378 2000 467 2029 quem
490 1991 532 2020 sit
550 1995 688 2029 potestas
713 1991 768 2021 tibi
794 1992 890 2022 hono-

181 2042 258 2068 rem,
272 2043 362 2071 quem
385 2033 495 2070 ambis,
511 2032 657 2072 suffragio
675 2044 730 2064 suo
745 2035 891 2065 addicen-

181 2075 225 2105 di.
270 2075 395 2105 Sei-vire
412 2077 482 2106 huic
494 2076 599 2116 generi
615 2077 731 2115 gratiae,
745 2081 805 2114 est,
816 2078 890 2109 nibil

183 2125 243 2148 non
263 2118 367 2148 venari
384 2123 416 2148 et
429 2120 608 2156 observare,
621 2119 696 2149 nihil
712 2131 771 2150 non
788 2131 890 2161 agere,

181 2171 242 2200 quo
269 2166 302 2192 tu
327 2171 434 2201 speres
451 2162 599 2198 futurum,
622 2168 657 2192 ut
677 2164 818 2202 proberis
841 2165 893 2201 iis,

181 2214 276 2244 penes
291 2214 368 2245 quos
383 2205 425 2236 sit
439 2203 469 2235 in
484 2205 619 2235 comitiis
634 2211 664 2235 te
677 2207 892 2246 mag-istratum

180 2257 306 2286 creare3
342 2252 376 2278 ut
398 2248 475 2279 nibil
501 2249 617 2279 audeas
644 2259 744 2289 neque
774 2250 893 2287 dicere,

180 2301 279 2330 neque
304 2301 409 2331 agere,
436 2302 498 2331 quo
527 2297 646 2323 metuas
674 2293 802 2333 opifices
831 2301 892 2325 tuae

179 2334 309 2365 fortnnae
322 2339 413 2374 atque
427 2335 640 2375 amplitudinis
655 2336 820 2367 offendere.

224 2395 267 2400 —
279 2379 331 2408 23.
343 2377 518 2420 ἀπολαύων]
535 2379 608 2409 dedi
624 2379 664 2409 de
680 2390 748 2410 meo
764 2380 893 2412 ἀπολαύ-

182 2429 252 2457 σειν,
270 2425 305 2450 ut
324 2422 508 2462 respondeat
530 2422 707 2462 insequenti
728 2424 894 2466 κληρονομή-

183 2473 241 2494 σειν
251 2467 284 2494 et
297 2461 376 2503 ἕξειν,
387 2474 456 2505 quae
471 2466 531 2496 tria
542 2471 614 2506 apta
628 2472 702 2497 sunt
716 2477 755 2497 ex
771 2469 896 2505 ἡγεῖται.

181 2511 285 2547 sperat
313 2508 458 2545 futurum,
481 2514 517 2540 ut
541 2509 640 2550 gloria
665 2510 749 2540 urbis
773 2511 895 2551 praeful-

182 2559 260 2589 gens
271 2550 465 2591 nominisque
481 2553 574 2583 vestri
588 2558 703 2584 terrore
719 2554 896 2585 formidabi-

182 2593 222 2623 lis
236 2592 268 2622 in
284 2593 418 2624 bostium
434 2594 500 2625 solo
525 2600 644 2636 strages
667 2597 749 2634 edat,
765 2599 819 2628 sed
839 2608 896 2638 per

183 2635 321 2676 ipsorum
336 2638 517 2675 absentiam,
532 2639 651 2670 nemine
663 2640 816 2671 obstante.

225 2697 270 2702 —
285 2681 338 2711 25.
353 2679 427 2722 ὅπερ
441 2679 524 2722 ἐστὶ]
540 2683 620 2713 idem
638 2688 686 2712 est
702 2693 737 2714 ae
754 2684 780 2714 si
797 2684 896 2715 dixis-

184 2725 237 2799 Ξῖ,
245 2733 253 2752 :
276 2721 342 2764 ὅπερ
357 2723 406 2754 καὶ
420 2725 457 2759 ὡς
477 2724 588 2760 ἀληθῶς
607 2726 734 2768 ὑπάρχει
751 2728 798 2757 vel
815 2739 896 2768 συμ-

227 2775 283 2796 (νει.

226 2826 269 2832 -—
285 2811 338 2840 2¹7.
352 2809 458 2853 αὐτῶν]
475 2811 598 2842 correxi
613 2812 652 2842 de
666 2823 734 2842 meo
747 2823 836 2844 sensu
849 2815 899 2845 αὖ·

184 2851 241 2882 τόν.
250 2853 332 2892 quod
341 2854 473 2884 cobaeret
486 2865 554 2885 cum
565 2854 706 2894 ἕξειν.εε.ςε
716 2855 898 2887 habiturum.

228 2895 357 2926 —ibid.
373 2895 446 2928 οὕτω
459 2898 507 2927 καὶ
523 2899 583 2932 τοῖς
601 2897 633 2928 ἐκ
657 2899 778 2942 τούτων]
800 2900 830 2930 in
855 2901 899 2930 lo-

185 2948 254 2968 cum
270 2938 353 2969 tertii
373 2941 516 2971 vocabuli
539 2943 599 2975 τοῖς
621 2943 728 2973 suffeci
746 2946 809 2973 τῶν.
828 2945 899 2974 sub-

186 2980 259 3030 audi
281 2981 447 3022 γιγνομένων
468 2985 618 3025 ἄφελειῶν.
641 2992 745 3026 sperat
772 2997 804 3016 se
831 2998 899 3027 par-

188 3024 384 3064 ticipaturum
396 3037 464 3058 cum
476 3029 545 3059 aliis
558 3030 705 3068 aqualem
717 3030 900 3070 portionem,

903 310 935 335 ut
963 305 1111 339 laborum,
1131 305 1174 334 ita
1196 305 1469 334 emolumentorum
1495 312 1615 342 quoque

903 349 942 379 iis
958 358 975 378 e
990 348 1147 378 laboribus
1164 347 1387 377 exsistentium.

947 409 989 414 --
1006 402 1074 431 pen.
1090 391 1112 420 οἱ
1135 390 1164 420 δὲ
1180 389 1404 430 πολιτευόμενοι]
1420 392 1617 429 opponuntur

904 435 935 464 hi
953 444 1047 474 supra
1061 444 1157 464 versu
1174 435 1225 464 16.
1248 433 1341 463 dietis
1357 433 1502 462 honorum
1515 437 1546 462 et
1561 433 1618 462 im-

905 478 1058 517 periorum
1075 476 1258 508 candidatis.
1291 475 1378 505 Alias
1394 476 1619 505 Demosthenes

906 522 978 552 illos
993 522 1181 561 στρατηγοὺς,
1202 521 1258 549 hos
1281 519 1394 560 ῥήτορας
1416 519 1559 557 appellat.
1575 519 1620 558 ῥῆ-

906 577 962 606 τωρ
977 565 1099 604 ἧγεμῶν,
1111 564 1160 594 καὶ
1174 561 1334 604 στρατηγὸς
1348 561 1403 592 ὑπὸ
1414 561 1518 600 τούτῳ,
1533 562 1581 590 καὶ
1597 562 1618 590 οἱ

906 606 1067 647 ἔοησόμενοι
1079 606 1245 647 τριακόσιοι.
1268 605 1314 635 illi
1328 609 1399 634 sunt
1410 604 1621 643 magistratus,

907 650 1074 681 honoribus
1087 652 1264 690 fungentes,
1275 649 1307 678 bi
1326 647 1447 688 syndici
1461 652 1494 677 et
1508 647 1621 681 lcti,et

909 693 1079 724 consiliarii
1100 697 1224 723 senatus
1249 698 1339 732 atque
1361 691 1463 732 plebis
1483 691 1514 720 in
1535 690 1621 719 curia

909 742 1000 777 atque
1015 737 1048 767 in
1057 736 1267 766 concionibus.

952 797 996 804 ——
1011 780 1068 810 ult.
1091 779 1175 819 ὑμῖν]
1204 778 1323 809 correxi
1346 778 1386 808 de
1408 787 1478 807 meo
1500 776 1624 816 judicio

910 824 989 863 ἡμῖν,
1006 824 1035 853 h.
1050 834 1078 854 e.
1093 823 1169 853 mihi
1191 823 1312 861 meique
1328 821 1493 856 similibus,
1509 820 1624 859 exiguo

911 868 999 907 gregi
1012 871 1164 897 oratorum
1176 865 1270 896 vestri
1282 865 1504 899 studiosorum,
1515 863 1626 902 suique

910 910 1123 941 dissimilibus.

958 956 1031 985 172.
1050 955 1099 983 16.
1115 951 1161 993 τόξ
1176 952 1321 992 ἦγούμενον
1335 950 1362 981 ἐν
1377 949 1549 991 Μαραθῶνι]
1569 959 1626 979 non

912 996 1064 1036 improbo.
1086 1001 1171 1027 recte
1186 996 1302 1026 dictum
1322 996 1432 1029 fateor,
1447 1003 1546 1034 neque
1562 993 1627 1023 sine

913 1040 1064 1079 exemplo.
1087 1041 1169 1078 quod
1194 1050 1253 1069 uon
1275 1039 1367 1078 longe
1388 1038 1461 1068 hine
1482 1036 1631 1073 occurrit,

913 1084 971 1112 hac
986 1082 1055 1121 ipsa
1070 1083 1192 1122 pagina,
1209 1093 1300 1112 versu
1316 1084 1369 1113 23.
1389 1080 1469 1111 mori
1484 1080 1630 1119 loquendi

915 1131 1016 1156 tamen
1036 1126 1268 1156 convenientius
1283 1124 1463 1165 praepositio
1477 1124 1630 1154 omittitur

915 1169 947 1199 in
961 1169 1018 1199 hae
1032 1169 1172 1199 formula,
1195 1179 1288 1208 quare
1300 1178 1368 1198 eam
1383 1167 1504 1198 sustuli.

958 1230 1002 1234 —
1020 1214 1070 1242 17.
1087 1212 1136 1242 οὖιι
1149 1213 1217 1253 ἴσοι]
1239 1222 1297 1241 non
1314 1211 1517 1244 obtrectandi,
1531 1220 1629 1249 neque

916 1255 1098 1285 detrahendi
1114 1256 1216 1286 studio
1241 1255 1286 1285 sic
1303 1254 1391 1290 dicit,
1413 1255 1467 1284 sed
1494 1264 1630 1292 exagge-

915 1299 1016 1334 randi,
1041 1300 1170 1330 subaudi
1199 1300 1279 1329 ἀλλὰ
1307 1298 1408 1338 πολλῷ
1435 1296 1536 1338 μείζω.
1570 1306 1630 1326 non

916 1342 1018 1372 dicam
1041 1343 1130 1382 paria
1155 1342 1245 1372 factis
1268 1347 1443 1372 nostrorum
1466 1341 1631 1379 imperato-

917 1396 995 1421 rum,
1006 1387 1060 1416 sed
1074 1386 1173 1416 dicam
1190 1385 1295 1426 potins
1306 1385 1413 1415 multis
1426 1385 1517 1415 etiam
1531 1383 1632 1414 modis

917 1430 1043 1468 majora.
1410 1446 1416 1453 ·

961 1490 1004 1495 —-
1020 1474 1074 1503 26.
1088 1474 1138 1503 τὴν
1151 1472 1255 1514 μόραν]
1271 1471 1355 1501 Citat
1367 1472 1396 1501 b.
1407 1472 1428 1502 l.
1445 1472 1632 1509 Harpocrat.

920 1526 950 1545 v.
966 1514 1052 1556 μόρα..

964 1561 1037 1590 173.
1056 1563 1085 1588 1.
1100 1559 1220 1600 τούτων]
1235 1558 1301 1588 scil.
1317 1561 1373 1588 τῶν
1383 1558 1493 1598 ἀνδρῶν.

962 1621 1006 1625 -
1019 1605 1052 1633 8.
1066 1601 1219 1643 Περδίκκᾳ]
1235 1601 1318 1642 atqui
1334 1602 1409 1632 alias
1424 1599 1634 1632 Alexandrum

919 1646 1065 1685 appellat.

964 1707 1007 1712 —
1022 1691 1073 1720 15.
1094 1689 1192 1724 πάσης
1217 1687 1330 1729 μείζονα
1356 1687 1528 1730 εὐεργεσιάς]
1551 1684 1636 1725 qnod

917 1734 970 1772 jus
991 1732 1128 1762 civitatis
1145 1732 1258 1762 Atticae
1278 1732 1396 1762 nullum
1412 1730 1541 1761 emereri
1563 1740 1637 1769 pos-

922 1781 969 1806 set
984 1776 1178 1815 quantumvis
1203 1785 1343 1814 magnum
1366 1775 1398 1805 in
1423 1785 1519 1813 remp.
1542 1772 1636 1802 colla-

922 1825 985 1849 tum
1001 1818 1193 1849 beneficium.

966 1879 1007 1885 —
1024 1864 1077 1892 16.
1100 1861 1256 1902 ἀνθρώπους
1285 1858 1441 1902 οἶκοτρῖβων
1468 1858 1638 1900 οἰκότριβας,

922 1905 1025 1946 τιμῆν]
1039 1905 1168 1935 distinxi
1182 1912 1213 1935 et
1235 1905 1377 1935 ordinavi
1392 1904 1485 1934 verba
1502 1904 1546 1932 sic
1560 1914 1566 1932 ε
1591 1904 1638 1932 ἇν-

922 1948 1052 1989 θρώπους
1064 1946 1228 1989 omn-pacm,
1240 1949 1378 1978 homines
1387 1957 1498 1977 vernas
1511 1946 1639 1976 civitate

923 1992 1045 2021 donatis
1074 1992 1191 2027 Attica,
1221 1990 1378 2031 οἰκοτρίβων
1408 1991 1506 2029 τιμὴν,
1543 1989 1638 2029 ὥσπερ

923 2034 1014 2064 ἄλλου
1030 2045 1080 2064 του
1094 2037 1150 2065 τῶν
1166 2032 1254 2069 ὠνίων,
1271 2033 1479 2072 λαμβάνοντες,
1503 2034 1639 2062 venden-

924 2082 972 2107 tes
990 2087 1056 2107 eam
1072 2078 1133 2116 ipsi
1147 2088 1182 2107 ae
1193 2077 1294 2117 pretio
1305 2087 1432 2116 prorsus
1445 2077 1563 2110 eodem,
1578 2087 1639 2116 quo

925 2120 1032 2151 soletis
1055 2120 1086 2150 in
1109 2121 1177 2151 foro
1193 2121 1316 2150 venales
1334 2129 1441 2150 vernas
1459 2130 1571 2155 emere,
1590 2120 1638 2149 vel

925 2164 1070 2194 vendere.
1093 2163 1139 2194 ita
1163 2165 1332 2194 vendentes
1353 2164 1404 2202 jus
1428 2163 1565 2193 civitatis
1586 2173 1640 2192 ve-

927 2211 1009 2243 strae,
1026 2207 1114 2247 quasi
1129 2212 1212 2237 esset
1235 2208 1293 2237 hoe
1312 2207 1365 2246 jus
1387 2206 1487 2236 simile
1508 2207 1565 2237 ulli
1588 2206 1641 2236 alii

926 2250 1060 2290 cuipiam
1076 2251 1119 2280 rei
1135 2250 1166 2280 in
1183 2252 1249 2281 foro
1262 2256 1368 2280 vestro
1383 2249 1494 2280 venali.

972 2297 1046 2325 174.
1060 2297 1092 2326 4.
1108 2295 1276 2336 συνήγαγον]
1294 2294 1366 2323 alibi
1386 2293 1495 2323 maluit
1509 2293 1644 2332 ἀνήγαγον

928 2347 1087 2377 usurpare.
1104 2344 1244 2368 neutrum
1257 2337 1348 2373 male,
1361 2347 1543 2377 quamquam
1555 2337 1644 2376 prius

929 2381 1098 2420 vulgatius,
1108 2381 1262 2421 posterius
1273 2380 1374 2410 videri
1385 2381 1486 2420 possit
1495 2381 1643 2420 quodam—

928 2425 1021 2455 modo
1043 2424 1230 2464 exquisitius
1252 2429 1283 2454 et
1307 2423 1551 2460 convenientius,
1571 2424 1646 2464 quia

929 2467 983 2498 ἄνω
998 2468 1029 2498 in
1046 2478 1147 2498 arcem
1159 2468 1439 2507 comportabantur.

972 2529 1016 2534 —
1028 2514 1079 2542 13.
1090 2511 1223 2552 ἀπόρους]
1237 2521 1296 2540 non
1309 2512 1367 2541 hoc
1380 2510 1477 2550 magis
1490 2510 1646 2549 intelligo,

929 2565 1021 2596 quam
1044 2555 1243 2590 ἀποστόλους,
1267 2555 1349 2594 quod
1374 2559 1421 2584 est
1444 2555 1476 2584 in
1496 2555 1546 2584 ed.
1563 2554 1647 2584 Feli-

930 2598 1022 2628 ciani.
1052 2609 1107 2629 cur
1133 2598 1335 2629 Athenienses
1361 2608 1475 2638 egenas
1502 2598 1647 2628 civitates

931 2642 1057 2672 Graecas
1080 2642 1196 2682 opibus
1213 2642 1278 2671 suis
1302 2641 1503 2676 sublevarint,
1526 2651 1583 2671 non
1602 2641 1648 2670 vi-

931 2685 1001 2716 deo.
1024 2685 1083 2715 nisi
1100 2685 1127 2715 si
1143 2686 1220 2715 forte
1237 2695 1299 2715 rem
1317 2686 1362 2715 sic
1374 2685 1543 2725 concipias.
1569 2685 1646 2714 cari-

930 2732 1010 2758 tates
1034 2729 1208 2758 annonariae
1231 2738 1300 2758 cum
1325 2729 1438 2768 saepius
1466 2729 1651 2761 inciderent.

932 2772 1136 2802 Athenienses
1157 2771 1336 2802 civitatibus
1357 2772 1591 2811 pauperioribus
1608 2771 1648 2800 de

933 2815 1084 2845 frumento
1108 2821 1345 2855 prospexerunt,
1367 2821 1419 2845 aut
1443 2815 1577 2854 gratuito
1593 2814 1649 2844 do·

934 2864 1017 2895 nato,
1033 2864 1084 2889 ant
1100 2859 1242 2888 vilissimi
1260 2858 1396 2888 vendito.

976 2919 1020 2924 —
1037 2906 1086 2934 18.
1109 2903 1189 2932 ἀλλὰ
1216 2902 1266 2939 τί;
1289 2900 1428 2931 &mixto-&s
1447 2899 1647 2941 ἐξετάσωμεν]

934 2945 1055 2984 praetuli
1071 2944 1149 2981 ἀλλ’,
1161 2945 1216 2979 &m
1233 2944 1371 2976 Εούλεσὲε
1388 2943 1651 2985 [ςοί1.ἐξετάζειν],

934 2987 1129 3029 ἐξετάσωμεν.
1152 2990 1204 3018 sod
1222 2999 1290 3026 age.
1307 2989 1529 3022 examinemus,
1545 2999 1649 3027 quam-

936 3043 1055 3072 cunque
1073 3038 1188 3072 partem
1208 3032 1310 3062 vultis.
