1997 3323
370 213 425 253 50

373 317 520 352 homines,
535 327 617 349 arma
633 324 786 359 gesturos,
803 321 873 359 quia
897 330 969 349 vero
993 320 1078 349 illum

373 362 402 390 in
415 371 571 391 numerum
581 362 760 393 incurrerint
773 364 870 398 multi,
881 363 1001 401 quibnS,
1013 362 1079 391 sive

373 414 430 444 per
445 414 551 434 sexum
569 406 635 436 sive
651 417 706 445 per
717 407 816 436 aetatis
832 405 1078 439 teneritudinem,

373 446 440 476 sive
462 456 518 486 per
538 450 677 488 corporis
702 449 942 478 imbecillitatem
963 453 1014 477 ant
1027 448 1080 477 de-

372 490 522 521 bilitatem
544 493 592 532 (ut
612 492 796 526 coecitatem,
813 491 1079 526 claudicationem,

372 538 404 562 et
420 534 532 564 similia
546 535 651 574 vitia,)
667 535 732 565 sive
749 545 804 575 per
816 535 1000 564 fortunarum
1013 535 1079 564 exi-

372 577 532 615 guitatem,
547 579 614 608 sive
626 579 664 607 ob
680 577 847 607 absentiam
861 579 899 607 ab
915 579 1000 613 urbe,
1013 578 1078 608 sive

372 619 442 650 aliis
458 621 497 650 de
512 621 612 650 causis
628 620 764 657 sonticis,
780 626 920 660 negatum
934 627 1017 651 esset
1033 632 1078 650 ar-

372 673 419 692 ma
435 674 562 702 gerere;
587 674 622 693 eo
644 664 755 693 factum
778 675 858 699 esse,
882 669 915 694 ut
936 675 1079 694 numerus

370 706 424 735 ille
443 717 595 746 nunquam
613 707 720 746 plenus
737 712 830 742 esset,
843 709 898 738 sed
915 712 947 737 ut
963 709 1014 737 vix
1032 718 1078 737 se—

371 750 534 789 ptingenti,
552 756 601 780 aut
618 751 782 789 octingenti
797 756 910 780 essent.
940 753 1009 790 Quo
1022 752 1080 780 ita-

372 803 431 831 que
442 803 584 823 numerus
594 793 646 823 ille
664 794 759 823 MCC.
773 804 894 833 semper
906 795 1078 824 certissime

372 837 481 875 plenus
506 840 599 870 esset,
617 841 771 866 auctorem
788 847 820 866 se
837 838 894 866 t'ert
909 842 1020 872 orator,
1036 842 1078 873 ut,

372 880 566 914 verbotenus,
581 880 609 908 in
622 879 751 909 classem
764 890 912 919 quamque
926 880 995 910 bina
1011 881 1078 909 mil-

370 923 411 951 lia
436 922 568 960 capitum
592 928 858 952 connumerentur.
904 924 983 953 Nam
1000 924 1026 952 si
1042 925 1078 952 ab

372 966 418 994 his
436 965 517 995 MM.
534 966 680 1005 deinceps
695 968 887 996 deducantur
904 977 1007 995 omnes
1023 966 1079 1001 illi,

370 1009 479 1046 quibus
511 1019 611 1038 causae
640 1009 787 1049 legitimae
815 1009 930 1039 veniam
963 1009 1079 1039 militiae

371 1052 454 1086 dent,
474 1057 574 1081 tamen
592 1057 674 1083 certo
695 1054 821 1086 certius,
843 1052 905 1081 illis
924 1053 1080 1087 deductis,

370 1095 505 1133 reliquos
521 1106 642 1125 manere
660 1096 759 1126 MCC.
777 1101 827 1125 aut
845 1096 948 1133 plures
964 1096 1065 1125 etiam.

412 1155 454 1160 --
472 1138 520 1168 15.
550 1141 604 1169 τῶν
629 1138 803 1180 ἐπικλήρων]
833 1139 900 1168 scil.
925 1139 1081 1175 σωμάτων.

367 1180 445 1220 (non
471 1180 624 1221 παρθένων)
653 1184 722 1220 quia
749 1183 785 1212 ad
811 1182 1001 1221 insequentia
1028 1183 1081 1211 ad-

364 1225 482 1262 jectiva
508 1226 608 1254 omnia
630 1226 787 1256 subaudiri
810 1227 901 1255 debet
924 1226 1081 1264 σωμάτων.

369 1268 430 1296 Sed
446 1269 547 1297 nescio
564 1279 599 1297 an
615 1273 676 1298 tum
693 1269 788 1298 satius
803 1269 841 1298 sit
854 1269 945 1298 etiam
960 1269 1015 1297 hoc
1029 1279 1079 1297 no-

368 1321 438 1339 men
458 1311 585 1350 reliquis
600 1313 842 1346 accommodare,
862 1313 891 1341 h.
914 1322 942 1341 e.
963 1310 1080 1341 ἐπικλη-

367 1356 446 1392 ρικῶν
462 1355 577 1393 legere.
592 1356 660 1394 pari
677 1357 768 1385 modo
792 1354 940 1396 ὀρφανικῶν
960 1354 1080 1394 praetuli

370 1398 501 1435 vulgatae
514 1396 640 1437 ὄρφάνων.
655 1399 786 1429 celebris
803 1400 832 1428 in
851 1398 965 1427 scholis
980 1408 1080 1436 gram-

367 1441 546 1470 maticorum
563 1442 591 1470 h.
609 1441 628 1471 l.
646 1448 701 1471 est.
724 1442 819 1471 citant
841 1451 910 1471 eum
928 1441 1080 1480 Harpocr.

367 1483 398 1512 in
414 1485 560 1524 κληροῦχοι
577 1488 607 1514 et
619 1489 766 1514 κοινωνικοὶ.
782 1485 830 1525 (v.
844 1484 946 1514 Vales.
963 1495 994 1523 p.
1008 1487 1079 1514 111.

368 1527 417 1556 ed.
443 1527 554 1566 Gron.)
576 1532 606 1556 et
624 1528 738 1558 Pollux
761 1530 791 1558 8.
809 1529 883 1558 134.
901 1533 932 1557 et
953 1529 1025 1558 136.
1051 1527 1080 1556 in

365 1572 504 1600 κοινωνικὰ
518 1570 663 1611 χξήμοιτοι
686 1578 717 1601 et
737 1573 908 1611 κληςουχικὰ
924 1571 1079 1613 χρήματα.

367 1623 423 1642 eur
440 1613 575 1652 virgines
590 1614 721 1650 nubiles,
736 1625 804 1644 cum
827 1614 1015 1654 patrimoniis
1032 1623 1081 1642 re-

366 1655 461 1693 lictae,
472 1667 526 1686 cur
544 1658 612 1686 orbi
628 1658 761 1687 nondum
782 1658 914 1697 puberes
929 1657 1012 1692 facti,
1027 1667 1081 1686 cur

366 1699 453 1728 cives
484 1705 571 1729 extra
600 1701 704 1731 urbem
733 1701 763 1730 iu
790 1700 918 1730 coloniis
944 1704 1080 1738 agentes,

365 1743 451 1782 fungi
468 1743 495 1772 in
514 1744 587 1772 urbe
605 1744 717 1773 muniis
739 1743 932 1778 militaribus,
952 1747 982 1772 et
1000 1753 1081 1772 arma

366 1795 473 1823 gerere
500 1787 680 1826 corporibus
708 1788 772 1816 suis
798 1792 958 1825 nequeant,
987 1787 1079 1816 inter-

367 1833 454 1866 prete
471 1840 530 1858 non
547 1835 629 1868 eget,
646 1841 701 1869 per
717 1841 749 1859 se
767 1831 890 1869 planum
907 1835 964 1859 est.
980 1835 1010 1858 at
1027 1840 1081 1859 cur

366 1872 482 1901 exemti
501 1873 559 1902 sint
573 1873 705 1913 σώματα
716 1875 865 1908 κοινωνικὰ,
879 1883 935 1902 non
953 1873 1080 1912 perinde

366 1921 462 1954 paret.
484 1916 541 1945 hoc
565 1921 612 1945 est
626 1917 749 1952 fratres,
773 1916 986 1955 patrimonium
1010 1916 1081 1945 reli-

365 1962 447 1987 ctum
464 1958 543 1988 iuter
559 1970 592 1989 se
608 1970 766 1990 commune
784 1960 940 1996 habentes,
953 1964 984 1988 et
998 1969 1081 1989 com-

362 2002 497 2031 muniter
520 2002 781 2037 administrantes,
806 2002 984 2032 haereditate
1006 2013 1081 2032 non-

366 2045 438 2073 dum
456 2049 549 2081 creta,
560 2047 589 2075 b.
601 2058 627 2075 e.
639 2047 667 2075 in
685 2046 851 2085 particulas
862 2046 1080 2075 convenientes

366 2093 542 2127 concerpta.
580 2089 692 2126 Causa,
707 2090 732 2119 si
749 2090 822 2119 satis
838 2093 959 2119 acutum
978 2100 1081 2125 cerno,

364 2131 430 2160 haec
454 2132 522 2161 fuit.
576 2133 668 2162 Pater
695 2133 794 2162 adbuc
823 2138 990 2171 superstes,
1015 2133 1081 2161 uni-

365 2184 465 2203 versae
481 2175 525 2203 rei
543 2175 697 2211 dominus,
713 2175 739 2204 si
753 2176 865 2205 bellica
881 2181 1019 2214 tempora
1035 2175 1080 2204 in—

363 2217 524 2253 cidissent,
541 2218 609 2247 sine
624 2219 817 2250 recusatione
838 2218 977 2248 militiam
996 2218 1080 2247 obis-

364 2265 420 2289 set.
467 2261 534 2291 Jam
553 2272 625 2290 vero
643 2262 764 2291 duobus
780 2261 928 2298 tribusve,
952 2262 1080 2291 eandem

364 2314 428 2333 rem
448 2304 625 2334 familiarem
651 2304 818 2339 tuentibus,
836 2315 892 2333 non
914 2304 1078 2334 auctiorem

362 2347 484 2382 factam,
498 2357 586 2386 quam
602 2353 670 2377 ante
681 2349 750 2384 t'uit,
763 2347 930 2383 dubitatur,
945 2348 1079 2377 tribusne

361 2391 508 2420 fratribus
526 2401 583 2420 nna
598 2392 728 2421 eundum
748 2391 777 2420 in
794 2397 892 2420 castra
909 2391 959 2425 sit,
974 2401 1009 2420 an
1028 2391 1078 2420 uni

363 2433 566 2463 solummodo.
622 2436 754 2474 AEquum
781 2439 827 2463 est
857 2434 961 2473 utique
987 2445 1077 2464 unum

362 2476 502 2505 militare.
549 2478 628 2506 Tum
654 2489 728 2507 vero
757 2483 823 2507 uter
848 2478 1001 2513 binorum,
1027 2482 1078 2507 aut

363 2520 472 2557 ecquis
491 2528 642 2550 ternorum
663 2522 785 2550 fratrum
809 2522 970 2559 delegetur
990 2521 1026 2550 nd
1045 2532 1077 2550 ο-

361 2573 451 2601 peras
475 2564 668 2593 castrenses?
707 2565 799 2599 Sorti,
822 2564 898 2598 aies,
921 2564 1077 2603 permitta-

360 2611 419 2635 tur.
451 2605 550 2635 Recte
567 2606 623 2641 ais,
638 2613 844 2637 verumtamen
860 2618 910 2637 res
927 2607 1077 2638 molestiis

361 2654 393 2678 et.
408 2659 495 2688 paeue
512 2649 643 2679 dixerim
659 2650 818 2690 iniquitate
836 2662 892 2680 non
903 2656 996 2680 caret.

404 2702 529 2731 —pen.
552 2695 608 2722 τῶν
630 2694 753 2733 πρώτων
777 2692 875 2723 {nac-&v
894 2694 977 2734 (scil.
994 2693 1077 2733 ναῶν)

360 2735 444 2766 πέντε
459 2736 543 2777 (scil.
559 2735 654 2777 ναῦς)]
683 2737 817 2767 Wotfius
834 2737 882 2767 hic
902 2743 1008 2772 semet,
1031 2737 1075 2766 le-

359 2784 521 2818 ctoresque
539 2778 701 2818 implicuit.
746 2781 815 2810 Non
832 2780 1022 2819 praecipitur,
1037 2781 1073 2810 ad

360 2827 497 2852 vetustas
513 2826 665 2851 trecentas
678 2833 782 2858 naves,
792 2824 966 2862 quindecim
979 2833 1074 2853 novas

358 2867 441 2902 addi,
458 2866 512 2896 sed
531 2866 721 2895 solummodo
733 2867 770 2895 de
780 2866 994 2896 distributione
1009 2866 1074 2904 agi-

356 2915 418 2945 tur,
434 2915 464 2939 et
477 2908 661 2949 praecipitur,
677 2908 722 2938 sic
737 2919 832 2939 naves
848 2909 1001 2938 distribui.
1026 2911 1073 2939 De

357 2953 455 2991 prima
478 2951 615 2982 centuria
637 2952 758 2982 navium
783 2957 942 2982 sumuntur
965 2952 1071 2991 primae

355 2995 488 3034 quinque
504 3006 609 3031 naves,
622 2999 654 3025 et
663 2996 866 3026 attribuantur
878 2997 982 3034 primae
992 2995 1070 3025 clas-

357 3040 382 3068 si
400 3039 533 3075 navium,
549 3049 674 3080 quarum
692 3049 881 3079 unaquaeque
893 3038 1000 3069 classis
1017 3039 1069 3068 de-

734 210 768 253 I.
793 203 836 254 Ἰ.
868 209 1092 253 REISKE
1122 211 1448 256 ANNOTATA

1114 322 1160 350 nis
1187 322 1286 360 quinis
1315 324 1444 355 navibus
1469 330 1601 362 constat,
1628 330 1691 355 tum
1719 325 1824 366 primae

1114 364 1248 403 quinque
1278 375 1371 396 naves
1403 370 1546 398 secundae
1567 369 1730 399 centuriae-
1740 370 1826 399 attri-

1115 408 1242 436 buantur
1257 409 1398 439 secundae
1414 412 1514 446 classi,
1527 417 1556 442 et
1571 413 1674 452 primae
1690 412 1826 451 quinque

1113 459 1208 479 naves
1224 451 1324 480 tertia>
1348 454 1492 483 centuriae
1509 455 1711 485 attribuantur
1725 455 1825 485 tertiae

1113 493 1207 522 classi
1232 494 1355 524 navium
1386 497 1529 526 denarum
1560 498 1730 537 quinarum.
1761 502 1824 527 tum

1114 547 1232 572 rursus,
1253 538 1353 567 reditu
1369 539 1405 568 ad
1428 539 1611 579 principium
1627 541 1720 578 facto,
1737 551 1827 580 quar-

1114 584 1155 615 ta,
1172 580 1287 618 quinta,
1301 585 1332 611 et
1346 588 1446 619 sexta,
1461 583 1548 613 navis
1563 583 1670 623 primae
1682 584 1826 614 centuriae

1114 623 1234 653 navium
1260 624 1445 655 attribuetur
1472 626 1561 656 classi
1585 633 1711 666 quartae,
1727 633 1756 657 et
1780 627 1825 657 sic

1113 676 1216 705 porro,
1233 667 1330 697 donec
1354 673 1472 698 cunctae
1489 679 1582 700 naves
1606 674 1750 700 trecentae
1772 679 1828 708 per

1115 709 1223 748 viginti
1241 710 1369 747 classes,
1389 722 1516 751 quarum
1542 722 1730 752 unaquaeque
1752 713 1828 742 XV.

1112 752 1243 782 navibus
1260 759 1388 791 constat,
1403 755 1576 786 distributae
1587 756 1709 786 fuerint.

1156 798 1228 826 183.
1243 799 1273 827 5.
1288 797 1426 840 τίμημα]
1443 799 1525 829 Citat
1540 799 1570 828 h.
1587 798 1608 828 Ι.
1622 800 1777 838 Harpocr.
1795 808 1824 827 v.

1112 836 1154 866 δ’τι
1171 838 1356 882 ἑξακισχίλιοι
1372 847 1403 871 et
1415 853 1446 872 v
1462 842 1593 882 τίμημα.

1157 884 1229 912 184.
1243 886 1272 912 8.
1289 886 1364 923 φυλῆ
1378 883 1449 926 μία]
1467 889 1537 924 post
1548 886 1620 924 φυλὴ
1632 884 1691 924 μία,
1703 885 1827 915 videtur

1112 925 1275 966 Τρίῆξαξχος
1290 926 1327 962 εἷς
1341 929 1463 958 deesse.

1155 985 1198 989 —-
1211 972 1262 998 lO.
1271 969 1385 1010 μέρους]
1399 975 1470 1009 post
1480 970 1579 1011 μέρους
1589 971 1701 1000 deest‘
1693 971 1829 1002 εκάστου.

1156 1027 1197 1032 —
1210 1013 1262 1040 21.
1279 1012 1367 1050 λόγον,
1380 1011 1406 1042 ἓν
1416 1012 1520 1053 μέλλω
1532 1013 1637 1054 λέγειν]
1653 1014 1776 1053 praetuli
1789 1014 1829 1043 de

1113 1063 1181 1082 meo
1194 1054 1311 1092 judicio
1322 1055 1400 1094 λόγον
1413 1055 1530 1096 μέλλων
1539 1055 1639 1094 λέγειν.
1651 1057 1828 1087 tantundem

1115 1101 1173 1131 est,
1188 1106 1222 1126 ac
1238 1099 1262 1127 si
1279 1099 1430 1129 dixisset:
1452 1098 1525 1135 οῖδα,
1548 1099 1592 1129 δ’τι
1613 1099 1718 1140 μέλλω
1738 1098 1830 1138 λέγειν

1115 1140 1194 1176 λόγον
1209 1142 1371 1181 παξάδοξον.

1159 1201 1203 1206 --
1219 1187 1269 1215 525.
1294 1184 1358 1214 εῖναι
1374 1188 1428 1226 γὰρ
1441 1184 1540 1226 σόρον]
1565 1185 1647 1216 Gitat
1662 1185 1692 1215 h.
1708 1185 1728 1214 l.
1746 1185 1829 1215 Her-

1115 1238 1259 1267 magenes
1275 1228 1314 1257 de
1327 1229 1484 1263 methodo,
1496 1227 1596 1267 capite
1613 1228 1673 1268 περὶ
1685 1229 1735 1258 τοῦ
1747 1230 1827 1258 κατὰ

1115 1272 1212 1300 πεῦσιν
1225 1282 1395 1312 σχηματος,
1411 1271 1442 1300 iu
1457 1271 1525 1307 fine,
1538 1282 1570 1311 p.
1587 1273 1662 1302 416.

1161 1314 1445 1355 185.1.ὁςῖιτε-]
1464 1314 1616 1344 Aristides
1631 1315 1670 1344 de
1687 1315 1728 1343 D.
1744 1313 1778 1344 C.
1794 1324 1824 1353 p.

1115 1359 1189 1387 274.
1220 1356 1351 1397 ἔμφασις
1365 1356 1495 1404 hyiverai,
1520 1355 1586 1388 ὅταν
1612 1369 1658 1391 ’τις
1683 1357 1831 1391 δεικτικοῖς

1113 1411 1230 1440 χξητιιι.
1248 1412 1336 1436 ουτος,
1357 1404 1378 1430 οὗ
1394 1401 1501 1453 νᾶνδρες,
1520 1401 1569 1430 καὶ
1588 1400 1712 1434 παλαιός
1727 1398 1795 1429 ἔσθ’
1817 1400 1829 1428 ὅ

1114 1443 1206 1482 νόμος,
1222 1443 1270 1473 καὶ
1286 1446 1379 1496 καλῶς
1394 1442 1478 1497 ἔχων.
1493 1455 1541 1473 και
1557 1444 1644 1474 πάλιν
1658 1442 1684 1472 ἐν
1699 1440 1828 1483 συμὲου-

1115 1488 1263 1520 λευτικοῖς·
1285 1487 1364 1526 ὁρᾶτε
1386 1486 1494 1517 ταύτην
1511 1487 1561 1517 τῆν
1581 1485 1680 1517 «πόλιν.
1696 1484 1722 1515 ἒν
1736 1485 1830 1515 »radam

1114 1530 1272 1570 τηλικαύτῃ
1287 1542 1320 1559 το
1334 1529 1447 1564 πλῆθος
1461 1529 1538 1570 evop-

1157 1590 1199 1595 —-
1209 1576 1239 1605 5.
1253 1571 1400 1613 ἐνταυθοῖ]
1417 1562 1536 1613 praetuli
1550 1570 1675 1602 {navet
1687 1581 1746 1601 non
1759 1571 1829 1607 huc,

1115 1617 1169 1646 sed
1186 1616 1234 1646 hic
1247 1616 1312 1646 loci.

1157 1677 1198 1682 -—
1215 1662 1243 1690 8.
1259 1657 1467 1700 χρηὰμῳδεῖεν]
1484 1658 1557 1688 dedi
1570 1658 1609 1687 de
1622 1668 1702 1694 meo,
1725 1667 1828 1698 quam-

1114 1713 1201 1741 quam
1219 1703 1256 1732 ab
1273 1702 1341 1731 aliis
1356 1702 1497 1741 praeitum
1514 1701 1738 1740 quodammodo
1752 1706 1829 1735 erat,

1113 1745 1291 1785 χρησμῳδοί,
1314 1745 1378 1774 scil.
1402 1744 1511 1783 φοβοῖεν
1526 1745 1614 1784 ὑμᾶς,
1638 1754 1707 1784 quae
1723 1748 1795 1773 sunt
1811 1754 1828 1772 e

1114 1788 1282 1826 praemissis
1299 1788 1392 1817 tacite
1407 1788 1555 1818 iteranda.

1157 1849 1199 1853 —
1214 1832 1290 1862 ibid.
1310 1832 1357 1861 οὐκ
1378 1830 1411 1860 ἂν
1430 1828 1624 1869 εἰσενέγκαιεν,
1644 1827 1716 1859 ἀλλ’
1729 1828 1784 1859 οὐδ’
1797 1828 1830 1858 ἃν

1114 1874 1238 1913 δείξαιεν,
1254 1873 1307 1904 οὐδ’
1328 1874 1360 1904 ἃν
1381 1873 1598 1914 ὁμολογήσαιεν]
1616 1882 1720 1912 opera,
1737 1882 1826 1911 quam

1114 1918 1164 1947 hic
1187 1918 1271 1954 dedi,
1288 1928 1397 1947 vereor
1420 1928 1457 1946 ne
1481 1916 1586 1946 multis
1600 1924 1828 1955 supervacanea

1115 1961 1264 1990 videatur.
1310 1960 1435 1990 Scilicet
1457 1958 1539 1989 ἀλλὰ
1564 1969 1581 1988 a
1602 1959 1704 1998 priore
1729 1956 1782 1989 οὐδ’
1797 1958 1830 1988 ἂν

1114 2004 1266 2039 avulsum,
1282 2003 1397 2033 retraxi
1411 2003 1449 2032 ad
1464 2002 1629 2042 posterius,
1645 2012 1704 2032 non
1719 2002 1829 2032 viden-

1115 2052 1163 2076 tur
1178 2047 1339 2085 collaturi3
1355 2057 1392 2076 ue
1408 2046 1564 2085 proferent
1580 2044 1701 2085 quidem
1718 2044 1750 2074 iu
1765 2055 1830 2074 me-

1116 2090 1197 2120 dium
1215 2090 1285 2130 (aut
1309 2090 1469 2120 ostendent
1484 2090 1637 2128 cuiquam,
1653 2088 1764 2117 nemini
1780 2097 1830 2116 re-

1115 2134 1261 2163 serabunt
1278 2143 1378 2163 arcam
1395 2143 1479 2162 suam
1503 2130 1711 2166 nummariam,
1733 2130 1829 2160 nemi-

1115 2187 1181 2205 nem
1199 2177 1235 2206 ad
1255 2186 1319 2206 eam
1337 2175 1517 2214 adducent),
1544 2179 1574 2203 at
1593 2184 1630 2203 nc
1653 2173 1828 2203 fatebuntur

1114 2219 1249 2257 quidem,
1262 2219 1321 2248 sibi
1337 2219 1367 2247 in
1383 2228 1462 2257 penu
1474 2228 1552 2247 esse.
1567 2221 1619 2247 aut
1632 2216 1732 2255 possit
1747 2217 1828 2246 ἀλλὰ

1115 2262 1273 2300 geminari,
1295 2262 1331 2291 ad
1348 2261 1429 2290 hunc
1451 2262 1572 2290 modum
1587 2271 1593 2289 ε
1618 2259 1666 2290 οὐκ
1681 2259 1713 2289 ἃν
1729 2258 1828 2289 εἰσενέ-

1113 2315 1218 2343 γκαιεν·
1234 2304 1303 2334 ἀλλ’
1319 2303 1373 2334 οὐδ’
1394 2303 1425 2334 ἂν
1439 2303 1559 2342 δείξαιεν.
1575 2312 1634 2332 non
1651 2303 1807 2333 conferent
1821 2314 1829 2339 ;

1114 2359 1150 2378 ne
1167 2349 1321 2388 proferent
1334 2347 1468 2387 quidem.
1494 2345 1562 2376 ἀλλ’
1575 2344 1629 2375 οὐδ’
1644 2346 1676 2376 ἒιν
1690 2345 1830 2386 ὁμολογή-

1113 2402 1201 2422 σαιεν.
1214 2392 1287 2431 quid
1298 2393 1311 2420 ’.Ι
1321 2391 1401 2430 quod
1412 2400 1449 2420 ne
1459 2390 1635 2420 fatebuntur
1642 2389 1765 2429 quidem
1773 2406 1826 2419 —-.

1156 2453 1198 2457 —-
1214 2438 1267 2465 18.
1294 2435 1344 2464 τοῦ
1359 2432 1505 2487 panstch
1510 2433 1541 2463 id
1562 2437 1620 2468 est,
1644 2431 1659 2463 ἢ
1684 2431 1774 2470 γέλως
1788 2431 1826 2462 εἴη

1113 2477 1210 2518 (νεΙ“
1199 2491 1212 2508 η
1224 2477 1386 2516 κατεγέλων
1401 2475 1434 2506 ἒιν
1445 2478 1522 2516 ὑμᾶς
1537 2477 1559 2506 οἱ
1576 2474 1725 2515 ἄνθρωποι)
1738 2485 1827 2514 quam

1113 2521 1285 2551 deridiculo
1308 2521 1376 2551 sitis
1405 2520 1508 2555 futuri,
1534 2519 1557 2549 εἲ
1588 2518 1714 2548 καθόλου
1740 2517 1829 2557 μηδὲν

1113 2563 1203 2604 πορίζε
1205 2564 1273 2594 σθε.
1319 2564 1349 2594 Si
1366 2573 1493 2603 prorsus
1509 2562 1584 2592 nihil
1603 2561 1830 2591 extunderetis.

1113 2618 1179 2637 nam
1197 2619 1214 2638 a
1230 2607 1372 2637 mendico
1390 2606 1462 2636 nihil
1479 2605 1578 2644 exigi,
1594 2605 1675 2634 risus
1689 2603 1720 2633 id
1736 2614 1827 2653 argit-

1111 2656 1244 2680 mestum
1263 2650 1377 2680 nullum
1394 2654 1452 2685 est,
1469 2649 1522 2680 sed
1540 2647 1828 2678 commiserationis.

1112 2693 1216 2724 Minus
1230 2699 1329 2724 autem
1346 2694 1484 2723 centenis
1501 2690 1639 2731 partibus
1657 2690 1827 2726 conferens,

1111 2747 1199 2775 quam
1223 2737 1438 2776 postularetur,
1454 2739 1506 2765 aut
1522 2738 1764 2772 exspectaretur,
1788 2733 1828 2762 ri-

1111 2790 1176 2809 sum
1196 2780 1268 2815 ciet,
1283 2780 1352 2819 quia
1368 2779 1437 2818 plus
1452 2779 1526 2807 dare
1539 2777 1676 2817 potuisse
1693 2776 1827 2811 videtur,

1110 2823 1162 2852 sed
1181 2824 1252 2853 data
1275 2832 1366 2862 opera
1390 2826 1448 2851 tam
1473 2830 1578 2861 parum
1606 2819 1743 2854 dedisse,
1765 2829 1827 2858 quo

1109 2866 1282 2906 exigentem
1303 2865 1520 2895 ludificaretur

1150 2906 1416 2948 -19.εἴσφέςειν]
1434 2907 1470 2936 ad
1484 2905 1618 2946 εἰσφέρειν
1630 2904 1825 2940 subauditur,

1107 2953 1187 2989 quod
1206 2953 1242 2981 ad
1261 2950 1499 2990 quamplurimos
1516 2949 1548 2978 fit
1564 2948 1745 2983 infinitivus,
1763 2948 1825 2978 δειν.

1149 3012 1190 3017 --
1201 2997 1252 3026 24.
1261 2992 1401 3033 εἰσοίσειν]
1412 2999 1481 3033 post
1495 2991 1621 3023 εἰσοίσειν
1632 2990 1754 3022 ridetur
1765 2991 1827 3020 οὐκ·

1105 3037 1145 3067 οῖὲν
1158 3038 1277 3069 deesse.
1295 3038 1375 3068 conl'.
1390 3047 1419 3067 v.
1438 3038 1489 3067 21.
