1931 3323
343 199 428 241 478

644 198 694 240 Τ.
718 196 998 240 STANLEII
1033 196 1512 240 ANNOTATIONES

840 371 904 413 IN
938 369 1328 414 ORATIONEM.

390 480 424 510 P.
443 482 516 510 280.
534 481 591 510 ult.
609 479 692 519 Λόγον
707 480 793 511 εἰπεῖν
808 502 816 511 .
837 503 844 510 .
863 502 871 510 .
887 479 1069 521 κεχαρισμέ-

346 523 401 564 νον]
428 523 643 563 Hyperbaton.
670 524 786 554 Graecis
807 523 932 559 usitata,
950 523 1068 554 Latinis

346 567 463 605 ignota,
487 567 547 597 nisi
573 567 723 606 siquando
746 569 874 597 Graecos
899 567 1067 597 imitantur.

345 614 353 625 ¹
369 610 518 649 Syntaxis
538 611 689 650 implicita
709 616 740 641 et
763 611 933 650 perplexus
957 611 1068 640 verbo-

347 664 414 683 rum
431 654 531 690 ordo,’
551 655 631 694 apud
656 655 830 694 Scriptores
854 654 987 688 Atticos,
1010 664 1066 683 nec

344 696 521 736 infrequens
544 708 601 728 nec
623 698 782 737 inelegans
806 707 859 736 pro
886 695 994 725 δοκοῦσί
1015 709 1066 735 μοι

346 750 395 780 πρ.
410 747 439 770 λ.
455 752 476 771 ε.
491 751 520 770 κ.
535 748 595 771 etc.
628 742 757 771 Aristot.
774 741 846 770 Elh.
864 739 908 770 vi.
921 743 953 769 ‘Z-
978 737 1066 770 ''Eo-”rt

346 782 371 812 δ’
387 782 453 823 ὅπερ
470 783 495 814 ἐν
518 784 618 824 διανοίᾳ
639 785 811 821 κατάφασις
835 789 897 813 etc.
920 793 977 822 pro
1000 783 1067 824 ὅπερ

346 825 371 855 δ’
389 825 466 857 ἐστὶν
481 833 539 857 etc.
560 828 609 857 cui
629 828 727 857 simile
749 827 825 856 illud
847 827 946 868 Phys.
961 826 1003 856 iv.
1022 827 1064 867 [o.

348 869 424 909 4.]”
413 882 477 899 εστι
495 870 519 899 δ’
531 871 619 924 ὥςπερ
635 882 668 900 ’το
685 871 795 908 ἀγγειον
810 876 871 900 etc.
896 881 951 909 pro
968 881 1065 911 ωςωερ

346 912 372 941 δ’
388 912 455 942 ξ’τῖ
478 913 511 942 τὸ
529 915 639 951 (ἔγγειον
655 919 716 944 etc.
741 914 806 943 etl.
823 915 843 944 i.
859 925 886 943 c.
904 916 955 944 1⁶2.
982 912 1066 952 ἀργία

346 959 401 996 γὰρ
415 950 497 985 εστὶν
512 957 523 986 ὁ
538 956 616 991 ’πόνος
631 969 682 992 ’της
703 956 802 998 ψυχῆς
823 963 883 987 etc.
906 967 961 995 pro
982 956 1065 997 ἀργία

345 1002 401 1039 γὰρ
417 1001 468 1033 τῆς
483 998 519 1037 ψ.
536 1006 595 1030 etc.
625 1002 741 1030 Noster
757 1001 867 1030 alicub'
849 1012 888 1030 1:
906 1000 996 1040 [495.
1014 1003 1065 1031 20.

345 1044 395 1072 ed.
414 1043 542 1084 Reisk.]
574 1042 611 1073 Τι’
629 1045 715 1073 ’τοῦτο
734 1044 841 1082 μαθὼν
863 1043 1065 1084 προσεγροιψοι.

346 1085 396 1115 ubi
414 1087 610 1126 participium
626 1088 732 1126 μαθὼν
745 1087 926 1125 implicitum
938 1092 984 1117 est
996 1098 1064 1117 cum

344 1130 467 1159 duobus
481 1131 680 1166 dictionibus,
696 1142 763 1169 quae
777 1137 883 1160 natura
899 1131 1064 1166 cohaerent,

344 1173 376 1202 h.
387 1183 427 1203 m.
441 1173 518 1212 τίμ.
530 1186 559 1203 τ.
571 1185 604 1203 π.
617 1178 647 1203 et
661 1174 752 1203 alibi:
772 1175 830 1204 Οὐκ
846 1174 931 1207 αὐτὸς
946 1176 1065 1209 σκοπεῖς

344 1216 402 1253 δ’,τι
418 1218 460 1256 μὴ
477 1217 624 1251 λυωήσεις
636 1219 701 1251 τοὺς
716 1217 821 1252 ἄλλους
833 1220 927 1253 ποιῖν,
940 1228 994 1256 pro
1008 1217 1064 1253 δ’,τι

344 1270 386 1289 w.
401 1261 444 1298 μὴ
457 1266 485 1290 λ.
502 1272 532 1290 τ.
550 1261 579 1290 οἵ.
595 1266 654 1291 etc.
669 1271 728 1290 uon
749 1262 967 1292 animadvertis
986 1263 1063 1300 ipse,

343 1304 427 1342 quod
448 1308 478 1333 te
495 1305 593 1334 vitare
608 1310 751 1343 oporteat
770 1316 808 1334 ne
829 1305 897 1334 aliis
912 1305 1064 1334 molestus

343 1347 399 1376 sis.
426 1348 578 1386 quodnam
600 1348 716 1378 faciens
737 1349 886 1378 molestus
909 1348 980 1378 aliis
1005 1359 1064 1378 non

341 1391 414 1420 eris.
441 1392 521 1421 Plut.
545 1393 682 1422 Demetr.
709 1392 753 1432 [e.
769 1393 821 1422 38.
827 1392 840 1433 ]
867 1399 933 1422 είτα
953 1392 1001 1421 οὐκ
1020 1403 1063 1427 αν,

342 1434 430 1464 εἶπειν
440 1434 485 1464 τὸν
497 1434 638 1471 Σέλευκον,
650 1434 798 1470 ἐπιδοίης,’
801 1433 1010 1476 Εραο-ίστροιτε,
1023 1437 1066 1464 τῶ

342 1475 408 1516 ἔμᾷἕ
421 1479 513 1514 παιδὶ,
529 1477 610 1519 φίλος
626 1479 669 1514 ὢν,
685 1491 730 1508 τον
746 1479 860 1518 γάμον;
876 1490 932 1517 pro
948 1479 969 1508 εἶ
989 1478 1016 1508 δὲ
1033 1491 1063 1509 τ.

343 1526 375 1550 Σ.
388 1526 409 1550 οὗ
425 1521 479 1562 Ερ.
497 1533 517 1550 τ
520 1544 623 1552 .....
640 1524 688 1553 οὐκ
704 1523 736 1553 ἒιν
751 1521 870 1558 ἐπιδοίης
891 1522 938 1552 τὸν
957 1523 1062 1561 γάμον.

343 1564 415 1594 Mo
410 1566 467 1596 ·.ch
484 1565 550 1595 sive
568 1565 1064 1605 Ρογρὴ.π.α.1.ἱν.ουδενεπικο

342 1608 693 1663 μιζόμξνοιὲιποδημοῧο-ιν
701 1610 900 1649 ἀναλωμάτων
909 1608 998 1645 ἕνεκα,
1009 1620 1063 1649 pro

342 1651 447 1682 οὐδὲνΕ
437 1663 484 1682 §.vr
502 1654 544 1682 ἀν.
564 1652 600 1682 ἓν.
621 1654 712 1683 arez-03.
731 1656 966 1695 pevegrinantnr
989 1653 1065 1684 nihil

339 1695 602 1736 secumfer'eutes
593 1707 737 1735 tmpensm
741 1709 787 1726 77777
801 1707 839 1737 110
841 1698 913 1732 αιια
928 1696 999 1725 nihil
1019 1707 1063 1727 sc.

340 1749 402 1778 qno
419 1740 575 1778 impensas
590 1740 720 1770 solvant.
754 1741 889 1770 Similem
907 1740 1064 1778 trajectio-

343 1792 411 1812 nem
427 1784 588 1812 verborum
603 1794 655 1813 seu
670 1785 862 1823 hyperbaton
876 1784 981 1812 volunt
992 1793 1062 1813 esse

343 1826 483 1865 plerique
496 1827 524 1855 in
539 1826 591 1855 illo
605 1827 675 1856 loco
693 1828 812 1866 Evang.
830 1828 904 1856 Luc.
919 1824 997 1855 xxii.
1009 1829 1062 1858 36.

341 1868 354 1898 ὁ
373 1868 447 1910 ἔχων
466 1869 632 1905 βαλάντιον,
646 1869 754 1911 ᾀράτω,
771 1871 871 1910 ὁμοίως
889 1869 937 1898 καὶ
962 1869 1061 1909 πήραν·

342 1914 390 1942 καὶ
408 1913 420 1942 ὁ
435 1915 477 1952 μῆ
493 1912 578 1954 ἔχων,
594 1915 764 1943 πωλησάτω
779 1913 812 1943 τὸ
829 1913 946 1953 ῖμάτιον
964 1913 1064 1950 αὑτοῦ,

341 1956 390 1986 καὶ
406 1957 580 1997 ἀγορατάτω
594 1956 758 1998 μάχαιραν.
771 1968 839 1996 quae
854 1958 946 1986 verba
960 1962 1063 1997 poste-

342 1999 425 2030 riora
449 2001 494 2030 sic
520 2005 644 2030 vertunt
666 2002 800 2039 Interpr.
826 2000 916 2030 etiam
943 2001 1060 2031 nostri:

339 2047 361 2059 “
381 2043 481 2083 etqui
501 2054 559 2073 non
576 2043 670 2074 habet
690 2045 836 2084 gladium,
852 2043 965 2074 vendat
983 2044 1062 2073 tuni-

341 2097 408 2116 cam
425 2097 509 2117 suam
527 2090 559 2116 et
572 2086 685 2117 emat.'’
713 2088 829 2117 Volunt
845 2088 906 2117 viz.
922 2098 991 2117 esse
1007 2088 1062 2127 hy-

341 2131 502 2169 perbaton,
523 2141 579 2160 seu
601 2131 810 2170 trajeetionem
836 2129 867 2160 in
890 2130 1006 2167 verbis,
1025 2141 1061 2161 ac

340 2175 365 2204 si
384 2174 563 2213 scripsisset
578 2175 695 2213 Evang.
715 2175 727 2204 ὁ
750 2175 793 2214 μὴ
813 2173 887 2214 ἔχων
908 2174 1063 2215 μάχαιραν

339 2223 400 2248 etc.
410 2217 543 2257 ideoque
556 2217 588 2247 in
600 2219 742 2248 versione
753 2217 921 2248 restituunt
932 2218 1061 2248 verbum

341 2262 494 2302 μάχαιραν
505 2261 534 2291 in
545 2271 632 2290 suum
644 2262 757 2297 locum,
770 2262 819 2301 qui
829 2271 887 2290 non
901 2260 985 2290 habet
993 2261 1061 2301 gla-

342 2306 427 2335 dium
438 2310 498 2336 etc.
515 2304 568 2334 sed
584 2309 741 2344 utcunque
760 2305 903 2344 frequens
918 2303 960 2334 sit
978 2306 1060 2343 apud

341 2348 464 2379 Atticos
480 2349 545 2378 haec
561 2348 702 2388 syntaxis
715 2347 886 2387 implicata,
900 2358 955 2378 seu
970 2349 1061 2387 traje-

340 2392 403 2422 ctio
428 2393 604 2428 verborum,
626 2402 715 2431 quam
738 2392 928 2430 hyperbaton
949 2395 1062 2421 vocant

343 2436 398 2464 Gr.
420 2437 573 2465 Gramma
601 2435 758 2466 rarissime
785 2439 886 2464 tamen
915 2433 1060 2476 (opinor)

342 2479 568 2509 occurritinN.
578 2480 610 2509 F.
621 2479 701 2519 quod
711 2477 958 2519 Εβραιζειῐῃειὲὶε
970 2489 1061 2528 quam

342 2520 509 2560 Ἀττικίζει.
524 2523 618 2562 Vulg.
638 2527 669 2552 et
685 2523 769 2552 Beza
781 2522 819 2552 ad
836 2523 924 2552 verb.
936 2523 988 2562 qui
1002 2532 1060 2552 non

313 2590 316 2593 .
343 2564 430 2595 habet
456 2566 563 2595 vendat
587 2566 725 2604 pallium,
757 2571 785 2595 et
809 2571 884 2595 emat
909 2566 1060 2606 gladium,

342 2608 474 2638 obscure
493 2613 525 2638 et
538 2609 691 2648 ambigue.
739 2609 837 2648 Syrus
856 2614 886 2639 et
906 2609 1006 2639 Arabs
1022 2610 1060 2639 ad

341 2652 496 2683 vitandam
506 2652 715 2691 trajectionem
725 2658 869 2692 repetunt
877 2663 984 2682 vocem
993 2652 1060 2692 gla-

341 2696 425 2726 dium
438 2696 468 2725 h.
478 2705 518 2725 m.
531 2700 558 2725 et
571 2697 690 2735 quinon
707 2695 789 2726 habet
802 2695 940 2737 gladium
953 2696 1061 2726 vendat

340 2745 442 2770 vestem
459 2749 543 2768 suam
557 2745 584 2769 et
598 2743 674 2768 emat
685 2739 832 2779 gladium.
870 2739 962 2768 Arab.
980 2743 1002 2757 ‘¹
1014 2750 1060 2769 wa

341 2793 412 2813 man
434 2783 511 2812 laisa
529 2782 610 2812 lal1o’
628 2782 775 2821 Saiphon,
792 2783 974 2823 wahabagna
990 2783 1059 2812 sha-

343 2826 458 2861 bantio,
475 2826 599 2856 waliash
612 2825 685 2856 tirra
699 2824 869 2865 Saiphon.''
894 2827 934 2855 Et
946 2827 1059 2856 nollem

342 2870 483 2909 equidem
498 2869 562 2899 sine
574 2879 684 2908 magna
696 2869 879 2899 necessitate
891 2869 969 2898 hanc
982 2870 1059 2910 figu-

343 2923 406 2943 ram
416 2913 597 2944 admittere:
610 2912 640 2942 in
649 2913 703 2944 Gr.
712 2917 797 2942 textu
808 2912 887 2942 enim
898 2913 1059 2952 S.Evang.

341 2957 425 2987 nulla
441 2967 496 2987 nos
512 2957 595 2997 cogit
613 2956 783 2986 necessitas
800 2955 871 2985 hinc
891 2966 1059 2986 recurrere.

342 3001 441 3030 Immo
453 3001 555 3039 potius
569 3011 677 3030 sensus
690 2999 750 3029 loci
764 2999 916 3040 postulat,
937 3003 969 3029 nt
986 2999 1058 3030 sim-

1103 477 1223 516 oniine,
1240 489 1301 519 quo
1317 483 1473 519 ponuntur
1490 477 1520 508 in
1537 482 1643 509 textu:
1668 478 1737 519 ὂμῆ
1747 476 1824 520 ἔχων

1103 527 1163 552 etc.

1144 583 1188 588 -
1217 565 1294 595 ibid.
1328 564 1534 607 κεχαρισμένον
1564 564 1593 595 οὗ
1622 563 1823 606 συμφέροντα]

1101 609 1279 639 Communis
1289 609 1339 638 hic
1350 610 1521 639 Rhetorum
1531 609 1654 639 morbus
1668 613 1725 644 est,
1735 608 1826 639 volu-

1101 657 1216 691 ptatem
1233 653 1264 682 in
1281 653 1412 683 dicendo
1429 653 1534 692 potius
1551 662 1639 692 quam
1659 652 1823 682 utilitatem

1102 701 1255 734 spectare,
1267 707 1334 737 κεχ.
1351 696 1455 735 potius
1468 706 1556 735 quam
1574 703 1674 735 συμφ.
1690 694 1770 734 λόγον
1784 694 1823 724 εἰ·

1101 739 1182 773 πνεῖν,
1199 739 1238 768 de
1254 750 1315 778 quo
1332 739 1445 777 passim
1468 739 1607 779 queritur
1624 740 1716 768 Dem.
1747 738 1822 768 Hoc

1102 782 1155 810 Gr.
1172 781 1279 811 dicunt
1295 780 1361 821 πρὸς
1382 783 1466 823 χάριν
1489 782 1592 820 λέγειν,
1607 783 1656 812 vel
1673 792 1708 812 π’.
1723 793 1759 823 χ.
1776 781 1823 813 δη-

1100 825 1230 865 μηγορὲῖν
1245 830 1306 855 etc.
1323 829 1354 854 et.
1371 835 1430 854 uno
1447 826 1597 856 vocabulo
1616 830 1822 866 χαριτογλωσ-

1100 869 1169 897 σεῖν.
1187 875 1218 898 et
1233 869 1263 897 id
1279 868 1405 918 quidem.
1413 869 1562 908 optimum
1579 875 1661 898 esset
1673 868 1822 899 maxime-

1100 922 1160 950 que
1174 913 1351 951 optandum,
1366 913 1494 942 miscere
1511 913 1553 942 uti
1564 912 1643 952 [sic]
1656 916 1821 951 utrumque

1100 955 1214 984 simul
1206 966 1235 985 777
1250 956 1432 991 orationem,
1443 961 1626 985 connectere
1638 967 1670 984 το
1686 965 1755 996 κεχ.
1771 954 1822 984 και

1098 998 1131 1026 'rb
1148 998 1306 1038 consp-,¹1¹5
1324 997 1374 1029 ήδυ
1389 998 1437 1028 καῖ
1452 998 1485 1028 τὸ
1499 996 1652 1040 χρησιμον,
1667 1000 1748 1038 quod
1765 998 1820 1037 qui

1098 1041 1171 1071 fecit
1197 1053 1285 1071 omne
1310 1042 1379 1071 tulit
1402 1048 1560 1081 punctum.
1591 1042 1673 1081 quod
1695 1041 1721 1071 si
1746 1051 1819 1071 vero

1098 1089 1261 1125 utrumque
1278 1085 1341 1114 fieri
1357 1095 1415 1114 non
1430 1086 1541 1123 possit,
1552 1085 1818 1125 praestatVeronae

1098 1128 1198 1158 civem
1223 1139 1292 1158 esse
1317 1138 1405 1169 quam
1425 1129 1601 1159 Placentiae.
1647 1128 1820 1159 Parasitica

1097 1173 1188 1211 plane
1206 1183 1266 1202 vox
1283 1172 1336 1202 illa
1357 1171 1371 1203 ἢ
1399 1171 1504 1203 ἥδιστα
1523 1171 1537 1203 ἢ
1555 1172 1675 1208 ‘riute-ra,
1697 1171 1763 1201 sive
1779 1172 1819 1202 ad

1097 1216 1268 1255 principem
1280 1216 1344 1245 sive
1357 1215 1393 1244 ad
1407 1216 1554 1255 populum
1568 1216 1660 1246 verba
1672 1213 1819 1251 saciasstb

1096 1259 1240 1300 χρήσιμον
1259 1259 1355 1299 magis
1377 1270 1466 1298 quam
1483 1258 1516 1288 ’τό
1534 1258 1583 1290 ἥδυ
1605 1259 1818 1298 spectandum.

1098 1304 1139 1332 Et
1149 1303 1249 1342 quoad
1261 1304 1317 1332 hoc
1328 1307 1410 1332 certe
1421 1307 1519 1343 poetae
1529 1307 1677 1342 praestant
1690 1303 1820 1332 oratori-

1098 1347 1167 1376 bus.
1188 1347 1263 1375 Cum
1279 1346 1356 1375 enim
1375 1346 1470 1383 prisci
1489 1346 1579 1375 Rhet.
1596 1346 1737 1385 plerique
1754 1345 1819 1384 (uti

1099 1390 1149 1419 hic
1159 1390 1358 1429 conqueritur
1366 1390 1475 1428 Dein.)
1484 1388 1563 1427 λόγον
1571 1388 1659 1419 εἶπεῒν
1669 1390 1818 1431 προῃροῦν-

1098 1446 1132 1464 το
1141 1444 1208 1474 κεχ.
1215 1434 1318 1472 potius
1327 1444 1415 1472 quam
1427 1440 1525 1473 συμφ.
1539 1433 1703 1462 Poetarum

1098 1476 1220 1516 insigne
1236 1477 1312 1507 illud
1331 1477 1464 1515 elogium
1481 1481 1529 1506 est
1543 1476 1621 1516 apud
1637 1476 1715 1506 Hor.
1732 1475 1818 1517 [Art.

1098 1521 1189 1550 Poet.
1205 1521 1305 1594 333]
1315 1523 1335 1537 “
1348 1521 1410 1549 Aut
1427 1521 1577 1559 prodesse
1593 1519 1720 1549 volunt’'
1736 1524 1796 1550 etc.

1141 1565 1179 1594 P.
1197 1568 1271 1595 281.
1290 1567 1318 1594 1.
1338 1562 1512 1597 ἐπαινοῦντες
1526 1582 1569 1586 -—
1584 1561 1816 1605 ἐγκωμιάζουσι]

1097 1608 1285 1649 Synonyma.
1310 1612 1341 1637 et
1363 1613 1464 1636 tamen
1491 1607 1604 1637 ΡΙιίΙο5.
1632 1607 1703 1637 Eth.
1724 1608 1744 1636 i.
1764 1610 1817 1639 12.

1097 1651 1263 1688 distinguit
1284 1650 1362 1680 inter
1385 1649 1492 1681 ἔπαινον
1511 1656 1541 1680 et
1565 1648 1704 1690 ἐγκώμια.
1729 1650 1741 1680 ὅ
1764 1650 1820 1690 μὲν

1097 1696 1152 1734 γὰρ
1168 1693 1277 1728 ἔπαινος
1291 1693 1425 1735 (inquit)
1439 1695 1490 1727 τῆς
1504 1695 1613 1734 ἀρετῆς,
1628 1695 1667 1722 τὰ
1683 1691 1737 1723 δὲ’
1727 1694 1818 1732 synch-

1095 1749 1155 1776 μιοι
1176 1740 1231 1767 τῶν
1251 1738 1343 1777 ἔργων.
1364 1736 1473 1770 ἔπαινος
1478 1737 1528 1771 ,.17
1546 1748 1574 1767 e.
1594 1737 1673 1771 laus,
1691 1737 1816 1777 proprie

1097 1786 1143 1810 est
1158 1781 1278 1810 habitus
1295 1781 1429 1816 virtutis,
1446 1779 1584 1820 ἐγκώμιον
1595 1785 1696 1809 autem
1713 1791 1818 1811 rerum

1097 1830 1266 1861 gestarum.
1284 1824 1336 1853 Sic
1355 1824 1445 1853 Rhet.
1458 1824 1479 1853 i.
1497 1834 1525 1853 c.
1540 1826 1570 1854 9.
1595 1821 1681 1853 Ἐστι
1698 1822 1748 1853 δ’”
1735 1835 1820 1854 εποιι-

1096 1877 1146 1903 νος,
1171 1867 1253 1906 λόγος
1276 1866 1450 1919 ἐμφανίζων
1457 1866 1586 1906 μέγεθος
1607 1867 1716 1907 ἀρετῆς·
1737 1866 1772 1897 τὸ
1793 1866 1819 1897 δ’

1096 1909 1247 1951 ἔγκωμιον,
1261 1914 1316 1940 τῶν
1336 1909 1420 1950 ἔργῳν
1442 1909 1529 1941 ἐστίν
1554 1915 1585 1940 et
1607 1911 1700 1949 paulo
1722 1914 1814 1950 post:

1096 1953 1134 1984 διὸ
1150 1955 1199 1984 καὶ
1214 1953 1434 1994 ἐγκωμιάζομεν
1449 1953 1626 1994 πρίιξοιντοις·
1639 1955 1680 1984 τὰ
1701 1953 1761 1984 δὲ”
1749 1966 1817 1995 εργοι

1096 1999 1206 2038 σημεῖα
1221 2000 1272 2032 τῆς
1288 1997 1370 2037 ἕξεώς
1385 1998 1463 2027 εἰσιν·
1479 1997 1548 2027 {wer
1565 1995 1751 2036 ἔωαινουμεν·
1766 2010 1817 2028 και

1095 2054 1137 2080 μη
1155 2041 1348 2092 πεπραγότα,
1365 2041 1387 2071 εἰ
1404 2039 1578 2080 πιστεύομεν
1595 2040 1663 2071 εινοιι
1683 2051 1818 2072 τοιουτον.

1095 2087 1234 2115 encomiis
1256 2095 1395 2116 ornamus
1417 2084 1479 2114 illos
1498 2086 1549 2125 qui
1567 2083 1743 2124 praeclarum
1758 2084 1817 2115 ali-

1096 2127 1457 2180 quodfacinusfecerunt
1473 2131 1533 2157 eto.

1138 2190 1180 2195 -——
1193 2172 1250 2202 ult.
1264 2170 1470 2214 ἐπιχειροῦντες
1484 2169 1592 2212 λέγειν]
1605 2170 1738 2200 Videtur
1753 2171 1816 2210 pri-

1095 2225 1146 2245 ma
1160 2216 1261 2245 fronte
1277 2226 1347 2245 esse
1361 2214 1559 2245 catachresis.
1594 2214 1654 2243 Sed
1672 2214 1816 2254 frequens

1095 2259 1147 2297 fig.
1169 2258 1227 2289 ἀπὸ
1251 2269 1336 2293 κοινῆς
1358 2257 1498 2300 χρησεως,
1521 2257 1593 2297 quia
1617 2256 1756 2288 manibus
1781 2262 1816 2288 ut

1095 2302 1259 2341 plurimum
1275 2312 1325 2331 res
1343 2305 1503 2341 geruntur,
1516 2301 1734 2340 suscipiuntur.
1750 2300 1815 2331 ἔπι-

1096 2347 1207 2387 χειρεῖν,
1231 2346 1328 2385 quovis
1347 2345 1429 2375 modo
1449 2344 1565 2384 aliquid
1589 2344 1726 2385 aggredi,
1750 2349 1815 2376 tum

1095 2390 1180 2418 dicto
1203 2394 1267 2419 tum
1289 2389 1380 2423 sacto,
1404 2392 1468 2417 tum
1493 2387 1599 2427 lingua
1621 2392 1685 2417 tum
1712 2398 1814 2419 manu.

1095 2431 1149 2462 Sic
1163 2430 1369 2474 ἐπιχειροῦντες
1383 2429 1473 2469 λέγειν
1488 2434 1570 2466 sunt,
1585 2431 1637 2471 qui
1653 2430 1692 2460 de
1707 2442 1741 2462 re
1758 2431 1815 2461 ali-

1095 2486 1155 2515 qua
1167 2475 1390 2514 aggrediuntur
1405 2474 1522 2511 dicere,
1536 2484 1707 2514 quanquam
1721 2474 1814 2505 etiam

1096 2524 1127 2550 et
1150 2519 1252 2549 manni
1277 2529 1366 2549 suum
1389 2518 1520 2547 officium
1545 2521 1593 2548 est
1620 2517 1651 2547 in
1676 2518 1814 2548 oratione

1095 2563 1246 2599 habenda,
1259 2572 1315 2592 nec
1330 2562 1369 2592 de
1382 2561 1479 2591 nihilo
1491 2564 1539 2591 est
1548 2560 1630 2601 quod
1643 2561 1737 2591 Rhet.
1747 2561 1813 2600 pal-

1096 2616 1154 2636 mae
1171 2617 1314 2646 expansae
1329 2608 1535 2644 comparatur.
1578 2604 1725 2643 Alioquin
1748 2605 1813 2635 haeo

1094 2650 1217 2689 phrasis
1227 2649 1337 2679 festive
1347 2647 1485 2688 torqueri
1496 2651 1600 2687 potest
1611 2647 1660 2677 vel
1672 2646 1703 2677 in
1712 2646 1814 2679 inimi-

1096 2704 1150 2723 cos
1168 2698 1199 2723 et
1213 2693 1334 2732 ineptos
1348 2692 1503 2721 Rhetores
1517 2691 1569 2730 qui
1582 2690 1721 2720 manibus

1139 2740 1170 2766 et
1185 2735 1432 2776 praetermodum
1448 2734 1693 2774 gesticulantur:
1719 2732 1794 2764 vel
1785 2744 1816 2764 777

1096 2780 1207 2811 stultos
1222 2779 1294 2809 illo—s
1314 2778 1543 2820 χειρονομοῦντες
1562 2776 1643 2816 apud
1663 2776 1726 2806 Sol.
1719 2797 1741 2814 .‚
1761 2777 1814 2817 qui

1094 2834 1203 2853 manus
1218 2823 1330 2853 liabent
1344 2823 1499 2873 linguares
1510 2825 1541 2850 et
1563 2819 1670 2857 digitis
1688 2820 1751 2850 suis
1767 2820 1813 2851 lo—

1095 2871 1238 2906 quuntur.
1276 2865 1321 2896 Hi
1336 2865 1415 2895 enim
1430 2861 1499 2894 ›ta-r'
1514 2861 1676 2903 ἀστεῖα-μον
1690 2873 1749 2893 non
1765 2863 1813 2894 in-

1095 2911 1173 2940 scite
1192 2920 1249 2939 nec
1265 2910 1315 2940 vel
1331 2908 1455 2940 inficete
1471 2906 1532 2937 dici
1550 2911 1682 2947 possunt
1699 2905 1814 2948 ἒπιχειὲ

1093 2964 1198 2994 ρουντες
1210 2951 1310 2991 λέγειν.

1137 2998 1175 3028 P.
1192 2999 1267 3028 282.
1279 2999 1309 3027 2.
1327 2994 1408 3034 δόξαν
1421 2992 1611 3036 ἐκφέρεσθαι]
1623 2993 1750 3035 gloriam
1766 3002 1813 3022 re-

338 3043 464 3083 pliciter
488 3044 723 3083 interpretemur
745 3044 891 3074 sumendo
909 3044 1002 3073 verba
1021 3054 1057 3074 eo
1088 3045 1220 3081 portare.
1241 3038 1422 3079 eloquentiae
1441 3038 1562 3069 laudem
1578 3040 1748 3077 reportant.
1766 3033 1812 3066 ἔκ-
