1931 3322
415 200 500 242 AD
533 195 902 240 ORATIONEM
934 194 998 236 IN
1030 196 1285 240 MIDIAM.

136 327 141 329 s
162 325 206 333 ..-
221 308 276 339 οη,
291 307 359 350 χρῆν
370 304 426 346 μὲν
438 303 492 336 οὔδ’
504 302 593 345 οὕτω]
608 302 675 333 scil.
691 303 786 334 ποιεῖν.

163 353 240 384 553.
255 354 287 381 4.
300 349 392 387 τούτῳ
414 348 464 388 γε]
487 347 565 376 bene
590 347 692 376 babet.
714 345 828 375 homini

120 394 234 430 sattim,
249 399 308 424 tam
330 392 464 426 immani,
485 395 545 420 tam
569 390 668 420 omnis
692 389 827 419 humani-

119 437 192 467 tatis
206 436 338 476 experti,
353 439 443 473 atque
465 438 513 463 est
537 433 665 463 Midias.
689 433 759 462 huic
777 431 826 461 uni

122 479 223 510 saltim
237 478 344 509 Midiae
357 477 445 507 venia
457 477 557 512 detur,
569 476 593 505 si
606 475 663 506 'alii
675 475 748 505 nulli
762 474 827 504 dari

119 526 231 562 potest.

161 580 205 588 --
220 565 251 595 5.
266 564 376 604 λαλῶν]
393 563 421 592 in
437 565 516 602 Aug.
533 567 580 592 est
595 564 669 591 αλῶν
689 561 754 591 sine
777 571 826 590 ac-

119 612 220 638 centu.
243 607 273 636 in
291 617 350 644 quo
366 608 440 636 ἁλῶν
457 605 586 635 noscito.
611 615 724 644 ergone
741 604 826 634 dedit

119 654 220 680 orator
234 650 309 679 ἁλῶν
325 648 371 689 [ἰά
385 655 442 684 est,
457 647 613 689 τραπέζης]
630 648 684 688 μὲν
698 647 827 683 κοινωνὸς,

117 691 166 724 καὶ
181 692 345 733 ὁμωρόφιος.
357 704 386 722 v.
400 703 432 732 p.
448 694 521 722 554.
538 697 568 721 et
584 692 629 721 sic
643 702 736 721 ausus
758 701 825 721 sum

117 737 157 766 de
171 746 244 766 meo.
255 746 341 765 sensu
359 736 525 774 corrigere.

159 795 203 802 —
217 781 248 809 9.
259 778 298 819 τῇ
313 777 477 819 πξοτεραίᾳ]
490 777 661 817 interposui
678 775 734 817 μὲν
747 777 827 807 inter

116 822 220 851 ambas
233 832 337 852 voees.
361 828 428 850 ants·
445 820 490 850 δ’τε
509 821 610 850 nunus
621 821 729 850 dubito
744 819 758 852 ἢ
771 831 827 850 ex·

115 865 242 900 cidisse,
257 866 340 905 quod
355 865 470 904 'l'aylor
491 874 611 904 quoque
635 864 827 894 animadver-

114 908 163 938 tit.
186 908 232 937 die
254 914 334 943 ante,
355 918 441 947 quam
464 907 521 937 haec
541 909 573 937 in
588 912 692 937 senatu
707 908 828 938 diceret.

117 950 218 991 pridie
231 952 298 991 ejus
312 950 387 986 diei,
402 961 463 991 quo
477 951 571 981 verba
593 951 646 981 illa
667 950 698 981 in
719 956 828 981 senatu

117 995 255 1025 fecisset.

158 1054 202 1060 -—
217 1040 270 1069 10.
293 1031 490 1079 εἷσεληλύὸει]
525 1036 592 1068 scil.
622 1038 661 1067 ad
690 1038 826 1068 Aristar-

115 1080 218 1110 chum.

158 1141 203 1146 —
217 1124 272 1154 13.
291 1121 390 1163 ἔφεξῖῐς
412 1122 531 1164 οὑτωσὶ]
563 1127 625 1152 tam
653 1133 765 1163 prope,
794 1127 828 1153 ut

118 1166 212 1204 vulgo
227 1167 328 1196 solent
341 1165 476 1196 maxime
490 1165 655 1196 familiares
676 1166 735 1197 sibi
751 1166 827 1197 assi·

116 1209 201 1240 dore.

158 1268 203 1275 —-
215 1253 267 1283 20.
291 1251 388 1292 αὐτῷ’]
415 1251 486 1287 sibi,
512 1252 630 1283 Midiae.
664 1251 700 1283 δι’
719 1251 826 1291 ἐκείνου,

115 1305 171 1336 per
192 1294 292 1331 illum,
312 1295 534 1325 Aristarchum.

158 1355 203 1362 --
217 1339 270 1369 22.
298 1338 458 1379 Μάρτυςες]
485 1338 621 1368 deletum
644 1339 737 1369 velim
762 1350 831 1370 voc.

117 1381 270 1421 Μάρτυρες.
293 1382 378 1411 uncis
402 1382 525 1420 quidem
549 1381 673 1412 inclusi.
703 1393 772 1414 nam
799 1383 830 1413 bi

116 1429 214 1455 testes
230 1425 352 1454 demum
369 1426 445 1456 554.
459 1427 490 1456 6.
506 1426 728 1464 producuntur.
752 1427 831 1457 vidit

115 1467 175 1498 boe
190 1468 271 1498 idem
282 1469 346 1507 jarn
363 1468 476 1498 dudum
489 1469 613 1508 Taylor.

158 1528 203 1535 —
218 1512 270 1542 25.
285 1509 433 1550 ὀνειδίζειν]
450 1512 581 1542 subaudi
594 1511 657 1542 τινί.

158 1571 202 1578 -—
217 1556 269 1586 26.
284 1554 392 1595 τούτῳ]
408 1555 439 1584 id
456 1560 514 1591 est,
534 1555 578 1595 τῷ
594 1555 686 1595 αὑτῷ,
705 1556 829 1587 tametsi

114 1597 175 1628 boc
190 1597 302 1628 malim.

158 1641 234 1672 554.
247 1642 298 1672 22.
311 1641 347 1676 ὡς
361 1639 581 1682 ἒμζεβληκὸτοι]
599 1647 650 1672 aut
666 1643 827 1673 delendum

119 1688 166 1714 est
181 1684 228 1720 ὥς,
244 1689 296 1714 aut
305 1685 392 1714 deest
402 1685 528 1723 aliquid.
540 1696 567 1714 e.
581 1696 607 1715 c.
624 1686 660 1720 ὡς
674 1685 780 1721 εἴωθεν,
793 1692 829 1717 ut

114 1728 270 1763 consuevit,
293 1737 346 1766 pro
366 1737 442 1757 more
461 1738 522 1758 suo.
542 1732 594 1758 aut
615 1729 652 1762 ὡς
676 1728 828 1769 φίλτατον,

115 1772 198 1810 quasi
211 1770 427 1800 amicissimum.

157 1830 202 1836 -—
216 1823 287 1853 pen.
305 1811 340 1843 ἐῶ
354 1815 410 1853 73²3
429 1813 452 1843 εἷ
467 1811 563 1854 φίλον]
579 1815 701 1844 correxi
718 1812 753 1843 ἒῶ
775 1817 829 1855 γὰρ

116 1855 202 1887 εἰπεῖν
217 1856 307 1895 φίλον.
323 1856 443 1886 tametsi
457 1857 582 1895 vulgata
593 1857 693 1897 possit
704 1857 826 1888 defendi

116 1899 339 1937 quodammodo
355 1903 385 1928 et
402 1899 516 1939 exponi
532 1900 596 1929 sic:
621 1899 656 1930 ἐῶ
669 1903 722 1941 γὰρ
737 1900 831 1940 ζητεῖν

118 1941 141 1970 εἶ
157 1939 243 1980 φίλων
255 1941 385 1974 ἧδίκηκεν.
411 1943 465 1972 sed
478 1942 536 1972 boc
546 1943 714 1982 perdurum
726 1949 784 1981 est,
798 1949 830 1974 et

120 1984 168 2014 vel
186 1984 230 2014 sic
245 1988 345 2014 tamen
362 1985 435 2015 addi
451 1985 580 2016 deberet
597 1986 698 2027 ζητεῖν.

162 2029 236 2059 555.
249 2030 280 2059 4.
291 2026 339 2068 τὸ]
352 2027 452 2058 visum
468 2028 542 2058 mihi
556 2039 679 2068 quoque
692 2029 829 2069 aliquan-

117 2070 159 2100 do
173 2071 242 2107 fuit,
258 2072 342 2110 quod
358 2071 554 2107 Marklando,
569 2073 619 2102 τοῦ
636 2082 705 2102 esse
726 2073 830 2111 legen-

116 2114 200 2144 dum.
245 2114 308 2144 Sed
325 2114 402 2144 hene
416 2114 506 2144 habet
521 2113 565 2144 τό.
590 2119 620 2145 et
636 2121 683 2145 est
698 2117 764 2146 haec
775 2127 829 2146 ex-

116 2156 243 2197 plicatio
258 2157 450 2197 superiorum
472 2155 506 2187 τό
528 2156 593 2193 ἔθος
614 2159 662 2188 καὶ
683 2158 717 2189 τὸ
735 2170 829 2190 κατοι-

114 2200 285 2239 σκεύεα-μοι.

159 2261 204 2268 -—
217 2245 268 2274 18.
280 2242 334 2283 ἐγὼ
346 2242 403 2284 μὲν
416 2246 470 2285 γὰρ
485 2243 619 2286 ieme—J
635 2245 736 2276 locum
749 2246 829 2277 hunc

114 2287 215 2326 tangit
233 2287 338 2317 Moeris
354 2288 500 2318 Atticista
515 2298 546 2327 p.
557 2291 633 2321 350.

159 2347 205 2352 —
219 2332 272 2361 23.
287 2329 334 2360 ἐπ’
347 2329 445 2371 αὐτὸν]
462 2333 592 2361 subaudi
608 2333 683 2368 τινά,
698 2332 768 2362 scil.
782 2331 830 2363 τόν

117 2371 200 2402 δόντα
214 2373 303 2411 λόγον.
327 2374 370 2404 nil
385 2384 463 2414 opus
479 2380 524 2404 est
537 2373 582 2414 ἐφ’
596 2374 680 2406 αὑτὸν
690 2376 763 2416 legi,
774 2377 828 2406 sed

116 2415 247 2455 perinde
263 2419 322 2452 est,
337 2420 437 2446 utrum
455 2417 523 2457 quis
539 2418 636 2449 malit.

158 2476 204 2482 —-·
219 2461 272 2490 24.
286 2458 335 2500 5ρᾷ
348 2460 409 2501 τις]
425 2464 497 2499 post
511 2460 558 2501 6ςᾷ
579 2461 647 2502 [vel
669 2461 762 2504 φωρᾷ]
786 2473 831 2497 τις

118 2501 208 2532 deest
220 2502 332 2542 aliquis
346 2502 528 2540 infinitivus,
542 2515 570 2534 e.
582 2515 608 2534 c.
622 2505 831 2544 εἰσαγγέλλειν,

117 2545 167 2575 vel
192 2544 364 2585 γςάφεσθαι,
386 2546 436 2576 vel
463 2547 670 2586 τιμωρεῖσθαι,
693 2549 743 2578 vel
769 2549 830 2579 tale

116 2587 202 2628 quid.
218 2588 438 2630 πςοοιναρπίιζειν
452 2589 613 2629 significat,
632 2591 660 2620 si
677 2590 751 2630 ¹quis
775 2603 830 2632 po-

116 2634 231 2662 tentem
247 2641 263 2661 a
277 2642 310 2662 se
323 2633 353 2662 in
370 2632 485 2670 flagitio
499 2634 723 2672 deprehensum
739 2645 830 2665 accu-

118 2683 185 2704 sare
200 2674 346 2711 minetur,
358 2685 426 2704 eum
440 2675 526 2714 prius
539 2677 676 2706 funditus
689 2679 830 2716 perdere,

117 2727 208 2757 quarn
223 2717 353 2748 divitem
369 2718 565 2750 criminosum
590 2720 628 2750 ad
648 2721 759 2759 judicii
783 2733 830 2752 se-

118 2760 276 2790 veritatem
293 2762 460 2800 pertrahat.

161 2803 234 2834 556.
247 2805 278 2834 9.
289 2803 491 2839 ὅ,τιδῆποτ’-
499 2805 648 2848 δαιμόνιον]
662 2807 756 2837 verba
766 2806 788 2843 δ’,
800 2819 831 2838 τι

120 2844 219 2876 δήποτ’
233 2844 299 2876 ἐστὶ
317 2846 350 2877 τό
369 2847 471 2887 σεμνὸν
485 2849 533 2878 καὶ
549 2849 582 2879 va
605 2849 753 2890 δαιμόνιον,
771 2861 830 2880 non

119 2888 263 2918 videntur
278 2889 346 2920 loco
361 2901 417 2921 suo
433 2892 546 2931 posita,
564 2903 631 2932 quae
647 2892 673 2923 si
689 2894 831 2924 omittan-

119 2936 182 2967 tur,
197 2936 297 2962 tamen
312 2933 399 2964 locus
417 2934 476 2964 erit
499 2935 630 2975 integer.
652 2937 746 2967 miror
767 2947 832 2976 prae

119 2973 243 3005 caeteris
257 2975 335 3006 illud
349 2975 374 3012 δ’,
390 2988 420 3007 τι
435 2976 552 3015 δήποτε,
569 2979 650 3018 quod
675 2985 831 3020 usurpant,

121 3020 175 3047 aut
197 3017 250 3057 qui
266 3028 330 3050 rem
353 3019 507 3060 ignorant,
521 3022 617 3053 autin
633 3021 762 3054 dubium
778 3023 831 3054 ad-

1497 198 1579 240 139

862 301 990 337 ducunt,
1001 308 1053 332 aut
1066 304 1190 334 elevant
1202 310 1231 334 et
1245 311 1421 337 extenuant.
1443 317 1571 346 quorum

862 344 937 374 nihil
962 344 1031 374 buin
1057 345 1126 376 loco
1153 349 1306 377 convenit.
1328 350 1389 379 nisi
1412 349 1438 380 si
1456 351 1571 380 Demo-

862 387 994 422 sthenes,
1021 389 1236 420 extenuatione
1263 391 1309 420 sui
1335 393 1469 423 muneris
1493 393 1572 422 invi·

862 431 941 460 diam
967 431 1102 461 minuere
1126 436 1157 461 et
1184 437 1322 462 avertere
1350 436 1456 469 voluit,
1481 446 1569 475 quam

861 473 921 513 ipsi
945 475 1123 504 contrahere
1146 480 1263 513 poterat
1282 478 1461 507 vocabulum
1477 480 1571 516 paulo

862 516 1051 555 arrogantius
1081 518 1158 551 ὁσίοις
1187 523 1220 548 et
1249 519 1358 557 σεμνόν.
1395 522 1570 551 venerabile

862 560 936 589 illud
975 561 1195 596 sanotim‹·niae,
1230 572 1417 601 qnaecunque
1448 565 1570 594 tandem

862 603 913 632 illa
929 603 998 639 fuit,
1015 614 1081 642 quae
1098 603 1170 634 mihi
1186 609 1248 634 tum
1270 605 1448 641 inhaerebat,
1465 607 1573 637 chore-

862 656 918 685 gus
943 647 994 685 qui
1023 657 1135 683 essem,
1159 647 1249 688 cujus
1274 659 1406 687 persona
1421 649 1573 689 elegibus

862 696 1058 720 sacrosancta
1074 695 1133 720 est.

903 735 978 764 557.
1004 737 1033 763 1.
1059 731 1089 763 τί
1114 731 1174 770 οῧν;
1208 733 1245 763 σὺ
1272 732 1419 775 δεινότερα]
1450 735 1573 765 correxi

861 776 1002 815 periculo
1024 783 1055 807 et
1070 782 1166 806 marte
1182 787 1250 807 meo
1265 775 1297 807 τί
1311 774 1371 816 οῧν;
1394 778 1423 807 οὐ
1441 777 1575 819 δεινότερα

860 829 1028 859 —ergone,
1051 830 1118 849 cnm
1141 820 1214 861 [boc
1231 824 1289 856 est,
1313 820 1395 862 licet]
1412 822 1573 858 acerbiora,

861 872 948 902 qnam
960 863 1138 904 reliquorum
1151 864 1261 894 civium
1274 865 1471 905 unusquisque
1483 876 1501 894 a
1515 863 1577 895 Mi-

861 907 912 935 dia
934 916 1037 945 passus
1057 918 1115 936 non
1138 908 1186 942 sis,
1207 912 1302 937 tame-n
1319 908 1508 949 indignaris?
1532 908 1577 939 le-

862 949 977 979 niorem
1005 950 1083 980 lianc
1109 950 1186 980 duxi
1214 950 1395 981 medicinam
1425 951 1488 987 illa,
1515 962 1574 991 qua

860 992 1010 1032 Taylorus
1025 998 1074 1023 est
1085 1003 1170 1028 usus,
1186 993 1237 1032 qui
1254 999 1324 1032 post
1339 995 1376 1024 σὺ
1392 994 1575 1026 auctoritate

863 1045 917 1065 sua
932 1037 975 1075 μὴ
988 1036 1117 1066 addidit.
1143 1036 1318 1066 Pronomen
1331 1038 1368 1067 σὺ
1380 1037 1406 1067 si
1423 1041 1575 1074 servatur,

861 1080 963 1117 possit
978 1078 1067 1109 etiarn
1085 1080 1132 1110 sic
1146 1079 1208 1119 legi
1222 1092 1228 1109 :
1245 1078 1277 1110 τί
1289 1077 1352 1119 οῧν;
1375 1079 1449 1111 οὐδὲν
1467 1082 1504 1111 σὺ
1525 1081 1577 1111 8⁵1-

859 1121 962 1163 νότερα.

903 1182 946 1188 —
962 1167 992 1195 6.
1015 1164 1081 1206 πρὸς
1101 1163 1135 1195 ’τὸ
1157 1165 1252 1196 λοιπὸν
1274 1165 1345 1206 πᾶν]
1374 1166 1504 1197 subaudi
1526 1168 1577 1198 τοῦ

861 1207 954 1245 λόγου.
989 1208 1185 1238 Constructio
1201 1210 1362 1239 verborum
1380 1211 1577 1249 trajectarum

861 1251 927 1281 haec
943 1256 1002 1281 est:
1025 1251 1048 1281 εἶ
1064 1251 1097 1281 ‘rb
1119 1251 1187 1292 ‘trag’
1201 1252 1372 1293 ἀμφοτέρων
1396 1253 1474 1291 ἡμῶν
1497 1253 1576 1295 ὕδωρ,

863 1293 898 1323 τό
927 1293 958 1324 τ’
981 1292 1048 1334 ἐμὶν
1074 1293 1161 1334 λέγω,
1187 1296 1236 1325 καὶ
1262 1294 1296 1325 ‘td
1320 1296 1422 1326 τούτου
1448 1297 1577 1338 ὁπίιςξειε

865 1336 1016 1377 προσ-τεθὲν
1033 1338 1098 1379 πρὸς
1112 1337 1145 1368 τὸ
1160 1337 1254 1370 >mma-0¹,
1270 1340 1327 1370 πᾶν
1338 1340 1388 1369 τοῦ
1404 1338 1498 1377 λόγου.
1544 1341 1578 1371 Si

863 1392 940 1421 aqua
956 1382 1034 1412 nobis
1048 1382 1185 1412 ambobus
1199 1383 1334 1423 definita,
1350 1382 1479 1423 mihique
1502 1389 1577 1422 puta

865 1424 978 1464 illique.
993 1427 1025 1456 in
1040 1436 1133 1456 unam
1148 1424 1272 1467 confusa
1288 1435 1420 1461 massam,
1437 1426 1494 1461 illi,
1515 1437 1577 1466 quae

863 1466 961 1497 adhuc
975 1469 1090 1509 reliqua
1103 1475 1240 1506 superest,
1261 1471 1401 1499 orationis
1415 1479 1482 1500 meae
1495 1471 1578 1508 parti

863 1511 1005 1548 addatur,
1020 1518 1114 1542 tamen
1131 1512 1212 1542 haud
1226 1511 1385 1553 suffecerit.

905 1571 949 1576 —
967 1558 1014 1586 13.
1032 1555 1098 1585 ἔστι
1114 1554 1141 1584 δὲ
1157 1556 1257 1585 ταῦτα
1280 1555 1470 1595 παντοδαπὰ]
1490 1556 1577 1585 vide·

863 1600 912 1627 tur
925 1603 1026 1628 orator
1040 1598 1166 1629 dedisse
1179 1610 1186 1628 :
1210 1598 1276 1629 ἐστι
1292 1599 1320 1629 δὲ
1336 1597 1423 1628 ταῦτ’
1435 1599 1578 1639 ἀδικήμα-

862 1652 903 1671 τα
918 1642 1100 1673 παντοδαπά.

905 1702 948 1708 ·-
965 1689 1017 1716 20.
1033 1686 1082 1715 καὶ
1107 1687 1214 1715 πολλοὶ
1235 1684 1317 1725 ἕτερα
1341 1683 1578 1726 Δ«ιι-,νίιιραιλἓλοιωίῐ]

862 1727 964 1757 malim
991 1728 1040 1758 καὶ
1067 1730 1165 1760 πολλὰ
1193 1726 1216 1756 δ’
1241 1726 1324 1769 {rega
1353 1734 1463 1769 παξαλ.
1491 1739 1521 1759 v.
1546 1740 1578 1769 p.

862 1771 937 1801 556.
952 1773 983 1801 2.

906 1814 981 1844 558.
1008 1816 1059 1844 12.
1086 1812 1116 1844 ’ἢν
1145 1813 1282 1855 προσῆκε]
1313 1813 1415 1843 malim
1446 1813 1475 1844 ’ἦν
1503 1813 1580 1857 ἔχειν

863 1858 995 1896 προσῆκε.

905 1903 1008 1931 -22,
1019 1898 1148 1939 ἤλαυνες]
1163 1904 1234 1939 post
1246 1899 1359 1934 ἤλαυνες
1369 1901 1578 1931 subaudienda

862 1942 902 1971 ad
918 1944 1108 1983 superiorem
1125 1943 1396 1981 interrogationem
1417 1945 1577 1983 responsio

863 1986 901 2015 ab
917 1991 1037 2016 oratore
1050 1996 1229 2026 suppressa,
1246 1987 1301 2016 sed
1316 1988 1353 2016 ab
1367 1987 1511 2017 audiente
1524 1992 1577 2017 aut

863 2027 984 2067 legente
1000 2039 1122 2068 quoque
1146 2029 1235 2059 facile
1259 2029 1441 2069 supplenda.
1464 2029 1577 2061 ἀλλὀὐ

863 2070 973 2107 δικαίως
992 2083 1024 2110 γε
1045 2073 1140 2102 τοῦτο.
1162 2082 1221 2102 uon
1243 2078 1277 2102 tu
1290 2073 1331 2102 -id
1344 2073 1432 2111 jure,
1449 2074 1576 2114 quidem.

863 2114 1069 2155 Inter-rogatio
1100 2119 1147 2146 est
1178 2115 1328 2152 mirantis,
1365 2116 1578 2147 infitiationem

863 2168 986 2198 quoque
1001 2159 1217 2197 complectens.
1263 2160 1304 2189 Et
1326 2159 1523 2189 nihilominus
1545 2166 1578 2190 tu

863 2206 963 2232 tamen
976 2212 1029 2232 eos
1042 2202 1179 2241 agitabas
1188 2218 1232 2225 —-
1242 2202 1314 2232 etin
1325 2213 1361 2232 eo
1376 2208 1462 2233 recte
1474 2204 1580 2234 facere

863 2245 920 2275 tibi
937 2245 1106 2276 videbare?
1131 2246 1228 2275 Nullo
1243 2247 1347 2275 modo.

905 2306 948 2311 --
964 2291 1014 2319 26.
1031 2288 1253 2330 κατεσκεύαζον]
1269 2290 1348 2319 bene
1364 2289 1466 2319 habet.
1489 2299 1578 2319 usur-

863 2337 967 2372 patur,
983 2336 1017 2362 ut
1033 2332 1196 2371 aliquoties
1218 2333 1250 2361 in
1273 2332 1329 2362 hac
1350 2333 1416 2371 ipsa
1441 2332 1580 2363 Midiana

863 2376 975 2405 factum
993 2380 1050 2412 est,
1068 2376 1107 2406 de
1122 2375 1173 2411 iis,
1186 2374 1237 2415 qui
1255 2375 1381 2405 insidias
1397 2376 1580 2415 fraudesque

865 2419 1069 2449 clandestinas
1084 2424 1204 2458 parant,
1220 2419 1347 2448 consilia
1363 2419 1443 2448 inter
1458 2429 1491 2448 se
1507 2430 1580 2449 con—

866 2461 978 2497 ferunt,
988 2468 1018 2491 et
1028 2462 1185 2492 mendacia
1197 2462 1477 2498 comminiscuntur,
1489 2467 1579 2502 atque

866 2505 951 2535 vetut
967 2506 1027 2535 tela
1040 2505 1178 2545 quaedarn
1195 2505 1380 2544 procudunt,
1393 2505 1505 2545 quibus
1522 2506 1581 2535 ini-

865 2549 962 2578 micos
990 2549 1168 2578 innocentes
1202 2548 1367 2586 configant,
1398 2559 1494 2588 eaque
1523 2560 1580 2588 per

865 2593 1083 2622 subornaturos
1094 2591 1271 2622 emissarios
1283 2592 1361 2622 clam
1379 2602 1434 2631 per
1446 2593 1581 2622 circulos

865 2639 1022 2675 spargunt.

908 2680 982 2709 559.
1001 2680 1049 2709 15.
1067 2680 1107 2708 τὰ
1132 2678 1271 2719 τοιαῦτα]
1299 2678 1363 2707 haec
1381 2679 1485 2714 verba,
1512 2689 1580 2718 quae

866 2721 1048 2761 significant.
1064 2728 1091 2752 et
1106 2727 1224 2756 caetera,
1241 2722 1325 2751 mitto
1340 2722 1452 2761 reliqua
1470 2722 1521 2751 hoc
1544 2722 1580 2751 de

861 2774 978 2805 genere,
1007 2776 1022 2794 a
1049 2765 1205 2804 prioribus
1236 2770 1385 2794 commate
1416 2765 1579 2802 interjecto

865 2808 983 2837 diremi.
1007 2809 1045 2838 ad
1063 2808 1237 2847 exemplum
1253 2808 1360 2837 Wotfii
1377 2813 1404 2837 et
1421 2808 1555 2846 TaJlori.

908 2868 949 2874 ——
963 2854 1016 2881 22.
1028 2851 1160 2892 ὁξῶντας]
1174 2852 1293 2881 tametsi
1310 2851 1381 2880 ferri
1399 2855 1515 2889 potest,
1528 2860 1579 2880 ne-

865 2904 924 2933 que
957 2894 1037 2924 enim
1069 2905 1087 2924 a
1108 2905 1192 2924 more
1219 2894 1365 2933 loquendi
1397 2894 1580 2923 Demosthe-

865 2936 947 2973 nico‚
978 2948 1076 2977 neque
1104 2949 1122 2967 a
1151 2937 1211 2967 loci
1242 2938 1385 2966 abhorret
1420 2937 1580 2972 sententia,

866 2981 966 3010 minus
981 2985 1081 3011 tamen
1097 2981 1147 3010 hic
1168 2981 1269 3020 placet
1286 2981 1367 3015 ideo,
1385 2980 1466 3018 quod
1492 2980 1583 3010 modo

867 3034 898 3054 v.
924 3026 977 3055 21.
1017 3024 1213 3063 praecesserit
1241 3023 1298 3063 ὁρῶ.
1337 3032 1429 3061 quare
1453 3033 1520 3052 num
1552 3024 1583 3054 in
