<?xml version="1.0" encoding="UTF-8"?>
<!DOCTYPE html PUBLIC "-//W3C//DTD XHTML 1.0 Transitional//EN"
    "http://www.w3.org/TR/xhtml1/DTD/xhtml1-transitional.dtd">
<html xmlns="http://www.w3.org/1999/xhtml" xml:lang="en" lang="en">
 <head>
  <title>
</title>
<meta http-equiv="Content-Type" content="text/html;charset=utf-8" />
  <meta name='ocr-system' content='tesseract 3.04.00' />
  <meta name='ocr-capabilities' content='ocr_page ocr_carea ocr_par ocr_line ocrx_word'/>
</head>
<body>
  <div class='ocr_page' id='page_1' title='image "./oratoresatticie09dobs_0133.png"; bbox 0 0 1948 3322; ppageno 0'>
   <div class='ocr_carea' id='block_1_1' title="bbox 255 200 1464 248">
    <p class='ocr_par' dir='ltr' id='par_1_1' title="bbox 255 200 1464 248">
     <span class='ocr_line' id='line_1_1' title="bbox 255 200 1464 248; baseline -0.003 0"><span class='ocrx_word' id='word_1_1' title='bbox 255 206 341 248; x_wconf 91' lang='lat' dir='ltr'><strong>AD</strong></span> <span class='ocrx_word' id='word_1_2' title='bbox 384 203 752 247; x_wconf 89' lang='lat' dir='ltr'><strong>ORATIONEM</strong></span> <span class='ocrx_word' id='word_1_3' title='bbox 783 200 1105 243; x_wconf 83' lang='lat' dir='ltr'><strong>ADVERSUS</strong></span> <span class='ocrx_word' id='word_1_4' title='bbox 1138 203 1464 246; x_wconf 86' lang='lat' dir='ltr'><strong>LEPTINEM.</strong></span> 
     </span>
    </p>
   </div>
   <div class='ocr_carea' id='block_1_2' title="bbox 139 308 863 2762">
    <p class='ocr_par' dir='ltr' id='par_1_2' title="bbox 143 308 860 524">
     <span class='ocr_line' id='line_1_2' title="bbox 144 308 860 355; baseline -0.008 -10"><span class='ocrx_word' id='word_1_5' title='bbox 144 323 201 348; x_wconf 67' lang='lat' dir='ltr'><strong>vae</strong></span> <span class='ocrx_word' id='word_1_6' title='bbox 217 311 292 355; x_wconf 78' lang='grc' dir='ltr'>ἔχειν</span> <span class='ocrx_word' id='word_1_7' title='bbox 305 314 354 344; x_wconf 60' lang='lat' dir='ltr'><strong>‘riv</strong></span> <span class='ocrx_word' id='word_1_8' title='bbox 374 312 472 352; x_wconf 57' lang='grc' dir='ltr'>δωρεὰν</span> <span class='ocrx_word' id='word_1_9' title='bbox 491 309 616 350; x_wconf 61' lang='grc' dir='ltr'>ἀναξίους</span> <span class='ocrx_word' id='word_1_10' title='bbox 639 309 772 350; x_wconf 79' lang='grc' dir='ltr'>ἐνόμιζεν,</span> <span class='ocrx_word' id='word_1_11' title='bbox 788 308 860 340; x_wconf 74' lang='grc' dir='ltr'><strong>οὕτω</strong></span> 
     </span>
     <span class='ocr_line' id='line_1_3' title="bbox 145 354 860 394; baseline -0.004 -8"><span class='ocrx_word' id='word_1_12' title='bbox 145 356 197 386; x_wconf 71' lang='grc' dir='ltr'><strong>καὶ</strong></span> <span class='ocrx_word' id='word_1_13' title='bbox 209 368 240 386; x_wconf 72' lang='grc' dir='ltr'><strong>τ.</strong></span> <span class='ocrx_word' id='word_1_14' title='bbox 252 357 279 386; x_wconf 74' lang='grc' dir='ltr'><strong>δ’.</strong></span> <span class='ocrx_word' id='word_1_15' title='bbox 300 354 553 394; x_wconf 84' lang='lat' dir='ltr'><strong>quemadmodum</strong></span> <span class='ocrx_word' id='word_1_16' title='bbox 572 354 763 384; x_wconf 88' lang='lat' dir='ltr'><strong>immunitate</strong></span> <span class='ocrx_word' id='word_1_17' title='bbox 786 364 860 393; x_wconf 85' lang='lat' dir='ltr'><strong>gau·</strong></span> 
     </span>
     <span class='ocr_line' id='line_1_4' title="bbox 146 397 857 437; baseline -0.003 -9"><span class='ocrx_word' id='word_1_18' title='bbox 146 399 255 430; x_wconf 80' lang='lat' dir='ltr'><strong>dentes</strong></span> <span class='ocrx_word' id='word_1_19' title='bbox 277 398 421 437; x_wconf 86' lang='lat' dir='ltr'><strong>indignos</strong></span> <span class='ocrx_word' id='word_1_20' title='bbox 440 397 604 437; x_wconf 86' lang='lat' dir='ltr'><strong>judicavit,</strong></span> <span class='ocrx_word' id='word_1_21' title='bbox 622 397 676 436; x_wconf 86' lang='lat' dir='ltr'><strong>qui</strong></span> <span class='ocrx_word' id='word_1_22' title='bbox 691 408 727 427; x_wconf 87' lang='lat' dir='ltr'><strong>ea</strong></span> <span class='ocrx_word' id='word_1_23' title='bbox 743 398 857 437; x_wconf 85' lang='lat' dir='ltr'><strong>gaude-</strong></span> 
     </span>
     <span class='ocr_line' id='line_1_5' title="bbox 143 440 857 480; baseline -0.004 -8"><span class='ocrx_word' id='word_1_24' title='bbox 143 447 226 478; x_wconf 83' lang='lat' dir='ltr'><strong>rent,</strong></span> <span class='ocrx_word' id='word_1_25' title='bbox 247 441 292 471; x_wconf 88' lang='lat' dir='ltr'><strong>ita</strong></span> <span class='ocrx_word' id='word_1_26' title='bbox 311 451 367 471; x_wconf 85' lang='lat' dir='ltr'><strong>vos</strong></span> <span class='ocrx_word' id='word_1_27' title='bbox 389 451 509 480; x_wconf 85' lang='lat' dir='ltr'><strong>quoque</strong></span> <span class='ocrx_word' id='word_1_28' title='bbox 532 440 676 480; x_wconf 78' lang='lat' dir='ltr'><strong>indignos</strong></span> <span class='ocrx_word' id='word_1_29' title='bbox 698 440 857 478; x_wconf 82' lang='lat' dir='ltr'><strong>judicarit,</strong></span> 
     </span>
     <span class='ocr_line' id='line_1_6' title="bbox 146 484 425 524; baseline 0 -11"><span class='ocrx_word' id='word_1_30' title='bbox 146 485 201 524; x_wconf 84' lang='lat' dir='ltr'><strong>qui</strong></span> <span class='ocrx_word' id='word_1_31' title='bbox 216 494 283 514; x_wconf 83' lang='lat' dir='ltr'><strong>eam</strong></span> <span class='ocrx_word' id='word_1_32' title='bbox 297 484 425 514; x_wconf 84' lang='lat' dir='ltr'><strong>daretis.</strong></span> 
     </span>
    </p>

    <p class='ocr_par' dir='ltr' id='par_1_3' title="bbox 140 525 857 608">
     <span class='ocr_line' id='line_1_7' title="bbox 184 525 857 566; baseline -0.003 -10"><span class='ocrx_word' id='word_1_33' title='bbox 184 544 227 550; x_wconf 95' lang='lat'>—</span> <span class='ocrx_word' id='word_1_34' title='bbox 238 536 310 566; x_wconf 81' lang='lat' dir='ltr'><strong>pen.</strong></span> <span class='ocrx_word' id='word_1_35' title='bbox 319 527 464 557; x_wconf 87' lang='lat' dir='ltr'><strong>omittunt</strong></span> <span class='ocrx_word' id='word_1_36' title='bbox 473 526 568 566; x_wconf 84' lang='lat' dir='ltr'><strong>aliqui</strong></span> <span class='ocrx_word' id='word_1_37' title='bbox 583 527 623 555; x_wconf 74' lang='grc' dir='ltr'><strong>ταὶ</strong></span> <span class='ocrx_word' id='word_1_38' title='bbox 633 525 748 555; x_wconf 65' lang='grc' dir='ltr'>ἑαυτῶν.</span> <span class='ocrx_word' id='word_1_39' title='bbox 766 525 798 554; x_wconf 89' lang='lat' dir='ltr'><strong>hi</strong></span> <span class='ocrx_word' id='word_1_40' title='bbox 808 527 857 555; x_wconf 65' lang='lat' dir='ltr'><strong>rim</strong></span> 
     </span>
     <span class='ocr_line' id='line_1_8' title="bbox 140 567 727 608; baseline -0.002 -9"><span class='ocrx_word' id='word_1_41' title='bbox 140 567 274 600; x_wconf 72' lang='grc' dir='ltr'>ἂτέλειαν</span> <span class='ocrx_word' id='word_1_42' title='bbox 286 569 462 608; x_wconf 85' lang='lat' dir='ltr'><strong>relinquunt</strong></span> <span class='ocrx_word' id='word_1_43' title='bbox 475 569 727 599; x_wconf 86' lang='lat' dir='ltr'><strong>subaudiendum.</strong></span> 
     </span>
    </p>

    <p class='ocr_par' dir='ltr' id='par_1_4' title="bbox 141 611 856 737">
     <span class='ocr_line' id='line_1_9' title="bbox 185 611 856 653; baseline -0.003 -10"><span class='ocrx_word' id='word_1_44' title='bbox 185 612 263 643; x_wconf 85' lang='lat'><strong>459.</strong></span> <span class='ocrx_word' id='word_1_45' title='bbox 276 614 308 642; x_wconf 82' lang='lat'><strong>⁷.</strong></span> <span class='ocrx_word' id='word_1_46' title='bbox 323 611 439 653; x_wconf 73' lang='grc' dir='ltr'>τούτου]</span> <span class='ocrx_word' id='word_1_47' title='bbox 456 611 589 652; x_wconf 78' lang='lat' dir='ltr'><strong><em>Leptinis</em></strong></span> <span class='ocrx_word' id='word_1_48' title='bbox 607 616 695 651; x_wconf 85' lang='lat' dir='ltr'><strong>puta.</strong></span> <span class='ocrx_word' id='word_1_49' title='bbox 718 612 770 642; x_wconf 87' lang='lat' dir='ltr'><strong>alii</strong></span> <span class='ocrx_word' id='word_1_50' title='bbox 784 612 856 642; x_wconf 84' lang='lat' dir='ltr'><strong>dant</strong></span> 
     </span>
     <span class='ocr_line' id='line_1_10' title="bbox 141 653 856 694; baseline 0.001 -10"><span class='ocrx_word' id='word_1_51' title='bbox 141 653 258 684; x_wconf 70' lang='grc' dir='ltr'>τούτων.</span> <span class='ocrx_word' id='word_1_52' title='bbox 281 655 364 694; x_wconf 89' lang='lat' dir='ltr'><strong>quod</strong></span> <span class='ocrx_word' id='word_1_53' title='bbox 381 655 510 694; x_wconf 84' lang='lat' dir='ltr'>perinde</span> <span class='ocrx_word' id='word_1_54' title='bbox 522 660 580 686; x_wconf 85' lang='lat' dir='ltr'><strong>est.</strong></span> <span class='ocrx_word' id='word_1_55' title='bbox 625 654 759 693; x_wconf 79' lang='lat' dir='ltr'><em>Leptinis</em></span> <span class='ocrx_word' id='word_1_56' title='bbox 771 659 804 685; x_wconf 85' lang='lat' dir='ltr'><strong>et</strong></span> <span class='ocrx_word' id='word_1_57' title='bbox 813 665 856 685; x_wconf 87' lang='lat' dir='ltr'><strong>so-</strong></span> 
     </span>
     <span class='ocr_line' id='line_1_11' title="bbox 141 698 348 737; baseline -0.005 -9"><span class='ocrx_word' id='word_1_58' title='bbox 141 698 254 728; x_wconf 80' lang='lat' dir='ltr'><strong>ciorum</strong></span> <span class='ocrx_word' id='word_1_59' title='bbox 268 699 348 737; x_wconf 88' lang='lat' dir='ltr'><strong>ejus.</strong></span> 
     </span>
    </p>

    <p class='ocr_par' dir='ltr' id='par_1_5' title="bbox 185 738 768 782">
     <span class='ocr_line' id='line_1_12' title="bbox 185 738 768 782; baseline 0 -12"><span class='ocrx_word' id='word_1_60' title='bbox 185 757 230 763; x_wconf 89' lang='lat'><strong>—</strong></span> <span class='ocrx_word' id='word_1_61' title='bbox 240 743 291 771; x_wconf 88' lang='lat'><strong>14.</strong></span> <span class='ocrx_word' id='word_1_62' title='bbox 305 738 352 782; x_wconf 73' lang='grc' dir='ltr'><strong>ἷις]</strong></span> <span class='ocrx_word' id='word_1_63' title='bbox 365 740 432 771; x_wconf 85' lang='lat' dir='ltr'><strong>scil.</strong></span> <span class='ocrx_word' id='word_1_64' title='bbox 449 738 580 774; x_wconf 74' lang='grc' dir='ltr'><strong>ἀτελείας</strong></span> <span class='ocrx_word' id='word_1_65' title='bbox 595 741 646 771; x_wconf 88' lang='lat' dir='ltr'><strong>vel</strong></span> <span class='ocrx_word' id='word_1_66' title='bbox 661 740 768 781; x_wconf 69' lang='grc' dir='ltr'>δωρεᾶς.</span> 
     </span>
    </p>

    <p class='ocr_par' dir='ltr' id='par_1_6' title="bbox 141 783 856 910">
     <span class='ocr_line' id='line_1_13' title="bbox 183 783 855 824; baseline 0.003 -11"><span class='ocrx_word' id='word_1_67' title='bbox 183 801 228 807; x_wconf 87' lang='lat'><strong>--</strong></span> <span class='ocrx_word' id='word_1_68' title='bbox 239 785 291 814; x_wconf 88' lang='grc'><strong>16.</strong></span> <span class='ocrx_word' id='word_1_69' title='bbox 304 783 414 824; x_wconf 76' lang='grc' dir='ltr'>αὐτοῖς]</span> <span class='ocrx_word' id='word_1_70' title='bbox 431 784 552 813; x_wconf 82' lang='lat' dir='ltr'><strong>correxi</strong></span> <span class='ocrx_word' id='word_1_71' title='bbox 560 783 654 821; x_wconf 71' lang='grc' dir='ltr'>αὐτοὶ,</span> <span class='ocrx_word' id='word_1_72' title='bbox 669 795 720 814; x_wconf 78' lang='lat' dir='ltr'><strong>nos</strong></span> <span class='ocrx_word' id='word_1_73' title='bbox 733 786 855 823; x_wconf 77' lang='lat' dir='ltr'><strong>ipsimet.</strong></span> 
     </span>
     <span class='ocr_line' id='line_1_14' title="bbox 141 824 856 868; baseline 0.004 -12"><span class='ocrx_word' id='word_1_74' title='bbox 141 825 216 856; x_wconf 88' lang='lat' dir='ltr'><strong>Sive</strong></span> <span class='ocrx_word' id='word_1_75' title='bbox 232 826 266 856; x_wconf 86' lang='lat' dir='ltr'><strong>id</strong></span> <span class='ocrx_word' id='word_1_76' title='bbox 281 826 321 856; x_wconf 89' lang='lat' dir='ltr'><strong>ad</strong></span> <span class='ocrx_word' id='word_1_77' title='bbox 341 824 591 868; x_wconf 52' lang='grc' dir='ltr'>προτεθείκαμεν</span> <span class='ocrx_word' id='word_1_78' title='bbox 606 829 772 865; x_wconf 81' lang='lat' dir='ltr'><strong>referatur,</strong></span> <span class='ocrx_word' id='word_1_79' title='bbox 787 828 856 859; x_wconf 88' lang='lat' dir='ltr'><strong>sive</strong></span> 
     </span>
     <span class='ocr_line' id='line_1_15' title="bbox 141 868 401 910; baseline 0.004 -11"><span class='ocrx_word' id='word_1_80' title='bbox 141 869 180 899; x_wconf 85' lang='lat' dir='ltr'><strong>ad</strong></span> <span class='ocrx_word' id='word_1_81' title='bbox 197 868 401 910; x_wconf 68' lang='grc' dir='ltr'>ἀφελώμεθα.</span> 
     </span>
    </p>

    <p class='ocr_par' dir='ltr' id='par_1_7' title="bbox 139 911 860 1469">
     <span class='ocr_line' id='line_1_16' title="bbox 185 911 855 953; baseline 0.003 -11"><span class='ocrx_word' id='word_1_82' title='bbox 185 930 229 936; x_wconf 91' lang='grc'>-</span> <span class='ocrx_word' id='word_1_83' title='bbox 241 914 292 943; x_wconf 86' lang='grc'><strong>19.</strong></span> <span class='ocrx_word' id='word_1_84' title='bbox 307 911 432 953; x_wconf 69' lang='grc' dir='ltr'>ἀψευδῆ]</span> <span class='ocrx_word' id='word_1_85' title='bbox 448 917 554 953; x_wconf 87' lang='lat' dir='ltr'><strong>potest</strong></span> <span class='ocrx_word' id='word_1_86' title='bbox 565 914 791 952; x_wconf 82' lang='lat' dir='ltr'><strong>quodammodo</strong></span> <span class='ocrx_word' id='word_1_87' title='bbox 804 915 855 944; x_wconf 86' lang='lat' dir='ltr'><strong>de-</strong></span> 
     </span>
     <span class='ocr_line' id='line_1_17' title="bbox 142 955 855 996; baseline 0.003 -12"><span class='ocrx_word' id='word_1_88' title='bbox 142 955 240 991; x_wconf 85' lang='lat' dir='ltr'><strong>fendi,</strong></span> <span class='ocrx_word' id='word_1_89' title='bbox 256 955 326 986; x_wconf 76' lang='lat' dir='ltr'><strong>scil.</strong></span> <span class='ocrx_word' id='word_1_90' title='bbox 338 957 435 996; x_wconf 77' lang='grc' dir='ltr'><em>μέτρα.</em></span> <span class='ocrx_word' id='word_1_91' title='bbox 448 956 496 986; x_wconf 75' lang='grc' dir='ltr'><strong>καὶ</strong></span> <span class='ocrx_word' id='word_1_92' title='bbox 518 957 692 996; x_wconf 69' lang='grc' dir='ltr'>νομίσματα</span> <span class='ocrx_word' id='word_1_93' title='bbox 714 958 762 986; x_wconf 73' lang='grc' dir='ltr'><strong>καὶ</strong></span> <span class='ocrx_word' id='word_1_94' title='bbox 785 957 855 995; x_wconf 79' lang='grc' dir='ltr'><strong>Βάρη</strong></span> 
     </span>
     <span class='ocr_line' id='line_1_18' title="bbox 140 997 857 1040; baseline 0 -13"><span class='ocrx_word' id='word_1_95' title='bbox 140 997 185 1028; x_wconf 65' lang='grc' dir='ltr'>δεῖ</span> <span class='ocrx_word' id='word_1_96' title='bbox 196 997 272 1040; x_wconf 78' lang='grc' dir='ltr'>ἔχειν</span> <span class='ocrx_word' id='word_1_97' title='bbox 285 1001 426 1040; x_wconf 70' lang='grc' dir='ltr'>προχειςῐῐ,</span> <span class='ocrx_word' id='word_1_98' title='bbox 438 1000 486 1029; x_wconf 90' lang='lat' dir='ltr'><strong>vel</strong></span> <span class='ocrx_word' id='word_1_99' title='bbox 503 999 565 1028; x_wconf 81' lang='lat' dir='ltr'><strong>tate</strong></span> <span class='ocrx_word' id='word_1_100' title='bbox 582 1000 656 1038; x_wconf 90' lang='lat' dir='ltr'><strong>quid</strong></span> <span class='ocrx_word' id='word_1_101' title='bbox 673 998 857 1028; x_wconf 86' lang='lat' dir='ltr'><strong>subaudien-</strong></span> 
     </span>
     <span class='ocr_line' id='line_1_19' title="bbox 142 1039 858 1081; baseline 0 -11"><span class='ocrx_word' id='word_1_102' title='bbox 142 1041 195 1071; x_wconf 86' lang='lat' dir='ltr'><strong>do.</strong></span> <span class='ocrx_word' id='word_1_103' title='bbox 224 1046 434 1072; x_wconf 82' lang='lat' dir='ltr'><strong>verumtamen</strong></span> <span class='ocrx_word' id='word_1_104' title='bbox 461 1042 592 1081; x_wconf 87' lang='lat' dir='ltr'><strong>praesero</strong></span> <span class='ocrx_word' id='word_1_105' title='bbox 619 1039 763 1079; x_wconf 69' lang='grc' dir='ltr'>ἀψευδεῖν,</span> <span class='ocrx_word' id='word_1_106' title='bbox 790 1041 858 1071; x_wconf 83' lang='lat' dir='ltr'><strong>scil.</strong></span> 
     </span>
     <span class='ocr_line' id='line_1_20' title="bbox 140 1081 859 1123; baseline -0.001 -10"><span class='ocrx_word' id='word_1_107' title='bbox 140 1083 191 1114; x_wconf 78' lang='grc' dir='ltr'>δεῖ.</span> <span class='ocrx_word' id='word_1_108' title='bbox 236 1085 431 1115; x_wconf 88' lang='lat' dir='ltr'><strong>Constructio</strong></span> <span class='ocrx_word' id='word_1_109' title='bbox 456 1089 523 1114; x_wconf 85' lang='lat' dir='ltr'><strong>est:</strong></span> <span class='ocrx_word' id='word_1_110' title='bbox 551 1083 630 1123; x_wconf 82' lang='grc' dir='ltr'>νόμον</span> <span class='ocrx_word' id='word_1_111' title='bbox 653 1083 728 1123; x_wconf 89' lang='lat' dir='ltr'><strong>[hoc</strong></span> <span class='ocrx_word' id='word_1_112' title='bbox 752 1087 811 1119; x_wconf 86' lang='lat' dir='ltr'><strong>est,</strong></span> <span class='ocrx_word' id='word_1_113' title='bbox 833 1081 859 1113; x_wconf 77' lang='grc' dir='ltr'>ἐν</span> 
     </span>
     <span class='ocr_line' id='line_1_21' title="bbox 141 1125 859 1167; baseline 0 -11"><span class='ocrx_word' id='word_1_114' title='bbox 141 1128 203 1162; x_wconf 81' lang='grc' dir='ltr'><strong>τοῖς</strong></span> <span class='ocrx_word' id='word_1_115' title='bbox 215 1126 322 1167; x_wconf 79' lang='grc' dir='ltr'>νόμοις]</span> <span class='ocrx_word' id='word_1_116' title='bbox 337 1125 494 1167; x_wconf 60' lang='grc' dir='ltr'>γεγράφθαι</span> <span class='ocrx_word' id='word_1_117' title='bbox 505 1125 539 1156; x_wconf 79' lang='grc' dir='ltr'><strong>τὸ</strong></span> <span class='ocrx_word' id='word_1_118' title='bbox 548 1126 689 1164; x_wconf 74' lang='grc' dir='ltr'>ἀψευδεῖν.</span> <span class='ocrx_word' id='word_1_119' title='bbox 712 1126 859 1157; x_wconf 81' lang='lat' dir='ltr'><strong>abstinen-</strong></span> 
     </span>
     <span class='ocr_line' id='line_1_22' title="bbox 142 1168 859 1211; baseline -0.001 -11"><span class='ocrx_word' id='word_1_120' title='bbox 142 1171 215 1200; x_wconf 83' lang='lat' dir='ltr'><strong>tiam</strong></span> <span class='ocrx_word' id='word_1_121' title='bbox 227 1181 246 1200; x_wconf 79' lang='grc' dir='ltr'><strong>ιι</strong></span> <span class='ocrx_word' id='word_1_122' title='bbox 260 1171 411 1201; x_wconf 74' lang='lat' dir='ltr'><strong>mendacio</strong></span> <span class='ocrx_word' id='word_1_123' title='bbox 429 1175 456 1200; x_wconf 82' lang='lat' dir='ltr'><strong>et</strong></span> <span class='ocrx_word' id='word_1_124' title='bbox 471 1168 590 1211; x_wconf 77' lang='lat' dir='ltr'><strong>fraude</strong></span> <span class='ocrx_word' id='word_1_125' title='bbox 610 1171 644 1200; x_wconf 81' lang='lat' dir='ltr'><strong>in</strong></span> <span class='ocrx_word' id='word_1_126' title='bbox 666 1170 781 1210; x_wconf 82' lang='lat' dir='ltr'><strong>legibus</strong></span> <span class='ocrx_word' id='word_1_127' title='bbox 804 1179 859 1199; x_wconf 88' lang='lat' dir='ltr'><strong>esse</strong></span> 
     </span>
     <span class='ocr_line' id='line_1_23' title="bbox 140 1212 860 1253; baseline 0.001 -11"><span class='ocrx_word' id='word_1_128' title='bbox 140 1218 228 1253; x_wconf 81' lang='lat' dir='ltr'><strong>atque</strong></span> <span class='ocrx_word' id='word_1_129' title='bbox 249 1214 432 1252; x_wconf 79' lang='lat' dir='ltr'><strong>imperatam.</strong></span> <span class='ocrx_word' id='word_1_130' title='bbox 454 1216 486 1243; x_wconf 88' lang='lat' dir='ltr'><strong>et</strong></span> <span class='ocrx_word' id='word_1_131' title='bbox 506 1212 554 1243; x_wconf 80' lang='lat' dir='ltr'><strong>sic</strong></span> <span class='ocrx_word' id='word_1_132' title='bbox 573 1223 698 1253; x_wconf 87' lang='lat' dir='ltr'><strong>quoque</strong></span> <span class='ocrx_word' id='word_1_133' title='bbox 713 1212 860 1243; x_wconf 85' lang='lat' dir='ltr'><strong>Valesius</strong></span> 
     </span>
     <span class='ocr_line' id='line_1_24' title="bbox 143 1255 859 1296; baseline 0.004 -12"><span class='ocrx_word' id='word_1_134' title='bbox 143 1257 181 1286; x_wconf 86' lang='lat' dir='ltr'><strong>ad</strong></span> <span class='ocrx_word' id='word_1_135' title='bbox 200 1257 355 1295; x_wconf 83' lang='lat' dir='ltr'><strong>Harpocr.</strong></span> <span class='ocrx_word' id='word_1_136' title='bbox 369 1267 402 1296; x_wconf 88' lang='lat' dir='ltr'><strong>p.</strong></span> <span class='ocrx_word' id='word_1_137' title='bbox 414 1256 488 1287; x_wconf 89' lang='lat'>105.</span> <span class='ocrx_word' id='word_1_138' title='bbox 512 1257 617 1287; x_wconf 87' lang='lat' dir='ltr'><strong>Possit</strong></span> <span class='ocrx_word' id='word_1_139' title='bbox 632 1266 755 1296; x_wconf 92' lang='lat' dir='ltr'><strong>quoque</strong></span> <span class='ocrx_word' id='word_1_140' title='bbox 767 1255 859 1295; x_wconf 77' lang='grc' dir='ltr'>ἀψεύ-</span> 
     </span>
     <span class='ocr_line' id='line_1_25' title="bbox 141 1298 859 1340; baseline 0.003 -12"><span class='ocrx_word' id='word_1_141' title='bbox 141 1298 193 1334; x_wconf 78' lang='grc' dir='ltr'>δει,</span> <span class='ocrx_word' id='word_1_142' title='bbox 207 1298 240 1328; x_wconf 89' lang='lat' dir='ltr'><strong>in</strong></span> <span class='ocrx_word' id='word_1_143' title='bbox 256 1299 439 1338; x_wconf 87' lang='lat' dir='ltr'><strong>imperativo</strong></span> <span class='ocrx_word' id='word_1_144' title='bbox 454 1299 542 1330; x_wconf 87' lang='lat' dir='ltr'><strong>verbi</strong></span> <span class='ocrx_word' id='word_1_145' title='bbox 557 1298 689 1338; x_wconf 76' lang='grc' dir='ltr'>ἀψευδεῖν</span> <span class='ocrx_word' id='word_1_146' title='bbox 708 1299 780 1340; x_wconf 85' lang='lat' dir='ltr'><strong>legi.</strong></span> <span class='ocrx_word' id='word_1_147' title='bbox 806 1301 859 1330; x_wconf 84' lang='lat' dir='ltr'><strong>ab·</strong></span> 
     </span>
     <span class='ocr_line' id='line_1_26' title="bbox 140 1342 855 1379; baseline 0.003 -8"><span class='ocrx_word' id='word_1_148' title='bbox 140 1342 220 1371; x_wconf 87' lang='lat' dir='ltr'><strong>stine</strong></span> <span class='ocrx_word' id='word_1_149' title='bbox 235 1346 266 1372; x_wconf 85' lang='lat' dir='ltr'><strong>te</strong></span> <span class='ocrx_word' id='word_1_150' title='bbox 279 1353 295 1372; x_wconf 85' lang='lat' dir='ltr'><strong>a</strong></span> <span class='ocrx_word' id='word_1_151' title='bbox 307 1343 415 1373; x_wconf 81' lang='lat' dir='ltr'><strong>fraude</strong></span> <span class='ocrx_word' id='word_1_152' title='bbox 428 1348 459 1373; x_wconf 91' lang='lat' dir='ltr'><strong>et</strong></span> <span class='ocrx_word' id='word_1_153' title='bbox 470 1343 641 1379; x_wconf 82' lang='lat' dir='ltr'><strong>mendacio,</strong></span> <span class='ocrx_word' id='word_1_154' title='bbox 650 1343 681 1373; x_wconf 90' lang='lat' dir='ltr'><strong>in</strong></span> <span class='ocrx_word' id='word_1_155' title='bbox 691 1342 771 1379; x_wconf 86' lang='lat' dir='ltr'><strong>foro,</strong></span> <span class='ocrx_word' id='word_1_156' title='bbox 787 1343 817 1373; x_wconf 89' lang='lat' dir='ltr'><strong>h.</strong></span> <span class='ocrx_word' id='word_1_157' title='bbox 829 1354 855 1373; x_wconf 90' lang='lat' dir='ltr'><strong>e.</strong></span> 
     </span>
     <span class='ocr_line' id='line_1_27' title="bbox 139 1384 857 1426; baseline 0.004 -13"><span class='ocrx_word' id='word_1_158' title='bbox 139 1384 169 1414; x_wconf 88' lang='lat' dir='ltr'><strong>in</strong></span> <span class='ocrx_word' id='word_1_159' title='bbox 193 1385 283 1415; x_wconf 81' lang='lat' dir='ltr'><strong>rebus</strong></span> <span class='ocrx_word' id='word_1_160' title='bbox 304 1387 343 1416; x_wconf 85' lang='lat' dir='ltr'><strong>ad</strong></span> <span class='ocrx_word' id='word_1_161' title='bbox 360 1386 530 1416; x_wconf 85' lang='lat' dir='ltr'><strong>emotioues</strong></span> <span class='ocrx_word' id='word_1_162' title='bbox 545 1392 637 1426; x_wconf 87' lang='lat' dir='ltr'><strong>atque</strong></span> <span class='ocrx_word' id='word_1_163' title='bbox 653 1386 857 1423; x_wconf 84' lang='lat' dir='ltr'>venditiones,</span> 
     </span>
     <span class='ocr_line' id='line_1_28' title="bbox 139 1429 826 1469; baseline 0.003 -11"><span class='ocrx_word' id='word_1_164' title='bbox 139 1432 316 1459; x_wconf 82' lang='lat' dir='ltr'><strong>contractus</strong></span> <span class='ocrx_word' id='word_1_165' title='bbox 330 1433 361 1458; x_wconf 90' lang='lat' dir='ltr'><strong>et</strong></span> <span class='ocrx_word' id='word_1_166' title='bbox 376 1430 574 1468; x_wconf 83' lang='lat' dir='ltr'><strong>sponsiones,</strong></span> <span class='ocrx_word' id='word_1_167' title='bbox 588 1429 826 1469; x_wconf 87' lang='lat' dir='ltr'><strong>pertinentibus.</strong></span> 
     </span>
    </p>

    <p class='ocr_par' dir='ltr' id='par_1_8' title="bbox 140 1471 859 1675">
     <span class='ocr_line' id='line_1_29' title="bbox 182 1471 858 1514; baseline 0.001 -12"><span class='ocrx_word' id='word_1_168' title='bbox 182 1489 226 1494; x_wconf 86' lang='lat'><strong>—-</strong></span> <span class='ocrx_word' id='word_1_169' title='bbox 249 1472 301 1502; x_wconf 70' lang='lat'><strong>25.</strong></span> <span class='ocrx_word' id='word_1_170' title='bbox 323 1471 507 1514; x_wconf 74' lang='grc' dir='ltr'>ἀπόλλυται]</span> <span class='ocrx_word' id='word_1_171' title='bbox 540 1473 663 1504; x_wconf 85' lang='lat' dir='ltr'><strong>correxi</strong></span> <span class='ocrx_word' id='word_1_172' title='bbox 689 1472 858 1503; x_wconf 67' lang='grc' dir='ltr'>ἀπόλλυτε.</span> 
     </span>
     <span class='ocr_line' id='line_1_30' title="bbox 140 1515 858 1558; baseline 0.003 -14"><span class='ocrx_word' id='word_1_173' title='bbox 140 1515 181 1544; x_wconf 89' lang='lat' dir='ltr'><strong>ob</strong></span> <span class='ocrx_word' id='word_1_174' title='bbox 198 1519 377 1554; x_wconf 85' lang='lat' dir='ltr'><strong>sequentem</strong></span> <span class='ocrx_word' id='word_1_175' title='bbox 393 1516 607 1546; x_wconf 73' lang='lat' dir='ltr'><strong>accusativum</strong></span> <span class='ocrx_word' id='word_1_176' title='bbox 622 1515 702 1555; x_wconf 73' lang='grc' dir='ltr'>δόξαν</span> <span class='ocrx_word' id='word_1_177' title='bbox 719 1515 858 1558; x_wconf 71' lang='grc' dir='ltr'>χρηστῆν.</span> 
     </span>
     <span class='ocr_line' id='line_1_31' title="bbox 140 1557 859 1601; baseline 0.003 -14"><span class='ocrx_word' id='word_1_178' title='bbox 140 1557 194 1596; x_wconf 90' lang='lat' dir='ltr'><strong>qui</strong></span> <span class='ocrx_word' id='word_1_179' title='bbox 209 1558 397 1589; x_wconf 86' lang='lat' dir='ltr'><strong>nominativo</strong></span> <span class='ocrx_word' id='word_1_180' title='bbox 411 1565 497 1590; x_wconf 82' lang='lat' dir='ltr'><strong>esset</strong></span> <span class='ocrx_word' id='word_1_181' title='bbox 508 1559 684 1596; x_wconf 88' lang='lat' dir='ltr'><strong>mutandus,</strong></span> <span class='ocrx_word' id='word_1_182' title='bbox 697 1559 723 1589; x_wconf 83' lang='lat' dir='ltr'><strong>si</strong></span> <span class='ocrx_word' id='word_1_183' title='bbox 737 1559 859 1601; x_wconf 72' lang='grc' dir='ltr'>χςήμοι-</span> 
     </span>
     <span class='ocr_line' id='line_1_32' title="bbox 140 1601 859 1642; baseline 0.003 -11"><span class='ocrx_word' id='word_1_184' title='bbox 140 1611 182 1631; x_wconf 72' lang='grc' dir='ltr'><strong>τοι</strong></span> <span class='ocrx_word' id='word_1_185' title='bbox 205 1601 369 1632; x_wconf 86' lang='lat' dir='ltr'><strong>haberetur</strong></span> <span class='ocrx_word' id='word_1_186' title='bbox 383 1613 442 1642; x_wconf 81' lang='lat' dir='ltr'><strong>pro</strong></span> <span class='ocrx_word' id='word_1_187' title='bbox 455 1603 657 1640; x_wconf 84' lang='lat' dir='ltr'><strong>nominativo,</strong></span> <span class='ocrx_word' id='word_1_188' title='bbox 673 1606 705 1632; x_wconf 86' lang='lat' dir='ltr'><strong>et</strong></span> <span class='ocrx_word' id='word_1_189' title='bbox 719 1602 859 1634; x_wconf 61' lang='grc' dir='ltr'>ἀπόλλυ-</span> 
     </span>
     <span class='ocr_line' id='line_1_33' title="bbox 140 1651 394 1675; baseline 0.004 -1"><span class='ocrx_word' id='word_1_190' title='bbox 140 1655 192 1674; x_wconf 69' lang='grc' dir='ltr'><strong>ται</strong></span> <span class='ocrx_word' id='word_1_191' title='bbox 208 1651 394 1675; x_wconf 83' lang='lat' dir='ltr'><strong>servaretur.</strong></span> 
     </span>
    </p>

    <p class='ocr_par' dir='ltr' id='par_1_9' title="bbox 140 1687 859 1943">
     <span class='ocr_line' id='line_1_34' title="bbox 183 1687 858 1730; baseline 0.003 -13"><span class='ocrx_word' id='word_1_192' title='bbox 183 1689 259 1717; x_wconf 88' lang='lat'><strong>460.</strong></span> <span class='ocrx_word' id='word_1_193' title='bbox 277 1690 309 1718; x_wconf 86' lang='lat'><strong>1.</strong></span> <span class='ocrx_word' id='word_1_194' title='bbox 323 1687 433 1730; x_wconf 70' lang='grc' dir='ltr'>οὐδένα]</span> <span class='ocrx_word' id='word_1_195' title='bbox 457 1693 511 1719; x_wconf 89' lang='lat' dir='ltr'><strong>ant</strong></span> <span class='ocrx_word' id='word_1_196' title='bbox 529 1689 620 1719; x_wconf 80' lang='lat' dir='ltr'><strong>deest</strong></span> <span class='ocrx_word' id='word_1_197' title='bbox 642 1688 670 1718; x_wconf 80' lang='grc' dir='ltr'><strong>οὗ</strong></span> <span class='ocrx_word' id='word_1_198' title='bbox 692 1687 772 1728; x_wconf 75' lang='grc' dir='ltr'>μόνον</span> <span class='ocrx_word' id='word_1_199' title='bbox 788 1693 858 1719; x_wconf 80' lang='lat' dir='ltr'><strong>ante</strong></span> 
     </span>
     <span class='ocr_line' id='line_1_35' title="bbox 141 1731 858 1767; baseline 0.003 -7"><span class='ocrx_word' id='word_1_200' title='bbox 141 1731 200 1761; x_wconf 85' lang='lat' dir='ltr'><strong>hoc</strong></span> <span class='ocrx_word' id='word_1_201' title='bbox 214 1731 410 1767; x_wconf 81' lang='lat' dir='ltr'><strong>vocabulum,</strong></span> <span class='ocrx_word' id='word_1_202' title='bbox 432 1736 487 1761; x_wconf 86' lang='lat' dir='ltr'><strong>aut</strong></span> <span class='ocrx_word' id='word_1_203' title='bbox 507 1737 593 1762; x_wconf 86' lang='lat' dir='ltr'><strong>certe</strong></span> <span class='ocrx_word' id='word_1_204' title='bbox 609 1732 858 1762; x_wconf 83' lang='lat' dir='ltr'><strong>subaudiendum</strong></span> 
     </span>
     <span class='ocr_line' id='line_1_36' title="bbox 140 1774 858 1815; baseline 0.004 -12"><span class='ocrx_word' id='word_1_205' title='bbox 140 1778 201 1804; x_wconf 80' lang='lat' dir='ltr'><strong>est.</strong></span> <span class='ocrx_word' id='word_1_206' title='bbox 226 1774 328 1804; x_wconf 85' lang='lat' dir='ltr'><strong>omitti</strong></span> <span class='ocrx_word' id='word_1_207' title='bbox 351 1775 380 1804; x_wconf 81' lang='grc' dir='ltr'><strong>οὐ</strong></span> <span class='ocrx_word' id='word_1_208' title='bbox 402 1774 484 1812; x_wconf 82' lang='grc' dir='ltr'>μόνον</span> <span class='ocrx_word' id='word_1_209' title='bbox 505 1775 618 1811; x_wconf 88' lang='lat' dir='ltr'><strong>solere,</strong></span> <span class='ocrx_word' id='word_1_210' title='bbox 642 1775 702 1805; x_wconf 87' lang='lat' dir='ltr'><strong>alio</strong></span> <span class='ocrx_word' id='word_1_211' title='bbox 724 1776 858 1815; x_wconf 86' lang='lat' dir='ltr'><strong>quodam</strong></span> 
     </span>
     <span class='ocr_line' id='line_1_37' title="bbox 141 1817 859 1855; baseline 0.004 -9"><span class='ocrx_word' id='word_1_212' title='bbox 141 1818 211 1847; x_wconf 87' lang='lat' dir='ltr'><strong>loco</strong></span> <span class='ocrx_word' id='word_1_213' title='bbox 225 1817 378 1855; x_wconf 81' lang='lat' dir='ltr'><strong>exemplis</strong></span> <span class='ocrx_word' id='word_1_214' title='bbox 392 1817 614 1848; x_wconf 85' lang='lat' dir='ltr'><strong>demonstravi.</strong></span> <span class='ocrx_word' id='word_1_215' title='bbox 630 1827 689 1848; x_wconf 78' lang='lat' dir='ltr'><strong>non</strong></span> <span class='ocrx_word' id='word_1_216' title='bbox 698 1819 790 1848; x_wconf 87' lang='lat' dir='ltr'><strong>solum</strong></span> <span class='ocrx_word' id='word_1_217' title='bbox 802 1820 859 1849; x_wconf 78' lang='lat' dir='ltr'><strong>dis-</strong></span> 
     </span>
     <span class='ocr_line' id='line_1_38' title="bbox 141 1860 859 1903; baseline 0 -12"><span class='ocrx_word' id='word_1_218' title='bbox 141 1861 250 1891; x_wconf 81' lang='lat' dir='ltr'><strong>crimen</strong></span> <span class='ocrx_word' id='word_1_219' title='bbox 270 1861 390 1890; x_wconf 75' lang='lat' dir='ltr'><strong>null-um</strong></span> <span class='ocrx_word' id='word_1_220' title='bbox 411 1860 606 1902; x_wconf 67' lang='lat' dir='ltr'><strong>dffugemnt,</strong></span> <span class='ocrx_word' id='word_1_221' title='bbox 627 1861 676 1891; x_wconf 84' lang='lat' dir='ltr'><strong>sed</strong></span> <span class='ocrx_word' id='word_1_222' title='bbox 699 1862 788 1891; x_wconf 75' lang='lat' dir='ltr'><strong>etiam</strong></span> <span class='ocrx_word' id='word_1_223' title='bbox 799 1861 859 1903; x_wconf 85' lang='lat' dir='ltr'><strong>fa-</strong></span> 
     </span>
     <span class='ocr_line' id='line_1_39' title="bbox 140 1903 647 1943; baseline 0 -9"><span class='ocrx_word' id='word_1_224' title='bbox 140 1903 266 1934; x_wconf 82' lang='lat' dir='ltr'><strong>cultates</strong></span> <span class='ocrx_word' id='word_1_225' title='bbox 278 1904 335 1942; x_wconf 78' lang='lat' dir='ltr'><strong>ipsi</strong></span> <span class='ocrx_word' id='word_1_226' title='bbox 349 1913 416 1934; x_wconf 83' lang='lat' dir='ltr'><strong>suas</strong></span> <span class='ocrx_word' id='word_1_227' title='bbox 429 1905 647 1943; x_wconf 83' lang='lat' dir='ltr'><strong>impenderunt.</strong></span> 
     </span>
    </p>

    <p class='ocr_par' dir='ltr' id='par_1_10' title="bbox 144 1944 861 2116">
     <span class='ocr_line' id='line_1_40' title="bbox 186 1944 858 1987; baseline 0.004 -12"><span class='ocrx_word' id='word_1_228' title='bbox 186 1962 230 1968; x_wconf 87' lang='lat'><strong>—·</strong></span> <span class='ocrx_word' id='word_1_229' title='bbox 248 1947 281 1975; x_wconf 80' lang='lat'><strong>7.</strong></span> <span class='ocrx_word' id='word_1_230' title='bbox 301 1944 344 1976; x_wconf 70' lang='grc' dir='ltr'><strong>ἔτι</strong></span> <span class='ocrx_word' id='word_1_231' title='bbox 365 1946 450 1977; x_wconf 80' lang='grc' dir='ltr'>τοίνυν</span> <span class='ocrx_word' id='word_1_232' title='bbox 472 1946 526 1976; x_wconf 70' lang='grc' dir='ltr'><strong>οὐδ’</strong></span> <span class='ocrx_word' id='word_1_233' title='bbox 541 1946 620 1976; x_wconf 73' lang='grc' dir='ltr'>ἐστὶν</span> <span class='ocrx_word' id='word_1_234' title='bbox 643 1946 729 1987; x_wconf 69' lang='grc' dir='ltr'>ὅλως]</span> <span class='ocrx_word' id='word_1_235' title='bbox 755 1948 858 1978; x_wconf 85' lang='lat' dir='ltr'><strong>locum</strong></span> 
     </span>
     <span class='ocr_line' id='line_1_41' title="bbox 144 1989 860 2030; baseline 0.006 -13"><span class='ocrx_word' id='word_1_236' title='bbox 144 1989 225 2018; x_wconf 82' lang='lat' dir='ltr'><strong>bunc</strong></span> <span class='ocrx_word' id='word_1_237' title='bbox 247 1998 264 2017; x_wconf 86' lang='lat' dir='ltr'><strong>e</strong></span> <span class='ocrx_word' id='word_1_238' title='bbox 288 1990 436 2019; x_wconf 87' lang='lat' dir='ltr'><strong>memoria</strong></span> <span class='ocrx_word' id='word_1_239' title='bbox 458 1989 504 2019; x_wconf 87' lang='lat' dir='ltr'><strong>sic</strong></span> <span class='ocrx_word' id='word_1_240' title='bbox 527 1989 638 2020; x_wconf 83' lang='lat' dir='ltr'><strong>recitat</strong></span> <span class='ocrx_word' id='word_1_241' title='bbox 657 1990 811 2020; x_wconf 81' lang='lat' dir='ltr'><strong>Aristides</strong></span> <span class='ocrx_word' id='word_1_242' title='bbox 826 2001 860 2030; x_wconf 90' lang='lat' dir='ltr'><strong>p.</strong></span> 
     </span>
     <span class='ocr_line' id='line_1_42' title="bbox 145 2029 861 2071; baseline 0.001 -8"><span class='ocrx_word' id='word_1_243' title='bbox 145 2033 222 2063; x_wconf 78' lang='lat'><strong>358.</strong></span> <span class='ocrx_word' id='word_1_244' title='bbox 246 2029 288 2060; x_wconf 70' lang='grc' dir='ltr'><strong>ἵνα</strong></span> <span class='ocrx_word' id='word_1_245' title='bbox 312 2030 398 2063; x_wconf 77' lang='grc' dir='ltr'>τοίνυν</span> <span class='ocrx_word' id='word_1_246' title='bbox 417 2035 517 2071; x_wconf 76' lang='grc' dir='ltr'>γνῶτε,</span> <span class='ocrx_word' id='word_1_247' title='bbox 539 2033 576 2067; x_wconf 77' lang='grc' dir='ltr'><strong>ὡς</strong></span> <span class='ocrx_word' id='word_1_248' title='bbox 589 2031 646 2062; x_wconf 76' lang='grc' dir='ltr'><strong>οὐδὲ</strong></span> <span class='ocrx_word' id='word_1_249' title='bbox 662 2031 728 2063; x_wconf 79' lang='grc' dir='ltr'><strong>ἐστι</strong></span> <span class='ocrx_word' id='word_1_250' title='bbox 743 2034 792 2062; x_wconf 73' lang='grc' dir='ltr'><strong>τοῦ</strong></span> <span class='ocrx_word' id='word_1_251' title='bbox 809 2035 861 2068; x_wconf 72' lang='grc' dir='ltr'><strong>τῆς</strong></span> 
     </span>
     <span class='ocr_line' id='line_1_43' title="bbox 148 2072 817 2116; baseline 0.001 -12"><span class='ocrx_word' id='word_1_252' title='bbox 148 2074 257 2108; x_wconf 77' lang='grc' dir='ltr'>πόλεως</span> <span class='ocrx_word' id='word_1_253' title='bbox 272 2072 348 2110; x_wconf 74' lang='grc' dir='ltr'>ἤθους</span> <span class='ocrx_word' id='word_1_254' title='bbox 362 2075 448 2116; x_wconf 73' lang='grc' dir='ltr'>κύξιον</span> <span class='ocrx_word' id='word_1_255' title='bbox 461 2077 577 2106; x_wconf 68' lang='grc' dir='ltr'><strong>ποιῆσαι</strong></span> <span class='ocrx_word' id='word_1_256' title='bbox 592 2077 714 2106; x_wconf 77' lang='grc' dir='ltr'>τοιοῦτον</span> <span class='ocrx_word' id='word_1_257' title='bbox 727 2075 817 2115; x_wconf 74' lang='grc' dir='ltr'>νόμον.</span> 
     </span>
    </p>

    <p class='ocr_par' dir='ltr' id='par_1_11' title="bbox 187 2116 859 2159">
     <span class='ocr_line' id='line_1_44' title="bbox 187 2116 859 2159; baseline 0.004 -12"><span class='ocrx_word' id='word_1_258' title='bbox 187 2134 232 2140; x_wconf 97' lang='grc'>-</span> <span class='ocrx_word' id='word_1_259' title='bbox 248 2120 298 2147; x_wconf 87' lang='lat'><strong>11.</strong></span> <span class='ocrx_word' id='word_1_260' title='bbox 320 2116 467 2159; x_wconf 73' lang='grc' dir='ltr'>λέγονται]</span> <span class='ocrx_word' id='word_1_261' title='bbox 494 2120 577 2149; x_wconf 89' lang='lat' dir='ltr'><strong>Citat</strong></span> <span class='ocrx_word' id='word_1_262' title='bbox 603 2120 632 2149; x_wconf 81' lang='lat' dir='ltr'><strong>h.</strong></span> <span class='ocrx_word' id='word_1_263' title='bbox 654 2119 675 2149; x_wconf 88' lang='grc' dir='ltr'><strong>Ι.</strong></span> <span class='ocrx_word' id='word_1_264' title='bbox 704 2119 859 2150; x_wconf 77' lang='lat' dir='ltr'><strong>Aristides</strong></span> 
     </span>
    </p>

    <p class='ocr_par' dir='ltr' id='par_1_12' title="bbox 141 2163 860 2364">
     <span class='ocr_line' id='line_1_45' title="bbox 145 2163 550 2202; baseline 0.005 -12"><span class='ocrx_word' id='word_1_265' title='bbox 145 2171 228 2202; x_wconf 79' lang='grc' dir='ltr'>τεχν.</span> <span class='ocrx_word' id='word_1_266' title='bbox 245 2171 275 2200; x_wconf 82' lang='grc' dir='ltr'><strong>ρ.</strong></span> <span class='ocrx_word' id='word_1_267' title='bbox 291 2163 366 2192; x_wconf 82' lang='grc'><strong>184.</strong></span> <span class='ocrx_word' id='word_1_268' title='bbox 382 2167 414 2191; x_wconf 91' lang='lat' dir='ltr'><strong>et</strong></span> <span class='ocrx_word' id='word_1_269' title='bbox 427 2173 460 2202; x_wconf 89' lang='lat' dir='ltr'><strong>p.</strong></span> <span class='ocrx_word' id='word_1_270' title='bbox 473 2166 550 2192; x_wconf 61' lang='lat'><strong>121.</strong></span> 
     </span>
     <span class='ocr_line' id='line_1_46' title="bbox 149 2205 860 2247; baseline 0.001 -14"><span class='ocrx_word' id='word_1_271' title='bbox 149 2228 153 2233; x_wconf 92' lang='lat'><strong>.</strong></span> <span class='ocrx_word' id='word_1_272' title='bbox 185 2221 229 2227; x_wconf 90' lang='lat'><strong>——</strong></span> <span class='ocrx_word' id='word_1_273' title='bbox 250 2205 302 2234; x_wconf 87' lang='lat'><strong>18.</strong></span> <span class='ocrx_word' id='word_1_274' title='bbox 324 2205 424 2247; x_wconf 78' lang='grc' dir='ltr'>τοῦτο]</span> <span class='ocrx_word' id='word_1_275' title='bbox 451 2205 482 2235; x_wconf 85' lang='lat' dir='ltr'><strong>id</strong></span> <span class='ocrx_word' id='word_1_276' title='bbox 509 2215 617 2244; x_wconf 87' lang='lat' dir='ltr'><strong>nempe</strong></span> <span class='ocrx_word' id='word_1_277' title='bbox 645 2205 727 2244; x_wconf 90' lang='lat' dir='ltr'><strong>quod</strong></span> <span class='ocrx_word' id='word_1_278' title='bbox 757 2205 860 2235; x_wconf 88' lang='lat' dir='ltr'><strong>statim</strong></span> 
     </span>
     <span class='ocr_line' id='line_1_47' title="bbox 146 2247 859 2287; baseline 0.003 -12"><span class='ocrx_word' id='word_1_279' title='bbox 146 2256 245 2276; x_wconf 86' lang='lat' dir='ltr'><strong>versu.</strong></span> <span class='ocrx_word' id='word_1_280' title='bbox 261 2249 314 2278; x_wconf 87' lang='lat'><strong>19.</strong></span> <span class='ocrx_word' id='word_1_281' title='bbox 343 2253 609 2284; x_wconf 85' lang='lat' dir='ltr'><strong>commemoratur,</strong></span> <span class='ocrx_word' id='word_1_282' title='bbox 636 2247 798 2287; x_wconf 81' lang='lat' dir='ltr'><strong>pecuniam</strong></span> <span class='ocrx_word' id='word_1_283' title='bbox 829 2248 859 2278; x_wconf 88' lang='lat' dir='ltr'><strong>in</strong></span> 
     </span>
     <span class='ocr_line' id='line_1_48' title="bbox 141 2290 859 2332; baseline 0.003 -13"><span class='ocrx_word' id='word_1_284' title='bbox 141 2290 304 2321; x_wconf 68' lang='lat' dir='ltr'><strong>commune</strong></span> <span class='ocrx_word' id='word_1_285' title='bbox 314 2292 466 2329; x_wconf 81' lang='lat' dir='ltr'><strong>conferre,</strong></span> <span class='ocrx_word' id='word_1_286' title='bbox 476 2302 536 2332; x_wconf 91' lang='lat' dir='ltr'><strong>quo</strong></span> <span class='ocrx_word' id='word_1_287' title='bbox 548 2302 656 2322; x_wconf 87' lang='lat' dir='ltr'><strong>nomen</strong></span> <span class='ocrx_word' id='word_1_288' title='bbox 669 2296 859 2322; x_wconf 87' lang='lat' dir='ltr'><strong>contractum</strong></span> 
     </span>
     <span class='ocr_line' id='line_1_49' title="bbox 144 2332 568 2364; baseline 0.012 -3"><span class='ocrx_word' id='word_1_289' title='bbox 144 2332 290 2364; x_wconf 83' lang='lat' dir='ltr'><strong>diluatur.</strong></span> <span class='ocrx_word' id='word_1_290' title='bbox 566 2357 568 2359; x_wconf 66' lang='grc'><em>»</em></span> 
     </span>
    </p>

    <p class='ocr_par' dir='ltr' id='par_1_13' title="bbox 143 2376 861 2589">
     <span class='ocr_line' id='line_1_50' title="bbox 187 2376 860 2418; baseline 0.001 -11"><span class='ocrx_word' id='word_1_291' title='bbox 187 2393 230 2400; x_wconf 91' lang='lat'><strong>--</strong></span> <span class='ocrx_word' id='word_1_292' title='bbox 246 2378 297 2407; x_wconf 88' lang='grc'><strong>19.</strong></span> <span class='ocrx_word' id='word_1_293' title='bbox 318 2376 478 2418; x_wconf 55' lang='lat' dir='ltr'><strong>&gt;epipam-a]</strong></span> <span class='ocrx_word' id='word_1_294' title='bbox 504 2377 616 2407; x_wconf 87' lang='lat' dir='ltr'><strong>sustuli</strong></span> <span class='ocrx_word' id='word_1_295' title='bbox 645 2388 764 2407; x_wconf 84' lang='lat' dir='ltr'><strong>comma</strong></span> <span class='ocrx_word' id='word_1_296' title='bbox 789 2383 860 2417; x_wconf 81' lang='lat' dir='ltr'><strong>post</strong></span> 
     </span>
     <span class='ocr_line' id='line_1_51' title="bbox 145 2418 859 2459; baseline 0.003 -11"><span class='ocrx_word' id='word_1_297' title='bbox 145 2418 289 2459; x_wconf 68' lang='grc' dir='ltr'><strong>χςῆμὲιτοι</strong></span> <span class='ocrx_word' id='word_1_298' title='bbox 305 2418 336 2449; x_wconf 79' lang='lat' dir='ltr'><strong>et</strong></span> <span class='ocrx_word' id='word_1_299' title='bbox 350 2424 422 2458; x_wconf 87' lang='lat' dir='ltr'><strong>post</strong></span> <span class='ocrx_word' id='word_1_300' title='bbox 436 2419 559 2450; x_wconf 70' lang='grc' dir='ltr'><strong>ἑλέσθαι</strong></span> <span class='ocrx_word' id='word_1_301' title='bbox 580 2420 722 2456; x_wconf 73' lang='lat' dir='ltr'><strong>distinxi,</strong></span> <span class='ocrx_word' id='word_1_302' title='bbox 739 2421 859 2451; x_wconf 85' lang='lat' dir='ltr'><strong>addidi-</strong></span> 
     </span>
     <span class='ocr_line' id='line_1_52' title="bbox 146 2461 861 2500; baseline 0.006 -10"><span class='ocrx_word' id='word_1_303' title='bbox 146 2472 206 2500; x_wconf 87' lang='lat' dir='ltr'><strong>que</strong></span> <span class='ocrx_word' id='word_1_304' title='bbox 219 2461 280 2497; x_wconf 73' lang='grc' dir='ltr'><strong>καὶ,</strong></span> <span class='ocrx_word' id='word_1_305' title='bbox 301 2466 336 2492; x_wconf 82' lang='lat' dir='ltr'><strong>ut</strong></span> <span class='ocrx_word' id='word_1_306' title='bbox 356 2462 424 2492; x_wconf 86' lang='lat' dir='ltr'><strong>haec</strong></span> <span class='ocrx_word' id='word_1_307' title='bbox 443 2464 483 2493; x_wconf 89' lang='lat' dir='ltr'><strong>sit</strong></span> <span class='ocrx_word' id='word_1_308' title='bbox 506 2464 675 2494; x_wconf 85' lang='lat' dir='ltr'><strong>sententia:</strong></span> <span class='ocrx_word' id='word_1_309' title='bbox 698 2473 742 2494; x_wconf 82' lang='lat' dir='ltr'><strong>eos</strong></span> <span class='ocrx_word' id='word_1_310' title='bbox 764 2464 861 2495; x_wconf 80' lang='lat' dir='ltr'><strong>decre-</strong></span> 
     </span>
     <span class='ocr_line' id='line_1_53' title="bbox 143 2506 859 2545; baseline 0.006 -11"><span class='ocrx_word' id='word_1_311' title='bbox 143 2506 214 2535; x_wconf 81' lang='lat' dir='ltr'><strong>visse</strong></span> <span class='ocrx_word' id='word_1_312' title='bbox 227 2506 352 2545; x_wconf 80' lang='lat' dir='ltr'><strong>pecunia</strong></span> <span class='ocrx_word' id='word_1_313' title='bbox 370 2506 518 2536; x_wconf 82' lang='lat' dir='ltr'><strong>collatitia</strong></span> <span class='ocrx_word' id='word_1_314' title='bbox 539 2507 668 2538; x_wconf 70' lang='lat' dir='ltr'><strong>debitum</strong></span> <span class='ocrx_word' id='word_1_315' title='bbox 682 2517 719 2538; x_wconf 69' lang='grc' dir='ltr'><strong>ιτς</strong></span> <span class='ocrx_word' id='word_1_316' title='bbox 733 2507 859 2544; x_wconf 81' lang='lat' dir='ltr'><strong>diluere,</strong></span> 
     </span>
     <span class='ocr_line' id='line_1_54' title="bbox 143 2547 602 2589; baseline 0.004 -12"><span class='ocrx_word' id='word_1_317' title='bbox 143 2553 171 2577; x_wconf 79' lang='lat' dir='ltr'><strong>et</strong></span> <span class='ocrx_word' id='word_1_318' title='bbox 186 2547 340 2578; x_wconf 81' lang='lat' dir='ltr'><strong>contulisse</strong></span> <span class='ocrx_word' id='word_1_319' title='bbox 354 2559 464 2589; x_wconf 75' lang='lat' dir='ltr'><strong>quoque</strong></span> <span class='ocrx_word' id='word_1_320' title='bbox 476 2559 509 2580; x_wconf 77' lang='lat' dir='ltr'><strong>re</strong></span> <span class='ocrx_word' id='word_1_321' title='bbox 523 2559 602 2580; x_wconf 82' lang='lat' dir='ltr'><strong>vera.</strong></span> 
     </span>
    </p>

    <p class='ocr_par' dir='ltr' id='par_1_14' title="bbox 142 2591 863 2762">
     <span class='ocr_line' id='line_1_55' title="bbox 187 2591 861 2633; baseline 0.003 -12"><span class='ocrx_word' id='word_1_322' title='bbox 187 2594 261 2622; x_wconf 83' lang='lat'><strong>461.</strong></span> <span class='ocrx_word' id='word_1_323' title='bbox 274 2595 303 2622; x_wconf 77' lang='lat'><strong>2.</strong></span> <span class='ocrx_word' id='word_1_324' title='bbox 316 2591 396 2621; x_wconf 73' lang='grc' dir='ltr'>ἄλλά.</span> <span class='ocrx_word' id='word_1_325' title='bbox 409 2592 456 2633; x_wconf 71' lang='grc' dir='ltr'><strong>τι]</strong></span> <span class='ocrx_word' id='word_1_326' title='bbox 473 2593 595 2622; x_wconf 79' lang='lat' dir='ltr'><strong>correxi</strong></span> <span class='ocrx_word' id='word_1_327' title='bbox 612 2597 728 2623; x_wconf 78' lang='lat' dir='ltr'><strong>mutato</strong></span> <span class='ocrx_word' id='word_1_328' title='bbox 743 2598 861 2623; x_wconf 87' lang='lat' dir='ltr'><strong>tantum</strong></span> 
     </span>
     <span class='ocr_line' id='line_1_56' title="bbox 143 2634 862 2677; baseline 0.004 -14"><span class='ocrx_word' id='word_1_329' title='bbox 143 2639 272 2664; x_wconf 84' lang='lat' dir='ltr'><strong>accentu</strong></span> <span class='ocrx_word' id='word_1_330' title='bbox 286 2634 369 2665; x_wconf 68' lang='grc' dir='ltr'>ἀλλὰ</span> <span class='ocrx_word' id='word_1_331' title='bbox 386 2634 523 2675; x_wconf 70' lang='grc' dir='ltr'>[σκοποῦν</span> <span class='ocrx_word' id='word_1_332' title='bbox 535 2636 672 2676; x_wconf 85' lang='lat' dir='ltr'><strong>scilicet]</strong></span> <span class='ocrx_word' id='word_1_333' title='bbox 689 2637 719 2666; x_wconf 73' lang='grc' dir='ltr'><strong>τὶ</strong></span> <span class='ocrx_word' id='word_1_334' title='bbox 739 2636 787 2677; x_wconf 87' lang='lat' dir='ltr'><strong>[id</strong></span> <span class='ocrx_word' id='word_1_335' title='bbox 804 2643 862 2673; x_wconf 84' lang='lat' dir='ltr'><strong>est,</strong></span> 
     </span>
     <span class='ocr_line' id='line_1_57' title="bbox 142 2675 863 2719; baseline 0.006 -13"><span class='ocrx_word' id='word_1_336' title='bbox 142 2675 228 2718; x_wconf 70' lang='grc' dir='ltr'><strong>ι’)’,τι].</strong></span> <span class='ocrx_word' id='word_1_337' title='bbox 250 2677 298 2708; x_wconf 82' lang='lat' dir='ltr'><strong>sed</strong></span> <span class='ocrx_word' id='word_1_338' title='bbox 312 2677 364 2707; x_wconf 87' lang='lat' dir='ltr'><strong>hoc</strong></span> <span class='ocrx_word' id='word_1_339' title='bbox 378 2689 489 2719; x_wconf 80' lang='lat' dir='ltr'><strong>quoque</strong></span> <span class='ocrx_word' id='word_1_340' title='bbox 504 2679 699 2714; x_wconf 78' lang='lat' dir='ltr'><strong>considerans.</strong></span> <span class='ocrx_word' id='word_1_341' title='bbox 721 2681 863 2718; x_wconf 77' lang='lat' dir='ltr'><strong>quidnam</strong></span> 
     </span>
     <span class='ocr_line' id='line_1_58' title="bbox 142 2721 863 2762; baseline 0.004 -12"><span class='ocrx_word' id='word_1_342' title='bbox 142 2722 180 2750; x_wconf 79' lang='lat' dir='ltr'><strong>sit</strong></span> <span class='ocrx_word' id='word_1_343' title='bbox 207 2725 278 2751; x_wconf 81' lang='lat' dir='ltr'><strong>actu</strong></span> <span class='ocrx_word' id='word_1_344' title='bbox 305 2727 450 2762; x_wconf 81' lang='lat' dir='ltr'><strong>gestuque</strong></span> <span class='ocrx_word' id='word_1_345' title='bbox 479 2721 640 2752; x_wconf 76' lang='lat' dir='ltr'><strong>honestum.</strong></span> <span class='ocrx_word' id='word_1_346' title='bbox 677 2722 787 2762; x_wconf 62' lang='grc' dir='ltr'><strong>πρᾶξαι</strong></span> <span class='ocrx_word' id='word_1_347' title='bbox 817 2729 863 2753; x_wconf 88' lang='lat' dir='ltr'><strong>est</strong></span> 
     </span>
    </p>
   </div>
   <div class='ocr_carea' id='block_1_3' title="bbox 94 2763 864 2806">
    <p class='ocr_par' dir='ltr' id='par_1_15' title="bbox 94 2763 864 2806">
     <span class='ocr_line' id='line_1_59' title="bbox 94 2763 864 2806; baseline 0.006 -15"><span class='ocrx_word' id='word_1_348' title='bbox 94 2783 99 2790; x_wconf 77' lang='grc'><em>,</em></span> <span class='ocrx_word' id='word_1_349' title='bbox 144 2763 226 2794; x_wconf 87' lang='lat' dir='ltr'><strong>idem</strong></span> <span class='ocrx_word' id='word_1_350' title='bbox 239 2768 330 2803; x_wconf 85' lang='lat' dir='ltr'><strong>atque</strong></span> <span class='ocrx_word' id='word_1_351' title='bbox 345 2764 422 2794; x_wconf 71' lang='grc' dir='ltr'>ὥστε</span> <span class='ocrx_word' id='word_1_352' title='bbox 434 2765 553 2806; x_wconf 74' lang='grc' dir='ltr'><strong>πρᾶξαι,</strong></span> <span class='ocrx_word' id='word_1_353' title='bbox 563 2767 602 2795; x_wconf 74' lang='lat' dir='ltr'><strong>ad</strong></span> <span class='ocrx_word' id='word_1_354' title='bbox 611 2767 774 2806; x_wconf 81' lang='lat' dir='ltr'><strong>agendum.</strong></span> <span class='ocrx_word' id='word_1_355' title='bbox 804 2767 864 2796; x_wconf 86' lang='lat' dir='ltr'><strong>Est</strong></span> 
     </span>
    </p>
   </div>
   <div class='ocr_carea' id='block_1_4' title="bbox 116 2806 867 3021">
    <p class='ocr_par' dir='ltr' id='par_1_16' title="bbox 116 2806 867 3021">
     <span class='ocr_line' id='line_1_60' title="bbox 145 2806 864 2840; baseline 0.006 -4"><span class='ocrx_word' id='word_1_356' title='bbox 145 2806 226 2836; x_wconf 88' lang='lat' dir='ltr'><strong>idem</strong></span> <span class='ocrx_word' id='word_1_357' title='bbox 241 2816 278 2837; x_wconf 81' lang='lat' dir='ltr'><strong>ac</strong></span> <span class='ocrx_word' id='word_1_358' title='bbox 293 2807 319 2836; x_wconf 92' lang='lat' dir='ltr'><strong>si</strong></span> <span class='ocrx_word' id='word_1_359' title='bbox 333 2807 487 2838; x_wconf 83' lang='lat' dir='ltr'><strong>dixisset:</strong></span> <span class='ocrx_word' id='word_1_360' title='bbox 512 2808 594 2838; x_wconf 70' lang='grc' dir='ltr'>ἀλλὰ</span> <span class='ocrx_word' id='word_1_361' title='bbox 616 2809 663 2838; x_wconf 75' lang='grc' dir='ltr'><strong>καὶ</strong></span> <span class='ocrx_word' id='word_1_362' title='bbox 688 2810 774 2838; x_wconf 78' lang='grc' dir='ltr'>τοῦτο</span> <span class='ocrx_word' id='word_1_363' title='bbox 796 2821 864 2840; x_wconf 75' lang='grc' dir='ltr'>σκο-</span> 
     </span>
     <span class='ocr_line' id='line_1_61' title="bbox 146 2849 820 2892; baseline 0.006 -13"><span class='ocrx_word' id='word_1_364' title='bbox 146 2850 225 2885; x_wconf 68' lang='grc' dir='ltr'>ποῦν,</span> <span class='ocrx_word' id='word_1_365' title='bbox 239 2849 266 2880; x_wconf 78' lang='grc' dir='ltr'><strong>εἴ</strong></span> <span class='ocrx_word' id='word_1_366' title='bbox 279 2851 376 2886; x_wconf 53' lang='lat' dir='ltr'><strong>‘nael</strong></span> <span class='ocrx_word' id='word_1_367' title='bbox 391 2849 452 2887; x_wconf 74' lang='grc' dir='ltr'>δ’,τι</span> <span class='ocrx_word' id='word_1_368' title='bbox 470 2850 555 2881; x_wconf 69' lang='grc' dir='ltr'>καλόν</span> <span class='ocrx_word' id='word_1_369' title='bbox 570 2850 636 2892; x_wconf 75' lang='grc' dir='ltr'><strong>πρός</strong></span> <span class='ocrx_word' id='word_1_370' title='bbox 652 2851 686 2882; x_wconf 76' lang='grc' dir='ltr'><strong>τὸ</strong></span> <span class='ocrx_word' id='word_1_371' title='bbox 699 2851 820 2892; x_wconf 55' lang='lat' dir='ltr'><strong>miffar.</strong></span> 
     </span>
     <span class='ocr_line' id='line_1_62' title="bbox 189 2892 866 2936; baseline 0 -11"><span class='ocrx_word' id='word_1_372' title='bbox 189 2895 273 2925; x_wconf 82' lang='lat'><strong>—3.</strong></span> <span class='ocrx_word' id='word_1_373' title='bbox 291 2892 476 2925; x_wconf 67' lang='grc' dir='ltr'>οῖδα-οὐδὲ</span> <span class='ocrx_word' id='word_1_374' title='bbox 501 2894 626 2936; x_wconf 67' lang='grc' dir='ltr'>σύνοιδα]</span> <span class='ocrx_word' id='word_1_375' title='bbox 650 2896 737 2935; x_wconf 87' lang='lat' dir='ltr'><strong>prius</strong></span> <span class='ocrx_word' id='word_1_376' title='bbox 761 2896 799 2925; x_wconf 75' lang='lat' dir='ltr'><strong>ad</strong></span> <span class='ocrx_word' id='word_1_377' title='bbox 824 2896 866 2925; x_wconf 83' lang='lat' dir='ltr'><strong>sa-</strong></span> 
     </span>
     <span class='ocr_line' id='line_1_63' title="bbox 147 2937 865 2977; baseline 0.006 -13"><span class='ocrx_word' id='word_1_378' title='bbox 147 2944 239 2971; x_wconf 80' lang='lat' dir='ltr'><strong>mam,</strong></span> <span class='ocrx_word' id='word_1_379' title='bbox 254 2937 410 2975; x_wconf 80' lang='lat' dir='ltr'><strong>posterius</strong></span> <span class='ocrx_word' id='word_1_380' title='bbox 425 2939 463 2968; x_wconf 86' lang='lat' dir='ltr'><strong>ad</strong></span> <span class='ocrx_word' id='word_1_381' title='bbox 480 2937 701 2968; x_wconf 85' lang='lat' dir='ltr'><strong>conscientiam</strong></span> <span class='ocrx_word' id='word_1_382' title='bbox 718 2938 865 2977; x_wconf 73' lang='lat' dir='ltr'><strong>pertinet.</strong></span> 
     </span>
     <span class='ocr_line' id='line_1_64' title="bbox 116 2978 867 3021; baseline 0.007 -14"><span class='ocrx_word' id='word_1_383' title='bbox 116 2998 118 3000; x_wconf 34' lang='lat' dir='ltr'>v</span> <span class='ocrx_word' id='word_1_384' title='bbox 149 2978 244 3008; x_wconf 86' lang='lat' dir='ltr'><strong>multa</strong></span> <span class='ocrx_word' id='word_1_385' title='bbox 257 2979 327 3018; x_wconf 86' lang='lat' dir='ltr'><strong>quis</strong></span> <span class='ocrx_word' id='word_1_386' title='bbox 339 2979 410 3010; x_wconf 67' lang='grc' dir='ltr'>οἶδεν</span> <span class='ocrx_word' id='word_1_387' title='bbox 423 2980 457 3011; x_wconf 69' lang='grc' dir='ltr'>ἂν</span> <span class='ocrx_word' id='word_1_388' title='bbox 476 2981 516 3011; x_wconf 84' lang='lat' dir='ltr'><strong>de</strong></span> <span class='ocrx_word' id='word_1_389' title='bbox 538 2981 654 3021; x_wconf 81' lang='lat' dir='ltr'><strong>aliquo,</strong></span> <span class='ocrx_word' id='word_1_390' title='bbox 671 2983 749 3012; x_wconf 82' lang='lat' dir='ltr'><strong>fama</strong></span> <span class='ocrx_word' id='word_1_391' title='bbox 770 2982 809 3011; x_wconf 85' lang='lat' dir='ltr'><strong>ad</strong></span> <span class='ocrx_word' id='word_1_392' title='bbox 834 2992 867 3012; x_wconf 88' lang='lat' dir='ltr'><strong>se</strong></span> 
     </span>
    </p>
   </div>
   <div class='ocr_carea' id='block_1_5' title="bbox 150 3021 868 3095">
    <p class='ocr_par' dir='ltr' id='par_1_17' title="bbox 150 3021 868 3095">
     <span class='ocr_line' id='line_1_65' title="bbox 150 3021 868 3064; baseline 0.008 -15"><span class='ocrx_word' id='word_1_393' title='bbox 150 3021 280 3060; x_wconf 79' lang='lat' dir='ltr'><strong>perlata,</strong></span> <span class='ocrx_word' id='word_1_394' title='bbox 293 3022 333 3053; x_wconf 88' lang='lat' dir='ltr'><strong>de</strong></span> <span class='ocrx_word' id='word_1_395' title='bbox 344 3024 456 3064; x_wconf 87' lang='lat' dir='ltr'><strong>quibus</strong></span> <span class='ocrx_word' id='word_1_396' title='bbox 467 3024 600 3062; x_wconf 87' lang='lat' dir='ltr'><strong>dubitet,</strong></span> <span class='ocrx_word' id='word_1_397' title='bbox 616 3031 669 3056; x_wconf 79' lang='lat' dir='ltr'><strong>aut</strong></span> <span class='ocrx_word' id='word_1_398' title='bbox 682 3036 743 3056; x_wconf 87' lang='lat' dir='ltr'><strong>non</strong></span> <span class='ocrx_word' id='word_1_399' title='bbox 757 3025 868 3056; x_wconf 74' lang='lat' dir='ltr'><strong>audeat</strong></span> 
     </span>
     <span class='ocr_line' id='line_1_66' title="bbox 198 3074 324 3095; baseline 0.016 -2"><span class='ocrx_word' id='word_1_400' title='bbox 198 3074 276 3095; x_wconf 78' lang='lat' dir='ltr'><strong>vox..</strong></span> <span class='ocrx_word' id='word_1_401' title='bbox 293 3075 324 3095; x_wconf 86' lang='lat' dir='ltr'><strong>v.</strong></span> 
     </span>
    </p>
   </div>
   <div class='ocr_carea' id='block_1_6' title="bbox 1530 203 1604 245">
    <p class='ocr_par' dir='ltr' id='par_1_18' title="bbox 1530 203 1604 245">
     <span class='ocr_line' id='line_1_67' title="bbox 1530 203 1604 245; baseline -0.014 0"><span class='ocrx_word' id='word_1_402' title='bbox 1530 203 1604 245; x_wconf 79' lang='lat'><strong>121</strong></span> 
     </span>
    </p>
   </div>
   <div class='ocr_carea' id='block_1_7' title="bbox 890 307 1605 729">
    <p class='ocr_par' dir='ltr' id='par_1_19' title="bbox 891 307 1605 606">
     <span class='ocr_line' id='line_1_68' title="bbox 893 307 1603 347; baseline 0.006 -11"><span class='ocrx_word' id='word_1_403' title='bbox 893 307 1108 347; x_wconf 82' lang='lat' dir='ltr'><strong>pronunciare,</strong></span> <span class='ocrx_word' id='word_1_404' title='bbox 1124 313 1207 337; x_wconf 82' lang='lat' dir='ltr'><strong>certa</strong></span> <span class='ocrx_word' id='word_1_405' title='bbox 1223 309 1282 339; x_wconf 87' lang='lat' dir='ltr'><strong>sint</strong></span> <span class='ocrx_word' id='word_1_406' title='bbox 1303 317 1333 339; x_wconf 83' lang='lat' dir='ltr'><strong>et</strong></span> <span class='ocrx_word' id='word_1_407' title='bbox 1351 320 1432 346; x_wconf 85' lang='lat' dir='ltr'><strong>vera,</strong></span> <span class='ocrx_word' id='word_1_408' title='bbox 1456 321 1491 340; x_wconf 86' lang='lat' dir='ltr'><strong>an</strong></span> <span class='ocrx_word' id='word_1_409' title='bbox 1515 311 1603 344; x_wconf 79' lang='lat' dir='ltr'><strong>falsa.</strong></span> 
     </span>
     <span class='ocr_line' id='line_1_69' title="bbox 892 350 1603 391; baseline 0.006 -11"><span class='ocrx_word' id='word_1_410' title='bbox 892 361 960 391; x_wconf 88' lang='lat' dir='ltr'><strong>quae</strong></span> <span class='ocrx_word' id='word_1_411' title='bbox 977 350 1046 389; x_wconf 88' lang='lat' dir='ltr'><strong>ipse</strong></span> <span class='ocrx_word' id='word_1_412' title='bbox 1062 350 1185 389; x_wconf 86' lang='lat' dir='ltr'><strong>quidem</strong></span> <span class='ocrx_word' id='word_1_413' title='bbox 1207 351 1254 380; x_wconf 83' lang='lat' dir='ltr'><strong>illi</strong></span> <span class='ocrx_word' id='word_1_414' title='bbox 1277 353 1357 382; x_wconf 84' lang='lat' dir='ltr'><strong>haud</strong></span> <span class='ocrx_word' id='word_1_415' title='bbox 1372 353 1496 384; x_wconf 77' lang='grc' dir='ltr'>σύνοιδεν.</span> <span class='ocrx_word' id='word_1_416' title='bbox 1541 355 1603 384; x_wconf 90' lang='lat' dir='ltr'><strong>Ve-</strong></span> 
     </span>
     <span class='ocr_line' id='line_1_70' title="bbox 893 393 1605 431; baseline 0.006 -8"><span class='ocrx_word' id='word_1_417' title='bbox 893 404 959 424; x_wconf 86' lang='lat' dir='ltr'><strong>rum</strong></span> <span class='ocrx_word' id='word_1_418' title='bbox 974 393 1028 423; x_wconf 83' lang='lat' dir='ltr'><strong>ille</strong></span> <span class='ocrx_word' id='word_1_419' title='bbox 1039 393 1154 424; x_wconf 75' lang='grc' dir='ltr'>σύνοιδεν</span> <span class='ocrx_word' id='word_1_420' title='bbox 1166 393 1268 428; x_wconf 82' lang='lat' dir='ltr'><strong>alicui,</strong></span> <span class='ocrx_word' id='word_1_421' title='bbox 1283 397 1423 426; x_wconf 83' lang='lat' dir='ltr'><strong>conscius</strong></span> <span class='ocrx_word' id='word_1_422' title='bbox 1436 397 1465 427; x_wconf 89' lang='lat' dir='ltr'><strong>ei</strong></span> <span class='ocrx_word' id='word_1_423' title='bbox 1480 401 1537 431; x_wconf 87' lang='lat' dir='ltr'><strong>est,</strong></span> <span class='ocrx_word' id='word_1_424' title='bbox 1551 407 1605 427; x_wconf 89' lang='lat' dir='ltr'><strong>eo-</strong></span> 
     </span>
     <span class='ocr_line' id='line_1_71' title="bbox 892 437 1604 475; baseline 0.006 -9"><span class='ocrx_word' id='word_1_425' title='bbox 892 447 1053 475; x_wconf 78' lang='lat' dir='ltr'><strong>rum,quae</strong></span> <span class='ocrx_word' id='word_1_426' title='bbox 1075 442 1158 467; x_wconf 89' lang='lat' dir='ltr'><strong>certo</strong></span> <span class='ocrx_word' id='word_1_427' title='bbox 1182 437 1277 472; x_wconf 89' lang='lat' dir='ltr'><strong>novit,</strong></span> <span class='ocrx_word' id='word_1_428' title='bbox 1301 441 1331 466; x_wconf 80' lang='lat' dir='ltr'><strong>et</strong></span> <span class='ocrx_word' id='word_1_429' title='bbox 1354 440 1441 468; x_wconf 82' lang='lat' dir='ltr'><strong>testis</strong></span> <span class='ocrx_word' id='word_1_430' title='bbox 1465 440 1604 470; x_wconf 85' lang='lat' dir='ltr'><strong>oculatus</strong></span> 
     </span>
     <span class='ocr_line' id='line_1_72' title="bbox 892 481 1603 519; baseline 0.007 -10"><span class='ocrx_word' id='word_1_431' title='bbox 892 481 943 515; x_wconf 83' lang='lat' dir='ltr'><strong>sit,</strong></span> <span class='ocrx_word' id='word_1_432' title='bbox 959 489 1028 511; x_wconf 86' lang='lat' dir='ltr'><strong>eum</strong></span> <span class='ocrx_word' id='word_1_433' title='bbox 1043 481 1103 509; x_wconf 84' lang='lat' dir='ltr'><strong>ista</strong></span> <span class='ocrx_word' id='word_1_434' title='bbox 1123 484 1331 519; x_wconf 75' lang='lat' dir='ltr'><strong>perpetrasse,</strong></span> <span class='ocrx_word' id='word_1_435' title='bbox 1355 484 1474 512; x_wconf 76' lang='lat' dir='ltr'><strong>tametsi</strong></span> <span class='ocrx_word' id='word_1_436' title='bbox 1498 494 1603 513; x_wconf 88' lang='lat' dir='ltr'><strong>eorum</strong></span> 
     </span>
     <span class='ocr_line' id='line_1_73' title="bbox 891 523 1604 564; baseline 0.006 -12"><span class='ocrx_word' id='word_1_437' title='bbox 891 523 965 552; x_wconf 89' lang='lat' dir='ltr'><strong>nihil</strong></span> <span class='ocrx_word' id='word_1_438' title='bbox 982 533 1039 563; x_wconf 87' lang='lat' dir='ltr'><strong>per</strong></span> <span class='ocrx_word' id='word_1_439' title='bbox 1055 524 1162 553; x_wconf 85' lang='lat' dir='ltr'><strong>samam</strong></span> <span class='ocrx_word' id='word_1_440' title='bbox 1179 523 1374 562; x_wconf 85' lang='lat' dir='ltr'><strong>compererit.</strong></span> <span class='ocrx_word' id='word_1_441' title='bbox 1398 523 1452 554; x_wconf 63' lang='grc' dir='ltr'>οῖόῐε</span> <span class='ocrx_word' id='word_1_442' title='bbox 1476 526 1526 564; x_wconf 83' lang='lat' dir='ltr'><strong>qni</strong></span> <span class='ocrx_word' id='word_1_443' title='bbox 1549 537 1604 556; x_wconf 77' lang='lat' dir='ltr'><strong>au·</strong></span> 
     </span>
     <span class='ocr_line' id='line_1_74' title="bbox 891 566 1286 606; baseline 0.003 -11"><span class='ocrx_word' id='word_1_444' title='bbox 891 566 982 596; x_wconf 77' lang='lat' dir='ltr'><strong>divit.</strong></span> <span class='ocrx_word' id='word_1_445' title='bbox 1005 566 1109 596; x_wconf 81' lang='grc' dir='ltr'>σύνοιδε</span> <span class='ocrx_word' id='word_1_446' title='bbox 1125 567 1179 606; x_wconf 88' lang='lat' dir='ltr'><strong>qui</strong></span> <span class='ocrx_word' id='word_1_447' title='bbox 1195 567 1286 597; x_wconf 86' lang='lat' dir='ltr'><strong>vidit.</strong></span> 
     </span>
    </p>

    <p class='ocr_par' dir='ltr' id='par_1_20' title="bbox 932 607 1603 651">
     <span class='ocr_line' id='line_1_75' title="bbox 932 607 1603 651; baseline 0 -10"><span class='ocrx_word' id='word_1_448' title='bbox 932 626 976 633; x_wconf 89' lang='lat'><strong>-—</strong></span> <span class='ocrx_word' id='word_1_449' title='bbox 991 611 1023 641; x_wconf 80' lang='lat'><strong>5.</strong></span> <span class='ocrx_word' id='word_1_450' title='bbox 1037 610 1166 651; x_wconf 77' lang='grc' dir='ltr'>σκοπῶν]</span> <span class='ocrx_word' id='word_1_451' title='bbox 1184 610 1252 641; x_wconf 85' lang='lat' dir='ltr'><strong>scil.</strong></span> <span class='ocrx_word' id='word_1_452' title='bbox 1269 608 1303 640; x_wconf 74' lang='grc' dir='ltr'><strong>τὸ</strong></span> <span class='ocrx_word' id='word_1_453' title='bbox 1316 607 1378 644; x_wconf 71' lang='grc' dir='ltr'>’ἦθος</span> <span class='ocrx_word' id='word_1_454' title='bbox 1394 610 1443 638; x_wconf 81' lang='grc' dir='ltr'><strong>τοῦ</strong></span> <span class='ocrx_word' id='word_1_455' title='bbox 1459 609 1603 641; x_wconf 78' lang='grc' dir='ltr'>Λεπτίνου.</span> 
     </span>
    </p>

    <p class='ocr_par' dir='ltr' id='par_1_21' title="bbox 890 652 1605 729">
     <span class='ocr_line' id='line_1_76' title="bbox 932 652 1605 694; baseline 0.001 -12"><span class='ocrx_word' id='word_1_456' title='bbox 932 671 974 676; x_wconf 93' lang='lat'><strong>--</strong></span> <span class='ocrx_word' id='word_1_457' title='bbox 994 653 1072 684; x_wconf 86' lang='lat' dir='ltr'><strong>ibid.</strong></span> <span class='ocrx_word' id='word_1_458' title='bbox 1093 653 1211 694; x_wconf 76' lang='grc' dir='ltr'>τούτου]</span> <span class='ocrx_word' id='word_1_459' title='bbox 1236 653 1355 684; x_wconf 83' lang='lat' dir='ltr'><strong>scilicet</strong></span> <span class='ocrx_word' id='word_1_460' title='bbox 1378 654 1428 683; x_wconf 72' lang='grc' dir='ltr'><strong>τοῦ</strong></span> <span class='ocrx_word' id='word_1_461' title='bbox 1448 652 1532 687; x_wconf 66' lang='grc' dir='ltr'>ἤθους</span> <span class='ocrx_word' id='word_1_462' title='bbox 1555 656 1605 688; x_wconf 66' lang='grc' dir='ltr'><strong>τῖς</strong></span> 
     </span>
     <span class='ocr_line' id='line_1_77' title="bbox 890 694 1009 729; baseline -0.008 -2"><span class='ocrx_word' id='word_1_463' title='bbox 890 694 1009 729; x_wconf 69' lang='grc' dir='ltr'>πόλεως.</span> 
     </span>
    </p>
   </div>
   <div class='ocr_carea' id='block_1_8' title="bbox 933 737 1657 780">
    <p class='ocr_par' dir='ltr' id='par_1_22' title="bbox 933 737 1657 780">
     <span class='ocr_line' id='line_1_78' title="bbox 933 737 1657 780; baseline -0.001 -10"><span class='ocrx_word' id='word_1_464' title='bbox 933 756 975 762; x_wconf 91' lang='lat'><strong>--</strong></span> <span class='ocrx_word' id='word_1_465' title='bbox 991 740 1023 770; x_wconf 82' lang='lat'><strong>¹7.</strong></span> <span class='ocrx_word' id='word_1_466' title='bbox 1040 737 1158 775; x_wconf 64' lang='grc' dir='ltr'><strong>θέσθαι,</strong></span> <span class='ocrx_word' id='word_1_467' title='bbox 1172 739 1237 780; x_wconf 71' lang='grc' dir='ltr'>καὶ]</span> <span class='ocrx_word' id='word_1_468' title='bbox 1255 738 1377 770; x_wconf 83' lang='lat' dir='ltr'><strong>correxi</strong></span> <span class='ocrx_word' id='word_1_469' title='bbox 1394 737 1493 769; x_wconf 73' lang='grc' dir='ltr'><strong><em>Θὲσθαι</em></strong></span> <span class='ocrx_word' id='word_1_470' title='bbox 1509 739 1605 773; x_wconf 77' lang='grc' dir='ltr'>δοκεῖν,</span> <span class='ocrx_word' id='word_1_471' title='bbox 1652 748 1657 753; x_wconf 82' lang='grc'><em>·</em></span> 
     </span>
    </p>
   </div>
   <div class='ocr_carea' id='block_1_9' title="bbox 888 782 1621 3098">
    <p class='ocr_par' dir='ltr' id='par_1_23' title="bbox 888 782 1609 1470">
     <span class='ocr_line' id='line_1_79' title="bbox 889 782 1604 821; baseline 0 -9"><span class='ocrx_word' id='word_1_472' title='bbox 889 783 1105 813; x_wconf 66' lang='lat' dir='ltr'><strong>aaz—contra</strong></span> <span class='ocrx_word' id='word_1_473' title='bbox 1121 793 1214 813; x_wconf 86' lang='lat' dir='ltr'><strong>versu</strong></span> <span class='ocrx_word' id='word_1_474' title='bbox 1232 786 1283 814; x_wconf 89' lang='lat'><strong>10.</strong></span> <span class='ocrx_word' id='word_1_475' title='bbox 1299 782 1513 816; x_wconf 64' lang='lat' dir='ltr'><strong>sustuliBouei‘v</strong></span> <span class='ocrx_word' id='word_1_476' title='bbox 1533 790 1604 821; x_wconf 88' lang='lat' dir='ltr'><strong>post</strong></span> 
     </span>
     <span class='ocr_line' id='line_1_80' title="bbox 889 824 1608 865; baseline -0.001 -9"><span class='ocrx_word' id='word_1_477' title='bbox 889 824 1036 864; x_wconf 68' lang='grc' dir='ltr'>γενέσθαι,</span> <span class='ocrx_word' id='word_1_478' title='bbox 1052 830 1176 856; x_wconf 83' lang='lat' dir='ltr'><strong>secutus</strong></span> <span class='ocrx_word' id='word_1_479' title='bbox 1198 827 1409 856; x_wconf 82' lang='lat' dir='ltr'><strong>auctoritatem</strong></span> <span class='ocrx_word' id='word_1_480' title='bbox 1424 826 1608 865; x_wconf 84' lang='lat' dir='ltr'><strong>Augustani,</strong></span> 
     </span>
     <span class='ocr_line' id='line_1_81' title="bbox 889 869 1606 909; baseline 0 -10"><span class='ocrx_word' id='word_1_481' title='bbox 889 874 920 900; x_wconf 87' lang='lat' dir='ltr'><strong>et</strong></span> <span class='ocrx_word' id='word_1_482' title='bbox 934 870 993 899; x_wconf 84' lang='lat' dir='ltr'><strong>hoc</strong></span> <span class='ocrx_word' id='word_1_483' title='bbox 1007 870 1153 906; x_wconf 85' lang='lat' dir='ltr'><strong>maxime,</strong></span> <span class='ocrx_word' id='word_1_484' title='bbox 1166 870 1249 909; x_wconf 86' lang='lat' dir='ltr'><strong>quod</strong></span> <span class='ocrx_word' id='word_1_485' title='bbox 1264 869 1298 900; x_wconf 77' lang='grc' dir='ltr'><strong>τὸ</strong></span> <span class='ocrx_word' id='word_1_486' title='bbox 1312 869 1397 900; x_wconf 79' lang='grc' dir='ltr'>δοκεῖν</span> <span class='ocrx_word' id='word_1_487' title='bbox 1410 870 1521 899; x_wconf 86' lang='lat' dir='ltr'><strong>melius</strong></span> <span class='ocrx_word' id='word_1_488' title='bbox 1536 879 1606 899; x_wconf 87' lang='lat' dir='ltr'><strong>cum</strong></span> 
     </span>
     <span class='ocr_line' id='line_1_82' title="bbox 889 912 1608 954; baseline 0 -13"><span class='ocrx_word' id='word_1_489' title='bbox 889 912 1016 948; x_wconf 73' lang='grc' dir='ltr'>κάλλιον,</span> <span class='ocrx_word' id='word_1_490' title='bbox 1031 923 1122 952; x_wconf 88' lang='lat' dir='ltr'><strong>quam</strong></span> <span class='ocrx_word' id='word_1_491' title='bbox 1144 923 1214 944; x_wconf 86' lang='lat' dir='ltr'><strong>cum</strong></span> <span class='ocrx_word' id='word_1_492' title='bbox 1239 912 1473 954; x_wconf 71' lang='grc' dir='ltr'>λυσιτελέστεςον</span> <span class='ocrx_word' id='word_1_493' title='bbox 1493 923 1608 942; x_wconf 85' lang='lat' dir='ltr'><strong>conve-</strong></span> 
     </span>
     <span class='ocr_line' id='line_1_83' title="bbox 890 955 1607 995; baseline -0.001 -10"><span class='ocrx_word' id='word_1_494' title='bbox 890 956 964 986; x_wconf 86' lang='lat' dir='ltr'><strong>niat.</strong></span> <span class='ocrx_word' id='word_1_495' title='bbox 986 957 1082 986; x_wconf 85' lang='lat' dir='ltr'><strong>decus</strong></span> <span class='ocrx_word' id='word_1_496' title='bbox 1104 961 1135 986; x_wconf 88' lang='lat' dir='ltr'><strong>et</strong></span> <span class='ocrx_word' id='word_1_497' title='bbox 1156 955 1302 987; x_wconf 87' lang='lat' dir='ltr'><strong>honestas</strong></span> <span class='ocrx_word' id='word_1_498' title='bbox 1318 956 1490 986; x_wconf 83' lang='lat' dir='ltr'><strong>continetur</strong></span> <span class='ocrx_word' id='word_1_499' title='bbox 1503 955 1547 995; x_wconf 74' lang='grc' dir='ltr'><strong>τῷ</strong></span> <span class='ocrx_word' id='word_1_500' title='bbox 1565 955 1607 985; x_wconf 75' lang='grc' dir='ltr'><strong>δο-</strong></span> 
     </span>
     <span class='ocr_line' id='line_1_84' title="bbox 889 997 1609 1034; baseline 0.001 -8"><span class='ocrx_word' id='word_1_501' title='bbox 889 999 955 1031; x_wconf 73' lang='grc' dir='ltr'>κεῖν,</span> <span class='ocrx_word' id='word_1_502' title='bbox 972 999 1117 1034; x_wconf 82' lang='lat' dir='ltr'><strong>opinione</strong></span> <span class='ocrx_word' id='word_1_503' title='bbox 1131 998 1300 1027; x_wconf 82' lang='lat' dir='ltr'><strong>hominum.</strong></span> <span class='ocrx_word' id='word_1_504' title='bbox 1321 1008 1428 1029; x_wconf 85' lang='lat' dir='ltr'><strong>verum</strong></span> <span class='ocrx_word' id='word_1_505' title='bbox 1443 997 1478 1028; x_wconf 78' lang='grc' dir='ltr'><strong>τὸ</strong></span> <span class='ocrx_word' id='word_1_506' title='bbox 1492 1003 1609 1027; x_wconf 71' lang='grc' dir='ltr'>λυσιτε-</span> 
     </span>
     <span class='ocr_line' id='line_1_85' title="bbox 891 1037 1606 1080; baseline 0.006 -13"><span class='ocrx_word' id='word_1_507' title='bbox 891 1037 950 1072; x_wconf 80' lang='grc' dir='ltr'>λὲς,</span> <span class='ocrx_word' id='word_1_508' title='bbox 976 1039 1216 1069; x_wconf 78' lang='lat' dir='ltr'><strong>emolumentum</strong></span> <span class='ocrx_word' id='word_1_509' title='bbox 1240 1039 1409 1076; x_wconf 86' lang='lat' dir='ltr'><strong>hominum,</strong></span> <span class='ocrx_word' id='word_1_510' title='bbox 1434 1041 1532 1080; x_wconf 82' lang='lat' dir='ltr'><strong>magis</strong></span> <span class='ocrx_word' id='word_1_511' title='bbox 1560 1052 1606 1076; x_wconf 86' lang='lat' dir='ltr'><strong>re,</strong></span> 
     </span>
     <span class='ocr_line' id='line_1_86' title="bbox 891 1081 1606 1120; baseline 0.007 -11"><span class='ocrx_word' id='word_1_512' title='bbox 891 1090 981 1120; x_wconf 88' lang='lat' dir='ltr'><strong>quam</strong></span> <span class='ocrx_word' id='word_1_513' title='bbox 998 1081 1153 1120; x_wconf 86' lang='lat' dir='ltr'><strong>opinione.</strong></span> <span class='ocrx_word' id='word_1_514' title='bbox 1175 1083 1336 1112; x_wconf 80' lang='lat' dir='ltr'><strong>Sententia</strong></span> <span class='ocrx_word' id='word_1_515' title='bbox 1346 1088 1394 1113; x_wconf 91' lang='lat' dir='ltr'><strong>est</strong></span> <span class='ocrx_word' id='word_1_516' title='bbox 1408 1084 1486 1114; x_wconf 88' lang='lat' dir='ltr'><strong>haec.</strong></span> <span class='ocrx_word' id='word_1_517' title='bbox 1521 1084 1606 1114; x_wconf 81' lang='lat' dir='ltr'><strong>Prae-</strong></span> 
     </span>
     <span class='ocr_line' id='line_1_87' title="bbox 891 1123 1606 1167; baseline 0.004 -14"><span class='ocrx_word' id='word_1_518' title='bbox 891 1124 1002 1154; x_wconf 77' lang='lat' dir='ltr'><strong>clarius</strong></span> <span class='ocrx_word' id='word_1_519' title='bbox 1014 1125 1061 1154; x_wconf 87' lang='lat' dir='ltr'><strong>aio</strong></span> <span class='ocrx_word' id='word_1_520' title='bbox 1075 1134 1141 1162; x_wconf 86' lang='lat' dir='ltr'><strong>esse,</strong></span> <span class='ocrx_word' id='word_1_521' title='bbox 1156 1125 1196 1155; x_wconf 83' lang='lat' dir='ltr'><strong>ad</strong></span> <span class='ocrx_word' id='word_1_522' title='bbox 1207 1123 1340 1165; x_wconf 84' lang='lat' dir='ltr'><strong>famam,</strong></span> <span class='ocrx_word' id='word_1_523' title='bbox 1364 1127 1387 1156; x_wconf 84' lang='lat' dir='ltr'><strong>si</strong></span> <span class='ocrx_word' id='word_1_524' title='bbox 1401 1126 1470 1165; x_wconf 89' lang='lat' dir='ltr'><strong>(vel</strong></span> <span class='ocrx_word' id='word_1_525' title='bbox 1493 1125 1546 1167; x_wconf 85' lang='lat' dir='ltr'><strong>ut)</strong></span> <span class='ocrx_word' id='word_1_526' title='bbox 1563 1129 1606 1156; x_wconf 83' lang='lat' dir='ltr'><strong>vi-</strong></span> 
     </span>
     <span class='ocr_line' id='line_1_88' title="bbox 891 1167 1607 1210; baseline 0.003 -13"><span class='ocrx_word' id='word_1_527' title='bbox 891 1167 999 1197; x_wconf 82' lang='lat' dir='ltr'><strong>deacur</strong></span> <span class='ocrx_word' id='word_1_528' title='bbox 1015 1167 1150 1206; x_wconf 80' lang='lat' dir='ltr'><strong>Leptines</strong></span> <span class='ocrx_word' id='word_1_529' title='bbox 1172 1169 1248 1199; x_wconf 83' lang='lat' dir='ltr'><strong>vobis</strong></span> <span class='ocrx_word' id='word_1_530' title='bbox 1266 1170 1365 1208; x_wconf 57' lang='lat' dir='ltr'><strong>fotius</strong></span> <span class='ocrx_word' id='word_1_531' title='bbox 1384 1171 1416 1199; x_wconf 86' lang='lat' dir='ltr'><strong>in</strong></span> <span class='ocrx_word' id='word_1_532' title='bbox 1440 1170 1502 1210; x_wconf 84' lang='lat' dir='ltr'><strong>lege</strong></span> <span class='ocrx_word' id='word_1_533' title='bbox 1523 1169 1607 1199; x_wconf 77' lang='lat' dir='ltr'><strong>abro-</strong></span> 
     </span>
     <span class='ocr_line' id='line_1_89' title="bbox 889 1211 1606 1252; baseline 0.003 -12"><span class='ocrx_word' id='word_1_534' title='bbox 889 1211 994 1252; x_wconf 81' lang='lat' dir='ltr'><strong>ganda</strong></span> <span class='ocrx_word' id='word_1_535' title='bbox 1019 1212 1171 1241; x_wconf 82' lang='lat' dir='ltr'><strong>obsecutus</strong></span> <span class='ocrx_word' id='word_1_536' title='bbox 1193 1221 1260 1247; x_wconf 85' lang='lat' dir='ltr'><strong>esse,</strong></span> <span class='ocrx_word' id='word_1_537' title='bbox 1284 1222 1372 1252; x_wconf 80' lang='lat' dir='ltr'><strong>quam</strong></span> <span class='ocrx_word' id='word_1_538' title='bbox 1395 1218 1431 1242; x_wconf 84' lang='lat' dir='ltr'><strong>ut</strong></span> <span class='ocrx_word' id='word_1_539' title='bbox 1444 1222 1493 1242; x_wconf 85' lang='lat' dir='ltr'><strong>vos</strong></span> <span class='ocrx_word' id='word_1_540' title='bbox 1508 1213 1606 1248; x_wconf 63' lang='lat' dir='ltr'><strong>videa,-</strong></span> 
     </span>
     <span class='ocr_line' id='line_1_90' title="bbox 892 1254 1606 1295; baseline 0.004 -12"><span class='ocrx_word' id='word_1_541' title='bbox 892 1254 966 1284; x_wconf 84' lang='lat' dir='ltr'><strong>mini</strong></span> <span class='ocrx_word' id='word_1_542' title='bbox 981 1254 1009 1284; x_wconf 86' lang='lat' dir='ltr'><strong>ei</strong></span> <span class='ocrx_word' id='word_1_543' title='bbox 1031 1256 1063 1284; x_wconf 87' lang='lat' dir='ltr'><strong>in</strong></span> <span class='ocrx_word' id='word_1_544' title='bbox 1082 1255 1217 1295; x_wconf 81' lang='lat' dir='ltr'><strong>roganda</strong></span> <span class='ocrx_word' id='word_1_545' title='bbox 1239 1261 1268 1286; x_wconf 85' lang='lat' dir='ltr'><strong>et</strong></span> <span class='ocrx_word' id='word_1_546' title='bbox 1287 1255 1460 1294; x_wconf 72' lang='lat' dir='ltr'><strong>accipienda</strong></span> <span class='ocrx_word' id='word_1_547' title='bbox 1482 1256 1606 1286; x_wconf 77' lang='lat' dir='ltr'><strong>obsecuti</strong></span> 
     </span>
     <span class='ocr_line' id='line_1_91' title="bbox 891 1297 1607 1340; baseline 0.001 -13"><span class='ocrx_word' id='word_1_548' title='bbox 891 1307 967 1333; x_wconf 80' lang='lat' dir='ltr'><strong>esse3</strong></span> <span class='ocrx_word' id='word_1_549' title='bbox 991 1297 1122 1338; x_wconf 83' lang='lat' dir='ltr'><strong>vobisque</strong></span> <span class='ocrx_word' id='word_1_550' title='bbox 1138 1299 1254 1338; x_wconf 83' lang='lat' dir='ltr'><strong>pariter</strong></span> <span class='ocrx_word' id='word_1_551' title='bbox 1269 1304 1355 1339; x_wconf 81' lang='lat' dir='ltr'><strong>atque</strong></span> <span class='ocrx_word' id='word_1_552' title='bbox 1376 1298 1425 1328; x_wconf 85' lang='lat' dir='ltr'><strong>illi</strong></span> <span class='ocrx_word' id='word_1_553' title='bbox 1446 1300 1540 1340; x_wconf 83' lang='lat' dir='ltr'><strong>magis</strong></span> <span class='ocrx_word' id='word_1_554' title='bbox 1560 1302 1607 1328; x_wconf 83' lang='lat' dir='ltr'><strong>aio</strong></span> 
     </span>
     <span class='ocr_line' id='line_1_92' title="bbox 892 1341 1606 1380; baseline 0.003 -10"><span class='ocrx_word' id='word_1_555' title='bbox 892 1341 1064 1376; x_wconf 83' lang='lat' dir='ltr'><strong>conducere,</strong></span> <span class='ocrx_word' id='word_1_556' title='bbox 1079 1347 1115 1371; x_wconf 83' lang='lat' dir='ltr'><strong>ut</strong></span> <span class='ocrx_word' id='word_1_557' title='bbox 1130 1342 1233 1372; x_wconf 80' lang='lat' dir='ltr'><strong>civitas</strong></span> <span class='ocrx_word' id='word_1_558' title='bbox 1245 1341 1398 1380; x_wconf 80' lang='lat' dir='ltr'><strong>Leptinem</strong></span> <span class='ocrx_word' id='word_1_559' title='bbox 1413 1342 1555 1378; x_wconf 74' lang='lat' dir='ltr'><strong>adducat,</strong></span> <span class='ocrx_word' id='word_1_560' title='bbox 1568 1344 1606 1372; x_wconf 83' lang='lat' dir='ltr'><strong>ad</strong></span> 
     </span>
     <span class='ocr_line' id='line_1_93' title="bbox 890 1384 1606 1425; baseline 0 -11"><span class='ocrx_word' id='word_1_561' title='bbox 890 1394 981 1414; x_wconf 84' lang='lat' dir='ltr'><strong>mores</strong></span> <span class='ocrx_word' id='word_1_562' title='bbox 1009 1385 1136 1415; x_wconf 82' lang='lat' dir='ltr'><strong>civitatis</strong></span> <span class='ocrx_word' id='word_1_563' title='bbox 1160 1385 1350 1420; x_wconf 76' lang='lat' dir='ltr'><strong>imitandum,</strong></span> <span class='ocrx_word' id='word_1_564' title='bbox 1383 1395 1470 1425; x_wconf 84' lang='lat' dir='ltr'><strong>quam</strong></span> <span class='ocrx_word' id='word_1_565' title='bbox 1491 1391 1527 1415; x_wconf 82' lang='lat' dir='ltr'><strong>ut</strong></span> <span class='ocrx_word' id='word_1_566' title='bbox 1549 1384 1606 1415; x_wconf 82' lang='lat' dir='ltr'><strong>Le-</strong></span> 
     </span>
     <span class='ocr_line' id='line_1_94' title="bbox 888 1427 1580 1470; baseline 0.001 -13"><span class='ocrx_word' id='word_1_567' title='bbox 888 1429 983 1467; x_wconf 84' lang='lat' dir='ltr'><strong>ptines</strong></span> <span class='ocrx_word' id='word_1_568' title='bbox 998 1437 1088 1458; x_wconf 85' lang='lat' dir='ltr'><strong>mores</strong></span> <span class='ocrx_word' id='word_1_569' title='bbox 1102 1428 1228 1458; x_wconf 83' lang='lat' dir='ltr'><strong>civitatis</strong></span> <span class='ocrx_word' id='word_1_570' title='bbox 1243 1429 1282 1458; x_wconf 83' lang='lat' dir='ltr'><strong>ad</strong></span> <span class='ocrx_word' id='word_1_571' title='bbox 1299 1439 1362 1458; x_wconf 81' lang='lat' dir='ltr'><strong>snos</strong></span> <span class='ocrx_word' id='word_1_572' title='bbox 1377 1427 1580 1470; x_wconf 70' lang='lat' dir='ltr'><strong>transformet.</strong></span> 
     </span>
    </p>

    <p class='ocr_par' dir='ltr' id='par_1_24' title="bbox 891 1470 1610 2240">
     <span class='ocr_line' id='line_1_95' title="bbox 934 1470 1606 1512; baseline 0 -12"><span class='ocrx_word' id='word_1_573' title='bbox 934 1488 977 1494; x_wconf 84' lang='lat'><strong>—-</strong></span> <span class='ocrx_word' id='word_1_574' title='bbox 991 1473 1042 1502; x_wconf 88' lang='lat'><strong>19.</strong></span> <span class='ocrx_word' id='word_1_575' title='bbox 1059 1471 1165 1512; x_wconf 73' lang='grc' dir='ltr'>τιμᾷν]</span> <span class='ocrx_word' id='word_1_576' title='bbox 1183 1472 1346 1502; x_wconf 87' lang='lat' dir='ltr'><strong>Markland</strong></span> <span class='ocrx_word' id='word_1_577' title='bbox 1360 1471 1427 1502; x_wconf 85' lang='lat' dir='ltr'><strong>vult</strong></span> <span class='ocrx_word' id='word_1_578' title='bbox 1441 1470 1524 1511; x_wconf 77' lang='grc' dir='ltr'>νικᾷν.</span> <span class='ocrx_word' id='word_1_579' title='bbox 1547 1481 1606 1510; x_wconf 82' lang='lat' dir='ltr'><strong>ego</strong></span> 
     </span>
     <span class='ocr_line' id='line_1_96' title="bbox 893 1514 1606 1554; baseline 0.001 -11"><span class='ocrx_word' id='word_1_580' title='bbox 893 1523 968 1543; x_wconf 79' lang='lat' dir='ltr'><strong>vero</strong></span> <span class='ocrx_word' id='word_1_581' title='bbox 981 1514 1138 1554; x_wconf 75' lang='lat' dir='ltr'><strong>vulgatam</strong></span> <span class='ocrx_word' id='word_1_582' title='bbox 1153 1526 1255 1546; x_wconf 85' lang='lat' dir='ltr'><strong>servo.</strong></span> <span class='ocrx_word' id='word_1_583' title='bbox 1287 1515 1448 1545; x_wconf 83' lang='lat' dir='ltr'><strong>Sententia</strong></span> <span class='ocrx_word' id='word_1_584' title='bbox 1461 1519 1509 1544; x_wconf 86' lang='lat' dir='ltr'><strong>est</strong></span> <span class='ocrx_word' id='word_1_585' title='bbox 1523 1525 1529 1543; x_wconf 92' lang='lat'>:</span> <span class='ocrx_word' id='word_1_586' title='bbox 1557 1525 1606 1544; x_wconf 87' lang='lat' dir='ltr'><strong>ne—</strong></span> 
     </span>
     <span class='ocr_line' id='line_1_97' title="bbox 892 1558 1607 1598; baseline -0.001 -11"><span class='ocrx_word' id='word_1_587' title='bbox 892 1567 943 1587; x_wconf 86' lang='lat' dir='ltr'><strong>mo</strong></span> <span class='ocrx_word' id='word_1_588' title='bbox 968 1562 1072 1596; x_wconf 83' lang='lat' dir='ltr'><strong>potest</strong></span> <span class='ocrx_word' id='word_1_589' title='bbox 1097 1558 1194 1597; x_wconf 85' lang='lat' dir='ltr'><strong>magis</strong></span> <span class='ocrx_word' id='word_1_590' title='bbox 1217 1559 1349 1598; x_wconf 86' lang='lat' dir='ltr'><strong>aliquem</strong></span> <span class='ocrx_word' id='word_1_591' title='bbox 1372 1568 1493 1594; x_wconf 88' lang='lat' dir='ltr'><strong>ornare,</strong></span> <span class='ocrx_word' id='word_1_592' title='bbox 1517 1568 1607 1597; x_wconf 83' lang='lat' dir='ltr'><strong>quam</strong></span> 
     </span>
     <span class='ocr_line' id='line_1_98' title="bbox 892 1601 1608 1642; baseline 0.001 -13"><span class='ocrx_word' id='word_1_593' title='bbox 892 1601 1013 1640; x_wconf 84' lang='lat' dir='ltr'><strong>tyranni</strong></span> <span class='ocrx_word' id='word_1_594' title='bbox 1031 1605 1063 1631; x_wconf 84' lang='lat' dir='ltr'><strong>ct</strong></span> <span class='ocrx_word' id='word_1_595' title='bbox 1079 1602 1256 1642; x_wconf 85' lang='lat' dir='ltr'><strong>optimates,</strong></span> <span class='ocrx_word' id='word_1_596' title='bbox 1273 1612 1360 1631; x_wconf 89' lang='lat' dir='ltr'><strong>usum</strong></span> <span class='ocrx_word' id='word_1_597' title='bbox 1377 1601 1475 1631; x_wconf 91' lang='lat' dir='ltr'><strong>solum</strong></span> <span class='ocrx_word' id='word_1_598' title='bbox 1491 1606 1522 1631; x_wconf 89' lang='lat' dir='ltr'><strong>et</strong></span> <span class='ocrx_word' id='word_1_599' title='bbox 1543 1603 1608 1630; x_wconf 82' lang='lat' dir='ltr'><strong>fru-</strong></span> 
     </span>
     <span class='ocr_line' id='line_1_99' title="bbox 892 1644 1608 1684; baseline 0 -11"><span class='ocrx_word' id='word_1_600' title='bbox 892 1649 976 1674; x_wconf 89' lang='lat' dir='ltr'><strong>ctum</strong></span> <span class='ocrx_word' id='word_1_601' title='bbox 993 1644 1019 1674; x_wconf 89' lang='lat' dir='ltr'><strong>si</strong></span> <span class='ocrx_word' id='word_1_602' title='bbox 1034 1648 1169 1684; x_wconf 82' lang='lat' dir='ltr'><strong>spectes,</strong></span> <span class='ocrx_word' id='word_1_603' title='bbox 1190 1655 1281 1684; x_wconf 90' lang='lat' dir='ltr'><strong>quem</strong></span> <span class='ocrx_word' id='word_1_604' title='bbox 1305 1644 1480 1684; x_wconf 83' lang='lat' dir='ltr'><strong>percipiunt</strong></span> <span class='ocrx_word' id='word_1_605' title='bbox 1496 1644 1538 1680; x_wconf 87' lang='lat' dir='ltr'><strong>hi,</strong></span> <span class='ocrx_word' id='word_1_606' title='bbox 1555 1644 1608 1684; x_wconf 89' lang='lat' dir='ltr'><strong>qui</strong></span> 
     </span>
     <span class='ocr_line' id='line_1_100' title="bbox 891 1686 1608 1729; baseline 0.001 -13"><span class='ocrx_word' id='word_1_607' title='bbox 891 1687 930 1716; x_wconf 92' lang='lat' dir='ltr'><strong>ab</strong></span> <span class='ocrx_word' id='word_1_608' title='bbox 946 1686 985 1716; x_wconf 82' lang='lat' dir='ltr'><strong>iis</strong></span> <span class='ocrx_word' id='word_1_609' title='bbox 1000 1692 1155 1718; x_wconf 83' lang='lat' dir='ltr'><strong>ornantur.</strong></span> <span class='ocrx_word' id='word_1_610' title='bbox 1171 1688 1274 1729; x_wconf 75' lang='grc' dir='ltr'>τιμᾷν,</span> <span class='ocrx_word' id='word_1_611' title='bbox 1285 1693 1344 1724; x_wconf 86' lang='lat' dir='ltr'><strong>est,</strong></span> <span class='ocrx_word' id='word_1_612' title='bbox 1356 1688 1489 1727; x_wconf 87' lang='lat' dir='ltr'><strong>aliquem</strong></span> <span class='ocrx_word' id='word_1_613' title='bbox 1500 1698 1608 1717; x_wconf 83' lang='lat' dir='ltr'><strong>ornare</strong></span> 
     </span>
     <span class='ocr_line' id='line_1_101' title="bbox 892 1731 1609 1771; baseline 0 -11"><span class='ocrx_word' id='word_1_614' title='bbox 892 1740 1074 1771; x_wconf 83' lang='lat' dir='ltr'><strong>quocunque</strong></span> <span class='ocrx_word' id='word_1_615' title='bbox 1086 1731 1221 1767; x_wconf 85' lang='lat' dir='ltr'><strong>honoris,</strong></span> <span class='ocrx_word' id='word_1_616' title='bbox 1234 1732 1386 1767; x_wconf 85' lang='lat' dir='ltr'><strong>beneficii,</strong></span> <span class='ocrx_word' id='word_1_617' title='bbox 1401 1731 1544 1766; x_wconf 85' lang='lat' dir='ltr'><strong>muneris,</strong></span> <span class='ocrx_word' id='word_1_618' title='bbox 1561 1731 1609 1760; x_wconf 83' lang='lat' dir='ltr'><strong>os-</strong></span> 
     </span>
     <span class='ocr_line' id='line_1_102' title="bbox 892 1773 1610 1814; baseline 0 -11"><span class='ocrx_word' id='word_1_619' title='bbox 892 1773 955 1803; x_wconf 83' lang='lat' dir='ltr'><strong>ficii</strong></span> <span class='ocrx_word' id='word_1_620' title='bbox 979 1784 1102 1814; x_wconf 88' lang='lat' dir='ltr'><strong>genere.</strong></span> <span class='ocrx_word' id='word_1_621' title='bbox 1149 1775 1288 1805; x_wconf 84' lang='lat' dir='ltr'><strong>Affirmat</strong></span> <span class='ocrx_word' id='word_1_622' title='bbox 1309 1779 1412 1805; x_wconf 84' lang='lat' dir='ltr'><strong>orator</strong></span> <span class='ocrx_word' id='word_1_623' title='bbox 1437 1784 1534 1814; x_wconf 84' lang='lat' dir='ltr'><strong>penes</strong></span> <span class='ocrx_word' id='word_1_624' title='bbox 1560 1785 1610 1804; x_wconf 87' lang='lat' dir='ltr'><strong>re-</strong></span> 
     </span>
     <span class='ocr_line' id='line_1_103' title="bbox 893 1816 1608 1857; baseline -0.001 -10"><span class='ocrx_word' id='word_1_625' title='bbox 893 1816 983 1856; x_wconf 84' lang='lat' dir='ltr'><strong>gulos</strong></span> <span class='ocrx_word' id='word_1_626' title='bbox 998 1818 1088 1857; x_wconf 88' lang='lat' dir='ltr'><strong>plura</strong></span> <span class='ocrx_word' id='word_1_627' title='bbox 1103 1828 1172 1848; x_wconf 87' lang='lat' dir='ltr'><strong>esse</strong></span> <span class='ocrx_word' id='word_1_628' title='bbox 1188 1823 1220 1848; x_wconf 86' lang='lat' dir='ltr'><strong>et</strong></span> <span class='ocrx_word' id='word_1_629' title='bbox 1238 1818 1449 1857; x_wconf 85' lang='lat' dir='ltr'><strong>splendidiora</strong></span> <span class='ocrx_word' id='word_1_630' title='bbox 1472 1827 1608 1853; x_wconf 85' lang='lat' dir='ltr'><strong>munera,</strong></span> 
     </span>
     <span class='ocr_line' id='line_1_104' title="bbox 891 1859 1608 1900; baseline 0.001 -11"><span class='ocrx_word' id='word_1_631' title='bbox 891 1859 1005 1899; x_wconf 88' lang='lat' dir='ltr'><strong>quibus</strong></span> <span class='ocrx_word' id='word_1_632' title='bbox 1021 1871 1086 1897; x_wconf 86' lang='lat' dir='ltr'><strong>eos,</strong></span> <span class='ocrx_word' id='word_1_633' title='bbox 1099 1870 1176 1900; x_wconf 88' lang='lat' dir='ltr'><strong>quos</strong></span> <span class='ocrx_word' id='word_1_634' title='bbox 1188 1861 1294 1895; x_wconf 83' lang='lat' dir='ltr'><strong>velint,</strong></span> <span class='ocrx_word' id='word_1_635' title='bbox 1309 1865 1431 1896; x_wconf 86' lang='lat' dir='ltr'><strong>ornent,</strong></span> <span class='ocrx_word' id='word_1_636' title='bbox 1447 1871 1536 1900; x_wconf 85' lang='lat' dir='ltr'><strong>quam</strong></span> <span class='ocrx_word' id='word_1_637' title='bbox 1554 1871 1608 1900; x_wconf 85' lang='lat' dir='ltr'><strong>pe·</strong></span> 
     </span>
     <span class='ocr_line' id='line_1_105' title="bbox 892 1903 1607 1944; baseline 0.001 -12"><span class='ocrx_word' id='word_1_638' title='bbox 892 1913 948 1932; x_wconf 91' lang='lat' dir='ltr'><strong>nes</strong></span> <span class='ocrx_word' id='word_1_639' title='bbox 971 1903 1083 1934; x_wconf 86' lang='lat' dir='ltr'><strong>liberas</strong></span> <span class='ocrx_word' id='word_1_640' title='bbox 1099 1903 1253 1934; x_wconf 83' lang='lat' dir='ltr'><strong>civitates.</strong></span> <span class='ocrx_word' id='word_1_641' title='bbox 1276 1903 1449 1944; x_wconf 87' lang='lat' dir='ltr'><strong>cujusmodi</strong></span> <span class='ocrx_word' id='word_1_642' title='bbox 1465 1908 1536 1934; x_wconf 86' lang='lat' dir='ltr'><strong>sunt</strong></span> <span class='ocrx_word' id='word_1_643' title='bbox 1552 1914 1607 1943; x_wconf 90' lang='lat' dir='ltr'><strong>pe-</strong></span> 
     </span>
     <span class='ocr_line' id='line_1_106' title="bbox 892 1946 1609 1986; baseline 0.003 -11"><span class='ocrx_word' id='word_1_644' title='bbox 892 1946 1004 1981; x_wconf 86' lang='lat' dir='ltr'><strong>cuniae,</strong></span> <span class='ocrx_word' id='word_1_645' title='bbox 1020 1951 1051 1977; x_wconf 90' lang='lat' dir='ltr'><strong>et</strong></span> <span class='ocrx_word' id='word_1_646' title='bbox 1066 1946 1215 1986; x_wconf 87' lang='lat' dir='ltr'><strong>quicquid</strong></span> <span class='ocrx_word' id='word_1_647' title='bbox 1232 1947 1432 1986; x_wconf 88' lang='lat' dir='ltr'><strong>pecuniarum</strong></span> <span class='ocrx_word' id='word_1_648' title='bbox 1448 1946 1563 1976; x_wconf 77' lang='lat' dir='ltr'><strong>affatim</strong></span> <span class='ocrx_word' id='word_1_649' title='bbox 1579 1953 1609 1977; x_wconf 87' lang='lat' dir='ltr'><strong>et</strong></span> 
     </span>
     <span class='ocr_line' id='line_1_107' title="bbox 892 1989 1608 2030; baseline 0 -12"><span class='ocrx_word' id='word_1_650' title='bbox 892 1994 1020 2030; x_wconf 84' lang='lat' dir='ltr'><strong>repente</strong></span> <span class='ocrx_word' id='word_1_651' title='bbox 1047 1990 1149 2026; x_wconf 79' lang='lat' dir='ltr'><strong>affert,</strong></span> <span class='ocrx_word' id='word_1_652' title='bbox 1174 1990 1300 2030; x_wconf 86' lang='lat' dir='ltr'><strong>praedia,</strong></span> <span class='ocrx_word' id='word_1_653' title='bbox 1328 1999 1454 2019; x_wconf 87' lang='lat' dir='ltr'><strong>munera</strong></span> <span class='ocrx_word' id='word_1_654' title='bbox 1483 1989 1514 2018; x_wconf 89' lang='lat' dir='ltr'><strong>in</strong></span> <span class='ocrx_word' id='word_1_655' title='bbox 1542 2000 1608 2028; x_wconf 88' lang='lat' dir='ltr'><strong>rep.</strong></span> 
     </span>
     <span class='ocr_line' id='line_1_108' title="bbox 892 2032 1610 2072; baseline 0.001 -11"><span class='ocrx_word' id='word_1_656' title='bbox 892 2032 1068 2071; x_wconf 81' lang='lat' dir='ltr'><strong>fructuosa3</strong></span> <span class='ocrx_word' id='word_1_657' title='bbox 1091 2043 1167 2072; x_wconf 87' lang='lat' dir='ltr'><strong>quos</strong></span> <span class='ocrx_word' id='word_1_658' title='bbox 1179 2038 1278 2063; x_wconf 85' lang='lat' dir='ltr'><strong>autem</strong></span> <span class='ocrx_word' id='word_1_659' title='bbox 1291 2033 1436 2062; x_wconf 86' lang='lat' dir='ltr'><strong>civitates</strong></span> <span class='ocrx_word' id='word_1_660' title='bbox 1452 2032 1610 2062; x_wconf 79' lang='lat' dir='ltr'><strong>conferant</strong></span> 
     </span>
     <span class='ocr_line' id='line_1_109' title="bbox 892 2074 1608 2115; baseline 0.001 -11"><span class='ocrx_word' id='word_1_661' title='bbox 892 2074 1036 2112; x_wconf 86' lang='lat' dir='ltr'><strong>honores,</strong></span> <span class='ocrx_word' id='word_1_662' title='bbox 1062 2076 1236 2115; x_wconf 84' lang='lat' dir='ltr'><strong>cujusmodi</strong></span> <span class='ocrx_word' id='word_1_663' title='bbox 1263 2080 1335 2106; x_wconf 85' lang='lat' dir='ltr'><strong>sunt</strong></span> <span class='ocrx_word' id='word_1_664' title='bbox 1361 2080 1482 2111; x_wconf 85' lang='lat' dir='ltr'><strong>statuae‚</strong></span> <span class='ocrx_word' id='word_1_665' title='bbox 1509 2080 1539 2105; x_wconf 88' lang='lat' dir='ltr'><strong>et</strong></span> <span class='ocrx_word' id='word_1_666' title='bbox 1561 2076 1608 2105; x_wconf 78' lang='lat' dir='ltr'><strong>ha·</strong></span> 
     </span>
     <span class='ocr_line' id='line_1_110' title="bbox 893 2118 1608 2158; baseline 0.003 -11"><span class='ocrx_word' id='word_1_667' title='bbox 893 2128 981 2157; x_wconf 85' lang='lat' dir='ltr'><strong>paene</strong></span> <span class='ocrx_word' id='word_1_668' title='bbox 1009 2119 1092 2154; x_wconf 78' lang='lat' dir='ltr'><strong>solae,</strong></span> <span class='ocrx_word' id='word_1_669' title='bbox 1116 2119 1299 2149; x_wconf 84' lang='lat' dir='ltr'><strong>honorificos</strong></span> <span class='ocrx_word' id='word_1_670' title='bbox 1323 2118 1447 2158; x_wconf 85' lang='lat' dir='ltr'><strong>quidem</strong></span> <span class='ocrx_word' id='word_1_671' title='bbox 1470 2118 1516 2148; x_wconf 84' lang='lat' dir='ltr'><strong>ait</strong></span> <span class='ocrx_word' id='word_1_672' title='bbox 1538 2119 1608 2149; x_wconf 83' lang='lat' dir='ltr'><strong>inos</strong></span> 
     </span>
     <span class='ocr_line' id='line_1_111' title="bbox 894 2162 1610 2202; baseline 0.001 -12"><span class='ocrx_word' id='word_1_673' title='bbox 894 2172 974 2198; x_wconf 83' lang='lat' dir='ltr'><strong>esse,</strong></span> <span class='ocrx_word' id='word_1_674' title='bbox 989 2162 1042 2192; x_wconf 85' lang='lat' dir='ltr'><strong>sed</strong></span> <span class='ocrx_word' id='word_1_675' title='bbox 1060 2162 1190 2198; x_wconf 76' lang='lat' dir='ltr'><strong>steriles.</strong></span> <span class='ocrx_word' id='word_1_676' title='bbox 1207 2162 1343 2202; x_wconf 90' lang='lat' dir='ltr'><strong>speciem</strong></span> <span class='ocrx_word' id='word_1_677' title='bbox 1366 2162 1473 2200; x_wconf 85' lang='lat' dir='ltr'><strong>gloriae</strong></span> <span class='ocrx_word' id='word_1_678' title='bbox 1495 2162 1610 2192; x_wconf 86' lang='lat' dir='ltr'><strong>haben-</strong></span> 
     </span>
     <span class='ocr_line' id='line_1_112' title="bbox 893 2204 1481 2240; baseline 0 -6"><span class='ocrx_word' id='word_1_679' title='bbox 893 2211 952 2240; x_wconf 83' lang='lat' dir='ltr'><strong>tes,</strong></span> <span class='ocrx_word' id='word_1_680' title='bbox 967 2204 1033 2235; x_wconf 87' lang='lat' dir='ltr'><strong>sine</strong></span> <span class='ocrx_word' id='word_1_681' title='bbox 1051 2205 1180 2236; x_wconf 77' lang='lat' dir='ltr'><strong>veritate</strong></span> <span class='ocrx_word' id='word_1_682' title='bbox 1195 2206 1481 2235; x_wconf 86' lang='lat' dir='ltr'><strong>emolumentorum.</strong></span> 
     </span>
    </p>

    <p class='ocr_par' dir='ltr' id='par_1_25' title="bbox 893 2248 1611 2461">
     <span class='ocr_line' id='line_1_113' title="bbox 935 2248 1610 2289; baseline 0 -11"><span class='ocrx_word' id='word_1_683' title='bbox 935 2265 980 2271; x_wconf 92' lang='lat'><strong>——</strong></span> <span class='ocrx_word' id='word_1_684' title='bbox 993 2251 1045 2280; x_wconf 75' lang='lat'><strong>21.</strong></span> <span class='ocrx_word' id='word_1_685' title='bbox 1063 2249 1155 2289; x_wconf 69' lang='grc' dir='ltr'>τιμῇ]</span> <span class='ocrx_word' id='word_1_686' title='bbox 1172 2249 1424 2288; x_wconf 82' lang='lat' dir='ltr'><strong>significationem</strong></span> <span class='ocrx_word' id='word_1_687' title='bbox 1444 2248 1526 2287; x_wconf 80' lang='lat' dir='ltr'><strong>grati</strong></span> <span class='ocrx_word' id='word_1_688' title='bbox 1547 2249 1610 2278; x_wconf 80' lang='lat' dir='ltr'><strong>aui-</strong></span> 
     </span>
     <span class='ocr_line' id='line_1_114' title="bbox 894 2291 1611 2332; baseline 0 -11"><span class='ocrx_word' id='word_1_689' title='bbox 894 2291 935 2321; x_wconf 90' lang='lat' dir='ltr'><strong>mi</strong></span> <span class='ocrx_word' id='word_1_690' title='bbox 951 2291 1156 2331; x_wconf 84' lang='lat' dir='ltr'><strong>memorisque</strong></span> <span class='ocrx_word' id='word_1_691' title='bbox 1173 2292 1199 2322; x_wconf 91' lang='lat' dir='ltr'><strong>si</strong></span> <span class='ocrx_word' id='word_1_692' title='bbox 1215 2297 1350 2332; x_wconf 82' lang='lat' dir='ltr'><strong>spectes,</strong></span> <span class='ocrx_word' id='word_1_693' title='bbox 1367 2291 1431 2331; x_wconf 88' lang='lat' dir='ltr'><strong>qui,</strong></span> <span class='ocrx_word' id='word_1_694' title='bbox 1448 2301 1539 2331; x_wconf 89' lang='lat' dir='ltr'><strong>quem</strong></span> <span class='ocrx_word' id='word_1_695' title='bbox 1555 2292 1611 2321; x_wconf 92' lang='lat' dir='ltr'><strong>ho-</strong></span> 
     </span>
     <span class='ocr_line' id='line_1_115' title="bbox 893 2334 1610 2374; baseline 0.001 -11"><span class='ocrx_word' id='word_1_696' title='bbox 893 2334 976 2363; x_wconf 89' lang='lat' dir='ltr'><strong>noris</strong></span> <span class='ocrx_word' id='word_1_697' title='bbox 1000 2335 1086 2374; x_wconf 85' lang='lat' dir='ltr'><strong>signo</strong></span> <span class='ocrx_word' id='word_1_698' title='bbox 1110 2334 1213 2374; x_wconf 79' lang='lat' dir='ltr'><strong>aliquo</strong></span> <span class='ocrx_word' id='word_1_699' title='bbox 1239 2339 1367 2365; x_wconf 82' lang='lat' dir='ltr'><strong>externo</strong></span> <span class='ocrx_word' id='word_1_700' title='bbox 1394 2335 1515 2371; x_wconf 81' lang='lat' dir='ltr'><strong>afficiat,</strong></span> <span class='ocrx_word' id='word_1_701' title='bbox 1539 2345 1610 2364; x_wconf 90' lang='lat' dir='ltr'><strong>eum</strong></span> 
     </span>
     <span class='ocr_line' id='line_1_116' title="bbox 896 2378 1610 2415; baseline 0.001 -8"><span class='ocrx_word' id='word_1_702' title='bbox 896 2378 970 2407; x_wconf 82' lang='lat' dir='ltr'><strong>velit</strong></span> <span class='ocrx_word' id='word_1_703' title='bbox 984 2388 1001 2407; x_wconf 87' lang='lat' dir='ltr'><strong>a</strong></span> <span class='ocrx_word' id='word_1_704' title='bbox 1017 2389 1049 2407; x_wconf 84' lang='lat' dir='ltr'><strong>se</strong></span> <span class='ocrx_word' id='word_1_705' title='bbox 1065 2378 1177 2415; x_wconf 87' lang='lat' dir='ltr'><strong>ornari,</strong></span> <span class='ocrx_word' id='word_1_706' title='bbox 1193 2383 1225 2408; x_wconf 85' lang='lat' dir='ltr'><strong>et</strong></span> <span class='ocrx_word' id='word_1_707' title='bbox 1239 2378 1318 2408; x_wconf 89' lang='lat' dir='ltr'><strong>inter</strong></span> <span class='ocrx_word' id='word_1_708' title='bbox 1340 2388 1445 2408; x_wconf 87' lang='lat' dir='ltr'><strong>omnes</strong></span> <span class='ocrx_word' id='word_1_709' title='bbox 1468 2384 1610 2408; x_wconf 86' lang='lat' dir='ltr'><strong>constare</strong></span> 
     </span>
     <span class='ocr_line' id='line_1_117' title="bbox 895 2421 1308 2461; baseline 0.002 -11"><span class='ocrx_word' id='word_1_710' title='bbox 895 2421 934 2450; x_wconf 87' lang='lat' dir='ltr'><strong>de</strong></span> <span class='ocrx_word' id='word_1_711' title='bbox 950 2431 1005 2451; x_wconf 89' lang='lat' dir='ltr'><strong>suo</strong></span> <span class='ocrx_word' id='word_1_712' title='bbox 1019 2432 1091 2461; x_wconf 85' lang='lat' dir='ltr'><strong>erga</strong></span> <span class='ocrx_word' id='word_1_713' title='bbox 1107 2432 1178 2451; x_wconf 88' lang='lat' dir='ltr'><strong>eum</strong></span> <span class='ocrx_word' id='word_1_714' title='bbox 1194 2421 1308 2451; x_wconf 87' lang='lat' dir='ltr'><strong>studio.</strong></span> 
     </span>
    </p>

    <p class='ocr_par' dir='ltr' id='par_1_26' title="bbox 895 2462 1614 2591">
     <span class='ocr_line' id='line_1_118' title="bbox 938 2462 1614 2505; baseline 0 -11"><span class='ocrx_word' id='word_1_715' title='bbox 938 2482 980 2488; x_wconf 85' lang='lat'><strong>--</strong></span> <span class='ocrx_word' id='word_1_716' title='bbox 997 2467 1049 2494; x_wconf 77' lang='grc' dir='ltr'><strong>ι27.</strong></span> <span class='ocrx_word' id='word_1_717' title='bbox 1063 2462 1184 2505; x_wconf 78' lang='grc' dir='ltr'>ἐκείνοις]</span> <span class='ocrx_word' id='word_1_718' title='bbox 1202 2465 1340 2504; x_wconf 84' lang='lat' dir='ltr'><strong>intellige</strong></span> <span class='ocrx_word' id='word_1_719' title='bbox 1355 2465 1438 2505; x_wconf 87' lang='lat' dir='ltr'><strong>apud</strong></span> <span class='ocrx_word' id='word_1_720' title='bbox 1455 2464 1614 2504; x_wconf 81' lang='lat' dir='ltr'><strong>capientes</strong></span> 
     </span>
     <span class='ocr_line' id='line_1_119' title="bbox 896 2508 1614 2548; baseline 0 -11"><span class='ocrx_word' id='word_1_721' title='bbox 896 2517 1022 2537; x_wconf 85' lang='lat' dir='ltr'><strong>munera</strong></span> <span class='ocrx_word' id='word_1_722' title='bbox 1037 2518 1055 2537; x_wconf 91' lang='lat' dir='ltr'><strong>a</strong></span> <span class='ocrx_word' id='word_1_723' title='bbox 1069 2508 1209 2547; x_wconf 84' lang='lat' dir='ltr'><strong>tyrannis</strong></span> <span class='ocrx_word' id='word_1_724' title='bbox 1223 2519 1232 2547; x_wconf 87' lang='lat'>;</span> <span class='ocrx_word' id='word_1_725' title='bbox 1255 2509 1307 2538; x_wconf 84' lang='lat' dir='ltr'><strong>vel</strong></span> <span class='ocrx_word' id='word_1_726' title='bbox 1323 2513 1354 2537; x_wconf 86' lang='lat' dir='ltr'><strong>et</strong></span> <span class='ocrx_word' id='word_1_727' title='bbox 1369 2509 1453 2548; x_wconf 85' lang='lat' dir='ltr'><strong>apud</strong></span> <span class='ocrx_word' id='word_1_728' title='bbox 1467 2513 1614 2547; x_wconf 75' lang='lat' dir='ltr'><strong>tyrannos</strong></span> 
     </span>
     <span class='ocr_line' id='line_1_120' title="bbox 895 2551 995 2591; baseline 0 -11"><span class='ocrx_word' id='word_1_729' title='bbox 895 2551 995 2591; x_wconf 84' lang='lat' dir='ltr'><strong>ipsos.</strong></span> 
     </span>
    </p>

    <p class='ocr_par' dir='ltr' id='par_1_27' title="bbox 897 2593 1615 2762">
     <span class='ocr_line' id='line_1_121' title="bbox 939 2593 1615 2634; baseline -0.001 -10"><span class='ocrx_word' id='word_1_730' title='bbox 939 2596 1014 2624; x_wconf 67' lang='lat'><strong>462.</strong></span> <span class='ocrx_word' id='word_1_731' title='bbox 1030 2595 1062 2623; x_wconf 87' lang='lat'><strong>6.</strong></span> <span class='ocrx_word' id='word_1_732' title='bbox 1078 2593 1185 2634; x_wconf 75' lang='grc' dir='ltr'>αὐτῶν]</span> <span class='ocrx_word' id='word_1_733' title='bbox 1204 2593 1285 2624; x_wconf 86' lang='lat' dir='ltr'><strong>redit</strong></span> <span class='ocrx_word' id='word_1_734' title='bbox 1301 2593 1340 2623; x_wconf 90' lang='lat' dir='ltr'><strong>ad</strong></span> <span class='ocrx_word' id='word_1_735' title='bbox 1353 2604 1382 2623; x_wconf 91' lang='lat' dir='ltr'><strong>v.</strong></span> <span class='ocrx_word' id='word_1_736' title='bbox 1397 2595 1427 2624; x_wconf 84' lang='lat'><strong>5.</strong></span> <span class='ocrx_word' id='word_1_737' title='bbox 1452 2596 1508 2624; x_wconf 69' lang='grc' dir='ltr'>τῶν</span> <span class='ocrx_word' id='word_1_738' title='bbox 1522 2594 1615 2623; x_wconf 66' lang='grc' dir='ltr'>καθι-</span> 
     </span>
     <span class='ocr_line' id='line_1_122' title="bbox 897 2637 1611 2667; baseline -0.001 -1"><span class='ocrx_word' id='word_1_739' title='bbox 897 2638 1028 2666; x_wconf 61' lang='lat' dir='ltr'><strong>emsa-m.</strong></span> <span class='ocrx_word' id='word_1_740' title='bbox 1051 2647 1110 2666; x_wconf 80' lang='lat' dir='ltr'><strong>non</strong></span> <span class='ocrx_word' id='word_1_741' title='bbox 1124 2637 1294 2667; x_wconf 81' lang='lat' dir='ltr'><strong>mediocrem</strong></span> <span class='ocrx_word' id='word_1_742' title='bbox 1310 2638 1356 2666; x_wconf 72' lang='lat' dir='ltr'><strong>ini</strong></span> <span class='ocrx_word' id='word_1_743' title='bbox 1372 2638 1503 2667; x_wconf 74' lang='lat' dir='ltr'><strong>detrahit</strong></span> <span class='ocrx_word' id='word_1_744' title='bbox 1518 2644 1611 2667; x_wconf 79' lang='lat' dir='ltr'><strong>custo-</strong></span> 
     </span>
     <span class='ocr_line' id='line_1_123' title="bbox 898 2680 1614 2720; baseline -0.001 -10"><span class='ocrx_word' id='word_1_745' title='bbox 898 2681 978 2710; x_wconf 84' lang='lat' dir='ltr'><strong>diam</strong></span> <span class='ocrx_word' id='word_1_746' title='bbox 992 2685 1079 2720; x_wconf 78' lang='lat' dir='ltr'><strong>utque</strong></span> <span class='ocrx_word' id='word_1_747' title='bbox 1092 2680 1274 2719; x_wconf 77' lang='lat' dir='ltr'><strong>praesidium,</strong></span> <span class='ocrx_word' id='word_1_748' title='bbox 1290 2681 1435 2720; x_wconf 78' lang='lat' dir='ltr'><strong>praesenti</strong></span> <span class='ocrx_word' id='word_1_749' title='bbox 1452 2687 1526 2720; x_wconf 87' lang='lat' dir='ltr'><strong>puta</strong></span> <span class='ocrx_word' id='word_1_750' title='bbox 1542 2690 1614 2709; x_wconf 85' lang='lat' dir='ltr'><strong>eon-</strong></span> 
     </span>
     <span class='ocr_line' id='line_1_124' title="bbox 900 2723 1144 2762; baseline 0 -10"><span class='ocrx_word' id='word_1_751' title='bbox 900 2723 1051 2753; x_wconf 85' lang='lat' dir='ltr'><strong>stitutioni</strong></span> <span class='ocrx_word' id='word_1_752' title='bbox 1067 2723 1144 2762; x_wconf 81' lang='lat' dir='ltr'><strong>reip.</strong></span> 
     </span>
    </p>

    <p class='ocr_par' dir='ltr' id='par_1_28' title="bbox 899 2765 1618 2979">
     <span class='ocr_line' id='line_1_125' title="bbox 942 2765 1614 2807; baseline -0.007 -10"><span class='ocrx_word' id='word_1_753' title='bbox 942 2783 985 2790; x_wconf 71' lang='lat'><strong>-.</strong></span> <span class='ocrx_word' id='word_1_754' title='bbox 999 2769 1051 2797; x_wconf 66' lang='lat'><strong>21.</strong></span> <span class='ocrx_word' id='word_1_755' title='bbox 1067 2765 1184 2807; x_wconf 77' lang='grc' dir='ltr'>ἐκείνας]</span> <span class='ocrx_word' id='word_1_756' title='bbox 1201 2777 1255 2797; x_wconf 82' lang='lat' dir='ltr'><strong>eas</strong></span> <span class='ocrx_word' id='word_1_757' title='bbox 1271 2772 1346 2805; x_wconf 83' lang='lat' dir='ltr'><strong>puta</strong></span> <span class='ocrx_word' id='word_1_758' title='bbox 1359 2765 1614 2798; x_wconf 65' lang='lat' dir='ltr'><strong>contrilmtiones,</strong></span> 
     </span>
     <span class='ocr_line' id='line_1_126' title="bbox 899 2807 1615 2849; baseline -0.004 -10"><span class='ocrx_word' id='word_1_759' title='bbox 899 2810 1011 2849; x_wconf 85' lang='lat' dir='ltr'><strong>quibus</strong></span> <span class='ocrx_word' id='word_1_760' title='bbox 1034 2807 1173 2848; x_wconf 70' lang='lat' dir='ltr'><strong>inquilini</strong></span> <span class='ocrx_word' id='word_1_761' title='bbox 1190 2809 1338 2849; x_wconf 83' lang='lat' dir='ltr'><strong>civesque</strong></span> <span class='ocrx_word' id='word_1_762' title='bbox 1363 2815 1504 2839; x_wconf 77' lang='lat' dir='ltr'><strong>tenentur</strong></span> <span class='ocrx_word' id='word_1_763' title='bbox 1521 2809 1615 2847; x_wconf 77' lang='lat' dir='ltr'><strong>impe-</strong></span> 
     </span>
     <span class='ocr_line' id='line_1_127' title="bbox 900 2852 1617 2891; baseline -0.004 -9"><span class='ocrx_word' id='word_1_764' title='bbox 900 2853 987 2888; x_wconf 86' lang='lat' dir='ltr'><strong>ratis,</strong></span> <span class='ocrx_word' id='word_1_765' title='bbox 1001 2853 1030 2883; x_wconf 89' lang='lat' dir='ltr'><strong>in</strong></span> <span class='ocrx_word' id='word_1_766' title='bbox 1047 2855 1151 2882; x_wconf 87' lang='lat' dir='ltr'><strong>orbem</strong></span> <span class='ocrx_word' id='word_1_767' title='bbox 1175 2854 1385 2887; x_wconf 82' lang='lat' dir='ltr'><strong>redeuntibus,</strong></span> <span class='ocrx_word' id='word_1_768' title='bbox 1403 2859 1514 2891; x_wconf 71' lang='lat' dir='ltr'><strong>prwter</strong></span> <span class='ocrx_word' id='word_1_769' title='bbox 1539 2852 1617 2884; x_wconf 71' lang='lat' dir='ltr'><strong>illas.</strong></span> 
     </span>
     <span class='ocr_line' id='line_1_128' title="bbox 901 2896 1618 2936; baseline -0.003 -11"><span class='ocrx_word' id='word_1_770' title='bbox 901 2896 1013 2936; x_wconf 79' lang='lat' dir='ltr'><strong>quibus</strong></span> <span class='ocrx_word' id='word_1_771' title='bbox 1028 2896 1107 2936; x_wconf 80' lang='lat' dir='ltr'><strong>reip.</strong></span> <span class='ocrx_word' id='word_1_772' title='bbox 1125 2897 1208 2926; x_wconf 80' lang='lat' dir='ltr'><strong>salus</strong></span> <span class='ocrx_word' id='word_1_773' title='bbox 1225 2897 1409 2930; x_wconf 71' lang='lat' dir='ltr'><strong>continetur,</strong></span> <span class='ocrx_word' id='word_1_774' title='bbox 1423 2904 1548 2934; x_wconf 79' lang='lat' dir='ltr'><strong>quarum</strong></span> <span class='ocrx_word' id='word_1_775' title='bbox 1567 2904 1618 2924; x_wconf 78' lang='lat' dir='ltr'><strong>ve-</strong></span> 
     </span>
     <span class='ocr_line' id='line_1_129' title="bbox 904 2940 1343 2979; baseline 0 -10"><span class='ocrx_word' id='word_1_776' title='bbox 904 2940 953 2970; x_wconf 82' lang='lat' dir='ltr'><strong>nia</strong></span> <span class='ocrx_word' id='word_1_777' title='bbox 969 2949 1096 2979; x_wconf 81' lang='lat' dir='ltr'><strong>prorsus</strong></span> <span class='ocrx_word' id='word_1_778' title='bbox 1113 2940 1225 2968; x_wconf 84' lang='lat' dir='ltr'><strong>nemini</strong></span> <span class='ocrx_word' id='word_1_779' title='bbox 1245 2940 1343 2969; x_wconf 78' lang='lat' dir='ltr'><strong>datur.</strong></span> 
     </span>
    </p>

    <p class='ocr_par' dir='ltr' id='par_1_29' title="bbox 947 2982 1421 3023">
     <span class='ocr_line' id='line_1_130' title="bbox 947 2982 1421 3023; baseline -0.011 -10"><span class='ocrx_word' id='word_1_780' title='bbox 947 3000 989 3005; x_wconf 82' lang='lat'><em>-</em></span> <span class='ocrx_word' id='word_1_781' title='bbox 1005 2985 1058 3013; x_wconf 69' lang='lat'><strong>⁰2⁰2.</strong></span> <span class='ocrx_word' id='word_1_782' title='bbox 1075 2983 1194 3023; x_wconf 65' lang='grc' dir='ltr'>ἀφήσει]</span> <span class='ocrx_word' id='word_1_783' title='bbox 1214 2982 1279 3011; x_wconf 81' lang='lat' dir='ltr'><strong>scil.</strong></span> <span class='ocrx_word' id='word_1_784' title='bbox 1298 2982 1421 3014; x_wconf 70' lang='grc' dir='ltr'>ἀτελεῖς.</span> 
     </span>
    </p>

    <p class='ocr_par' dir='ltr' id='par_1_30' title="bbox 948 3023 1621 3064">
     <span class='ocr_line' id='line_1_131' title="bbox 948 3023 1621 3064; baseline -0.004 -8"><span class='ocrx_word' id='word_1_785' title='bbox 948 3043 990 3049; x_wconf 88' lang='lat'><strong>-—·</strong></span> <span class='ocrx_word' id='word_1_786' title='bbox 1007 3028 1060 3056; x_wconf 69' lang='lat'><strong>25.</strong></span> <span class='ocrx_word' id='word_1_787' title='bbox 1074 3028 1123 3057; x_wconf 75' lang='grc' dir='ltr'>τὴν</span> <span class='ocrx_word' id='word_1_788' title='bbox 1146 3024 1300 3062; x_wconf 71' lang='grc' dir='ltr'>ἀναγκαίαν</span> <span class='ocrx_word' id='word_1_789' title='bbox 1324 3023 1469 3064; x_wconf 54' lang='lat' dir='ltr'><strong>eveniar]</strong></span> <span class='ocrx_word' id='word_1_790' title='bbox 1498 3033 1621 3053; x_wconf 51' lang='lat' dir='ltr'><strong>¹necessu·</strong></span> 
     </span>
    </p>

    <p class='ocr_par' dir='ltr' id='par_1_31' title="bbox 911 3080 928 3098">
     <span class='ocr_line' id='line_1_132' title="bbox 911 3080 928 3098; baseline 0 0"><span class='ocrx_word' id='word_1_791' title='bbox 911 3080 928 3098; x_wconf 76' lang='lat' dir='ltr'><strong>u</strong></span> 
     </span>
    </p>
   </div>
  </div>
 </body>
</html>
