1931 3323
293 171 379 212 222

331 295 374 300 -
391 279 442 307 Μ.
466 277 552 307 τοῦτο
576 279 629 319 γὰρ
656 279 839 310 πλάττουσιν
861 278 934 311 οὗτοι
957 280 1007 310 καὶ

290 321 480 362 παράγουσιν]
498 320 578 351 idem
596 326 644 352 est
659 333 694 352 ac
715 323 740 353 si
764 324 919 354 dixisset:
943 325 1007 353 τοῦ·

292 376 327 393 το
339 366 393 403 γὰρ
410 365 592 400 πλάττοντες
604 363 677 396 οὗτοι
688 365 831 399 βούλονται
845 368 922 404 ὑμὲἰς
935 378 1006 407 παρ-

291 407 379 444 άγειν.
406 407 457 437 hoc
470 409 546 437 enim
556 416 711 439 commento
723 410 824 440 volunt
836 411 1006 448 vosjwlz'ces

291 450 423 489 decipere
436 456 461 480 et
477 461 495 480 α
511 457 588 481 recta
593 452 680 490 juris
694 454 768 492 aequi
792 455 839 483 via
855 455 1005 483 deducere.

290 494 348 522 Est
374 498 473 523 autem
497 494 575 524 illud
600 497 683 525 τοῦτο
709 503 910 532 commentum,
936 497 1005 532 hoc,

289 541 406 574 patrem
420 541 554 567 nostrum
567 538 654 578 ipsis,
667 539 804 577 pupillis,
817 550 873 569 non
888 541 1005 579 persol-

290 579 375 608 visse
392 590 452 609 aera
473 590 490 609 a
505 581 695 611 debitoribus
718 583 853 620 ipsorum
872 583 1004 613 redacta.

289 623 327 652 In
342 623 456 660 κομιδὴν
470 634 497 653 v.
516 626 566 655 13.
582 626 764 654 subanditur
774 628 829 655 τῶν
837 628 925 666 χρεῶν
938 638 1003 655 ωα-

291 667 325 705 g&
341 668 394 695 τῶν
407 665 569 706 ὀφειλόντων
585 667 637 697 ὑπὸ
652 669 701 698 τοῦ
719 667 855 709 ἡμετέρου
866 669 982 709 πατρός.

334 726 375 731 ——-
389 711 438 739 19.
463 709 576 751 λαβεῖν]
601 711 676 740 illud
693 710 785 752 χρέος,
807 722 851 740 aes
875 712 1003 742 alienum

290 752 418 791 pupillis
434 753 586 788 debitum,
610 755 647 783 ab
665 753 767 792 aliquo
785 755 1004 791 Hermonacte,

290 795 321 825 in
341 796 485 835 Bosporo
502 797 644 835 degente,
660 802 780 826 centum
801 802 957 827 staterum.
973 809 1003 828 v.

292 848 323 868 v.
341 841 393 870 96.
712 866 714 869 .

336 884 409 912 988.
432 882 461 911 5.
487 881 515 910 οὐ
532 883 586 921 γὰρ
607 879 651 915 τίς
673 893 706 919 γε
729 883 829 912 ταῦτα
843 881 1004 923 κατετίθει]

290 925 429 955 correxi:
443 925 471 954 οὗ
486 927 541 964 γὰρ
555 924 593 958 δίς
608 935 641 963 γε
658 925 754 955 ταῦτα
770 926 932 957 κατετίθει.
949 937 1006 956 non

289 970 365 997 enim.
377 966 594 1007 prtfectoidem
610 978 645 997 aes
658 969 787 999 alienum
810 970 851 999 bis
872 970 1006 1006 solvisset,

290 1017 343 1040 aut
359 1010 568 1040 eaeistimandus
581 1017 621 1040 est
639 1012 759 1042 solvisse.

333 1071 377 1076 »—
391 1056 422 1083 7.
438 1053 458 1083 ἃ
473 1055 536 1087 τοὺς
547 1052 649 1094 κυρίους
663 1071 706 1077 —-·
722 1055 735 1095 ]
759 1055 820 1085 vim
843 1055 935 1095 hujus
958 1066 1005 1086 ar-

293 1098 533 1135 gumentationis
550 1108 608 1127 non
625 1098 792 1137 perspicio.
807 1103 928 1137 poterat
947 1099 1005 1129 uti-

294 1150 352 1178 que
365 1140 475 1179 aliquis
488 1141 622 1176 debitor,
646 1142 698 1181 qui
721 1143 856 1182 pupillos
872 1143 955 1183 (nam
973 1142 1004 1172 hi

289 1188 361 1212 sunt
378 1184 405 1212 li.
420 1183 441 1213 l.
458 1184 479 1213 οἶ
495 1183 592 1224 κύριοι)
608 1184 661 1214 diu
678 1186 905 1222 contemsisset‚
932 1187 960 1216 Ιι.
978 1197 1005 1215 e.

290 1227 449 1264 pecuniam
475 1227 553 1266 ipsis
573 1228 707 1258 debitam
730 1229 919 1265 retinuisset,
943 1230 1004 1259 illis

290 1270 410 1299 virileni
432 1276 551 1300 aetatem
577 1271 738 1310 ingressis,
760 1283 777 1301 a
800 1272 899 1302 literis
924 1283 1005 1302 com-

290 1314 460 1343 monitoriis
485 1314 595 1344 tutoris
611 1316 659 1344 τοῦ
674 1317 716 1353 μῆ
731 1314 831 1355 nogion,
855 1320 887 1345 ut
903 1321 1006 1346 noster

290 1356 340 1385 hic
364 1357 422 1386 loci
438 1357 489 1391 ait,
514 1358 556 1388 ita
580 1359 705 1397 percelli
732 1364 763 1388 et
787 1359 1006 1398 perterrelieri‚

290 1405 322 1428 ut
340 1400 382 1429 nil
402 1406 598 1430 cunctaretur
613 1412 721 1431 nomen
738 1402 853 1432 lentum
876 1403 1005 1432 diluere.

288 1453 348 1472 non
368 1444 424 1472 lioc
440 1445 530 1474 modo
547 1446 705 1484 probabile
730 1450 788 1481 est,
811 1446 866 1475 sed
883 1446 914 1475 fit
929 1456 1005 1484 quo-

289 1497 348 1524 quc
377 1487 526 1525 qnotidie.
570 1490 820 1527 Consequeretur
847 1500 885 1518 ex
917 1500 1007 1528 argu-

289 1531 476 1560 mentatione
506 1531 639 1560 oratoris
669 1532 739 1567 hoc,
763 1532 911 1571 pupillos,
933 1533 1005 1562 dum

290 1572 390 1602 adhuc
405 1574 538 1604 minores
560 1574 646 1603 aunis
662 1580 777 1610 essent,
795 1576 906 1614 saepius
924 1576 1005 1605 Her-

289 1621 460 1646 monactem
479 1617 516 1646 de
538 1618 683 1647 diluendo
708 1618 839 1653 nomine,
871 1619 925 1648 sed
943 1619 1004 1648 fru-

290 1664 362 1694 stra,
380 1660 563 1698 appellasse.
593 1662 673 1699 qnod
691 1660 804 1690 factum
821 1671 888 1690 esse
906 1662 1004 1691 credi-

292 1702 354 1731 bile
372 1713 429 1732 non
444 1708 502 1733 est.
517 1710 558 1739 et,
569 1704 616 1732 sac
628 1714 749 1743 quoque
766 1714 819 1733 eos
835 1705 865 1733 id
883 1705 1005 1741 secisse,

291 1756 412 1784 semper
427 1757 485 1775 non
503 1747 563 1785 ipsi
576 1747 730 1783 fecissent,
741 1747 796 1776 sod
807 1752 888 1777 tutor
904 1748 1004 1787 pupil-

288 1788 384 1817 lorum
404 1789 535 1819 nomine.
579 1790 656 1819 Sunt
676 1791 891 1820 Demosthenis
915 1801 1004 1829 argu-

289 1831 489 1862 mentationes
502 1833 594 1872 paulo
606 1844 816 1872 nonnunquam
828 1833 1006 1863 subtiliores

289 1879 321 1904 et
348 1875 569 1913 impeditiores,
592 1881 623 1906 et
645 1877 822 1916 sophisticae
846 1877 1005 1908 calliditati

289 1924 378 1956 atque
396 1919 551 1948 rixositati
566 1920 710 1950 confines.

334 1979 377 1983 —
394 1963 444 1992 13.
468 1961 580 2003 ἐκεῖνος]
598 1964 791 1992 Demaretus.

331 2022 375 2026 —-
390 2007 439 2034 18.
463 2005 523 2036 οὔτ’
537 2006 569 2035 ἂν
579 2005 728 2047 ἔπλευσεν]
742 2017 799 2035 non
814 2006 938 2036 videtur
952 2017 1004 2036 na-

289 2047 475 2086 vigationem
492 2049 566 2078 illuc
583 2054 785 2088 suscepturus
809 2050 916 2080 fuisse.
943 2060 1004 2079 ma-

289 2091 341 2119 lim
360 2096 457 2120 tamen
473 2091 550 2129 legi:
565 2092 624 2122 οὔτ’
635 2090 670 2121 αὖ
686 2091 832 2122 ἔπλευσεν.

332 2151 375 2156 —-
388 2135 459 2163 ibid.
486 2134 546 2165 οὔτ’
567 2135 599 2165 ἂν
614 2134 747 2177 ἀφίκετο]
765 2136 895 2165 subaudi
912 2136 933 2165 εἶ
955 2135 1004 2165 καὶ

289 2174 421 2210 ἐβούλετο
437 2176 528 2207 ἐκεῖσε
543 2179 637 2209 «πλεῖν.

334 2223 407 2250 939.
421 2224 450 2250 ἰ).
474 2220 522 2250 καὶ
538 2221 621 2250 τοῦτ’
634 2220 834 2262 ἐγκαλοῦντες]
858 2221 931 2251 dedi
954 2221 1002 2250 καὶ

288 2263 372 2292 τοῦτό
387 2262 416 2301 γ’
431 2262 533 2301 ἐγκαλ.
580 2265 641 2295 Sed
666 2266 712 2295 vel
732 2265 776 2294 sic
792 2275 912 2303 quoque
929 2275 1003 2293 non-

289 2307 361 2336 duin
389 2312 572 2346 persanatus
599 2308 722 2338 videtur
747 2308 796 2337 hio
824 2309 919 2342 locus,
948 2308 1002 2337 sed

288 2349 334 2378 sic
352 2349 562 2388 integrandus:
606 2352 641 2384 ὡς
655 2353 708 2391 γὰρ
731 2351 779 2381 οὐκ
801 2350 940 2381 ἀποδόντα
957 2350 1004 2379 λό-

287 2403 333 2429 γον
347 2392 553 2433 γεγραμμένοι,
570 2395 638 2436 [aut
654 2396 689 2429 ὡς
704 2394 752 2424 οὐκ
773 2395 904 2424 ἀποδόντι
927 2393 1005 2431 λόγον

288 2437 494 2478 λαγχάνοντες]
517 2438 565 2467 καὶ
588 2437 673 2467 τοῦτό
695 2437 724 2476 γ’
740 2436 924 2476 ἐγκαλοῦντες
938 2436 1003 2475 φαί-

287 2488 387 2508 νονται.
404 2485 522 2510 constat
537 2481 616 2510 enim
637 2492 690 2510 eos
707 2481 789 2511 diem
805 2481 884 2520 patri
902 2486 1004 2510 nostro

287 2521 358 2550 ideo
369 2521 503 2558 dixisse,
526 2524 607 2562 quod
629 2525 774 2554 rationem
791 2529 886 2563 gestae
899 2524 1004 2553 tulelae

286 2564 396 2593 nullam
415 2565 491 2604 ipsis
504 2567 675 2603 exhiberet,
701 2572 731 2597 et
754 2567 812 2596 hoc
828 2567 1004 2597 nominatim

288 2607 348 2647 ipsi
364 2607 530 2637 incusasse.

332 2667 374 2672 ·—
391 2653 421 2681 6.
445 2652 479 2684 ὡς
495 2650 664 2691 παρέδωκεν]
690 2652 831 2688 subaudi,
845 2653 881 2687 ὡς
895 2651 1005 2692 ὀφειλό-

286 2705 368 2734 μενον
378 2693 446 2733 ὑμῖν
464 2694 497 2723 τό
509 2696 559 2723 τοῦ
571 2694 766 2732 Ἔρμώνακτος
782 2695 876 2737 χςέος.

329 2756 371 2760 —-
389 2740 418 2767 8.
442 2737 628 2777 παραδόντος]
645 2739 774 2768 subaudi
786 2739 810 2768 ἐν
824 2739 865 2777 τῷ
874 2741 925 2773 τῆς
940 2737 1002 2769 ἔστι·

287 2783 391 2821 τροπῆς
407 2779 480 2819 λόγῳ
492 2783 532 2810 τὰ
547 2781 614 2819 ὑμῖν
630 2780 794 2820 ὀφειλόμενα
809 2781 893 2822 χρέα.

330 2842 373 2847 -
387 2827 436 2853 11.
459 2822 565 2864 ‘rein-ov]
592 2824 707 2859 nescio,
724 2827 875 2863 quodnam
890 2825 947 2854 hoo
963 2823 1004 2854 sit

288 2868 424 2903 tertium,
435 2878 532 2905 neque
546 2866 737 2896 comminisci
756 2878 894 2905 possum.

330 2929 373 2933 --
392 2913 440 2941 18.
464 2910 548 2940 πέντε
567 2909 616 2941 ’έτη
641 2909 792 2951 παρέλθῃ]
817 2910 886 2939 soil.
910 2921 948 2940 ex
965 2920 1001 2940 eo

287 2959 437 2992 tempore,
452 2964 512 2992 quo
528 2952 682 2993 pupilliad
696 2955 888 2993 pubertatem
901 2963 1002 2984 suam·

286 3008 344 3036 que
364 2999 497 3037 ipsorum
513 2997 637 3028 tutelam
654 2996 862 3036 pervenerint.

676 171 712 213 Ι.
735 171 767 214 1.
790 172 1017 215 REISKE
1048 171 1378 215 ANNOTATA

1083 297 1126 302 —
1141 282 1197 309 τῶν
1216 278 1271 320 μὲν
1293 279 1416 323 ἔξαςχῆς
1438 282 1634 323 ἀδικημάτων]
1661 280 1756 315 ἄδικῖιὲ

1040 334 1129 362 ματα
1143 322 1175 362 ἐξ
1188 324 1277 365 ἀρχῆς
1295 325 1323 354 h.
1350 327 1368 355 l.
1386 331 1454 355 sunt
1471 326 1601 365 injnriae,
1617 331 1669 356 aut
1680 337 1754 366 que-

1043 367 1114 396 relae
1132 377 1225 404 super
1238 368 1359 406 injuriis
1373 370 1519 407 acceptis,
1533 381 1600 409 quae
1610 371 1753 408 primum,

1043 410 1140 448 prima
1151 409 1229 445 vice,
1240 410 1268 439 in
1282 413 1334 448 jus
1349 420 1506 448 vocantur,
1523 419 1554 442 et
1567 413 1602 442 ad
1613 413 1752 451 judicum

1039 452 1292 491 disceptationem
1318 461 1518 485 revocantur:
1543 466 1641 494 eoque
1657 466 1754 495 oppo-

1039 501 1151 525 nuntur
1166 496 1227 525 illis
1243 497 1355 533 causis,
1381 508 1460 536 qnae,
1485 509 1554 528 cnm
1576 502 1636 536 jam
1659 499 1752 528 semel

1038 539 1188 568 discussae
1203 540 1346 577 fuissent,
1362 541 1463 571 denuo
1480 542 1518 571 ad
1540 542 1639 571 forum
1655 546 1754 572 retra-

1039 582 1162 612 huntur.

1080 642 1123 648 ——
1139 636 1209 665 pen.
1232 625 1290 655 οὐδὲ
1307 629 1387 658 κατὰ
1402 628 1471 668 τῶν]
1495 628 1622 666 primam
1645 637 1753 657 vocem

1039 669 1200 698 addid'mw
1213 674 1313 699 contra
1332 671 1397 700 illos
1415 672 1528 710 quidem
1545 676 1663 705 tutores,
1684 671 1756 710 quia

1036 711 1158 750 pupillis
1171 711 1365 752 nonfuissent
1377 724 1432 753 pro
1444 713 1540 744 liberis
1553 715 1589 744 ab
1605 714 1685 744 omni
1703 724 1755 744 uc-

1038 756 1184 784 cusatione
1198 756 1350 786 declarati.

1081 815 1125 820 -—-
1141 797 1195 827 ult.
1218 799 1281 832 τοὺς
1296 798 1328 838 ἐξ
1344 797 1460 839 ἐκείνων]
1478 799 1548 830 soil.
1565 799 1683 840 φύντας,
1705 800 1753 829 vel

1038 840 1196 878 γεγονότας.
1241 843 1271 870 δι’
1282 847 1384 871 ccmtra
1396 853 1457 878 nos,
1470 844 1519 883 qui
1532 853 1632 872 sumus
1642 853 1668 872 ei
1685 843 1756 878 iltis,

1038 884 1138 912 vestris
1150 889 1224 921 puta
1233 885 1389 920 tutoribus,
1404 886 1479 921 nati,
1497 886 1575 916 litem
1587 887 1753 915 instituere-

1039 927 1085 960 tis,
1105 937 1183 955 amm
1204 927 1336 967 vigesima
1359 932 1433 966 post,
1458 939 1544 967 quam
1565 936 1678 966 patrem
1701 939 1754 957 no-

1037 974 1131 999 strum
1147 969 1270 999 liberum
1287 970 1323 999 ab
1337 973 1416 1000 omni
1427 969 1543 1011 forensi
1556 972 1754 1010 persecutione

1038 1012 1274 1049 declaravissetis,
1287 1020 1314 1044 et
1326 1014 1405 1044 litem
1423 1015 1540 1053 quidem
1554 1025 1640 1053 super
1655 1015 1754 1044 iisdem

1038 1056 1300 1097 criminationibus,
1315 1069 1333 1086 a
1350 1057 1455 1097 quibus
1463 1058 1628 1098 vosmetipsi
1643 1062 1756 1096 patrem

1038 1098 1169 1128 nostrum
1184 1099 1378 1130 absolvis-setis.
1422 1101 1482 1130 Sed
1495 1101 1626 1131 rationes
1636 1106 1754 1139 tempo-

1039 1152 1105 1171 rum
1123 1153 1181 1171 non
1196 1143 1392 1173 conveniunt.
1409 1144 1473 1173 Hic
1486 1145 1594 1184 viginti
1607 1154 1701 1173 annos
1713 1144 1756 1173 ait

1039 1185 1196 1215 effluxisse
1226 1196 1243 1215 a
1272 1191 1411 1226 tempore
1443 1187 1645 1217 absolutionis
1674 1187 1758 1222 inde,

1040 1229 1132 1268 paulo
1148 1233 1218 1258 ante
1234 1235 1334 1259 autem
1352 1241 1382 1268 p.
1400 1232 1473 1261 986.
1490 1233 1521 1260 8.
1533 1231 1754 1271 quatuordecim

1040 1273 1247 1302 tantummodo
1264 1273 1397 1303 dixerat.
1421 1274 1480 1303 Sed
1499 1279 1634 1303 oratores
1651 1273 1753 1302 minus

1039 1315 1197 1345 veritatem
1209 1315 1266 1352 rei,
1282 1326 1371 1355 quam
1382 1317 1662 1356 amplificationem,
1684 1327 1756 1355 spe-

1040 1362 1135 1388 ctant.
1585 1360 1589 1365 '

1084 1404 1158 1433 990.
1183 1406 1212 1434 6.
1237 1401 1344 1442 τούτῳ]
1369 1403 1489 1432 correxi
1506 1401 1617 1432 τούτου.
1635 1413 1674 1431 ex
1693 1403 1757 1431 Au-

1041 1451 1181 1484 gustano.
1208 1445 1283 1475 alias
1300 1446 1440 1475 licuisset
1455 1446 1547 1476 etiam
1570 1445 1675 1475 τούτων
1690 1456 1757 1474 cor-

1039 1488 1152 1527 rigere,
1167 1489 1248 1527 quod
1266 1489 1454 1519 maluissem.

1081 1549 1126 1554 -—-
1151 1535 1202 1561 11.
1228 1530 1398 1574 λεχθεισῶν]
1429 1532 1550 1562 correxi
1579 1531 1756 1572 ληχθεισῶν,

1040 1585 1057 1604 a
1071 1586 1100 1604 v.
1116 1575 1267 1616 λαγχάνοι).
1285 1576 1323 1605 de
1335 1576 1485 1605 sententia
1498 1575 1598 1606 Wolf.
1616 1580 1646 1604 et
1666 1576 1754 1604 laam-

1042 1617 1103 1647 bin.
1125 1623 1245 1656 poterat
1263 1629 1384 1658 quoque
1401 1619 1514 1657 corrigi
1538 1621 1593 1647 τῶν
1615 1619 1681 1648 τότε
1706 1628 1754 1646 τε-

1039 1660 1206 1690 λεσθεισῶν.
1224 1672 1253 1689 v.
1271 1672 1300 1690 v.
1317 1665 1389 1692 2.et.
1403 1664 1477 1692 999.
1494 1663 1545 1692 ⁰25.
1563 1666 1593 1690 et
1610 1663 1705 1691 1006.
1724 1664 1757 1690 8.

1081 1721 1126 1726 -—
1141 1706 1192 1734 2³2.
1216 1703 1295 1744 οὐδὲ]
1313 1705 1434 1734 correxi
1448 1703 1529 1734 οὐδέν.
1543 1714 1588 1734 vos
1600 1709 1677 1734 recte
1690 1714 1759 1742 uge-

1038 1755 1081 1780 re,
1105 1748 1128 1776 si
1144 1756 1186 1776 eos
1198 1747 1287 1785 plane
1303 1757 1359 1777 non
1374 1748 1516 1782 audiatis,
1534 1745 1754 1788 nequeferuti's,

1039 1789 1075 1818 de
1099 1795 1180 1829 gesta
1207 1790 1301 1819 tutela
1328 1796 1586 1825 commemorantes,
1607 1800 1688 1829 spero
1713 1801 1757 1819 me

1037 1833 1161 1871 planum
1185 1833 1261 1862 vobis
1271 1833 1443 1873 jucturam.
1461 1832 1533 1863 οὐδὲν
1549 1838 1596 1863 est
1611 1834 1691 1863 idem
1709 1839 1753 1862 at-

1039 1886 1099 1913 que
1115 1874 1182 1905 κατ’
1197 1875 1279 1912 οὐδὲν,
1295 1875 1436 1915 οὐδαμῶς,
1450 1876 1535 1906 nullo
1550 1875 1756 1916 motloferutis.

1040 1920 1100 1948 Sed
1119 1923 1187 1959 post
1205 1919 1265 1959 ’περὶ
1281 1921 1331 1953 τῆς
1351 1918 1504 1960 ἐπιτροπῆς
1526 1919 1650 1949 videtur
1665 1918 1757 1956 λεγόν-

1039 1972 1107 1997 των,
1123 1963 1173 1992 vel
1190 1963 1249 1991 tale
1263 1962 1336 2001 quid
1349 1964 1472 1992 deesse.
1585 1962 1598 1975 “

1081 2023 1125 2027 -—
1139 2007 1190 2036 ί23.
1216 2005 1332 2046 οἴονται]
1359 2006 1481 2036 correxi
1504 2002 1553 2034 οἷόν
1564 2016 1608 2035 τε.
1626 2006 1713 2035 etiam
1729 2006 1759 2036 εἰ,

1039 2049 1104 2087 ᾳιιὶε
1121 2049 1286 2089 largiatur,
1301 2059 1343 2078 ecs
1359 2050 1461 2095 modis,
1478 2049 1754 2089 quamfieripotesc,

1041 2092 1175 2122 maximis
1189 2102 1244 2121 esse
1257 2092 1344 2122 laesos.

1080 2152 1125 2157 ·—
1140 2137 1192 2164 25,
1214 2134 1295 2164 ἐκεῖνό
1304 2133 1333 2173 γ’
1345 2151 1390 2157 --
1400 2133 1654 2174 καταλυθήσεται]
1670 2135 1755 2163 locus

1038 2177 1088 2207 hic
1118 2188 1213 2216 usque
1243 2178 1279 2207 ad
1307 2189 1338 2217 p.
1364 2181 1437 2209 991.
1462 2181 1513 2207 11.
1537 2177 1655 2206 iisdem.
1667 2187 1754 2215 paene

1039 2220 1144 2250 verbis
1161 2221 1315 2259 tegiturin
1341 2221 1425 2250 exitu
1443 2219 1589 2249 orationis
1610 2220 1753 2259 superio-

1038 2263 1081 2293 ris
1093 2264 1240 2293 adversus
1258 2264 1480 2294 Pantaenetutn.

1082 2309 1155 2337 991.
1179 2309 1209 2338 3.
1233 2305 1362 2336 ἀκουσίου
1378 2306 1471 2347 φόνου]
1497 2305 1568 2335 dedi
1590 2306 1621 2335 h.
1636 2306 1657 2335 l.
1677 2306 1753 2336 ἑκου-

1038 2348 1098 2379 σίου
1113 2357 1145 2388 φ.
1161 2361 1199 2379 ex
1221 2353 1402 2380 auctoritate
1424 2351 1502 2379 Bav.
1528 2349 1656 2379 codicis.
1674 2361 1702 2380 v.
1715 2350 1754 2380 ad

1039 2403 1069 2432 p.
1088 2395 1163 2424 983.
1180 2395 1232 2423 19.
1250 2394 1344 2422 dicta.

1080 2454 1124 2458 —
1136 2438 1167 2465 4.
1187 2434 1354 2477 αἰδέσηται]
1372 2436 1472 2466 locum
1485 2435 1566 2466 hunc
1581 2435 1658 2465 citat
1673 2436 1755 2466 Har-

1039 2489 1125 2518 pocr.
1144 2490 1172 2508 v.
1186 2478 1380 2510 αἰδέσασθαι.

1080 2540 1124 2544 -
1139 2525 1190 2551 10.
1206 2522 1286 2551 τοῦτ’
1301 2522 1366 2553 ἔστι
1382 2521 1548 2563 δεινότατον]
1566 2521 1668 2551 malim
1682 2532 1750 2550 cum

1039 2566 1193 2595 Bavarico
1209 2565 1295 2601 δεινὸν,
1310 2570 1362 2596 aut
1387 2565 1487 2595 saltim
1513 2574 1570 2594 non
1596 2564 1660 2593 sine
1678 2564 1753 2593 arti-

1039 2609 1121 2644 culo,
1141 2607 1174 2637 τὸ
1201 2608 1365 2638 δεινότατον.
1390 2614 1420 2637 et
1443 2608 1524 2637 idem
1550 2611 1651 2636 statuo
1667 2607 1752 2646 dep.

1041 2654 1113 2682 984.
1139 2655 1168 2682 1.
1191 2652 1244 2681 ubi
1262 2654 1320 2681 boc
1337 2655 1480 2682 annotare
1497 2650 1610 2679 oblitus
1629 2660 1707 2679 suin.

1081 2712 1124 2717 -
1139 2697 1190 2725 13.
1206 2694 1352 2735 φῇναντος]
1368 2705 1437 2723 oum
1461 2693 1591 2723 Nicidas
1606 2697 1750 2732 patruum

1038 2742 1188 2774 vestrum,
1205 2738 1429 2776 Xenopitliem,
1446 2737 1597 2766 seniorem
1614 2741 1700 2774 puta,
1715 2747 1751 2765 eo

1038 2782 1159 2811 nomine
1186 2782 1268 2820 apud
1293 2781 1429 2819 judicem
1461 2779 1637 2814 detulisset,
1667 2779 1750 2818 quod

1039 2825 1163 2854 domum
1179 2829 1313 2853 vestram
1329 2824 1449 2852 elocare
1465 2822 1506 2851 nil
1524 2827 1654 2851 curaret.

1080 2885 1123 2889 -—
1141 2869 1191 2897 15.
1215 2868 1312 2897 πολλὰ
1328 2865 1483 2905 διήρπασαν
1505 2864 1597 2904 ὑμῶν]
1615 2865 1756 2894 correxi:

1038 2912 1136 2940 vrum&
1154 2909 1177 2939 δ’
1185 2910 1315 2950 ἥρπασαν
1337 2909 1424 2948 ἡμῶν.
1450 2918 1516 2937 nam
1532 2907 1598 2937 haeo
1618 2913 1666 2937 est
1683 2908 1754 2938 fieta

1037 2953 1160 2994 querela
1177 2952 1364 2993 pupillorum
1382 2952 1531 2991 ipsorum.

1079 3014 1122 3020 ·-
1138 2998 1188 3027 16.
1211 2995 1240 3028 ’ὴν
1260 2994 1417 3026 ἐπείσθητέ
1443 2994 1492 3035 γε]
1516 2994 1583 3025 scil.
1601 2992 1686 3035 ἔχειν,
1703 2993 1754 3023 vel
