1931 3322
422 195 488 236 IN
521 191 927 236 PHILIPPICAM
961 192 1043 234 DE
1076 194 1247 237 PACE.

116 300 214 332 Vides
230 303 278 332 τήν
298 300 452 332 ἀντίθεσιν.
497 301 700 332 circumcisio
718 301 825 331 vulne-

115 348 165 374 rat
177 348 295 384 purtem
314 345 471 383 corporis:
497 345 638 374 Christus
658 348 755 374 totum
771 344 825 373 ho-

115 387 227 417 minem
244 387 372 423 sanavit,
397 392 487 426 atque
501 388 654 426 integrum
678 386 824 417 reddidit.

115 429 265 460 Similiter
289 434 361 469 post
392 430 490 470 iniqui
515 431 633 469 judicis
664 431 825 468 viduaeque

116 471 297 511 importunae
311 473 498 512 parabolam,
516 483 576 513 qua
587 474 691 513 docet,
706 482 826 510 semper

115 514 289 546 instandum
333 526 401 546 esse
439 516 638 552 orationibus,
676 515 827 546 subinfert

117 557 213 598 [huo.
231 559 362 589 XVIII.
380 561 411 590 6.
425 559 467 600 8.]
493 559 648 594 ἀκούο-οιτε,
661 558 692 587 τί
706 558 718 588 ὁ
733 560 826 597 κριτὴς

114 602 168 635 τῆς
182 599 292 636 ἀδικίας
310 600 406 641 λέγεις
430 603 442 631 ὁ
458 602 486 632 δὲ
512 601 575 636 θεὸς
595 601 624 631 οὐ
646 603 689 640 μὴ
710 600 826 630 «ποιήσει

115 644 165 674 τῆν
187 643 326 675 ἔκδικησιν
350 648 407 675 τῶν
425 644 568 675 ἐκλεκτῶν
591 645 679 675 αὐτοῦ
703 643 826 677 Βοώντων

116 685 184 727 πρὸς
199 687 282 717 αὐτὲν
302 686 408 729 ἧμέςας
421 688 470 717 καὶ
484 687 597 726 νυκτός;
619 688 759 727 Injustus
777 688 825 726 jn-

113 730 178 760 dex
199 730 368 761 vindicavit
390 731 513 761 viduam
534 736 660 770 propter
680 731 746 769 ejus
768 730 826 760 im-

116 774 346 812 portunitatem.
391 775 491 810 Deus,
514 775 567 814 qui
582 774 653 813 ipsa
676 773 826 813 estjusti-

118 815 173 852 tia,
189 827 248 847 non
264 815 436 848 vindicabit
451 827 522 848 suos
538 818 577 847 ad
605 828 637 848 se
661 817 827 847 clamantes

113 859 249 890 assidue.
293 859 397 891 Multa
421 861 574 900 ejusmodi
589 860 782 900 reperiuntur
797 860 828 890 in

113 901 231 933 Christi
245 904 450 934 sermonibus.
484 905 576 934 Dein.
599 902 671 944 [pro
696 904 830 940 Corona,

117 955 150 984 p.
167 946 260 986 262]
284 944 318 976 ’τὸ
329 945 430 980 λαβεῖν
440 944 483 978 οὖν
493 949 534 977 τὰ
544 946 672 986 διδόμενα.
686 947 829 986 ὁμολογῶν

115 986 222 1029 ἕηομοῖ
232 989 311 1025 ἕιναῦ,
326 1002 360 1019 'TO
381 991 466 1033 χάξῑν
477 989 584 1021 ’Τούτων
599 990 747 1021 ἀποδουναι
769 1002 828 1020 πα·

117 1031 242 1072 garrium
252 1033 363 1075 γράφῃ,
374 1035 419 1064 M.
433 1033 554 1064 Tullius
566 1032 638 1074 [pro
651 1033 781 1069 Milone,
800 1045 829 1064 c.

115 1074 187 1116 16.]
211 1076 344 1113 “Quem
365 1076 461 1117 igitur
475 1087 545 1107 cum
566 1076 701 1107 omnium
731 1077 830 1116 gratia

114 1118 227 1156 noluit,
240 1120 321 1150 hunc
336 1120 435 1151 voluit
446 1130 516 1150 cum
529 1119 702 1159 aliquorum
717 1130 826 1159 quere-

113 1161 163 1191 la?
185 1172 276 1202 quem
298 1164 381 1202 jure,
396 1173 485 1203 quem
499 1163 581 1200 loco,
605 1172 696 1203 quem
712 1168 830 1213 tempo-

113 1215 159 1241 te,
165 1215 265 1256 ’quem
284 1205 407 1246 impune
421 1217 482 1236 non
494 1210 541 1236 est
564 1216 669 1242 ausus,
689 1216 770 1236 nunc
784 1206 829 1236 in-

109 1248 202 1288 juria,
217 1248 324 1298 iniquo
346 1250 429 1286 loco,
455 1249 556 1280 alieno
571 1253 723 1289 tempore,
746 1250 829 1290 peri-

114 1291 186 1322 culo
224 1291 336 1332 capitis
372 1303 434 1323 non
460 1291 614 1323 dubitavit
641 1293 785 1323 occidere
795 1292 829 1323 ?'’

114 1335 206 1365 Idem
217 1335 250 1365 in
265 1336 373 1366 eadem
383 1335 428 1377 [c.
444 1335 515 1377 29]
531 1339 552 1353 “
569 1335 695 1375 Fingite
710 1336 828 1377 cogita-

112 1378 197 1408 tione
219 1377 382 1419 imaginem
405 1379 497 1419 hujus
524 1378 707 1410 conditionis
732 1390 827 1410 meae:

114 1421 143 1452 si
157 1421 274 1461 possim
291 1422 422 1459 efficere,
435 1428 470 1453 ut
485 1423 633 1453 Milonem
644 1423 828 1460 absolvatis,

114 1465 172 1496 sed
192 1465 247 1501 ita,
271 1465 299 1495 si
319 1467 355 1496 P.
379 1466 509 1496 Clodius
535 1465 698 1496 revixerit.
743 1466 826 1505 Quid

113 1508 203 1539 vultu
215 1508 425 1541 extimuistis?
448 1520 579 1550 quonam
600 1510 692 1539 modo
708 1510 760 1540 ille
772 1521 827 1540 vos

114 1551 209 1583 vivus
222 1551 367 1590 afficeret,
386 1553 439 1592 qui
453 1556 593 1583 mortuus
608 1552 694 1583 inani
709 1553 827 1593 cogita-

112 1595 198 1626 tione
219 1596 374 1635 percussit
384 1595 417 1626 ?''
441 1595 489 1637 [p.
514 1598 589 1627 197.
610 1596 659 1627 ed.
684 1596 740 1636 D.]
765 1598 827 1627 Sed

113 1638 149 1669 in
163 1639 272 1678 primis
286 1638 368 1669 hunc
392 1639 496 1670 locum
520 1639 681 1670 Ciceronis
704 1641 827 1670 attende

113 1682 191 1724 [pro
216 1684 253 1712 A.
277 1682 411 1720 Goecina,
437 1694 467 1713 c.
491 1682 563 1723 15.]
609 1682 738 1719 “Quod
751 1682 777 1713 si
796 1683 827 1713 vi

111 1725 223 1766 pulsos
252 1725 387 1757 dicimus
407 1727 562 1757 exercitus
582 1736 652 1756 esse
677 1736 745 1763 eos,
775 1726 828 1766 qui

112 1774 200 1800 metu
220 1779 257 1800 uc
281 1769 368 1800 tenui
391 1780 474 1810 saepe
497 1769 674 1809 suspicione
695 1769 828 1809 periculi

114 1812 272 1852 fugeruut:
299 1817 331 1843 et
346 1813 373 1843 si
386 1824 446 1843 non
460 1813 560 1843 solum
574 1812 709 1852 impulsu
723 1817 828 1844 scuto-

113 1866 193 1892 rum,
222 1865 321 1897 neque
349 1855 491 1887 conflictu
521 1866 697 1895 corporum,
726 1866 827 1895 neque

113 1899 178 1930 ictu
188 1899 371 1935 comminus,
383 1910 482 1939 neque
497 1898 687 1938 conjectione
696 1899 828 1929 telorum

112 1942 247 1979 eminus,
262 1943 316 1973 sed
338 1952 423 1980 saepe
437 1942 570 1970 clamore
594 1942 664 1990 ipso
685 1940 828 1977 militum,

113 1990 167 2016 aut
177 1984 381 2016 instructione
392 1988 580 2024 aspectuque
594 1983 750 2022 signorum
766 1994 829 2014 ma-

115 2039 192 2069 guae
200 2028 309 2068 copias
319 2027 425 2068 pulsas
435 2037 506 2057 esse
516 2033 548 2057 et
554 2026 688 2057 vidimus
700 2032 731 2057 et
741 2027 829 2057 audi-

114 2072 234 2103 vimus:
258 2081 327 2112 quae
345 2070 392 2101 vis
406 2070 439 2100 in
453 2070 537 2101 bello
551 2070 737 2110 appellatur,
750 2081 785 2101 ea
796 2070 829 2102 in

113 2115 181 2146 otio
193 2125 257 2146 uon
273 2113 500 2155 appellabitur‘!
522 2117 554 2144 et
569 2114 652 2154 quod
662 2114 828 2144 vehemens

112 2158 148 2189 in
158 2169 193 2189 re
204 2157 330 2189 militari
344 2162 482 2198 putatur,
493 2156 526 2188 id
537 2156 626 2187 leve'
617 2167 647 2187 ιιι
658 2158 728 2196 jure
742 2157 829 2188 civili

109 2201 321 2241 judicabitur‘!
352 2206 384 2232 et
406 2201 490 2241 quod
511 2200 669 2231 exercitus
695 2206 829 2232 armatos

114 2249 230 2282 movet,
254 2244 290 2276 id
312 2244 547 2276 advocationem
569 2248 743 2284 togatorum
768 2255 829 2275 non

116 2288 274 2320 videbitur
294 2287 451 2319 movisset
489 2293 522 2318 et
544 2288 657 2318 vulnus
688 2288 828 2326 corporis

113 2332 214 2372 magis
227 2331 319 2363 istam
338 2330 414 2366 vim,
437 2341 528 2371 quam
550 2335 649 2362 terror
666 2331 759 2361 animi
775 2332 829 2361 de-

113 2375 266 2406 clarabit}
288 2380 320 2406 et
328 2374 478 2406 sauciatio
491 2379 658 2414 quaeretur,
673 2385 766 2414 quum
781 2375 829 2405 fu-

115 2429 185 2459 gam
198 2419 310 2450 factam
330 2427 400 2448 esse
416 2417 611 2448 constabitY'
655 2418 763 2448 Habes
778 2418 828 2448 hic

112 2461 215 2503 primo
241 2463 453 2502 argumentum
476 2459 534 2492 ἆπό
557 2461 743 2502 παςαβολῖῖςε
774 2462 828 2492 de-

114 2506 189 2537 indo
205 2504 437 2537 exornationem
458 2504 577 2535 crebris
597 2505 828 2544 enthymemati-

113 2549 186 2580 bus:
210 2547 372 2589 superiora
392 2547 473 2579 euim
493 2547 636 2579 videntur
653 2558 722 2577 esse
739 2549 829 2578 abso-

112 2592 190 2623 luta.
218 2602 277 2623 nec
302 2591 516 2631 Hermogenes
543 2591 666 2621 videtur
686 2592 830 2628 sensisse,

115 2635 217 2666 omnia
255 2635 482 2675 enthymemata
522 2644 590 2665 esse
627 2632 831 2675 {misyae-{ac

115 2677 316 2719 προλαβόντων
336 2676 581 2719 ἐπιχειρημάτων,
602 2684 695 2716 quum
711 2678 765 2713 ait,
781 2678 830 2708 καῖ

114 2721 233 2761 fanum)
255 2724 312 2753 τῶν
332 2719 381 2753 ἐπὶ
400 2720 511 2755 τούτοις
524 2719 743 2761 ἐνθυμημάτων
764 2720 829 2760 ἐμοὶ

115 2763 351 2806 παςευμθέντοον.
372 2773 460 2804 super
486 2764 542 2801 his,
567 2764 680 2804 inquit:
708 2764 829 2795 scilicet

116 2808 318 2848 argumentis,
333 2807 423 2848 quusi
447 2807 510 2838 sint
524 2807 595 2844 alia,
612 2817 680 2847 quae
703 2818 762 2837 uon
780 2818 828 2837 se-

116 2855 246 2890 quuntur
265 2854 453 2891 argumenta,
477 2860 606 2890 quorum
620 2851 750 2890 primam
767 2850 829 2880 ani-

117 2893 357 2926 naam-'ionem
374 2894 434 2926 sibi
449 2904 510 2925 non
527 2893 645 2925 tribuit.
669 2895 759 2926 Deru.
777 2893 830 2934 [ad

1486 192 1569 235 419

861 300 1031 329 Pantaenet.
1056 311 1087 338 p.
1104 302 1194 342 983.]
1228 301 1275 329 καὶ
1299 296 1384 331 τοῦθ
1397 298 1469 329 οὕτω
1484 299 1570 329 τὸδ’-

859 354 934 373 κοιιον
948 341 974 371 ἐν
989 343 1078 372 πᾶσιν
1105 344 1212 384 lexim,
1237 342 1301 378 εἵς-τ’
1326 344 1358 373 ἂν
1381 343 1449 373 ἑλών
1461 355 1508 378 τις
1520 354 1569 372 του

859 384 988 416 ἀκουσίου
1021 384 1109 423 φόνου,
1125 386 1173 415 και
1208 389 1324 425 φανερῶς
1358 384 1499 425 ἐπιδείξας
1526 398 1570 425 μη

859 427 992 467 καθαρον,
1012 429 1095 466 μετὰ
1118 429 1217 458 ταῦτα.
1241 428 1391 459 αἰδέσηται
1425 440 1472 458 και
1499 429 1570 469 ἇφῇ,

860 469 952 502 οὐκέτ’
964 469 1096 503 ἐκβαλεῖν
1109 470 1196 511 κύριος
1210 470 1256 501 ‘riv
1271 472 1354 502 αὐτόν
1375 471 1451 501 ἐστι.
1466 473 1570 501 hacte-

861 525 917 544 nus
946 518 1154 553 argumentum
1176 525 1192 543 a
1223 514 1433 545 similitudine.
1458 515 1569 544 deinde

861 557 926 587 haec
943 561 1127 596 sequuntur.
1150 555 1201 586 εἷθ’
1227 555 1304 596 υωὲρ
1331 556 1386 596 μὲν
1411 557 1508 598 ψυχνς
1523 559 1572 586 καὶ

861 603 916 630 Τῶν
944 597 1103 639 μεγίστων,
1124 610 1211 633 Οὕτως
1238 599 1333 640 ἷσχυει
1363 611 1410 628 καί
1439 611 1516 638 μὲνέί
1539 612 1571 629 7¹2

861 643 983 683 ἀφεῖναι·
1012 642 1088 683 ὑπὲρ
1107 641 1135 673 δὲ
1158 642 1319 684 χρημάτων
1344 643 1391 671 καὶ
1417 641 1574 672 ἐλαττόνων

861 686 1055 727 ἐγκλημάτων
1073 686 1168 726 ἄκυρον
1183 686 1284 723 ἔσται;
1307 686 1463 725 μηδαμως.
1511 687 1572 715 Sed

862 731 933 769 quia
949 730 1050 769 priora
1064 731 1160 760 verba
1184 730 1316 759 obscura
1337 734 1419 763 sunt,
1441 740 1481 757 ex
1502 730 1573 767 jure

862 773 1093 804 Atheniensium
1105 773 1300 812 deprompta,
1316 776 1407 810 egent
1420 771 1570 809 interpre-

862 818 987 847 tatione.
1011 817 1056 857 [p.
1070 818 1142 847 198.
1160 816 1208 846 ed.
1224 815 1281 856 D.]
1303 815 1459 845 Budaeu's:
1485 819 1515 844 et
1525 824 1573 843 us>

864 871 921 899 que
947 860 1024 890 adeo
1050 860 1107 889 hoc
1125 861 1175 899 jus
1192 859 1222 888 in
1246 869 1352 889 omnes
1376 857 1469 894 valet,
1491 862 1534 893 ut,
1550 858 1575 887 si

864 904 932 943 quis
945 905 985 933 ob
1000 903 1114 933 caedem
1127 913 1186 932 non
1198 902 1400 932 voluntariam
1417 901 1510 931 alium
1526 911 1574 930 ar-

864 947 1003 981 cesserit,
1020 951 1111 985 atque
1125 947 1201 976 udeo
1218 956 1301 975 reum
1328 945 1492 984 peregerit,
1510 954 1574 973 ma-

863 990 1035 1029 nifestoque
1057 988 1237 1026 convicerit,
1261 988 1374 1018 deinde
1399 999 1417 1017 a
1440 999 1492 1018 reo
1510 987 1574 1026 pla-

864 1039 950 1064 calus
975 1043 1097 1072 quoquo
1120 1033 1223 1068 modo,
1247 1032 1369 1071 culpam
1395 1032 1573 1069 crimenque

864 1076 1057 1111 condonarit,
1072 1076 1152 1106 ultra
1169 1075 1277 1105 finibus
1301 1074 1575 1115 patriaeexpellere

864 1130 933 1150 eum
948 1130 1005 1149 non
1018 1119 1128 1158 possit
1153 1119 1223 1157 quia
1234 1117 1346 1157 injuria
1359 1118 1488 1147 remissa
1503 1117 1575 1146 abo-

862 1163 977 1202 litaqne
1012 1161 1198 1193 exsuscitari
1229 1162 1329 1191 denuo
1362 1160 1477 1200 nequit.
1510 1161 1575 1190 haec

863 1211 1017 1245 postrema
1039 1205 1164 1235 addidit
1189 1215 1206 1234 a
1228 1215 1273 1241 se,
1300 1215 1367 1244 quae
1387 1204 1483 1234 verba
1506 1210 1577 1233 sunt

860 1250 951 1289 juris.
976 1249 1081 1279 Idem:
1103 1248 1210 1282 αἴδεσις
1222 1253 1270 1278 est
1279 1249 1363 1278 venia
1372 1253 1400 1278 et
1415 1247 1578 1277 misericor-

863 1294 925 1329 dia,
950 1298 980 1323 et
1002 1302 1132 1332 personae
1154 1292 1355 1332 periclitantis
1378 1297 1521 1330 respectus
1543 1302 1577 1321 nc

863 1337 960 1372 tuitio,
977 1337 1099 1367 ultionis
1109 1335 1423 1374 animadversionisque
1438 1334 1578 1370 remissio,

861 1384 969 1409 contra
992 1378 1223 1419 Ctesiphontem
1255 1378 1396 1409 absoluta
1429 1381 1500 1406 sunt
1523 1377 1579 1407 illa

862 1422 1018 1453 AEschinis
1042 1422 1091 1462 [p.
1113 1423 1188 1453 469.
1208 1432 1234 1452 S.
1250 1421 1309 1462 R.]
1345 1420 1357 1450 ὁ
1382 1422 1436 1460 γᾶς
1456 1419 1579 1460 μισότε-

862 1477 922 1501 κνος
936 1477 984 1495 και
1009 1467 1113 1506 πατὴρ
1128 1465 1247 1506 πονηρὸς,
1266 1465 1314 1495 οὐκ
1337 1463 1370 1493 ἄν
1386 1473 1456 1494 ποτε
1472 1462 1578 1501 γένοιτο

862 1508 1033 1550 δημαγωγὸς
1053 1508 1189 1551 χρηστός.
1214 1508 1268 1538 ουδ’
1285 1508 1297 1537 ὁ
1319 1509 1360 1537 τὰ
1376 1505 1512 1546 φίλτατα.
1527 1518 1576 1536 και

860 1553 1023 1584 oineco'Ta‘rd
1055 1555 1188 1591 σώματα
1211 1564 1254 1592 μή
1284 1562 1420 1591 ὅτὲργων,
1448 1549 1580 1580 Ουδξπθτε

860 1597 939 1635 ὑμᾶς
953 1596 1014 1649 πειρι
1031 1596 1152 1630 πλείονος
1161 1605 1310 1626 ποιησετοιι
1326 1605 1391 1627 ’τους
1403 1593 1579 1634 ἀλλοτρίους.

861 1638 919 1669 οὐδὲ
933 1650 964 1678 γε
981 1640 993 1669 ὁ
1010 1639 1066 1679 ἰδίᾳ
1082 1638 1202 1678 πονηρὲς,
1217 1638 1264 1668 οὐκ
1279 1637 1312 1666 ἄν
1325 1648 1397 1667 ποτε
1414 1636 1517 1675 γένοιτο
1532 1637 1578 1667 δη-

860 1681 953 1723 μοσίᾳ
964 1681 1100 1734 χρηο-τός.
1112 1681 1166 1712 οὐδ’
1186 1682 1261 1715 σ’ςτις
1274 1679 1353 1710 ἐστιν
1374 1680 1438 1710 οἴκοι
1460 1681 1566 1718 φαῦλος
1554 1703 1578 1716 ,,

861 1725 988 1756 ουδέποτ’
1004 1730 1032 1756 ἦν
1047 1723 1073 1755 ἐν
1088 1724 1240 1764 Μακεδονίᾳ
1254 1726 1334 1754 κατὰ
1357 1725 1406 1754 τῆν
1429 1721 1578 1763 πςεσζείαν

861 1769 949 1803 καλὸς
984 1768 1126 1809 κᾴγαὲός.
1171 1769 1251 1799 Haec
1283 1767 1323 1797 de
1354 1767 1576 1802 Demosthene,

862 1823 956 1852 quum
970 1813 1076 1853 lugere
1092 1811 1212 1842 unicam
1225 1811 1319 1841 filiam
1343 1815 1414 1851 post
1430 1810 1512 1840 diem
1528 1821 1578 1839 se-

862 1857 990 1895 ptimum
1002 1857 1041 1886 ab
1055 1854 1181 1885 interitu
1196 1854 1347 1884 desierat:
1372 1854 1460 1892 cujus
1476 1858 1577 1883 tamen

862 1899 893 1928 in
916 1900 975 1930 hoc
997 1898 1089 1929 animi
1110 1897 1312 1928 constantiam
1336 1897 1447 1926 Cicero
1463 1896 1578 1926 laudat.

863 1941 976 1981 [Tusc.
992 1943 1055 1972 111.
1071 1943 1123 1972 26.
1138 1941 1165 1993 §u-
1181 1940 1250 1981 63.]
1276 1943 1376 1979 Atque
1393 1940 1458 1969 haec
1475 1939 1580 1969 hacte-

862 1994 930 2014 nus.
954 1984 1029 2025 ωςὸς
1043 1984 1097 2024 μὲν
1111 1985 1161 2014 ’τοῦ
1184 1984 1338 2013 Λακωνικου
1354 1982 1470 2022 τρόπον,
1488 1994 1521 2011 το
1537 1985 1579 2012 τὰ

862 2026 1029 2069 βραχύτερα
1044 2028 1088 2058 ἀεὶ
1104 2027 1259 2067 πεοτιμᾷν,
1271 2026 1370 2066 inquit
1386 2027 1487 2056 Plato.
1504 2024 1577 2065 [Le-

863 2081 934 2110 gum
950 2071 1008 2100 lv.
1032 2081 1064 2110 p.
1074 2073 1151 2101 721.
1176 2075 1198 2100 t.
1222 2071 1270 2100 11.
1287 2070 1396 2108 Steph.
1418 2080 1449 2108 p.
1467 2071 1541 2100 197.
1557 2074 1579 2099 t.

862 2114 958 2144 VIII.
978 2113 1071 2154 Bip.]
1101 2113 1167 2144 ἔστι
1187 2112 1286 2152 μέντοι
1304 2112 1353 2142 και
1374 2123 1442 2142 omo
1458 2113 1499 2141 τὰ
1515 2124 1578 2152 μει-

862 2156 1005 2197 κρότεξὲιν
1013 2155 1103 2187 ἕλοιτᾶ
1112 2168 1168 2191 τις.
1180 2157 1261 2196 quod
1275 2167 1329 2186 uos
1342 2166 1421 2186 nunc
1435 2166 1579 2186 necessa-

862 2201 910 2230 rio
926 2201 1067 2237 fecimus,
1079 2199 1151 2240 quia
1164 2199 1259 2230 semel
1274 2199 1426 2230 voluimus
1437 2199 1516 2229 hunc
1534 2200 1580 2228 lo-

863 2254 934 2274 cum
950 2253 1151 2284 perpurgare,
1165 2249 1195 2274 et
1212 2242 1361 2273 studiosis
1376 2243 1452 2273 hanc
1463 2242 1579 2272 doctri-

863 2297 931 2318 nam
944 2287 1107 2318 ostendere
1122 2297 1157 2317 ac
1172 2296 1312 2317 reserare
1322 2296 1396 2316 sane
1412 2295 1503 2325 quam
1519 2285 1579 2315 uti-

861 2331 922 2362 lem
947 2341 983 2361 ao
1005 2331 1204 2361 fructuosam.
1234 2334 1326 2369 atque
1351 2329 1434 2359 haud
1454 2328 1519 2358 scio
1541 2339 1579 2358 au

863 2374 1026 2414 quicquam
1058 2374 1099 2404 sit
1123 2374 1154 2403 in
1183 2372 1358 2403 Rhetoricis
1387 2371 1580 2411 praeclarius.

862 2418 929 2448 haec
945 2417 1026 2447 enim
1040 2421 1111 2447 sunt
1125 2417 1178 2447 illa
1194 2416 1415 2447 Demosthenis
1440 2415 1579 2451 fulmina,

863 2462 902 2491 de
917 2462 1030 2500 quibus
1052 2460 1238 2500 accepimns.
1263 2459 1360 2489 hastas
1379 2458 1504 2489 Tullius
1523 2458 1579 2499 [de

863 2511 939 2535 orat.
960 2505 988 2534 Ι.
1009 2503 1079 2544 57.]
1103 2509 1268 2534 amentatas
1289 2507 1390 2532 vocat.
1417 2503 1505 2532 hasta
1532 2507 1580 2532 est

863 2546 1060 2589 ἐπιχείρημα.
1086 2546 1133 2587 [p.
1156 2549 1230 2578 199.
1253 2546 1302 2576 ed.
1328 2545 1386 2586 D.]
1413 2551 1578 2580 amentum,

863 2601 925 2630 quo
958 2595 1119 2629 torquetur
1152 2590 1276 2625 fortius,
1306 2588 1475 2628 ἐνθύμημα.
1521 2589 1579 2618 Est

863 2634 988 2674 quidem
1011 2635 1076 2663 haec
1102 2633 1259 2663 Ciceronis
1288 2632 1427 2662 doctrina
1458 2631 1579 2661 subtilis

865 2678 912 2719 [in
927 2677 1068 2717 Topicis,
1079 2688 1105 2707 c.
1123 2679 1176 2708 13.
1191 2676 1232 2717 s.]
1262 2686 1351 2714 quam
1366 2676 1489 2706 videtur
1505 2675 1579 2703 hau—

865 2722 943 2751 sisse
959 2731 977 2750 a
995 2720 1123 2755 Stoicis,
1143 2720 1194 2760 qui
1217 2719 1424 2750 conclusionis
1452 2719 1577 2747 formam

864 2770 956 2804 atque
980 2763 1130 2794 rationem
1157 2763 1274 2793 faciunt
1299 2763 1399 2792 omnia
1421 2761 1578 2798 enthyme-

863 2812 956 2844 mata,
967 2806 999 2836 ld
1015 2811 1074 2843 est,
1088 2806 1312 2847 syllogismum.
1348 2805 1408 2834 Sed
1430 2805 1485 2832 hac
1502 2804 1577 2832 duu-

865 2856 950 2881 taxat
965 2851 997 2880 in
1020 2855 1118 2890 parte.
1142 2850 1247 2880 πολλω
1266 2847 1389 2880 καλλίων
1412 2848 1424 2876 ἦ
1448 2847 1495 2875 τοῦ
1518 2846 1577 2885 ‘Eg-

864 2893 997 2935 μογένους
1014 2893 1194 2936 τιχνολογία.
