1931 3322
337 195 422 238 AD
455 194 820 238 ORATIONEM
854 194 917 235 IN
951 194 1256 236 APHOBUM
1290 192 1375 236 111.

1512 191 1591 234 199

139 303 261 334 videtur
279 301 372 337 αὖτόν,
390 308 441 333 aut
461 314 568 333 τουτον.
593 303 672 342 quod
693 301 809 331 facile
801 311 845 330 m-
874 300 1035 340 jerandurn
1054 310 1146 338 super
1162 311 1265 330 eorum
1282 300 1392 341 capite.

137 347 232 377 terite
246 347 395 395 pot-uitex
407 356 556 376 concursu
568 356 635 375 cum
653 346 759 376 eadem
771 355 847 376 voce

139 389 283 428 proxime
297 388 488 427 insequente.

181 449 225 454 —
242 433 292 460 10.
313 433 411 462 πολλὰ
427 432 447 462 ἃ
466 430 596 472 πὲφῃνεν]
613 431 716 461 deievi
733 429 846 460 articu-

137 475 212 504 lum.
251 474 361 504 melius
390 475 553 504 convenire
584 474 748 504 videbatur
780 473 846 503 haec

139 518 214 547 Bav.
244 516 349 553 lectio,
372 528 460 556 quam
486 519 583 547 πολλὰ
607 516 744 558 ἀπέφῃνεν
768 518 845 555 Aug.

136 569 319 599 quamquam
331 561 535 595 reduxissem,
548 562 573 589 si
589 561 641 590 ina
653 560 831 590 caruissem.

179 620 222 625 —
246 604 297 632 1‘2.
325 606 466 643 wgosrssnov
487 602 570 643 ἦμῖν]
594 610 692 633 utrum
717 603 758 632 sit
781 602 849 641 ἡμῖν

137 646 335 681 servandum,
346 657 382 676 an
395 648 463 686 ὑμῖν
477 646 847 685 praeferendum,dubium

134 699 206 718 esse
220 689 331 728 possit.
346 700 414 720 nam
432 696 595 729 utrumque
611 700 678 719 cum
696 688 849 718 sententia

110 747 113 751 ·
136 737 291 762 convenit.

178 791 221 797 ——
235 777 288 806 19.
303 774 339 805 ἑνὶ
350 777 406 805 τῶν
419 774 576 816 ἐπιτρόπων
586 774 707 815 τούτων]
723 774 846 804 correxi

135 822 319 857 postremam
353 829 459 848 vocem
491 819 594 857 τούτῳ,
624 819 656 848 id
692 819 772 858 quod
803 821 851 847 est

137 858 292 900 expositio
309 862 470 892 verborum
486 861 522 891 ἑνὶ
537 864 591 892 τῶν
610 860 783 902 ἒτπιτςόπων,
794 862 850 891 uui

140 910 289 940 tutorum,
303 904 383 940 huic,
395 905 526 944 Aphobo
543 910 627 944 puta.

179 965 223 970 —
239 949 292 978 2⁶2.
315 946 451 988 κᾴκεῖνον]
476 949 598 978 correxi
621 945 759 988 κᾳῖκείνων,
782 946 850 977 scil.

141 992 200 1021 τῶν
212 991 382 1031 χρημάτων.
398 1002 429 1021 v.
446 1002 476 1031 p.
494 993 568 1022 831.
585 993 617 1022 3.
633 991 686 1021 uhi
700 992 785 1021 iocus
803 990 851 1020 hie

143 1033 214 1074 ipse
233 1034 360 1064 totidem
378 1035 482 1064 verbis
498 1035 620 1074 legitur.

180 1095 224 1099 —
238 1086 307 1115 pen.
326 1077 393 1117 παρ’
406 1076 518 1118 ἐκείνου]
536 1089 552 1107 a
567 1076 726 1108 Philonide
743 1081 827 1116 puta.

180 1121 255 1150 859.
269 1122 299 1150 2.
325 1120 424 1161 αὐτὸν]
448 1121 569 1150 correxi
590 1121 682 1151 αὐτῶν
706 1120 745 1149 de
770 1129 851 1156 meo,

141 1163 212 1194 scil.
227 1167 358 1202 quatuor
373 1165 565 1193 talentorum.

180 1223 225 1228 —-
239 1208 288 1236 14.
304 1207 348 1244 τῷ
360 1207 498 1260 μάςτυςι]
517 1207 621 1236 Pisano
638 1211 722 1245 puta.

180 1267 224 1273 -—
239 1251 292 1280 27.
317 1249 378 1289 περὶ
404 1249 460 1289 μὲν
483 1250 542 1291 —]
573 1248 762 1279 constructio
785 1248 852 1278 haeo

136 1297 204 1323 est:
220 1293 380 1334 παραδώσω
389 1304 432 1322 σοι
447 1293 494 1325 τὸν
508 1293 624 1346 ἔχοντα
621 1294 662 1323 τὰ
678 1291 851 1333 ἀντίγραφα,

137 1337 175 1370 ὥς
187 1335 225 1366 σύ
236 1345 278 1376 με
292 1335 485 1376 προύκαλέσω
498 1337 559 1378 περι
575 1335 688 1367 τούτου.

182 1381 257 1409 860.
274 1381 304 1410 2.
328 1382 409 1410 κατὰ
427 1382 478 1415 τῆς
498 1379 652 1420 θυγατρὸς]
675 1389 748 1420 ergo
772 1379 852 1408 [ilius

140 1422 274 1462 Aphobo
288 1422 390 1452 nullus
403 1429 478 1454 erat.

181 1482 226 1488 --
246 1467 296 1496 1⁹7.
309 1464 442 1518 κᾴκεῖνοι]
457 1471 553 1496 testes
569 1465 639 1496 mei.

181 1526 226 1531 —
242 1511 296 1540 19.
311 1508 381 1538 κατ’
396 1507 515 1552 ἐκείνων]
532 1509 647 1539 liberos
663 1508 788 1538 testium
801 1508 854 1539 de—

142 1551 257 1592 signat.

183 1612 227 1618 —-
252 1595 327 1626 ibid.
358 1593 417 1626 οὔτ’
446 1595 560 1637 αυτοῖς]
594 1605 691 1634 neque
721 1594 853 1624 testibus

140 1638 229 1675 meis,
251 1638 303 1679 qui
320 1638 436 1669 liberos
454 1649 527 1669 suos
551 1638 718 1669 offerebant
741 1639 779 1668 ad
800 1638 855 1668 de-

921 361 964 366 —-
982 343 1057 373 ibid.
1079 341 1137 372 οὔτ’
1160 342 1279 382 ἐκείνοις]
1297 354 1395 383 neque
1411 342 1517 372 liberis
1536 352 1590 381 pa-

879 391 957 416 trum
976 396 1030 425 pro
1044 386 1249 415 Demosthene
1263 386 1449 416 testantium.
1468 386 1591 415 videtur

879 433 980 459 tamen
1006 427 1066 459 οὔτ’
1085 427 1181 462 αὐταῖς
1205 429 1387 458 redundare.
1413 429 1501 458 abest
1525 427 1592 468 qui-

879 473 950 502 dem
978 473 1016 501 ab
1043 473 1122 511 Aug.
1145 475 1332 510 quapropter
1357 471 1445 501 uncis
1469 471 1592 501 inclusi.

880 515 988 545 Possit
1012 525 1132 553 quoque
1157 513 1258 544 videri
1286 514 1511 543 Demosthenes
1539 516 1592 543 de-

881 559 964 588 disse
981 557 1040 588 οὔτ’
1053 556 1138 592 αὐτὸς
1158 555 1321 597 ἀπομόσαι,
1335 566 1426 597 neque
1447 557 1506 595 ipse
1528 559 1593 596 tgju-

880 612 958 631 rare.

923 662 967 667 —-
981 646 1034 674 26.
1052 643 1101 673 καῖ
1117 640 1451 683 καταμεμαξτυξημὲνον
1465 640 1593 683 τάληθῆ]

882 687 989 718 vitium
1005 687 1062 716 loci
1074 686 1175 726 prodit
1186 692 1217 716 et
1228 686 1376 716 sententia
1389 685 1468 724 ipsa,
1482 690 1514 714 et
1530 684 1595 714 dis-

882 731 1036 771 crepantia
1058 729 1209 759 codicum.
1240 735 1274 759 ut
1292 729 1395 758 brevis
1420 728 1488 763 sim,
1508 728 1594 757 vide-

882 778 933 804 tur
963 775 1024 812 leg.
1055 783 1146 803 esse.
1179 772 1227 802 καὶ
1253 769 1595 822 ‘m‘raffiaeepaaprvpnussvov

882 828 980 847 τουτον
995 816 1123 846 τᾶληὲη.
1139 823 1173 845 ut
1190 821 1237 846 est
1252 815 1282 846 in
1299 815 1433 855 margine
1449 815 1553 844 Lutet.
1568 820 1596 844 et

883 860 962 890 hunc
991 860 1152 899 Aphobum
1183 860 1350 890 testimoniis
1375 859 1503 893 testium,
1529 868 1596 888 vera

884 904 1066 939 testantium,
1079 904 1199 932 victum.

929 949 1002 977 861.
1020 949 1050 977 9.
1075 946 1148 976 οὐδὲν
1162 946 1264 976 αὐτῶν·
1282 942 1369 974 πάντ’
1387 942 1511 983 εἰδότων]
1530 953 1598 973 cor-

884 991 952 1020 rexi
969 988 1070 1024 οὒδὲνα,
1091 991 1146 1018 τῶν
1160 987 1246 1019 πάντ’
1265 987 1386 1018 εἰδότων.
1406 987 1485 1017 hunc
1501 986 1599 1026 Apho-

884 1035 952 1063 Imm
971 1033 1099 1062 noluisse
1119 1033 1156 1062 od
1180 1038 1323 1061 tormenta
1345 1031 1491 1061 traditum
1514 1041 1533 1059 α
1555 1040 1599 1060 me

883 1077 1014 1115 accipere
1028 1085 1200 1115 quemquam
1216 1085 1361 1105 servorum
1377 1075 1507 1103 onmium
1528 1074 1598 1103 ‘reli-

884 1129 1022 1160 qum-um.
1042 1128 1218 1158 quamquam
1238 1118 1268 1148 hi
1286 1118 1359 1148 servi
1376 1117 1479 1147 melius
1498 1119 1597 1146 omnia

884 1168 1008 1196 nossent,
1023 1172 1111 1201 quam
1127 1161 1250 1201 Milyas.

927 1223 971 1228 ——-
990 1209 1041 1235 10.
1068 1203 1082 1235 ἢ
1107 1204 1231 1245 Μιλύας]
1258 1203 1338 1242 Aug.
1363 1203 1416 1232 dat
1439 1201 1454 1233 ἢ
1479 1201 1598 1232 Μιλύαν.

885 1248 1014 1288 perinde
1027 1253 1084 1283 est,
1100 1248 1159 1277 hoo
1174 1252 1274 1276 tamen
1289 1247 1469 1285 elegantius.

929 1310 971 1314 —
985 1295 1037 1321 14.
1063 1288 1164 1322 πίει-τιν
1187 1289 1343 1330 ἐπιθεῖναι]
1368 1288 1497 1320 subaudi
1521 1289 1600 1317 κατὰ

885 1337 937 1369 ’τῆς
951 1333 1098 1375 θυγατρός.
1113 1344 1145 1364 v.
1160 1344 1192 1373 p.
1209 1336 1283 1364 860.
1300 1335 1330 1362 2.
1351 1350 1355 1352 -

928 1396 972 1401 —-
987 1380 1039 1409 ⁶23.
1063 1376 1303 1418 προεγνωσμένος]
1329 1375 1430 1406 malim
1455 1385 1602 1415 προκατε-

887 1420 1055 1461 γιωσμὲνος.

932 1467 1005 1495 862.
1022 1467 1054 1494 7.
1069 1462 1153 1493 πέντε
1169 1462 1217 1493 καὶ
1234 1462 1302 1492 δέκα.
1316 1461 1482 1501 ταλάντων]
1499 1460 1602 1490 malim

889 1519 949 1538 nno
968 1507 1117 1538 vocabulo
1134 1505 1494 1537 πεντεκαιδεκαταλάντου.

930 1569 973 1574 -—-
989 1555 1043 1582 11.
1066 1549 1150 1580 πέντε
1174 1549 1265 1591 μνᾶς]
1291 1548 1422 1579 subaudi
1444 1548 1524 1577 κατὰ
1547 1548 1603 1579 τὰς

889 1594 974 1624 εἴκοσι
989 1594 1074 1625 πέντε
1085 1595 1172 1633 μνῖὶς.

140 1783 228 1825 AD
260 1782 628 1825 ORATIONEM
669 1781 916 1823 CONTRA
950 1779 1296 1822 ONETOREM
1329 1777 1603 1821 PRIMAM.

184 1898 259 1928 864.
274 1900 305 1929 4.
326 1896 477 1938 κηδεστὴν]
503 1897 598 1928 Soror
613 1897 692 1927 enim
709 1897 855 1927 Onetoris

141 1950 237 1980 penes
253 1940 416 1980 Aphobum
431 1945 508 1970 erat.

183 2001 228 2006 —
241 1986 274 2014 ¹7.
298 1982 345 2014 τᾶν
361 1982 416 2023 μὲν
434 1984 506 2025 γὰρ]
529 1982 612 2013 redit
627 1983 664 2012 ad
681 1983 855 2023 Aphobum.

142 2031 177 2057 ut
193 2027 358 2066 insequens
373 2027 471 2057 τοῦτον
482 2037 513 2056 v.
527 2029 578 2056 10.
592 2026 630 2056 ad
647 2027 824 2056 Onetorem.

185 2087 228 2093 —
244 2072 296 2100 13.
319 2068 363 2111 ἢν]
388 2069 440 2099 alii
453 2068 495 2104 ἧς.
514 2069 642 2109 perinde
663 2075 721 2106 est,
736 2069 794 2099 hoe
812 2073 855 2099 ta-

141 2123 211 2143 men
226 2113 265 2142 ad
281 2112 480 2143 Atticismum
496 2112 594 2153 magis
609 2113 741 2142 accedit.

184 2173 228 2179 -—
238 2157 291 2187 16.
301 2156 524 2197 ἀποστερεῖται]
540 2156 662 2186 correxi
677 2165 855 2186 συναποστε

141 2199 186 2239 ξεῖ
195 2209 230 2229 τε
244 2199 366 2230 duobus
380 2199 551 2230 vocabulis.
563 2199 652 2229 hausi
667 2210 705 2229 ex
717 2204 803 2238 parte
816 2209 855 2228 ex

142 2243 336 2283 Angustano,
353 2242 385 2273 in
403 2253 464 2282 quo
481 2242 593 2273 vitiose
612 2250 659 2272 est
677 2252 857 2272 συναποστε-

141 2285 235 2326 ςεῖταί
249 2295 302 2326 με.
323 2286 441 2316 mutavi
454 2297 506 2316 ται
520 2286 551 2316 in
568 2296 612 2322 τε,
635 2287 716 2325 quod
737 2297 754 2314 a
773 2296 857 2315 cvm-

143 2330 280 2371 ποστερεῖ
298 2329 453 2369 separavi,
471 2334 504 2359 et
520 2335 670 2369 praeterea
685 2328 857 2359 distinctio-

142 2381 226 2408 nem,
246 2381 316 2412 quae
337 2373 370 2403 in
394 2373 518 2411 vulgata
540 2373 708 2412 depravata
729 2376 788 2407 est,
811 2372 857 2402 sic

143 2414 318 2451 mutavi,'ut
325 2415 392 2446 haeo
402 2416 568 2446 exsisteret
578 2416 726 2446 sententia
738 2426 746 2453 3
765 2426 857 2453 quou-

142 2457 205 2488 iam
227 2457 325 2498 igitur
342 2459 472 2495 Onetor,
495 2469 553 2489 una
571 2469 639 2489 cum
659 2469 722 2488 suae
742 2459 859 2488 suroris

144 2500 256 2532 marito
270 2501 413 2542 Aphobo,
430 2512 478 2531 me
493 2502 692 2532 facultatibus
707 2502 782 2532 meis
796 2502 859 2541 pri-

144 2548 208 2581 vat,
231 2545 388 2584 fretusque
412 2555 468 2574 suo
491 2550 639 2585 apparatu
659 2545 695 2574 ad
720 2555 786 2580 vos,
807 2547 858 2583 ju-

146 2587 248 2624 diees,
277 2588 406 2628 prodiit,
429 2587 601 2627 perieulum
626 2587 721 2618 vestri
747 2588 858 2626 judicii

145 2630 315 2662 subiturus.
329 2630 509 2672 παρασκευαὶ
525 2631 648 2666 actoris,
659 2637 710 2661 aut
719 2631 777 2668 rei,
791 2638 860 2662 sunt

145 2674 289 2705 advocati
303 2674 408 2711 amici,
425 2679 519 2704 testes
538 2674 611 2704 emti
628 2679 680 2704 aut
693 2675 860 2710 subornati,

144 2717 286 2756 pecunia,
305 2718 415 2756 gratia,
431 2717 542 2756 quibus
559 2718 696 2756 judicum
717 2717 861 2757 suffragia

147 2759 336 2799 obligantur,
345 2763 378 2791 et
392 2764 543 2795 emuntur,
553 2765 643 2791 acute
659 2760 860 2800 sollerterqne

146 2803 333 2841 excogitatae
356 2804 561 2840 causationes,
590 2803 736 2834 versutiae
756 2808 788 2833 et
810 2814 860 2833 ca-

147 2845 324 2877 villationes
338 2845 410 2877 fori.

191 2905 236 2911 —
250 2891 303 2920 18.
331 2888 490 2920 ὑπόλοιπόν
517 2887 595 2919 ἐστιν
624 2889 707 2929 ἡμῖν]
738 2889 860 2919 correxi

150 2930 298 2962 ὒπόλοιπόν
319 2930 398 2962 ἔστιν
419 2931 445 2962 ἐν
470 2933 547 2971 ὑμῖν.
572 2933 739 2972 injudicio
761 2938 861 2963 oestro.

150 2978 204 3005 aut
217 2975 299 3013 apud
314 2985 370 3006 vos
381 2975 504 3014 judiees
519 2977 673 3006 sedentes.

193 3017 268 3048 865.
286 3018 337 3050 15.
352 3017 465 3059 τοῦτον]
481 3019 646 3051 Onetorem
661 3023 745 3059 puta.

931 1914 973 1919 —
991 1898 1043 1928 Ξῖ).
1068 1896 1265 1936 Τιμοκράτης]
1288 1895 1477 1925 Timocrates
1498 1894 1605 1924 habuit

888 1939 974 1979 prior
991 1950 1128 1969 sororem
1144 1940 1288 1968 Onetoris
1308 1950 1424 1974 seeum,
1442 1947 1605 1978 antequam

889 1993 926 2013 ea
940 1983 977 2013 ad
996 1983 1159 2021 Aphobum
1175 1982 1331 2012 transiret.

934 2027 1007 2056 866.
1039 2028 1068 2056 2.
1098 2024 1258 2066 χρημάτων
1288 2024 1450 2065 ἆωότιμα]
1483 2023 1605 2054 correxi

889 2080 1033 2110 χρηματα
1049 2068 1240 2108 ἀποτίμκμα.
1258 2070 1425 2098 existimans
1440 2068 1513 2097 bona
1529 2073 1606 2098 tulo·

890 2123 955 2141 vum
968 2113 1093 2151 pupillis
1109 2113 1189 2152 quasi
1203 2112 1397 2152 oppignerata
1411 2120 1476 2140 esse.

931 2173 974 2177 -—
997 2158 1027 2185 ὀ.
1059 2154 1228 2195 ὂφειλησειν]
1266 2160 1340 2195 puta
1368 2154 1515 2194 Aphobo‚
1546 2163 1603 2183 non

889 2199 1028 2228 Onetori.
1046 2209 1075 2228 v·
1093 2210 1122 2228 v.
1143 2200 1258 2228 18.19.

933 2260 975 2265 -
991 2244 1044 2273 25.
1067 2240 1182 2281 ὀφείλειν
1205 2239 1327 2280 εἵλοντο]
1353 2240 1479 2270 volebat
1501 2239 1605 2269 Timo-

890 2292 989 2315 crates
1018 2286 1086 2324 ipse
1114 2286 1228 2314 debere
1253 2285 1397 2323 Aphobo,
1425 2290 1456 2313 et
1484 2284 1605 2313 volebat

891 2329 1020 2364 Onetor,
1033 2334 1067 2359 ut
1080 2328 1273 2358 Timocrates
1289 2327 1387 2357 eidem
1405 2328 1532 2357 deberet
1547 2326 1603 2355 do-

890 2377 964 2407 tem,
987 2372 1048 2407 vel,
1073 2371 1140 2402 sive
1166 2372 1269 2401 dotem
1295 2371 1388 2400 ferret
1414 2370 1565 2410 Aphobus
1588 2379 1606 2398 a

890 2415 1077 2449 Timocrate,
1108 2415 1173 2444 sire
1204 2415 1242 2443 ab
1273 2415 1423 2449 Onetore,
1452 2413 1606 2443 malebant

892 2459 992 2492 ambo,
1010 2469 1068 2488 non
1085 2458 1201 2492 dotem,
1215 2457 1268 2487 sed
1287 2467 1407 2486 usuram
1425 2456 1453 2486 ei
1471 2455 1549 2486 dari.

935 2503 1009 2532 867.
1025 2504 1076 2532 12.
1096 2500 1170 2540 μηδὲ
1187 2500 1350 2541 ἀποδοῦναι]
1363 2500 1443 2530 idem
1462 2504 1510 2530 est
1525 2509 1561 2530 ac
1579 2499 1606 2529 si

891 2543 1039 2574 dixisset:
1061 2544 1109 2573 καὶ
1125 2544 1173 2573 οὐκ
1188 2544 1346 2573 ἀποδοῦναι.

935 2605 978 2609 —
995 2590 1046 2617 14.
1063 2587 1119 2616 εἴτε
1135 2586 1194 2627 μὴ]
1212 2587 1314 2616 malim
1328 2586 1384 2616 εἴτε
1399 2584 1446 2615 καὶ
1463 2585 1518 2626 μή.

935 2633 1045 2661 -ξίὰ
1067 2629 1193 2670 ἐλέγχα,
1217 2631 1253 2664 ὡς
1276 2627 1300 2659 δ’
1326 2628 1452 2670 ύστεςσν]
1483 2628 1608 2658 correxi

893 2672 1031 2715 ἐλέγχων,
1055 2674 1090 2707 ὡς
1113 2672 1168 2703 οὐδ’
1192 2671 1314 2722 ὅστεξον.
1340 2679 1550 2712 posteaquam,
1574 2672 1605 2702 id

893 2719 976 2756 quod
994 2717 1084 2746 modo
1105 2716 1174 2752 feci,
1197 2716 1283 2746 istaec
1304 2716 1345 2746 ita
1370 2717 1460 2755 plana
1483 2714 1554 2748 feci,
1575 2719 1609 2744 ut

893 2759 972 2790 inter
994 2770 1099 2789 omnes
1123 2764 1257 2794 coris-tet,
1284 2764 1316 2788 et
1340 2758 1466 2788 dubium
1491 2757 1608 2787 nullum

895 2803 1042 2843 supersit,
1059 2803 1163 2833 dotem
1186 2802 1315 2842 Aphobo
1336 2802 1437 2832 statim
1457 2811 1475 2829 a
1491 2800 1608 2839 nuptiis

894 2847 996 2876 datam
1013 2857 1071 2876 non
1089 2846 1195 2880 fuisse,
1211 2844 1303 2875 facile
1318 2844 1393 2875 item
1410 2845 1468 2873 hoc
1484 2843 1609 2873 demon-

896 2890 1012 2925 strabo,
1039 2900 1097 2919 uon
1123 2889 1219 2929 magis
1245 2888 1327 2918 illam
1358 2886 1553 2928 postmodum
1580 2887 1609 2916 ei

896 2933 996 2962 datam
1012 2943 1092 2963 esse.

939 2993 980 2998 —
997 2980 1049 3007 24.
1076 2975 1127 3016 κᾷν
1150 2974 1171 3004 εἰ
1196 2976 1238 3013 μὴ
1264 2972 1318 3003 ἐπὶ
1342 2971 1463 3013 τούτοις]
1490 2971 1609 3001 etiarnsi

897 3019 1000 3050 dotem
1026 3018 1236 3052 retinuissent,
1264 3027 1320 3047 non
1346 3016 1384 3046 ob
1411 3025 1493 3050 eum,
1517 3026 1608 3055 qut-ur
