1931 3322
364 540 668 583 HENRMH
716 538 1325 582 AMERSFOORDTH

581 681 1110 724 INTRODUCTH)

200 822 302 871 AD
363 821 839 872 ORATIONEM
895 821 993 871 DE
1053 822 1515 873 SYMMORIIS.

782 965 909 972 2-—

115 1050 205 1089 QUO
233 1048 357 1080 facilius
385 1053 533 1089 perpetua
558 1050 650 1088 liujus
673 1049 830 1080 Orationis

115 1093 327 1132 interpretatio
343 1094 536 1128 succederet,
560 1094 658 1123 visum
680 1098 726 1122 est
749 1104 832 1132 qnae-

116 1137 186 1166 dam
202 1136 345 1166 universe
356 1137 395 1166 de
408 1147 444 1166 ea
459 1135 591 1175 praesari.
630 1137 831 1175 Exponemus

114 1179 209 1219 igitur
231 1178 263 1208 in
289 1180 346 1209 hac
376 1179 608 1209 Introductione
634 1180 765 1218 primum
791 1180 829 1209 de

114 1227 266 1262 tempore,
276 1233 340 1261 quo
354 1223 580 1252 Demosthenes
597 1222 737 1252 habuerit
752 1223 830 1252 Ora-

114 1265 227 1296 tionem
243 1265 305 1306 ·ιτεξὶ
320 1267 496 1305 Συμμοξιῶν,
508 1265 622 1295 deinde
638 1265 677 1294 de
694 1266 829 1295 auctoris

114 1309 245 1339 consilio
253 1313 342 1348 atque
352 1308 522 1344 argumenti
533 1308 683 1338 tractandi
695 1309 829 1344 ratione,

113 1352 236 1382 tandem
254 1352 292 1381 de
305 1351 464 1381 Orationis
479 1352 582 1381 titulo.

157 1396 196 1425 A.
226 1395 403 1425 Orationem
442 1395 503 1434 περὶ
542 1396 708 1435 Συμμοξιῶν
735 1395 829 1425 refert

115 1438 284 1477 Dionysius
294 1437 399 1468 Halie.
410 1439 469 1477 Ep.
481 1439 518 1468 ad
533 1438 701 1468 Ammaeum
712 1449 743 1478 p.
755 1442 828 1469 121.

112 1481 180 1512 init.
203 1482 239 1511 ad
260 1481 455 1521 Olympiadis
479 1482 563 1511 CVI.
588 1492 617 1510 a.
641 1484 671 1512 3.
699 1482 750 1520 qni
771 1482 829 1512 fuit

114 1530 184 1555 ante
200 1525 273 1555 Chr.
290 1526 366 1555 354.
381 1535 474 1564 quum
491 1524 614 1555 Archon
630 1524 761 1555 Athenis
778 1535 827 1554 es·

113 1573 160 1598 set
186 1568 365 1606 Diotimus3
389 1579 516 1607 eamque
541 1567 636 1597 fuisse
663 1568 741 1597 dicit
765 1569 828 1607 pri-

113 1621 192 1641 mam
209 1611 429 1642 Demosthenis
453 1609 629 1651 δημηγοξίαν.
675 1611 766 1648 Quod
782 1612 827 1641 in-

113 1655 229 1684 dicium
247 1655 273 1684 si
294 1664 401 1683 verum
423 1660 481 1690 est,
507 1654 679 1693 posteriora
698 1654 741 1683 ita
757 1661 828 1684 sunt

113 1698 304 1738 accipienda,
333 1701 368 1727 ut
390 1697 562 1736 Dionysius
594 1697 826 1734 significaverit,

113 1741 191 1771 hanc
220 1740 397 1771 Orationem
427 1741 555 1779 primam
586 1740 678 1769 fnisse
711 1750 826 1775 earum,

112 1794 189 1823 quas
210 1784 241 1814 in
261 1784 408 1814 concione
430 1783 537 1823 populi
554 1782 752 1812 Atheniensis
772 1784 826 1813 ha—

112 1827 216 1857 buerit
234 1827 473 1857 Demosthenes.
519 1827 598 1855 Nam
617 1825 645 1855 si
659 1836 766 1856 causas
781 1827 826 1855 fo-

112 1880 219 1900 renses
242 1870 412 1909 intelligas,
433 1870 497 1908 jam
522 1869 636 1908 saepius
652 1879 703 1898 eas
720 1875 828 1908 egerat

112 1917 183 1943 ante
209 1913 276 1944 haec
298 1918 449 1952 tempora,
473 1922 542 1942 cum
566 1910 730 1950 privatam,
763 1918 826 1942 tum

111 1956 271 1996 publicas3
294 1956 390 1992 illam,
406 1955 570 1994 Aphobum
583 1964 729 1984 accusans
745 1956 826 1994 ejus·

112 2010 172 2040 que
188 2000 288 2030 socios
305 2000 344 2029 de
366 1999 464 2029 tutela
482 1999 560 2028 male
578 2002 677 2036 gesta,
700 1998 825 2039 Olymp.

113 2044 246 2074 CIII.a.
267 2045 299 2074 3.
321 2042 381 2084 (uti
404 2046 588 2072 monuerunt
610 2042 642 2070 S.
660 2041 781 2072 Petitus
797 2043 826 2072 in

113 2088 212 2125 Legg.
226 2086 296 2116 Att.
316 2097 348 2126 p.
363 2087 436 2117 267.
458 2090 488 2115 et
505 2085 564 2115 Ed.
580 2085 727 2115 Corsinus
742 2086 827 2116 Fast-

114 2130 209 2161 Attio.
223 2134 246 2160 t.
260 2130 307 2159 ΙΙ.
324 2140 355 2168 p.
371 2127 464 2170 138.)
476 2138 570 2158 annos
585 2132 674 2157 natus
688 2131 749 2167 ‘203
763 2129 827 2165 has,

114 2174 263 2203 adversus
273 2173 497 2205 Androtionem
512 2172 641 2211 Olymp.
652 2172 739 2202 CVI.
754 2182 781 2202 a.
798 2174 828 2202 2.

113 2217 294 2256 eodemque,
325 2220 358 2245 ut
390 2215 526 2251 videtur,
558 2225 636 2244 anno
677 2215 828 2246 adversus

113 2259 284 2299 Leptinem.
296 2259 380 2301 (vid.
390 2258 554 2289 Harlesius
566 2258 604 2288 ad
614 2258 731 2289 Fabric.
744 2259 828 2289 Bibl.

114 2303 169 2333 Gr.
184 2303 247 2333 vol.
260 2304 305 2333 11.
316 2313 347 2342 p.
361 2304 435 2333 820.
452 2301 519 2342 sq.)
564 2302 626 2332 Sed
641 2301 721 2332 inter
736 2303 827 2343 δημη-

113 2347 236 2386 γορικοὺς
254 2345 363 2384 λόγους,
385 2355 462 2385 quos
478 2349 599 2376 veteres
619 2345 710 2376 etiam
733 2356 827 2385 pecu—

112 2388 184 2419 liari
218 2389 338 2419 nomine
375 2388 637 2428 συμβουλευτικοὺς
672 2389 827 2426 dicebant,

112 2432 213 2472 prima
228 2431 360 2462 omnium
369 2432 429 2462 fuit
438 2433 502 2463 haec
515 2432 622 2463 Oratio
633 2432 692 2472 περὶ
705 2439 826 2473 Συμμο-

113 2477 181 2515 §¹33⁹-
226 2477 327 2515 Atque
342 2485 407 2505 eam
423 2475 452 2505 in
468 2476 535 2505 haec
549 2476 613 2505 sere
629 2480 767 2516 tempora
781 2477 828 2506 in-

113 2519 241 2555 cidisse,
262 2518 379 2548 indieat
392 2518 471 2549 alius
486 2519 575 2548 locus
597 2517 696 2557 ipsius
713 2520 827 2550 Demo-

115 2562 233 2592 sthenis
256 2561 287 2591 in
309 2563 395 2592 Orat.
410 2561 450 2591 de
470 2562 569 2592 Rhod.
586 2561 686 2592 libert.
703 2573 735 2601 p.
753 2565 826 2594 192.

116 2609 146 2636 1.
163 2605 212 2635 ed.
231 2605 342 2635 Reisk.
357 2615 418 2645 quo
433 2604 524 2645 hujus
539 2615 558 2634 a
574 2615 608 2636 se
625 2604 736 2635 habitae
752 2607 827 2635 Ora-

113 2648 208 2679 tionis
233 2648 419 2678 mentionem
440 2647 562 2688 injecit:
587 2648 681 2688 οἴομοιι
706 2647 730 2678 δ’
750 2649 828 2688 ὑμῶν

114 2691 291 2731 μνημονεύειν
304 2688 397 2728 ἐνίους,Υ
410 2689 467 2731 ἔτι,
482 2690 546 2721 ἡνίκ’
562 2690 750 2724 ἐβουλεύεσθε
765 2693 828 2732 περὶ

114 2736 171 2765 τῶν
184 2733 350 2771 ςασιλικῶν,
365 2734 516 2774 παρελθὼν
538 2733 594 2773 ἐγὼ
613 2737 722 2775 πρῶτος
737 2735 827 2776 ποιςῇ-

115 2787 192 2807 νεα-α·
215 2777 298 2817 οἶμαι
317 2776 347 2808 δὲ
370 2778 417 2808 καὶ
441 2777 523 2817 μόνος
546 2777 560 2808 ἢ
583 2777 705 2818 δεύτερος
723 2778 828 2815 εἰπεῖν,

113 2833 160 2850 οτι
174 2832 225 2860 μοι
234 2821 377 2861 σωφρονεῖν
392 2821 424 2851 ἂν
437 2821 554 2857 δοκοῖτε,
567 2820 589 2850 εἶ
600 2820 680 2861 [τὴν]
691 2821 830 2873 πρόφασιν

116 2865 169 2897 τῆς
188 2866 366 2903 παρασκευῆς
385 2866 427 2904 μὴ
451 2866 500 2895 τὴν
525 2864 592 2904 πρὸς
613 2863 709 2894 ἐκεῖνον
713 2863 830 2915 ἔχθξαν

119 2905 257 2942 ποιοῖσθε,
279 2907 359 2938 ἀλλὰ
381 2907 651 2948 παρασκευάζοισθε
681 2906 736 2947 μὲν
763 2907 829 2948 πρὸς

117 2960 182 2984 τους
205 2948 392 3001 υωάρχοντοις
413 2950 544 2992 ἐχθρους,
561 2949 710 2990 ἀμύνοισθε
734 2949 762 2980 δὲ
777 2950 830 2991 κᾴ-

116 2993 210 3028 κεῖνον,
225 2990 272 3023 ἐὰν
287 2994 364 3034 ὑμᾶς
378 2993 506 3024 ἀδικεῖν’
495 2994 634 3036 επιχειρῇ.
656 2994 703 3024 καὶ
715 2994 762 3024 οὐκ
774 2993 830 3033 ἐγὼ

163 3044 240 3067 vor...
256 3046 288 3066 v.

865 1050 921 1090 μὲν
936 1051 1035 1081 ’ταῦτα
1059 1051 1144 1088 εἶπον,
1168 1053 1237 1090 ὑμῖν
1259 1052 1283 1081 δ’
1307 1054 1355 1083 οὐκ
1378 1051 1482 1083 ἐδόκουν
1501 1051 1583 1092 &gei-3<

865 1095 968 1131 λέγειν,
981 1095 1061 1125 ἀλλὰ
1077 1095 1125 1124 καὶ
1141 1096 1210 1134 ὑμῖν
1225 1095 1320 1136 »ἵζεσκε
1336 1097 1443 1126 ταῦτα.
1474 1095 1582 1126 Oratio

866 1143 966 1167 autem
980 1148 1036 1176 pro
1054 1139 1242 1168 Rhodiorum
1258 1139 1401 1169 libertate
1419 1140 1521 1169 habita
1535 1143 1584 1169 est

866 1181 969 1220 Olym.
986 1182 1088 1211 cvll.
1106 1192 1133 1211 a.
1151 1183 1181 1211 Q.
1198 1182 1241 1211 uti
1265 1188 1370 1212 monet
1384 1182 1544 1212 Fabricius
1558 1181 1582 1212 Ιε

868 1226 895 1253 1.
913 1236 940 1264 p.
958 1226 1032 1255 825.
1067 1225 1234 1254 Commode
1252 1225 1344 1264 igitur
1359 1225 1461 1264 potuit
1476 1224 1583 1265 pristi-

863 1277 934 1296 num
952 1278 1040 1297 sunm
1058 1269 1219 1298 consitium
1236 1279 1404 1298 memorare
1422 1270 1534 1298 Orator
1549 1267 1582 1298 in

864 1311 1019 1348 ejusmodi
1046 1312 1203 1347 Oratione,
1222 1322 1291 1351 qnae
1314 1312 1347 1341 iu
1372 1311 1466 1341 simili
1490 1321 1582 1350 argu—

863 1359 965 1383 mento
982 1364 1109 1385 versans
1125 1355 1257 1385 triennio
1271 1360 1381 1394 postea
1396 1354 1500 1384 habita
1512 1354 1582 1390 fuit,

863 1397 1019 1436 praecipue
1050 1408 1143 1437 quum
1182 1398 1312 1428 subinde
1343 1409 1431 1428 novae
1458 1398 1583 1428 dissen-

863 1439 965 1470 siones
979 1440 1183 1471 Athenienses
1206 1442 1287 1470 inter
1307 1446 1338 1471 et
1355 1442 1518 1471 Persarum
1533 1451 1583 1470 re-

864 1493 932 1521 gem
946 1483 1056 1512 iisdem
1074 1484 1265 1523 temporibus
1281 1484 1446 1519 orirentur,
1461 1494 1583 1514 earum-

863 1537 920 1564 que
937 1527 1083 1556 memoria
1104 1538 1162 1556 non
1184 1527 1274 1557 facile
1295 1526 1327 1556 in
1343 1527 1456 1556 civium
1473 1526 1581 1557 animis

862 1569 987 1608 periret.
1033 1570 1115 1599 Hinc
1135 1569 1229 1609 igitur
1247 1571 1317 1608 jure
1338 1570 1488 1600 allocutus
1510 1580 1582 1600 esse

863 1623 936 1642 suos
959 1613 1044 1643 cives
1069 1618 1177 1652 postea
1201 1614 1372 1643 censendus
1397 1617 1445 1642 est
1466 1614 1583 1643 Demo-

862 1656 992 1692 sthenis,
1021 1656 1114 1695 οἴομαι
1139 1654 1162 1684 δ’
1183 1658 1261 1695 ὑμῶν
1289 1656 1466 1695 μνημονεύειν
1489 1654 1582 1692 ἐνίους,

863 1700 944 1737 quod
965 1699 994 1728 in
1020 1709 1054 1728 re
1079 1699 1199 1738 vulgari
1221 1699 1410 1738 minorisque
1434 1700 1583 1730 momenti

862 1745 892 1770 et
906 1742 1087 1780 arrogantiae
1111 1747 1143 1772 et
1165 1742 1350 1772 temeritatis
1379 1742 1498 1782 signum
1523 1753 1581 1782 po-

862 1784 974 1814 tuisset
987 1785 1170 1815 existimari.

906 1828 994 1857 Alius
1019 1833 1067 1858 est
1091 1828 1311 1859 Demosthenis
1335 1829 1423 1859 locus
1445 1828 1476 1858 in
1493 1829 1580 1859 Orat.

863 1879 892 1908 p.
915 1871 986 1900 Cor.
1004 1881 1035 1909 p.
1052 1873 1128 1902 930.
1149 1873 1201 1902 27.
1225 1872 1334 1901 itidem
1358 1873 1503 1911 probans,
1520 1882 1581 1902 non

861 1913 990 1942 multum
1003 1917 1071 1943 ante
1083 1914 1162 1944 hunc
1176 1914 1302 1954 Olymp.
1314 1915 1399 1944 CVI.
1416 1925 1443 1944 a.
1458 1917 1490 1946 3.
1502 1915 1580 1945 hanc

863 1956 1040 1986 Orationem
1057 1957 1119 1998 πεςῖ
1141 1961 1306 1998 Συμμοριῶν
1322 1958 1456 1988 habitam
1473 1958 1580 1988 fuisse.

866 2000 910 2029 Eo
922 1999 992 2029 loco
1008 2000 1081 2030 vitae
1099 2011 1163 2031 suae
1180 2001 1332 2031 universae
1348 2001 1496 2031 rationem
1509 2001 1581 2031 red-

863 2043 984 2072 diturus
1008 2044 1213 2074 narrationem
1237 2043 1282 2073 sic
1305 2043 1433 2083 incipit:
1457 2055 1508 2073 του
1523 2046 1579 2084 γᾶς

863 2087 986 2116 Φωκικοῦ
1009 2088 1170 2121 συστάντος
1193 2085 1335 2126 πολέμου,
1359 2099 1388 2116 ου
1412 2085 1446 2117 δι’
1467 2085 1580 2140 {fa-{3013

861 2131 915 2168 γοὶξ
932 2129 994 2160 δη”
981 2141 1069 2168 εγωγε
1085 2129 1291 2164 ἐπολιτευόμην
1306 2141 1352 2160 πω
1374 2128 1456 2166 τότε,
1471 2133 1581 2170 πρῶτον

862 2172 918 2212 μὲν
932 2174 1014 2212 ὑμεῖς
1029 2172 1101 2203 οὕτω
1116 2172 1262 2210 διέκεισθε,
1274 2185 1303 2204 x.
1319 2185 1350 2204 τ.
1364 2180 1394 2204 λ.
1411 2174 1580 2204 Phocicum

863 2221 963 2246 autem
989 2217 1102 2246 bellum
1128 2228 1153 2248 s.
1177 2227 1297 2247 sacrum
1328 2221 1505 2256 susceptum
1531 2223 1580 2247 est

863 2259 990 2299 Olymp.
1007 2260 1091 2290 cvl.
1117 2271 1144 2291 a.
1169 2264 1199 2291 1.
1223 2260 1268 2290 uti
1291 2264 1394 2290 narrat
1418 2260 1579 2290 Diodorus

862 2302 925 2332 Sic.
939 2303 1031 2334 XVI.
1045 2315 1073 2334 c.
1084 2306 1136 2334 ⁶23.
1159 2304 1231 2334 Hoc
1244 2303 1349 2343 itaque
1360 2305 1422 2342 jam
1435 2304 1580 2342 flagrante

863 2346 1041 2377 Orationem
1066 2346 1171 2377 habuit
1187 2346 1425 2382 Demosthenes,
1444 2346 1580 2386 indeque

862 2389 954 2419 etiam
990 2390 1186 2429 intelligitur,
1224 2400 1371 2429 quosnam
1402 2390 1579 2420 Graecornm

862 2433 974 2472 saepius
995 2433 1024 2463 in
1041 2434 1097 2463 hac
1113 2434 1250 2463 oratione
1265 2431 1342 2462 velit
1357 2432 1420 2462 illis
1438 2433 1579 2469 vocibus,

862 2477 927 2510 τοὺς
940 2475 1122 2518 ὑπάςχοντοις
1136 2475 1262 2518 ἐχθροὺς,
1275 2475 1502 2515 similibusque,
1518 2477 1579 2506 Lo-

862 2530 986 2550 crenses
1014 2519 1147 2556 scilicet,
1172 2520 1311 2550 Boeotios
1342 2524 1371 2549 et
1401 2518 1579 2555 Thebanos,

862 2563 974 2602 quibus
989 2562 1102 2593 deinde
1124 2568 1324 2593 accesserunt
1335 2562 1491 2598 Thessali,
1510 2563 1581 2593 Ma-

862 2606 996 2636 cedones
1019 2606 1143 2645 aliique.
1169 2607 1216 2636 Cf.
1238 2606 1334 2636 Diod.
1350 2606 1413 2636 Sic.
1437 2605 1530 2636 XVI.
1548 2616 1577 2636 c.

863 2651 916 2680 99.
928 2651 982 2680 35.
999 2659 1067 2689 sqq.
1083 2650 1347 2687 Quemadmodum
1361 2648 1442 2679 enim
1458 2648 1490 2678 hi
1506 2659 1579 2678 con-

863 2697 909 2722 tra
946 2693 1113 2732 sacrilegos
1149 2693 1264 2723 bellum
1295 2695 1506 2731 susceperant,
1535 2691 1578 2720 ita

864 2736 1074 2766 Phocensibus
1105 2737 1334 2776 opitulabantur
1359 2734 1577 2771 Athenienses,

863 2779 1100 2815 Lacedaemonii,
1112 2785 1182 2810 eaet.

907 2822 956 2852 De
981 2823 1211 2863 opportunitate
1237 2826 1349 2856 autem,
1388 2830 1447 2858 qua
1472 2818 1578 2849 habita

864 2865 957 2896 suerit
972 2866 1038 2896 haec
1059 2867 1178 2901 Oratio,
1201 2874 1309 2905 parum
1332 2863 1420 2892 nobis
1444 2867 1576 2893 constat.

864 2908 1013 2939 Universe
1036 2914 1140 2939 monet
1151 2907 1270 2939 Libanii
1289 2910 1512 2945 argumentum,
1527 2905 1576 2935 di-

864 2957 942 2982 ctam
955 2963 1020 2982 eam
1037 2952 1132 2982 fuisse
1149 2952 1246 2992 φημης
1266 2948 1338 2979 ποτὲ
1361 2947 1514 2988 γενομένης,
1530 2946 1576 2978 τὸν

862 2997 974 3035 Πεςσιῖιν
1003 2993 1133 3030 βασιλέα,
1171 2990 1447 3034 παρασκευάζεσθαι
1485 3002 1578 3032 στςοι-

863 3041 884 3069 3
903 3049 920 3069 L
