1931 3322
410 197 494 240 AD
527 194 891 240 ORATIONEM
926 194 989 236 IN
1023 192 1364 236 POLYCLEM.

163 304 258 345 λίστᾳ
271 304 319 335 καὶ
328 304 577 345 διαπρεπεστέτῳ,
588 304 656 334 scil.
667 302 869 333 κατεσκεύασα

165 350 216 379 τὴν
229 349 299 379 mcv.
315 354 344 378 et
358 354 464 377 ornatu
479 357 579 377 navem
594 348 721 377 instruxi
734 346 869 386 pulcher-

164 393 238 421 rimo
248 396 334 431 atque
346 391 550 420 decentissimo.

210 450 254 456 —-
268 436 320 463 20.
333 432 496 473 ὑπηξεο-ίαν]
513 434 590 463 Sunt
605 432 710 471 coqui,
724 431 869 471 pistores,

165 476 255 512 fabri,
273 475 380 506 famuli
401 477 646 510 trierarchorum,
669 475 781 514 aliique
803 474 871 513 opi-

165 519 248 556 fices,
264 519 336 548 navi
353 520 517 549 necessarii
540 520 573 549 in
593 518 667 548 mari
683 517 795 556 agenti,
818 516 871 557 qui

167 562 196 591 ei
211 562 385 591 necessaria
395 562 605 601 suppeditent.
620 566 653 591 ut
665 559 807 593 ἐπιβάται
823 563 872 601 (v,

167 614 200 644 p.
226 607 320 635 1209.
348 604 418 645 11.)
446 611 517 634 suut
539 605 644 634 milites
666 604 818 634 classiarii.
838 604 871 633 in

168 647 297 677 navibus
308 647 498 677 mereator-iis
506 654 575 677 sunt
586 646 738 681 ἐπιβάται,
749 651 873 685 agentes

167 691 198 720 in
221 692 323 726 rebus,
344 691 544 720 commissarii
560 695 773 720 mercatorum.
793 701 823 719 v.
839 700 871 729 p.

169 735 265 764 1286.
281 735 312 764 6.

170 793 174 795 >
212 778 306 807 1209.
324 778 353 806 2.
367 775 441 817 οὐδὲ]
454 776 555 806 malim
567 776 641 806 οὔτε.
653 781 684 806 et
694 775 738 805 sic
753 775 822 805 dedi
834 776 873 805 de

166 829 249 855 meo,
275 819 347 857 quia
373 819 405 849 id
431 821 494 858 jam
520 819 691 858 praeeessit.
719 824 770 848 aut
800 819 874 848 alias

172 861 262 892 etiam
277 862 340 892 οὔτε
361 872 392 891 v.
409 866 438 892 1.
455 873 523 892 oum
541 861 601 892 οὐδὲ
617 863 675 892 erit
689 863 875 892 mutandum.

211 922 255 928 --
267 905 345 935 ibid.
357 905 416 940 τοῖς
430 904 601 947 ἐπιβάταις]
618 906 700 936 Citat
715 906 744 935 h.
759 906 780 935 l.
795 905 875 935 Har-

169 958 255 988 μοστ.
271 959 302 978 v.
318 946 458 982 ἐπίβατης
473 954 504 978 et
517 948 680 989 ‹reneka-nov.

212 1009 255 1014 —-
272 993 322 1022 25.
341 991 475 1032 μεταξὺ]
496 998 615 1022 tenente
636 993 736 1022 adhuc
754 991 876 1021 trierar-

171 1035 271 1069 ebatu,
293 1045 330 1064 eo
353 1035 485 1064 nondum
511 1035 605 1072 finito,
628 1041 657 1064 et
680 1035 877 1074 expeditione

170 1078 302 1107 classica
316 1077 414 1106 adhuc
430 1078 569 1108 durante.

214 1123 310 1150 1210.
326 1122 358 1151 3.
379 1119 455 1149 ὀκτὼ
469 1121 575 1162 μηνῶν]
593 1120 722 1150 subaudi
738 1119 817 1150 ἔνδον.
831 1114 877 1149 in-

171 1168 220 1193 tra
234 1173 369 1192 mensem
384 1169 540 1199 octavum,
553 1167 752 1203 posteaquam
767 1163 879 1193 classis

171 1216 189 1236 e
206 1206 325 1236 Piraeeo
341 1206 495 1235 solvisset.

215 1267 258 1275 -—
279 1251 332 1280 20.
353 1245 389 1278 ὅν
413 1248 612 1289 προσετάξατε
631 1247 701 1278 κατ’
718 1247 788 1291 ἐμὲ]
810 1259 877 1279 cor-

171 1291 239 1322 rexi
251 1289 287 1321 ᾰῖν
298 1290 457 1332 venri-tage
469 1291 502 1321 τὸ
515 1291 583 1321 κατ’
598 1291 663 1331 ἐμὲ.
681 1303 743 1332 quae
753 1293 880 1332 populus

172 1334 246 1365 mihi
257 1345 311 1374 pro
325 1345 388 1365 mea
401 1336 482 1365 virili
494 1341 581 1374 parte
595 1337 773 1375 injunxerat.

216 1395 260 1400 —
274 1380 327 1408 26.
342 1377 476 1418 ἤλθομεν]
492 1389 549 1417 ego
564 1389 630 1408 cum
646 1379 780 1409 Menone
796 1379 880 1408 Stra-

175 1425 248 1460 tego
265 1422 404 1460 meisque
418 1422 566 1451 militibus
583 1426 614 1451 et
628 1422 738 1452 nautis.

217 1467 312 1495 1211.
328 1466 381 1495 13.
406 1463 554 1505 πλείστη]
574 1465 683 1494 melius
702 1465 882 1495 conveniret

175 1518 244 1537 meo
254 1508 374 1546 judicio
385 1506 495 1542 πλείων,
511 1508 583 1547 quia
593 1509 750 1547 praecessit
762 1508 880 1548 ἄμεινον.

175 1556 282 1591 quanto
295 1551 448 1580 melius—
456 1555 537 1581 tanto
548 1553 643 1590 mqjor
651 1570 693 1574 —
702 1551 734 1581 Si
751 1561 882 1590 praeces-

175 1594 262 1623 sissit
280 1593 442 1629 κάλλιστοι,
460 1599 543 1623 recte
563 1604 596 1623 se
611 1594 737 1624 haberet
757 1594 881 1624 πλείστη

174 1654 218 1659 -
231 1642 266 1666 ut
280 1636 476 1676 pulcherrime
498 1638 627 1666 omnium
649 1647 751 1667 navem
771 1638 882 1667 instru-

174 1689 272 1709 xeram
295 1690 396 1716 meam,
412 1681 455 1709 ita
478 1680 607 1710 omnium
627 1680 851 1720 murima-fiebat
865 1691 883 1709 a

175 1732 220 1752 me
234 1723 366 1754 desertio.

218 1782 263 1788 —-
274 1768 326 1797 25.
339 1764 384 1807 ἐφ’
397 1763 489 1806 Ἱεςδν]
502 1766 585 1796 Citat
600 1767 630 1796 h.
644 1767 668 1796 l.
686 1767 840 1806 Harpocr.
853 1777 884 1796 v.

176 1807 221 1848 ἐφ’
235 1808 320 1849 Ἱερόν.

222 1855 316 1884 1212.
332 1855 363 1882 1.
378 1851 426 1882 ἐπὶ
442 1850 535 1893 τόκον]
554 1852 654 1882 malim
670 1851 778 1890 ἐγγείου
792 1852 885 1887 τόκου,

179 1899 231 1925 aut
246 1894 355 1933 ἐγγείων
368 1894 465 1930 τόκων,
486 1905 540 1924 seu
557 1896 729 1925 drachmam
748 1897 788 1925 de
804 1896 886 1926 mina

178 1938 210 1968 in
223 1948 368 1968 mensem.

221 1999 265 2004 —-—
278 1981 354 2011 ibid.
368 1979 396 2015 ὃς
411 1979 512 2021 ἔτυχεν
526 1980 560 2010 ὢν
576 1979 601 2009 ἔν
619 1982 721 2020 Σηστῷ
743 1980 885 2021 ἐπόγδοον]

179 2029 310 2055 retracta
321 2024 351 2054 in
363 2034 481 2054 versum
497 2024 686 2062 superiorem
702 2025 793 2064 posui
809 2034 887 2063 pone

179 2078 212 2097 v.
235 2066 283 2097 ἐπὶ
301 2066 388 2097 τόκον.
403 2066 485 2096 redit
501 2067 580 2096 enim
601 2065 628 2101 ’ὃς
644 2077 702 2097 non
721 2067 758 2096 ad
780 2067 887 2106 Nicip-

180 2121 264 2151 pum,
286 2111 341 2140 sed
363 2110 401 2140 ad
419 2120 450 2139 v.
475 2109 565 2143 τόκος.
610 2111 758 2140 Solebant
779 2109 888 2146 Naxii,

180 2163 239 2184 non
260 2153 384 2194 ἔφεκτον,
407 2157 441 2182 ut
462 2152 602 2188 Athenis,
623 2154 678 2183 sed
701 2153 796 2183 multo
821 2163 888 2193 gra-

181 2196 259 2227 viori
279 2198 406 2231 foenore,
421 2193 558 2233 ἐπόγδοον,
572 2197 720 2235 pecunias
740 2197 888 2227 foenebres

181 2240 314 2270 elocare.
886 2265 889 2268 ⁴

224 2301 268 2306 —
283 2285 313 2313 2.
327 2280 374 2312 ἐπ’
387 2281 489 2324 ὄγδοον]
507 2293 612 2313 rursus
627 2283 657 2312 in
674 2292 764 2312 unum
780 2284 888 2313 vocab.

183 2324 310 2364 ἐπόγδοον
330 2326 480 2356 contraxi.
504 2326 581 2356 vitat
603 2327 631 2356 h.
648 2326 669 2356 l.
690 2326 842 2365 Harpoor.
859 2337 890 2355 v.

185 2367 321 2407 ἐπόγδοον.
342 2372 392 2398 est
405 2374 505 2398 autem
520 2369 595 2399 illud
611 2370 723 2404 soenuS,
739 2380 830 2408 quum
851 2369 891 2399 de

185 2412 266 2442 mina
278 2421 396 2451 quaque
411 2410 443 2440 in
457 2422 592 2442 mensem
609 2411 712 2442 octoni
728 2413 822 2449 oboli,
836 2423 890 2443 seu

185 2455 341 2490 drachma,
357 2464 425 2483 cum
447 2465 508 2484 una
524 2455 616 2486 tertia
636 2456 789 2486 drachmae
805 2462 892 2495 parte

187 2497 308 2528 dantur.
323 2508 355 2527 v.
369 2507 401 2536 p.
415 2498 511 2528 1250.
528 2500 581 2528 20.

229 2559 271 2564 —
285 2543 317 2571 4.
333 2539 428 2580 αὐτῷ]
444 2541 567 2571 correxi
582 2540 663 2571 αὐτό.
677 2542 772 2580 ipsum
786 2551 892 2583 argen-

188 2589 254 2614 tum
267 2581 468 2624 cumfoenore.

230 2629 314 2657 -8.
342 2624 440 2665 αὐτὸν]
469 2625 572 2655 malim
601 2627 711 2663 αὐτοῦ,
742 2627 812 2663 ibi,a
821 2627 893 2667 pud

187 2671 314 2710 Lamps.
329 2680 359 2699 v.
375 2679 408 2708 p.
423 2672 519 2699 1‘214.
534 2670 586 2700 25.

231 2730 275 2736 -
288 2715 341 2743 11.
365 2711 474 2753 ἐπειδὴ]
499 2717 643 2751 quantum
667 2712 827 2748 habebam,
844 2714 896 2744 da-

188 2756 273 2792 bam,
287 2755 342 2786 sed
358 2765 461 2794 parum
478 2755 509 2784 id
525 2761 600 2791 erat,
615 2756 686 2794 quia
701 2762 820 2795 tempus
837 2756 896 2786 mei

189 2799 405 2830 trierarehatus
419 2797 543 2835 exibat;
568 2804 599 2828 ut
622 2798 760 2838 copiolas
774 2809 895 2838 quoque

190 2851 276 2882 ¹meas
304 2851 429 2872 neeesse
458 2847 540 2871 esset
569 2842 673 2872 minui.
701 2849 753 2872 ant
782 2843 896 2880 potius,

192 2884 275 2922 quod
294 2894 359 2914 mos
377 2888 460 2914 esset
478 2885 700 2915 decedentibus
717 2885 756 2915 de
773 2886 896 2915 trierar-

194 2927 285 2958 chum
300 2926 365 2957 suis
386 2927 551 2958 classiariis
566 2928 753 2967 congiarium
772 2928 896 2968 aliquod

192 2970 280 3004 dare,
294 2974 327 3000 ut
341 2980 358 3000 e
374 2981 402 3009 p.
421 2972 513 3001 1214.
529 2981 599 3010 pen.
614 2971 779 3010 colligitur.

237 3029 280 3035 —
295 3011 349 3043 ult.
365 3015 556 3056 Μαρωνειτῶν]
579 3014 716 3045 meminit
731 3015 820 3054 hujus
837 3014 896 3044 loci

1527 185 1609 228 261

905 301 1062 339 Harpocr'.
1076 310 1105 329 v.
1120 301 1272 339 Μαρώνεια.
1285 300 1390 334 miror,
1400 297 1451 339 qni
1460 295 1618 337 potuerint

905 343 1077 377 Maronitas,
1091 342 1205 371 inimici
1222 343 1467 377 Atheniensium,
1483 351 1500 370 a
1511 340 1614 370 Timo-

903 387 1010 418 macho
1028 391 1140 416 tantum
1153 385 1331 414 beneficium
1348 390 1465 423 petere.

949 431 1043 460 1213.
1066 433 1096 461 6.
1118 426 1216 469 αὐτὸς]
1244 427 1278 457 id
1302 432 1360 464 est,
1384 426 1451 466 ὑπὲρ
1477 425 1617 461 ἐμαυτοῦ.

904 483 964 503 meo
973 474 1064 511 ipsius
1078 473 1202 501 nomine.

947 533 991 538 -—-
1018 518 1070 546 12.
1093 511 1272 554 ἀφικόμενος]
1301 512 1422 542 videtur
1444 511 1619 541 delendum.

906 558 983 588 dicit
1002 559 1081 587 enirn
1108 558 1189 587 idem
1210 562 1301 595 atque
1320 554 1511 593 praemissum
1535 557 1618 592 μετὰ

905 604 955 633 τὴν
970 600 1076 640 ἄφιξιν.
1092 600 1162 630 ideo
1179 600 1266 629 uncis
1281 598 1403 629 inclusi.

947 661 990 667 —-
1007 647 1059 675 14.
1077 643 1222 685 Στρύμην]
1243 642 1326 672 Citat
1341 642 1370 671 h.
1386 641 1407 671 l.
1430 641 1617 679 Harpocrat.

907 699 938 718 v.
955 687 1081 728 Στρύμη.

950 749 994 754 —-
1010 732 1060 761 15.
1076 728 1174 771 αὐτὸς]
1188 739 1257 759 num
1268 729 1375 763 αὐτοῖς,
1384 737 1438 766 pro
1452 726 1524 761 illis,
1537 725 1619 755 'rha-

909 774 964 804 siis
989 780 1076 814 puta,
1104 783 1208 803 eorum
1235 772 1354 802 nomine
1381 775 1412 800 et
1437 778 1539 799 eausa.
1568 773 1622 798 aut
1672 767 1677 773 ”

909 828 977 848 cum
990 818 1060 853 iltis,
1075 827 1130 856 per
1144 816 1226 851 illos,
1240 816 1387 854 peltastas
1402 819 1484 854 puta.

951 879 996 885 --
1012 863 1063 891 16.
1075 860 1140 893 ταῖς
1150 859 1259 899 ναυσὶν]
1276 858 1357 888 idem
1374 861 1421 887 est
1435 861 1526 896 atque
1538 854 1622 894 quod

910 904 1081 934 Bavaricus
1105 904 1157 932 dat
1171 902 1197 933 ἐν
1219 903 1288 935 ταῖς
1303 900 1409 936 ναυσὶν,
1434 900 1516 939 quod
1533 898 1620 927 vide-

911 953 962 977 tur
987 957 1003 976 e
1031 946 1148 976 scholio
1171 956 1246 975 esse.
1270 944 1401 979 navibus,
1426 943 1459 973 id
1483 946 1542 977 est,
1565 951 1622 981 per

912 1001 1015 1026 naves,
1031 990 1127 1020 classe
1143 988 1252 1018 navali.

955 1051 997 1056 —
1013 1035 1066 1063 26.
1083 1032 1144 1062 ἐπεὶ
1161 1032 1204 1073 δὲ]
1229 1040 1410 1071 quamquam
1428 1040 1477 1059 me
1495 1038 1554 1058 non
1571 1028 1621 1057 su-

913 1076 969 1117 git,
993 1074 1055 1106 ἐπεῖ
1084 1076 1234 1105 interdum
1260 1084 1316 1112 pro
1339 1073 1443 1104 ἔπειτα
1469 1070 1625 1110 usurpari,

913 1119 1075 1149 subscribo
1101 1123 1199 1148 tamen
1224 1117 1276 1147 hio
1302 1117 1422 1147 Wolfio
1450 1114 1624 1145 emendanti

913 1161 957 1193 ἔτι
971 1161 1010 1192 δέ.

959 1223 1003 1227 -
1019 1207 1071 1235 27.
1090 1205 1144 1245 ὥρᾳ
1158 1203 1251 1244 ἔτους]
1275 1213 1334 1233 non
1355 1202 1416 1238 hic,
1432 1202 1513 1241 quod
1535 1201 1623 1237 alias,

914 1249 1066 1288 significat
1084 1253 1194 1283 aeslate,
1216 1247 1270 1277 sed
1294 1256 1370 1276 anuo
1386 1248 1447 1284 jam
1474 1251 1623 1284 provecto

914 1298 945 1322 et
981 1296 1125 1332 vergente
1155 1292 1194 1320 ad
1223 1289 1357 1324 exitum,
1387 1293 1531 1319 autumno
1559 1290 1623 1327 jam

914 1335 1028 1366 aduno.

957 1381 1053 1409 1214.
1076 1380 1106 1409 6.
1131 1378 1195 1408 οὔτε
1219 1378 1269 1407 τῆν
1290 1374 1336 1415 ἐφ’
1359 1374 1478 1415 ἦμέξαν]
1502 1375 1624 1404 correxi

915 1421 973 1451 οῦδὲ
989 1420 1023 1450 τὸ
1045 1420 1092 1461 ἐφ’
1109 1420 1224 1461 ἡμέραν.
1237 1422 1397 1458 imperatur
1415 1420 1492 1448 enim
1508 1419 1575 1457 ipsis
1589 1428 1626 1447 ηε

914 1465 1013 1494 diaria
1037 1464 1151 1505 quidem
1175 1463 1274 1493 dabat.
1296 1464 1381 1502 τςοφῆ
1403 1460 1436 1491 τό
1459 1460 1504 1500 ἐφ’
1521 1460 1626 1500 ἦμὲςαν

916 1512 962 1537 est
976 1507 1055 1537 cibus
1074 1508 1105 1537 in
1125 1508 1210 1537 diem.
1228 1505 1261 1536 τὸ
1281 1504 1326 1545 ἐφ’
1344 1503 1447 1544 {guiga-1
1465 1504 1627 1534 adverbia-

915 1551 987 1580 liter
1002 1551 1135 1589 ponitur.
1624 1557 1627 1562 ¹

957 1611 1000 1617 -—
1013 1596 1065 1623 18.
1078 1592 1104 1622 ἐν
1119 1592 1161 1631 τῷ
1177 1591 1342 1631 Δείγμιιτι]
1360 1591 1444 1621 Citat
1459 1590 1488 1620 h.
1505 1590 1527 1620 l.
1544 1591 1625 1620 Har-

916 1647 1003 1677 pocr.
1021 1646 1049 1666 v.
1067 1637 1197 1675 Δεῖγμα.

961 1682 1055 1711 1915.
1070 1683 1099 1708 1.
1116 1677 1433 1718 πεντηκονταξχοῦντος]
1448 1676 1541 1706 Citat.
1556 1676 1588 1707 h.
1603 1677 1626 1706 l.

918 1723 1075 1762 Harpoer.
1092 1733 1122 1752 V.
1134 1721 1382 1761 πεντηκόνταρχος.

960 1784 1003 1788 -
1020 1769 1071 1796 10.
1090 1765 1156 1806 οἶςτι
1169 1763 1288 1804 (aliq—J
1306 1762 1467 1793 Sententia
1482 1768 1547 1793 est:
1573 1773 1629 1793 vo-

918 1809 975 1839 luit
987 1809 1199 1848 Apollodorus
1214 1813 1247 1838 et
1261 1807 1417 1836 contendit
1428 1807 1508 1836 omni
1523 1806 1628 1837 studio

915 1852 968 1893 jus
985 1852 1098 1882 Atticae
1115 1851 1251 1881 civitatis
1266 1850 1406 1889 adipisci.
1424 1851 1555 1888 adeptus
1571 1855 1629 1880 est.

920 1896 1023 1925 habet.
1032 1897 1095 1933 jem
1105 1893 1260 1933 intelligit,
1272 1894 1392 1932 quantis
1408 1903 1476 1922 cum
1490 1893 1589 1922 taediis
1599 1899 1629 1923 et

920 1938 1071 1968 molestiis
1089 1939 1285 1976 conjunctum
1302 1936 1343 1965 sit
1361 1936 1420 1965 hoc
1440 1940 1554 1965 tantum
1574 1937 1628 1966 bo-

921 1991 1001 2010 num.
1014 1981 1176 2010 mansisset
1186 1979 1365 2018 inquilinuS,
1374 1979 1452 2008 liber
1464 1988 1481 2008 a
1491 1984 1535 2008 tot
1545 1989 1628 2008 acer-

921 2024 1068 2054 bitatibus
1084 2029 1114 2053 et
1130 2023 1261 2062 jacturis
1283 2027 1372 2061 atque
1392 2021 1510 2051 damnis
1526 2022 1570 2052 rei
1586 2023 1630 2052 sa-

921 2067 1056 2097 minaris.
1074 2067 1130 2096 hoc
1143 2066 1211 2106 ipse
1229 2064 1287 2095 sibi
1300 2066 1504 2104 suojumento
1518 2066 1630 2095 malum

922 2110 1095 2140 arcessivit.

964 2171 1005 2176 --
1021 2155 1072 2184 20.
1090 2151 1135 2183 ἵνα
1149 2151 1208 2192 μὴ]
1224 2150 1346 2181 correxi
1357 2149 1399 2180 ἵνα.
1408 2163 1468 2189 μοι.
1480 2156 1548 2182 ante
1564 2162 1632 2191 quae

923 2197 1018 2226 verba
1038 2196 1280 2226 subaudiendum
1301 2199 1348 2224 est
1364 2194 1383 2223 ἃ
1398 2194 1501 2232 ἔλεγον,
1518 2195 1567 2226 vel
1582 2195 1632 2224 καὶ

921 2241 1019 2270 ταῦτα.
1034 2239 1136 2277 ἔλεγον.

967 2285 1060 2313 1216.
1085 2284 1136 2313 17.
1162 2280 1219 2316 δ’,τι
1246 2280 1406 2322 ποιούντων]
1430 2280 1502 2320 quid
1529 2291 1633 2311 eorum

923 2326 1063 2365 quisque,
1075 2336 1150 2365 quos
1166 2335 1225 2354 aere
1240 2334 1308 2353 meo
1322 2325 1547 2358 conduxissem,
1562 2335 1634 2363 age-

923 2374 982 2404 ret,
996 2375 1119 2399 essetne
1139 2378 1244 2398 remex
1262 2372 1294 2396 et
1316 2372 1418 2402 nauta,
1440 2377 1476 2397 an
1496 2369 1548 2400 τῆς
1563 2368 1634 2398 ὑπη-

923 2410 1029 2453 ςεσίας,
1044 2423 1081 2442 an
1102 2411 1235 2450 denique
1250 2410 1337 2440 miles
1357 2410 1546 2447 classiarius,
1562 2408 1633 2440 ἔπι-

924 2454 1025 2489 Είιτης.

969 2517 1011 2522 —
1030 2499 1107 2528 ibid.
1123 2497 1170 2526 καὶ
1192 2498 1206 2527 ἦ
1227 2497 1314 2535 τιμὴ,
1332 2495 1381 2525 καὶ
1402 2494 1504 2526 ὁπόσου
1525 2508 1575 2530 τις
1588 2494 1634 2538 ἦν]

927 2542 1038 2572 sustuli
1062 2550 1179 2571 comma
1202 2544 1233 2571 et
1253 2540 1315 2569 duo
1335 2540 1395 2569 ista
1419 2540 1567 2570 vocabula
1587 2541 1636 2569 καὶ

928 2584 1040 2615 ὁπόσου.
1057 2585 1179 2614 videtur
1193 2583 1224 2613 in
1239 2582 1308 2613 aliis
1321 2582 1406 2612 libris
1421 2582 1517 2612 fuisse
1530 2594 1536 2613 :
1556 2583 1605 2613 καὶ
1621 2584 1636 2614 ἦ

929 2630 1002 2667 τιμῆ
1017 2627 1061 2661 τίς
1071 2625 1110 2658 ἦν.
1131 2628 1234 2667 quanti
1249 2628 1368 2667 quisque
1380 2626 1543 2656 conductus
1555 2632 1633 2661 esset,

930 2671 1052 2701 utdedi.
1068 2671 1098 2700 in
1109 2670 1195 2700 aliis:
1211 2670 1260 2700 καὶ
1273 2670 1288 2699 ἦ
1303 2671 1376 2707 τιμῆ
1392 2667 1420 2698 δὲ
1437 2668 1539 2699 ὁπόσου
1551 2668 1636 2709 [scil.

929 2712 1068 2755 ἀργυξίου]
1086 2725 1131 2747 τις
1149 2710 1188 2743 ἓν.
1209 2713 1239 2742 in
1262 2712 1315 2742 illa
1332 2711 1465 2742 lectione
1486 2724 1532 2745 τις
1547 2713 1636 2742 habet

929 2763 1140 2792 accentum,et
1156 2756 1458 2795 significatquoenam.
1476 2755 1504 2784 in
1518 2756 1573 2784 liae
1588 2759 1637 2783 est

929 2800 1102 2830 encliticum
1116 2806 1147 2829 et
1164 2799 1315 2837 significat
1327 2799 1438 2838 aliqua.

972 2860 1014 2865 —
1031 2846 1082 2874 18.
1108 2842 1248 2883 ποδαπὸν]
1274 2842 1346 2871 dedi
1368 2838 1516 2870 ὄποδαπόν.
1545 2849 1635 2868 voea-

929 2886 1034 2916 bulum
1059 2887 1162 2916 neseio
1183 2895 1218 2915 an
1244 2894 1402 2923 nusquam,
1421 2889 1533 2921 praeter
1556 2882 1636 2911 bunc

930 2930 1043 2966 locum,
1055 2929 1086 2959 in
1099 2929 1186 2959 libris
1197 2928 1288 2958 editis
1299 2935 1474 2961 occurrens,
1488 2925 1543 2955 sed
1552 2925 1635 2955 idem

930 2983 997 3003 eum
1015 2973 1138 3011 vulgato
1154 2972 1337 3009 significans.

974 3034 1014 3040 --
1031 3016 1105 3046 ibid.
1124 3014 1156 3044 ἐκ
1171 3014 1259 3044 πότου
1274 3014 1288 3043 it
1304 3011 1496 3052 καταλλαγὴ]
1516 3011 1635 3047 dubito,
