<?xml version="1.0" encoding="UTF-8"?>
<!DOCTYPE html PUBLIC "-//W3C//DTD XHTML 1.0 Transitional//EN"
    "http://www.w3.org/TR/xhtml1/DTD/xhtml1-transitional.dtd">
<html xmlns="http://www.w3.org/1999/xhtml" xml:lang="en" lang="en">
 <head>
  <title>
</title>
<meta http-equiv="Content-Type" content="text/html;charset=utf-8" />
  <meta name='ocr-system' content='tesseract 3.04.00' />
  <meta name='ocr-capabilities' content='ocr_page ocr_carea ocr_par ocr_line ocrx_word'/>
</head>
<body>
  <div class='ocr_page' id='page_1' title='image "./oratoresatticie09dobs/oratoresatticie09dobs_0272.png"; bbox 0 0 1931 3323; ppageno 0'>
   <div class='ocr_carea' id='block_1_1' title="bbox 286 185 1018 1191">
    <p class='ocr_par' dir='ltr' id='par_1_1' title="bbox 286 185 1008 847">
     <span class='ocr_line' id='line_1_1' title="bbox 294 185 1001 227; baseline -0.001 0"><span class='ocrx_word' id='word_1_1' title='bbox 294 188 378 227; x_wconf 78' lang='lat'><strong>260</strong></span> <span class='ocrx_word' id='word_1_2' title='bbox 667 185 701 227; x_wconf 84' lang='lat' dir='ltr'><strong>l.</strong></span> <span class='ocrx_word' id='word_1_3' title='bbox 723 185 758 227; x_wconf 88' lang='grc' dir='ltr'><strong>Ι.</strong></span> <span class='ocrx_word' id='word_1_4' title='bbox 779 185 1001 227; x_wconf 78' lang='lat' dir='ltr'>REISKE</span> 
     </span>
     <span class='ocr_line' id='line_1_2' title="bbox 295 293 997 333; baseline 0.001 -11"><span class='ocrx_word' id='word_1_5' title='bbox 295 303 392 333; x_wconf 77' lang='lat' dir='ltr'><strong>quere,</strong></span> <span class='ocrx_word' id='word_1_6' title='bbox 413 297 441 322; x_wconf 73' lang='lat' dir='ltr'><strong>et</strong></span> <span class='ocrx_word' id='word_1_7' title='bbox 458 302 512 323; x_wconf 82' lang='lat' dir='ltr'><strong>cur</strong></span> <span class='ocrx_word' id='word_1_8' title='bbox 529 302 586 322; x_wconf 79' lang='lat' dir='ltr'><strong>non</strong></span> <span class='ocrx_word' id='word_1_9' title='bbox 606 294 701 331; x_wconf 77' lang='lat' dir='ltr'><strong>potius</strong></span> <span class='ocrx_word' id='word_1_10' title='bbox 715 293 845 324; x_wconf 77' lang='lat' dir='ltr'><strong>voluisset</strong></span> <span class='ocrx_word' id='word_1_11' title='bbox 861 304 896 324; x_wconf 69' lang='grc' dir='ltr'><strong>σεε</strong></span> <span class='ocrx_word' id='word_1_12' title='bbox 919 293 997 323; x_wconf 75' lang='lat' dir='ltr'><strong>ciebi-</strong></span> 
     </span>
     <span class='ocr_line' id='line_1_3' title="bbox 297 335 1000 376; baseline 0.001 -12"><span class='ocrx_word' id='word_1_13' title='bbox 297 343 359 366; x_wconf 79' lang='lat' dir='ltr'><strong>tum</strong></span> <span class='ocrx_word' id='word_1_14' title='bbox 389 345 422 364; x_wconf 74' lang='lat' dir='ltr'><strong>ez·</strong></span> <span class='ocrx_word' id='word_1_15' title='bbox 459 335 627 366; x_wconf 78' lang='lat' dir='ltr'><strong>Antimachi</strong></span> <span class='ocrx_word' id='word_1_16' title='bbox 655 337 815 367; x_wconf 81' lang='lat' dir='ltr'><strong>substantia</strong></span> <span class='ocrx_word' id='word_1_17' title='bbox 847 335 1000 376; x_wconf 80' lang='lat' dir='ltr'><strong>confiscata</strong></span> 
     </span>
     <span class='ocr_line' id='line_1_4' title="bbox 286 378 1000 419; baseline 0 -12"><span class='ocrx_word' id='word_1_18' title='bbox 286 378 394 419; x_wconf 67' lang='lat' dir='ltr'><strong>serre?</strong></span> <span class='ocrx_word' id='word_1_19' title='bbox 418 378 505 408; x_wconf 81' lang='lat' dir='ltr'>Facit</span> <span class='ocrx_word' id='word_1_20' title='bbox 514 379 590 408; x_wconf 80' lang='lat' dir='ltr'><strong>hanc</strong></span> <span class='ocrx_word' id='word_1_21' title='bbox 598 379 802 419; x_wconf 81' lang='lat' dir='ltr'>suspicionem</span> <span class='ocrx_word' id='word_1_22' title='bbox 813 379 1000 419; x_wconf 80' lang='lat' dir='ltr'>probabilem</span> 
     </span>
     <span class='ocr_line' id='line_1_5' title="bbox 296 421 1003 461; baseline 0.001 -11"><span class='ocrx_word' id='word_1_23' title='bbox 296 422 383 451; x_wconf 89' lang='lat' dir='ltr'><strong>locus</strong></span> <span class='ocrx_word' id='word_1_24' title='bbox 399 421 506 451; x_wconf 82' lang='lat' dir='ltr'><strong>similis</strong></span> <span class='ocrx_word' id='word_1_25' title='bbox 521 432 551 461; x_wconf 89' lang='lat' dir='ltr'><strong>p.</strong></span> <span class='ocrx_word' id='word_1_26' title='bbox 569 425 661 452; x_wconf 80' lang='grc'><strong>1900.</strong></span> <span class='ocrx_word' id='word_1_27' title='bbox 674 426 727 454; x_wconf 82' lang='grc'><strong>19.</strong></span> <span class='ocrx_word' id='word_1_28' title='bbox 742 423 793 453; x_wconf 89' lang='lat' dir='ltr'><strong>ubi</strong></span> <span class='ocrx_word' id='word_1_29' title='bbox 808 424 879 453; x_wconf 88' lang='lat' dir='ltr'><strong>item</strong></span> <span class='ocrx_word' id='word_1_30' title='bbox 889 424 1003 461; x_wconf 69' lang='grc' dir='ltr'>μᾶλλον</span> 
     </span>
     <span class='ocr_line' id='line_1_6' title="bbox 299 463 1003 505; baseline 0.001 -12"><span class='ocrx_word' id='word_1_31' title='bbox 299 463 314 494; x_wconf 76' lang='grc' dir='ltr'>ἢ</span> <span class='ocrx_word' id='word_1_32' title='bbox 330 465 358 494; x_wconf 79' lang='grc' dir='ltr'>οὗ</span> <span class='ocrx_word' id='word_1_33' title='bbox 373 464 560 494; x_wconf 84' lang='lat' dir='ltr'><strong>reddendum</strong></span> <span class='ocrx_word' id='word_1_34' title='bbox 578 471 635 501; x_wconf 83' lang='lat' dir='ltr'><strong>est,</strong></span> <span class='ocrx_word' id='word_1_35' title='bbox 649 472 676 496; x_wconf 84' lang='lat' dir='ltr'><strong>et</strong></span> <span class='ocrx_word' id='word_1_36' title='bbox 692 477 748 496; x_wconf 73' lang='lat' dir='ltr'><strong>non</strong></span> <span class='ocrx_word' id='word_1_37' title='bbox 763 467 858 505; x_wconf 76' lang='lat' dir='ltr'><strong>potius</strong></span> <span class='ocrx_word' id='word_1_38' title='bbox 873 476 909 495; x_wconf 80' lang='lat' dir='ltr'><strong>aes</strong></span> <span class='ocrx_word' id='word_1_39' title='bbox 924 465 1003 494; x_wconf 66' lang='lat' dir='ltr'><strong>illud</strong></span> 
     </span>
     <span class='ocr_line' id='line_1_7' title="bbox 299 507 1003 548; baseline 0.001 -12"><span class='ocrx_word' id='word_1_40' title='bbox 299 508 490 548; x_wconf 79' lang='lat' dir='ltr'><em>oppignerare</em></span> <span class='ocrx_word' id='word_1_41' title='bbox 514 507 659 547; x_wconf 78' lang='lat' dir='ltr'>Philippo.</span> <span class='ocrx_word' id='word_1_42' title='bbox 703 510 794 539; x_wconf 83' lang='lat' dir='ltr'><strong>Unde</strong></span> <span class='ocrx_word' id='word_1_43' title='bbox 816 509 930 548; x_wconf 82' lang='lat' dir='ltr'><strong>incipio</strong></span> <span class='ocrx_word' id='word_1_44' title='bbox 953 518 1003 537; x_wconf 84' lang='lat' dir='ltr'><strong>su-</strong></span> 
     </span>
     <span class='ocr_line' id='line_1_8' title="bbox 301 550 1003 590; baseline 0.001 -11"><span class='ocrx_word' id='word_1_45' title='bbox 301 550 414 589; x_wconf 83' lang='lat' dir='ltr'><strong>spicari</strong></span> <span class='ocrx_word' id='word_1_46' title='bbox 442 561 500 580; x_wconf 89' lang='lat' dir='ltr'><strong>non</strong></span> <span class='ocrx_word' id='word_1_47' title='bbox 525 553 723 590; x_wconf 83' lang='lat' dir='ltr'>spernendam</span> <span class='ocrx_word' id='word_1_48' title='bbox 751 563 819 582; x_wconf 85' lang='lat' dir='ltr'><strong>esse</strong></span> <span class='ocrx_word' id='word_1_49' title='bbox 843 551 1003 581; x_wconf 82' lang='lat' dir='ltr'><strong>lectionem</strong></span> 
     </span>
     <span class='ocr_line' id='line_1_9' title="bbox 300 593 1004 633; baseline 0 -11"><span class='ocrx_word' id='word_1_50' title='bbox 300 593 418 623; x_wconf 84' lang='lat' dir='ltr'><strong>codicis</strong></span> <span class='ocrx_word' id='word_1_51' title='bbox 437 594 581 623; x_wconf 80' lang='lat' dir='ltr'><strong>Bavarici</strong></span> <span class='ocrx_word' id='word_1_52' title='bbox 600 594 688 624; x_wconf 81' lang='lat' dir='ltr'><strong>initio</strong></span> <span class='ocrx_word' id='word_1_53' title='bbox 706 595 851 625; x_wconf 85' lang='lat' dir='ltr'><strong>orationis</strong></span> <span class='ocrx_word' id='word_1_54' title='bbox 872 596 959 633; x_wconf 87' lang='lat' dir='ltr'><strong>hujus</strong></span> <span class='ocrx_word' id='word_1_55' title='bbox 976 594 1004 623; x_wconf 90' lang='lat' dir='ltr'><strong>in</strong></span> 
     </span>
     <span class='ocr_line' id='line_1_10' title="bbox 300 637 1007 677; baseline 0.001 -12"><span class='ocrx_word' id='word_1_56' title='bbox 300 637 491 666; x_wconf 87' lang='lat' dir='ltr'>Timotheum</span> <span class='ocrx_word' id='word_1_57' title='bbox 505 647 536 676; x_wconf 86' lang='lat' dir='ltr'><strong>p.</strong></span> <span class='ocrx_word' id='word_1_58' title='bbox 552 639 646 669; x_wconf 83' lang='lat'>1185.</span> <span class='ocrx_word' id='word_1_59' title='bbox 658 641 710 668; x_wconf 82' lang='lat'><strong>17.</strong></span> <span class='ocrx_word' id='word_1_60' title='bbox 721 640 833 677; x_wconf 71' lang='grc' dir='ltr'>μᾶλλον</span> <span class='ocrx_word' id='word_1_61' title='bbox 848 637 902 668; x_wconf 82' lang='grc' dir='ltr'>ἢοῦ</span> <span class='ocrx_word' id='word_1_62' title='bbox 916 644 1007 675; x_wconf 89' lang='grc' dir='ltr'>Τιμο-</span> 
     </span>
     <span class='ocr_line' id='line_1_11' title="bbox 302 678 1008 721; baseline 0 -13"><span class='ocrx_word' id='word_1_63' title='bbox 302 678 360 718; x_wconf 70' lang='grc' dir='ltr'><strong>θέῳ</strong></span> <span class='ocrx_word' id='word_1_64' title='bbox 375 679 557 720; x_wconf 54' lang='grc' dir='ltr'>ὑπηρετῆσαι.</span> <span class='ocrx_word' id='word_1_65' title='bbox 573 683 701 720; x_wconf 80' lang='lat' dir='ltr'><strong>quamvis</strong></span> <span class='ocrx_word' id='word_1_66' title='bbox 715 691 835 721; x_wconf 82' lang='lat' dir='ltr'><strong>magnas</strong></span> <span class='ocrx_word' id='word_1_67' title='bbox 849 690 911 718; x_wconf 86' lang='lat' dir='ltr'><strong>opes</strong></span> <span class='ocrx_word' id='word_1_68' title='bbox 934 681 1008 709; x_wconf 78' lang='lat' dir='ltr'><strong>canti</strong></span> 
     </span>
     <span class='ocr_line' id='line_1_12' title="bbox 302 721 1009 763; baseline 0 -12"><span class='ocrx_word' id='word_1_69' title='bbox 302 732 363 751; x_wconf 78' lang='lat' dir='ltr'><strong>non</strong></span> <span class='ocrx_word' id='word_1_70' title='bbox 373 721 505 763; x_wconf 80' lang='lat' dir='ltr'><strong><em>fecisset,</em></strong></span> <span class='ocrx_word' id='word_1_71' title='bbox 519 729 554 753; x_wconf 82' lang='lat' dir='ltr'><strong>ut</strong></span> <span class='ocrx_word' id='word_1_72' title='bbox 573 734 632 752; x_wconf 83' lang='lat' dir='ltr'><strong>uon</strong></span> <span class='ocrx_word' id='word_1_73' title='bbox 652 725 747 763; x_wconf 80' lang='lat' dir='ltr'><strong>potius</strong></span> <span class='ocrx_word' id='word_1_74' title='bbox 765 724 898 755; x_wconf 64' lang='lat' dir='ltr'><strong>vomisset</strong></span> <span class='ocrx_word' id='word_1_75' title='bbox 914 722 1009 752; x_wconf 79' lang='lat' dir='ltr'><strong>Timo-</strong></span> 
     </span>
     <span class='ocr_line' id='line_1_13' title="bbox 305 764 1009 806; baseline 0 -12"><span class='ocrx_word' id='word_1_76' title='bbox 305 764 369 795; x_wconf 84' lang='lat' dir='ltr'><strong>theo</strong></span> <span class='ocrx_word' id='word_1_77' title='bbox 397 766 535 795; x_wconf 78' lang='lat' dir='ltr'><strong>inservire</strong></span> <span class='ocrx_word' id='word_1_78' title='bbox 564 772 650 806; x_wconf 74' lang='lat' dir='ltr'><strong>atque</strong></span> <span class='ocrx_word' id='word_1_79' title='bbox 682 765 851 806; x_wconf 68' lang='lat' dir='ltr'><strong>gratificari</strong></span> <span class='ocrx_word' id='word_1_80' title='bbox 880 766 1009 805; x_wconf 74' lang='lat' dir='ltr'><strong>roganti..</strong></span> 
     </span>
     <span class='ocr_line' id='line_1_14' title="bbox 304 807 604 847; baseline 0 -9"><span class='ocrx_word' id='word_1_81' title='bbox 304 807 377 838; x_wconf 82' lang='lat' dir='ltr'><strong>item</strong></span> <span class='ocrx_word' id='word_1_82' title='bbox 394 819 424 847; x_wconf 89' lang='lat' dir='ltr'><strong>p.</strong></span> <span class='ocrx_word' id='word_1_83' title='bbox 441 810 535 838; x_wconf 79' lang='grc'><strong>1996.</strong></span> <span class='ocrx_word' id='word_1_84' title='bbox 553 810 604 838; x_wconf 72' lang='grc'><strong>23.</strong></span> 
     </span>
    </p>

    <p class='ocr_par' dir='ltr' id='par_1_2' title="bbox 306 850 1012 976">
     <span class='ocr_line' id='line_1_15' title="bbox 348 850 1011 891; baseline -0.002 -11"><span class='ocrx_word' id='word_1_85' title='bbox 348 869 391 873; x_wconf 91' lang='grc'><strong>-</strong></span> <span class='ocrx_word' id='word_1_86' title='bbox 408 853 458 881; x_wconf 83' lang='grc'><strong>15.</strong></span> <span class='ocrx_word' id='word_1_87' title='bbox 471 850 716 891; x_wconf 74' lang='grc' dir='ltr'>ἐπισκηψάμενος]</span> <span class='ocrx_word' id='word_1_88' title='bbox 735 851 819 881; x_wconf 74' lang='lat' dir='ltr'><strong>Citat</strong></span> <span class='ocrx_word' id='word_1_89' title='bbox 832 851 863 880; x_wconf 85' lang='lat' dir='ltr'><strong>h.</strong></span> <span class='ocrx_word' id='word_1_90' title='bbox 879 851 901 880; x_wconf 92' lang='grc'><strong>1.</strong></span> <span class='ocrx_word' id='word_1_91' title='bbox 914 854 966 879; x_wconf 85' lang='lat' dir='ltr'><strong>ant</strong></span> <span class='ocrx_word' id='word_1_92' title='bbox 980 860 1011 880; x_wconf 84' lang='lat' dir='ltr'><strong>v.</strong></span> 
     </span>
     <span class='ocr_line' id='line_1_16' title="bbox 306 893 1012 933; baseline -0.001 -10"><span class='ocrx_word' id='word_1_93' title='bbox 306 895 338 924; x_wconf 88' lang='lat'><strong>5.</strong></span> <span class='ocrx_word' id='word_1_94' title='bbox 358 893 528 923; x_wconf 83' lang='lat' dir='ltr'><strong>similemve</strong></span> <span class='ocrx_word' id='word_1_95' title='bbox 545 905 583 924; x_wconf 80' lang='lat' dir='ltr'><strong>ex</strong></span> <span class='ocrx_word' id='word_1_96' title='bbox 600 895 655 924; x_wconf 83' lang='lat' dir='ltr'><strong>hac</strong></span> <span class='ocrx_word' id='word_1_97' title='bbox 670 894 784 924; x_wconf 88' lang='lat' dir='ltr'><strong>vicinia</strong></span> <span class='ocrx_word' id='word_1_98' title='bbox 805 894 959 933; x_wconf 83' lang='lat' dir='ltr'><strong>Harpocr.</strong></span> <span class='ocrx_word' id='word_1_99' title='bbox 982 903 1012 922; x_wconf 92' lang='lat' dir='ltr'><strong>v.</strong></span> 
     </span>
     <span class='ocr_line' id='line_1_17' title="bbox 307 935 529 976; baseline -0.005 -10"><span class='ocrx_word' id='word_1_100' title='bbox 307 935 529 976; x_wconf 73' lang='grc' dir='ltr'>ἔνεωίσκημμα.</span> 
     </span>
    </p>

    <p class='ocr_par' dir='ltr' id='par_1_3' title="bbox 309 978 1018 1191">
     <span class='ocr_line' id='line_1_18' title="bbox 352 978 1016 1020; baseline 0.006 -11"><span class='ocrx_word' id='word_1_101' title='bbox 352 981 447 1010; x_wconf 84' lang='grc'><strong>1199.</strong></span> <span class='ocrx_word' id='word_1_102' title='bbox 465 981 495 1009; x_wconf 88' lang='lat'><strong>6.</strong></span> <span class='ocrx_word' id='word_1_103' title='bbox 514 978 611 1020; x_wconf 75' lang='grc' dir='ltr'>αὐτόν]</span> <span class='ocrx_word' id='word_1_104' title='bbox 628 980 749 1010; x_wconf 84' lang='lat' dir='ltr'><strong>correxi</strong></span> <span class='ocrx_word' id='word_1_105' title='bbox 769 981 862 1011; x_wconf 79' lang='grc' dir='ltr'>αὐτῶν</span> <span class='ocrx_word' id='word_1_106' title='bbox 879 993 896 1012; x_wconf 88' lang='lat' dir='ltr'><strong>e</strong></span> <span class='ocrx_word' id='word_1_107' title='bbox 915 982 1016 1018; x_wconf 86' lang='lat' dir='ltr'><strong>libris,</strong></span> 
     </span>
     <span class='ocr_line' id='line_1_19' title="bbox 310 1023 1016 1060; baseline 0.006 -9"><span class='ocrx_word' id='word_1_108' title='bbox 310 1023 365 1052; x_wconf 84' lang='lat' dir='ltr'><strong>sed</strong></span> <span class='ocrx_word' id='word_1_109' title='bbox 382 1033 411 1052; x_wconf 85' lang='lat' dir='ltr'><strong>v.</strong></span> <span class='ocrx_word' id='word_1_110' title='bbox 432 1025 482 1052; x_wconf 84' lang='lat'><strong>16.</strong></span> <span class='ocrx_word' id='word_1_111' title='bbox 499 1023 537 1051; x_wconf 88' lang='lat' dir='ltr'><strong>de</strong></span> <span class='ocrx_word' id='word_1_112' title='bbox 548 1023 666 1060; x_wconf 84' lang='lat' dir='ltr'><strong>judicio</strong></span> <span class='ocrx_word' id='word_1_113' title='bbox 682 1034 761 1053; x_wconf 87' lang='lat' dir='ltr'><strong>meo.</strong></span> <span class='ocrx_word' id='word_1_114' title='bbox 776 1024 949 1055; x_wconf 62' lang='grc' dir='ltr'>ὑποθέσθαι</span> <span class='ocrx_word' id='word_1_115' title='bbox 966 1025 1016 1055; x_wconf 80' lang='grc' dir='ltr'><strong>αὒ-</strong></span> 
     </span>
     <span class='ocr_line' id='line_1_20' title="bbox 311 1064 1017 1118; baseline 0.008 -25"><span class='ocrx_word' id='word_1_116' title='bbox 311 1067 365 1094; x_wconf 78' lang='grc' dir='ltr'><strong>τῶν</strong></span> <span class='ocrx_word' id='word_1_117' title='bbox 382 1064 502 1106; x_wconf 75' lang='grc' dir='ltr'>χαλκὸν,</span> <span class='ocrx_word' id='word_1_118' title='bbox 517 1066 560 1095; x_wconf 85' lang='lat' dir='ltr'><strong>ibi</strong></span> <span class='ocrx_word' id='word_1_119' title='bbox 573 1072 630 1103; x_wconf 81' lang='lat' dir='ltr'><strong>est,</strong></span> <span class='ocrx_word' id='word_1_120' title='bbox 643 1073 759 1105; x_wconf 84' lang='lat' dir='ltr'><strong>patrem</strong></span> <span class='ocrx_word' id='word_1_121' title='bbox 773 1078 867 1098; x_wconf 86' lang='lat' dir='ltr'><strong>meum</strong></span> <span class='ocrx_word' id='word_1_122' title='bbox 882 1079 937 1099; x_wconf 84' lang='lat' dir='ltr'><strong>esse</strong></span> <span class='ocrx_word' id='word_1_123' title='bbox 949 1079 1017 1118; x_wconf 69' lang='lat' dir='ltr'><strong>pas·</strong></span> 
     </span>
     <span class='ocr_line' id='line_1_21' title="bbox 310 1108 1018 1151; baseline 0.007 -14"><span class='ocrx_word' id='word_1_124' title='bbox 310 1118 385 1142; x_wconf 80' lang='lat' dir='ltr'><strong>sum,</strong></span> <span class='ocrx_word' id='word_1_125' title='bbox 401 1114 438 1137; x_wconf 78' lang='lat' dir='ltr'><strong>ut</strong></span> <span class='ocrx_word' id='word_1_126' title='bbox 459 1118 511 1147; x_wconf 86' lang='lat' dir='ltr'><strong>pro</strong></span> <span class='ocrx_word' id='word_1_127' title='bbox 532 1108 593 1139; x_wconf 73' lang='lat' dir='ltr'><strong>illis</strong></span> <span class='ocrx_word' id='word_1_128' title='bbox 609 1110 687 1140; x_wconf 83' lang='lat' dir='ltr'><strong>mille</strong></span> <span class='ocrx_word' id='word_1_129' title='bbox 706 1109 851 1142; x_wconf 81' lang='lat' dir='ltr'><strong><em>drachmis</em></strong></span> <span class='ocrx_word' id='word_1_130' title='bbox 868 1112 923 1142; x_wconf 78' lang='lat' dir='ltr'><strong>sibi</strong></span> <span class='ocrx_word' id='word_1_131' title='bbox 939 1113 1018 1151; x_wconf 79' lang='lat' dir='ltr'><strong>oppi-</strong></span> 
     </span>
     <span class='ocr_line' id='line_1_22' title="bbox 309 1156 549 1191; baseline 0.013 -13"><span class='ocrx_word' id='word_1_132' title='bbox 309 1156 490 1191; x_wconf 49' lang='lat' dir='ltr'><strong>gne‘raretur</strong></span> <span class='ocrx_word' id='word_1_133' title='bbox 503 1161 549 1181; x_wconf 83' lang='lat' dir='ltr'>aes.</span> 
     </span>
    </p>
   </div>
   <div class='ocr_carea' id='block_1_2' title="bbox 311 1195 1023 1667">
    <p class='ocr_par' dir='ltr' id='par_1_4' title="bbox 311 1195 1018 1277">
     <span class='ocr_line' id='line_1_23' title="bbox 355 1195 1018 1237; baseline 0.003 -12"><span class='ocrx_word' id='word_1_134' title='bbox 355 1212 397 1217; x_wconf 91' lang='lat'><strong>—</strong></span> <span class='ocrx_word' id='word_1_135' title='bbox 414 1196 465 1225; x_wconf 65' lang='lat'><strong>24.</strong></span> <span class='ocrx_word' id='word_1_136' title='bbox 487 1195 737 1237; x_wconf 81' lang='grc' dir='ltr'>ἀποστησάμενον]</span> <span class='ocrx_word' id='word_1_137' title='bbox 755 1196 880 1227; x_wconf 79' lang='lat' dir='ltr'><strong>Citath.</strong></span> <span class='ocrx_word' id='word_1_138' title='bbox 896 1198 919 1230; x_wconf 90' lang='grc'><strong>1.</strong></span> <span class='ocrx_word' id='word_1_139' title='bbox 937 1197 1018 1227; x_wconf 84' lang='lat' dir='ltr'><strong>Har-</strong></span> 
     </span>
     <span class='ocr_line' id='line_1_24' title="bbox 311 1238 706 1291; baseline 0.003 -25"><span class='ocrx_word' id='word_1_140' title='bbox 311 1247 396 1277; x_wconf 87' lang='lat' dir='ltr'>pocr.</span> <span class='ocrx_word' id='word_1_141' title='bbox 413 1248 442 1266; x_wconf 87' lang='lat' dir='ltr'><strong>v.</strong></span> <span class='ocrx_word' id='word_1_142' title='bbox 456 1238 706 1291; x_wconf 50' lang='lat' dir='ltr'><strong>&amp;mewa-Apama:</strong></span> 
     </span>
    </p>

    <p class='ocr_par' dir='ltr' id='par_1_5' title="bbox 311 1280 1023 1667">
     <span class='ocr_line' id='line_1_25' title="bbox 352 1280 1021 1324; baseline 0.005 -15"><span class='ocrx_word' id='word_1_143' title='bbox 352 1298 396 1303; x_wconf 89' lang='lat'>—</span> <span class='ocrx_word' id='word_1_144' title='bbox 407 1282 460 1310; x_wconf 66' lang='lat'><strong>26</strong></span> <span class='ocrx_word' id='word_1_145' title='bbox 477 1280 598 1321; x_wconf 78' lang='grc' dir='ltr'>ἔμελλεν</span> <span class='ocrx_word' id='word_1_146' title='bbox 612 1281 675 1311; x_wconf 67' lang='grc' dir='ltr'>οὔθ’</span> <span class='ocrx_word' id='word_1_147' title='bbox 690 1282 702 1311; x_wconf 83' lang='grc' dir='ltr'><strong><em>ὁ</em></strong></span> <span class='ocrx_word' id='word_1_148' title='bbox 713 1282 862 1317; x_wconf 63' lang='grc' dir='ltr'>ὑποτιθεὶς</span> <span class='ocrx_word' id='word_1_149' title='bbox 878 1283 925 1313; x_wconf 70' lang='grc' dir='ltr'><strong>τὸν</strong></span> <span class='ocrx_word' id='word_1_150' title='bbox 939 1289 1021 1324; x_wconf 84' lang='grc' dir='ltr'>χαλ-</span> 
     </span>
     <span class='ocr_line' id='line_1_26' title="bbox 311 1320 1020 1365; baseline 0.007 -14"><span class='ocrx_word' id='word_1_151' title='bbox 311 1320 354 1351; x_wconf 72' lang='grc' dir='ltr'><strong>κὸν</strong></span> <span class='ocrx_word' id='word_1_152' title='bbox 366 1324 556 1365; x_wconf 70' lang='grc' dir='ltr'><strong>παραδώσειν]</strong></span> <span class='ocrx_word' id='word_1_153' title='bbox 573 1329 701 1364; x_wconf 80' lang='lat' dir='ltr'><strong>apparet</strong></span> <span class='ocrx_word' id='word_1_154' title='bbox 711 1326 837 1356; x_wconf 81' lang='lat' dir='ltr'><strong>alterum</strong></span> <span class='ocrx_word' id='word_1_155' title='bbox 853 1327 1020 1356; x_wconf 84' lang='lat' dir='ltr'>membrum</span> 
     </span>
     <span class='ocr_line' id='line_1_27' title="bbox 311 1367 1023 1407; baseline 0.007 -13"><span class='ocrx_word' id='word_1_156' title='bbox 311 1367 432 1401; x_wconf 82' lang='lat' dir='ltr'><strong>deesse,</strong></span> <span class='ocrx_word' id='word_1_157' title='bbox 453 1368 535 1405; x_wconf 90' lang='lat' dir='ltr'><strong>quod</strong></span> <span class='ocrx_word' id='word_1_158' title='bbox 555 1378 594 1397; x_wconf 85' lang='lat' dir='ltr'><strong>ex</strong></span> <span class='ocrx_word' id='word_1_159' title='bbox 611 1374 697 1407; x_wconf 86' lang='lat' dir='ltr'><strong>parte</strong></span> <span class='ocrx_word' id='word_1_160' title='bbox 717 1368 789 1398; x_wconf 80' lang='lat' dir='ltr'><strong>dant</strong></span> <span class='ocrx_word' id='word_1_161' title='bbox 809 1370 942 1404; x_wconf 85' lang='lat' dir='ltr'><strong>codices,</strong></span> <span class='ocrx_word' id='word_1_162' title='bbox 962 1368 1023 1399; x_wconf 65' lang='grc' dir='ltr'>ουδ’</span> 
     </span>
     <span class='ocr_line' id='line_1_28' title="bbox 313 1408 1023 1450; baseline 0.006 -12"><span class='ocrx_word' id='word_1_163' title='bbox 313 1408 326 1437; x_wconf 80' lang='grc' dir='ltr'><strong><em>ὃ</em></strong></span> <span class='ocrx_word' id='word_1_164' title='bbox 346 1408 562 1450; x_wconf 63' lang='grc' dir='ltr'>ὑποτιθέμενος.</span> <span class='ocrx_word' id='word_1_165' title='bbox 585 1422 687 1440; x_wconf 82' lang='lat' dir='ltr'><strong>verum</strong></span> <span class='ocrx_word' id='word_1_166' title='bbox 710 1422 766 1441; x_wconf 87' lang='lat' dir='ltr'><strong>non</strong></span> <span class='ocrx_word' id='word_1_167' title='bbox 783 1412 853 1450; x_wconf 88' lang='lat' dir='ltr'><strong>plus</strong></span> <span class='ocrx_word' id='word_1_168' title='bbox 871 1413 918 1442; x_wconf 79' lang='lat' dir='ltr'><strong>illi</strong></span> <span class='ocrx_word' id='word_1_169' title='bbox 938 1413 1023 1448; x_wconf 87' lang='lat' dir='ltr'><strong>dant,</strong></span> 
     </span>
     <span class='ocr_line' id='line_1_29' title="bbox 315 1453 1023 1492; baseline 0.007 -12"><span class='ocrx_word' id='word_1_170' title='bbox 315 1462 403 1490; x_wconf 85' lang='lat' dir='ltr'><strong>quam</strong></span> <span class='ocrx_word' id='word_1_171' title='bbox 421 1453 581 1492; x_wconf 88' lang='lat' dir='ltr'><strong>hoc‚quod</strong></span> <span class='ocrx_word' id='word_1_172' title='bbox 592 1454 666 1483; x_wconf 84' lang='lat' dir='ltr'><strong>satis</strong></span> <span class='ocrx_word' id='word_1_173' title='bbox 682 1460 806 1484; x_wconf 82' lang='lat' dir='ltr'><strong>nonest.</strong></span> <span class='ocrx_word' id='word_1_174' title='bbox 823 1456 911 1485; x_wconf 86' lang='lat' dir='ltr'>deest</span> <span class='ocrx_word' id='word_1_175' title='bbox 925 1456 1023 1485; x_wconf 80' lang='lat' dir='ltr'><strong>adhue</strong></span> 
     </span>
     <span class='ocr_line' id='line_1_30' title="bbox 313 1494 1023 1535; baseline 0.007 -12"><span class='ocrx_word' id='word_1_176' title='bbox 313 1494 550 1535; x_wconf 62' lang='grc' dir='ltr'>παραληψεσθαι.</span> <span class='ocrx_word' id='word_1_177' title='bbox 578 1496 659 1534; x_wconf 87' lang='lat' dir='ltr'><strong>quod</strong></span> <span class='ocrx_word' id='word_1_178' title='bbox 684 1497 723 1526; x_wconf 88' lang='lat' dir='ltr'><strong>de</strong></span> <span class='ocrx_word' id='word_1_179' title='bbox 747 1507 815 1527; x_wconf 84' lang='lat' dir='ltr'><strong>meo</strong></span> <span class='ocrx_word' id='word_1_180' title='bbox 845 1498 964 1533; x_wconf 81' lang='lat' dir='ltr'><strong>addidi,</strong></span> <span class='ocrx_word' id='word_1_181' title='bbox 990 1503 1023 1527; x_wconf 90' lang='lat' dir='ltr'><strong>ut</strong></span> 
     </span>
     <span class='ocr_line' id='line_1_31' title="bbox 312 1537 1023 1581; baseline 0.006 -15"><span class='ocrx_word' id='word_1_182' title='bbox 312 1537 401 1567; x_wconf 83' lang='lat' dir='ltr'><strong>locus</strong></span> <span class='ocrx_word' id='word_1_183' title='bbox 417 1538 459 1568; x_wconf 88' lang='lat' dir='ltr'><strong>ita</strong></span> <span class='ocrx_word' id='word_1_184' title='bbox 475 1549 543 1569; x_wconf 89' lang='lat' dir='ltr'><strong>sese</strong></span> <span class='ocrx_word' id='word_1_185' title='bbox 559 1542 642 1568; x_wconf 85' lang='lat' dir='ltr'><strong>totus</strong></span> <span class='ocrx_word' id='word_1_186' title='bbox 661 1539 789 1569; x_wconf 83' lang='lat' dir='ltr'><strong>habeat:</strong></span> <span class='ocrx_word' id='word_1_187' title='bbox 812 1553 840 1570; x_wconf 86' lang='grc' dir='ltr'>ου</span> <span class='ocrx_word' id='word_1_188' title='bbox 857 1543 912 1581; x_wconf 64' lang='grc' dir='ltr'><strong>γὰρ</strong></span> <span class='ocrx_word' id='word_1_189' title='bbox 931 1541 1023 1571; x_wconf 64' lang='grc' dir='ltr'>δήπου</span> 
     </span>
     <span class='ocr_line' id='line_1_32' title="bbox 311 1579 1023 1622; baseline 0.003 -13"><span class='ocrx_word' id='word_1_190' title='bbox 311 1579 373 1610; x_wconf 79' lang='grc' dir='ltr'>ἄνευ</span> <span class='ocrx_word' id='word_1_191' title='bbox 384 1591 415 1618; x_wconf 80' lang='grc' dir='ltr'><strong>γε</strong></span> <span class='ocrx_word' id='word_1_192' title='bbox 429 1582 572 1621; x_wconf 69' lang='grc' dir='ltr'>σταθμοῦ</span> <span class='ocrx_word' id='word_1_193' title='bbox 587 1581 707 1619; x_wconf 78' lang='grc' dir='ltr'>ἔμελλεν</span> <span class='ocrx_word' id='word_1_194' title='bbox 721 1582 807 1612; x_wconf 60' lang='lat'><strong>0133’5</strong></span> <span class='ocrx_word' id='word_1_195' title='bbox 818 1583 1023 1622; x_wconf 65' lang='grc' dir='ltr'>ὑποτιθέμενος</span> 
     </span>
     <span class='ocr_line' id='line_1_33' title="bbox 314 1623 1022 1667; baseline 0 -13"><span class='ocrx_word' id='word_1_196' title='bbox 314 1623 556 1663; x_wconf 62' lang='grc' dir='ltr'>παραληψεσθαι,</span> <span class='ocrx_word' id='word_1_197' title='bbox 573 1624 635 1654; x_wconf 63' lang='grc' dir='ltr'>ουδ’</span> <span class='ocrx_word' id='word_1_198' title='bbox 651 1626 662 1655; x_wconf 82' lang='grc' dir='ltr'>ὁ</span> <span class='ocrx_word' id='word_1_199' title='bbox 679 1625 824 1659; x_wconf 65' lang='grc' dir='ltr'>ὑποτιθεις</span> <span class='ocrx_word' id='word_1_200' title='bbox 839 1627 1022 1667; x_wconf 79' lang='grc' dir='ltr'>παραδώσειν.</span> 
     </span>
    </p>
   </div>
   <div class='ocr_carea' id='block_1_3' title="bbox 1040 166 1367 227">
    <p class='ocr_par' dir='ltr' id='par_1_6' title="bbox 1040 166 1367 227">
     <span class='ocr_line' id='line_1_34' title="bbox 1040 166 1367 227; baseline 0.003 -1"><span class='ocrx_word' id='word_1_201' title='bbox 1040 166 1367 227; x_wconf 82' lang='lat' dir='ltr'><strong>ANNOTATA</strong></span> 
     </span>
    </p>
   </div>
   <div class='ocr_carea' id='block_1_4' title="bbox 1035 292 1766 1664">
    <p class='ocr_par' dir='ltr' id='par_1_7' title="bbox 1035 292 1745 496">
     <span class='ocr_line' id='line_1_35' title="bbox 1035 292 1744 324; baseline -0.001 -1"><span class='ocrx_word' id='word_1_202' title='bbox 1035 303 1094 323; x_wconf 89' lang='lat' dir='ltr'><strong>non</strong></span> <span class='ocrx_word' id='word_1_203' title='bbox 1113 292 1192 322; x_wconf 89' lang='lat' dir='ltr'><strong>enim</strong></span> <span class='ocrx_word' id='word_1_204' title='bbox 1214 296 1262 322; x_wconf 84' lang='lat' dir='ltr'><strong>est</strong></span> <span class='ocrx_word' id='word_1_205' title='bbox 1277 292 1426 324; x_wconf 81' lang='lat' dir='ltr'>credibile</span> <span class='ocrx_word' id='word_1_206' title='bbox 1441 292 1671 323; x_wconf 78' lang='lat' dir='ltr'><strong>commissurum</strong></span> <span class='ocrx_word' id='word_1_207' title='bbox 1689 301 1744 322; x_wconf 86' lang='lat' dir='ltr'><strong>un-</strong></span> 
     </span>
     <span class='ocr_line' id='line_1_36' title="bbox 1035 335 1744 376; baseline 0.001 -11"><span class='ocrx_word' id='word_1_208' title='bbox 1035 346 1125 375; x_wconf 89' lang='lat' dir='ltr'>quam</span> <span class='ocrx_word' id='word_1_209' title='bbox 1141 335 1250 371; x_wconf 82' lang='lat' dir='ltr'><strong>fuisse,</strong></span> <span class='ocrx_word' id='word_1_210' title='bbox 1261 341 1312 366; x_wconf 86' lang='lat' dir='ltr'><strong>ant</strong></span> <span class='ocrx_word' id='word_1_211' title='bbox 1323 346 1405 372; x_wconf 87' lang='lat' dir='ltr'><strong>eum,</strong></span> <span class='ocrx_word' id='word_1_212' title='bbox 1416 336 1468 376; x_wconf 91' lang='lat' dir='ltr'><strong>qui</strong></span> <span class='ocrx_word' id='word_1_213' title='bbox 1479 336 1593 376; x_wconf 85' lang='lat' dir='ltr'><strong>pignus</strong></span> <span class='ocrx_word' id='word_1_214' title='bbox 1608 341 1744 376; x_wconf 76' lang='lat' dir='ltr'><strong>caperet,</strong></span> 
     </span>
     <span class='ocr_line' id='line_1_37' title="bbox 1037 379 1745 419; baseline -0.001 -10"><span class='ocrx_word' id='word_1_215' title='bbox 1037 384 1072 409; x_wconf 88' lang='lat' dir='ltr'><strong>ut</strong></span> <span class='ocrx_word' id='word_1_216' title='bbox 1087 390 1130 409; x_wconf 88' lang='lat' dir='ltr'><strong>aes</strong></span> <span class='ocrx_word' id='word_1_217' title='bbox 1146 379 1300 418; x_wconf 88' lang='lat' dir='ltr'><strong>acciperet</strong></span> <span class='ocrx_word' id='word_1_218' title='bbox 1317 379 1375 409; x_wconf 88' lang='lat' dir='ltr'><strong>sibi</strong></span> <span class='ocrx_word' id='word_1_219' title='bbox 1391 390 1450 409; x_wconf 87' lang='lat' dir='ltr'><strong>non</strong></span> <span class='ocrx_word' id='word_1_220' title='bbox 1466 389 1636 419; x_wconf 86' lang='lat' dir='ltr'><strong>appensum</strong></span> <span class='ocrx_word' id='word_1_221' title='bbox 1653 379 1745 414; x_wconf 80' lang='lat' dir='ltr'><strong>iibrn,</strong></span> 
     </span>
     <span class='ocr_line' id='line_1_38' title="bbox 1038 422 1740 462; baseline 0 -10"><span class='ocrx_word' id='word_1_222' title='bbox 1038 426 1090 452; x_wconf 80' lang='lat' dir='ltr'><strong>aut</strong></span> <span class='ocrx_word' id='word_1_223' title='bbox 1110 433 1190 458; x_wconf 90' lang='lat' dir='ltr'><strong>eum,</strong></span> <span class='ocrx_word' id='word_1_224' title='bbox 1214 423 1265 461; x_wconf 89' lang='lat' dir='ltr'><strong>qui</strong></span> <span class='ocrx_word' id='word_1_225' title='bbox 1291 422 1404 462; x_wconf 84' lang='lat' dir='ltr'><strong>pignus</strong></span> <span class='ocrx_word' id='word_1_226' title='bbox 1428 423 1527 458; x_wconf 84' lang='lat' dir='ltr'><strong>daret,</strong></span> <span class='ocrx_word' id='word_1_227' title='bbox 1551 427 1586 453; x_wconf 86' lang='lat' dir='ltr'><strong>ut</strong></span> <span class='ocrx_word' id='word_1_228' title='bbox 1612 422 1656 452; x_wconf 87' lang='lat' dir='ltr'><strong>sic</strong></span> <span class='ocrx_word' id='word_1_229' title='bbox 1679 428 1740 452; x_wconf 86' lang='lat' dir='ltr'><strong>tra-</strong></span> 
     </span>
     <span class='ocr_line' id='line_1_39' title="bbox 1039 466 1138 496; baseline 0 -1"><span class='ocrx_word' id='word_1_230' title='bbox 1039 466 1138 496; x_wconf 88' lang='lat' dir='ltr'><strong>deret.</strong></span> 
     </span>
    </p>

    <p class='ocr_par' dir='ltr' id='par_1_8' title="bbox 1083 506 1740 549">
     <span class='ocr_line' id='line_1_40' title="bbox 1083 506 1740 549; baseline -0.003 -11"><span class='ocrx_word' id='word_1_231' title='bbox 1083 511 1178 540; x_wconf 70' lang='lat'>1201.</span> <span class='ocrx_word' id='word_1_232' title='bbox 1190 510 1221 540; x_wconf 89' lang='lat'><strong>5.</strong></span> <span class='ocrx_word' id='word_1_233' title='bbox 1239 507 1332 549; x_wconf 72' lang='grc' dir='ltr'>αυτῷ]</span> <span class='ocrx_word' id='word_1_234' title='bbox 1348 509 1416 538; x_wconf 80' lang='lat' dir='ltr'><strong>soil.</strong></span> <span class='ocrx_word' id='word_1_235' title='bbox 1430 506 1592 549; x_wconf 75' lang='grc' dir='ltr'>Αἰσχρίωνι.</span> <span class='ocrx_word' id='word_1_236' title='bbox 1737 519 1740 521; x_wconf 93' lang='grc'><em>·</em></span> 
     </span>
    </p>

    <p class='ocr_par' dir='ltr' id='par_1_9' title="bbox 1043 552 1749 668">
     <span class='ocr_line' id='line_1_41' title="bbox 1082 552 1748 593; baseline -0.003 -12"><span class='ocrx_word' id='word_1_237' title='bbox 1082 569 1120 574; x_wconf 92' lang='grc'>-</span> <span class='ocrx_word' id='word_1_238' title='bbox 1136 553 1167 581; x_wconf 88' lang='grc'><strong>7.</strong></span> <span class='ocrx_word' id='word_1_239' title='bbox 1179 552 1379 593; x_wconf 78' lang='grc' dir='ltr'>κακοτεχνιῶν]</span> <span class='ocrx_word' id='word_1_240' title='bbox 1393 552 1515 581; x_wconf 81' lang='lat' dir='ltr'><strong>Citath.</strong></span> <span class='ocrx_word' id='word_1_241' title='bbox 1528 552 1548 581; x_wconf 93' lang='grc' dir='ltr'><strong>Ι.</strong></span> <span class='ocrx_word' id='word_1_242' title='bbox 1562 552 1748 590; x_wconf 82' lang='lat' dir='ltr'><strong>Harpocrat.</strong></span> 
     </span>
     <span class='ocr_line' id='line_1_42' title="bbox 1043 592 1749 636; baseline -0.004 -11"><span class='ocrx_word' id='word_1_243' title='bbox 1043 606 1072 625; x_wconf 87' lang='lat' dir='ltr'><strong>v.</strong></span> <span class='ocrx_word' id='word_1_244' title='bbox 1090 597 1286 636; x_wconf 69' lang='grc' dir='ltr'>κακοτεχνιῶν.</span> <span class='ocrx_word' id='word_1_245' title='bbox 1300 594 1348 626; x_wconf 82' lang='grc' dir='ltr'>ἐπι</span> <span class='ocrx_word' id='word_1_246' title='bbox 1363 594 1438 625; x_wconf 73' lang='grc' dir='ltr'>τόνδε</span> <span class='ocrx_word' id='word_1_247' title='bbox 1455 605 1484 624; x_wconf 86' lang='lat' dir='ltr'><strong>v.</strong></span> <span class='ocrx_word' id='word_1_248' title='bbox 1499 596 1528 624; x_wconf 88' lang='lat'><strong>6.</strong></span> <span class='ocrx_word' id='word_1_249' title='bbox 1547 593 1627 624; x_wconf 81' lang='lat' dir='ltr'><strong>redit</strong></span> <span class='ocrx_word' id='word_1_250' title='bbox 1640 593 1678 623; x_wconf 75' lang='lat' dir='ltr'><strong>ad</strong></span> <span class='ocrx_word' id='word_1_251' title='bbox 1692 592 1749 622; x_wconf 85' lang='lat' dir='ltr'><strong>‘ri-</strong></span> 
     </span>
     <span class='ocr_line' id='line_1_43' title="bbox 1043 638 1206 668; baseline -0.007 0"><span class='ocrx_word' id='word_1_252' title='bbox 1043 638 1206 668; x_wconf 82' lang='lat' dir='ltr'><strong>motheum.</strong></span> 
     </span>
    </p>

    <p class='ocr_par' dir='ltr' id='par_1_10' title="bbox 1045 678 1756 849">
     <span class='ocr_line' id='line_1_44' title="bbox 1085 678 1752 721; baseline -0.006 -10"><span class='ocrx_word' id='word_1_253' title='bbox 1085 685 1171 713; x_wconf 89' lang='lat'><strong>-9.</strong></span> <span class='ocrx_word' id='word_1_254' title='bbox 1196 681 1218 710; x_wconf 81' lang='grc' dir='ltr'>εἶ</span> <span class='ocrx_word' id='word_1_255' title='bbox 1239 683 1295 710; x_wconf 79' lang='grc' dir='ltr'><strong>τῶν</strong></span> <span class='ocrx_word' id='word_1_256' title='bbox 1317 679 1413 710; x_wconf 74' lang='grc' dir='ltr'>ἄλλων</span> <span class='ocrx_word' id='word_1_257' title='bbox 1426 679 1483 721; x_wconf 91' lang='lat'><strong>-—]</strong></span> <span class='ocrx_word' id='word_1_258' title='bbox 1499 679 1580 709; x_wconf 87' lang='lat' dir='ltr'><strong>idem</strong></span> <span class='ocrx_word' id='word_1_259' title='bbox 1602 683 1650 708; x_wconf 90' lang='lat' dir='ltr'><strong>est</strong></span> <span class='ocrx_word' id='word_1_260' title='bbox 1672 688 1707 708; x_wconf 88' lang='lat' dir='ltr'><strong>ac</strong></span> <span class='ocrx_word' id='word_1_261' title='bbox 1725 678 1752 707; x_wconf 84' lang='lat' dir='ltr'><strong>si</strong></span> 
     </span>
     <span class='ocr_line' id='line_1_45' title="bbox 1045 722 1754 764; baseline -0.004 -11"><span class='ocrx_word' id='word_1_262' title='bbox 1045 723 1197 753; x_wconf 84' lang='lat' dir='ltr'><strong>dixisset:</strong></span> <span class='ocrx_word' id='word_1_263' title='bbox 1221 723 1243 752; x_wconf 80' lang='grc' dir='ltr'>εἰ</span> <span class='ocrx_word' id='word_1_264' title='bbox 1260 734 1320 764; x_wconf 70' lang='grc' dir='ltr'>πεςι</span> <span class='ocrx_word' id='word_1_265' title='bbox 1338 725 1394 752; x_wconf 82' lang='grc' dir='ltr'><strong>τῶν</strong></span> <span class='ocrx_word' id='word_1_266' title='bbox 1410 723 1505 753; x_wconf 75' lang='grc' dir='ltr'>ἄλλων</span> <span class='ocrx_word' id='word_1_267' title='bbox 1524 722 1692 762; x_wconf 78' lang='grc' dir='ltr'>λημμάτων</span> <span class='ocrx_word' id='word_1_268' title='bbox 1706 731 1754 750; x_wconf 69' lang='grc' dir='ltr'>ουκ.</span> 
     </span>
     <span class='ocr_line' id='line_1_46' title="bbox 1045 765 1756 819; baseline -0.003 -23"><span class='ocrx_word' id='word_1_269' title='bbox 1045 766 1108 807; x_wconf 83' lang='grc' dir='ltr'>ειχε</span> <span class='ocrx_word' id='word_1_270' title='bbox 1130 767 1277 819; x_wconf 77' lang='grc' dir='ltr'>μάρτυρας</span> <span class='ocrx_word' id='word_1_271' title='bbox 1296 765 1513 819; x_wconf 64' lang='grc' dir='ltr'>παρασχέσθαι</span> <span class='ocrx_word' id='word_1_272' title='bbox 1529 777 1594 799; x_wconf 82' lang='grc' dir='ltr'>τους</span> <span class='ocrx_word' id='word_1_273' title='bbox 1614 775 1756 806; x_wconf 62' lang='grc' dir='ltr'>μαρτυρη-</span> 
     </span>
     <span class='ocr_line' id='line_1_47' title="bbox 1047 808 1639 849; baseline 0 -11"><span class='ocrx_word' id='word_1_274' title='bbox 1047 820 1158 845; x_wconf 83' lang='grc' dir='ltr'>σοντας,</span> <span class='ocrx_word' id='word_1_275' title='bbox 1174 808 1215 838; x_wconf 82' lang='grc' dir='ltr'>δ’τι</span> <span class='ocrx_word' id='word_1_276' title='bbox 1226 808 1368 849; x_wconf 69' lang='grc' dir='ltr'>Τιμόθεος</span> <span class='ocrx_word' id='word_1_277' title='bbox 1381 810 1457 839; x_wconf 72' lang='grc' dir='ltr'>αὐτὰ</span> <span class='ocrx_word' id='word_1_278' title='bbox 1468 809 1516 839; x_wconf 82' lang='grc' dir='ltr'>οὐκ</span> <span class='ocrx_word' id='word_1_279' title='bbox 1528 808 1639 848; x_wconf 72' lang='grc' dir='ltr'>εἴληφε.</span> 
     </span>
    </p>

    <p class='ocr_par' dir='ltr' id='par_1_11' title="bbox 1048 848 1756 977">
     <span class='ocr_line' id='line_1_48' title="bbox 1089 848 1756 892; baseline -0.006 -9"><span class='ocrx_word' id='word_1_280' title='bbox 1089 869 1132 874; x_wconf 88' lang='lat'><em>-</em></span> <span class='ocrx_word' id='word_1_281' title='bbox 1155 854 1207 883; x_wconf 83' lang='grc'><strong>97.</strong></span> <span class='ocrx_word' id='word_1_282' title='bbox 1232 856 1262 882; x_wconf 80' lang='grc' dir='ltr'><strong>ἡν</strong></span> <span class='ocrx_word' id='word_1_283' title='bbox 1285 852 1498 892; x_wconf 69' lang='grc' dir='ltr'>γεγξαμμένος]</span> <span class='ocrx_word' id='word_1_284' title='bbox 1522 849 1631 882; x_wconf 50' lang='lat' dir='ltr'><strong>dedi*</strong></span> <span class='ocrx_word' id='word_1_285' title='bbox 1617 862 1646 881; x_wconf 86' lang='grc' dir='ltr'><strong>ην</strong></span> <span class='ocrx_word' id='word_1_286' title='bbox 1674 848 1756 888; x_wconf 80' lang='grc' dir='ltr'>ἐγγε-</span> 
     </span>
     <span class='ocr_line' id='line_1_49' title="bbox 1048 893 1755 935; baseline -0.001 -12"><span class='ocrx_word' id='word_1_287' title='bbox 1048 905 1166 935; x_wconf 83' lang='grc' dir='ltr'>γραμμ.</span> <span class='ocrx_word' id='word_1_288' title='bbox 1186 899 1289 934; x_wconf 86' lang='lat' dir='ltr'><strong>potest</strong></span> <span class='ocrx_word' id='word_1_289' title='bbox 1304 899 1403 924; x_wconf 82' lang='lat' dir='ltr'><strong>tamen</strong></span> <span class='ocrx_word' id='word_1_290' title='bbox 1416 895 1539 934; x_wconf 75' lang='lat' dir='ltr'><strong>vulgata</strong></span> <span class='ocrx_word' id='word_1_291' title='bbox 1552 893 1677 924; x_wconf 83' lang='lat' dir='ltr'><strong>defendi</strong></span> <span class='ocrx_word' id='word_1_292' title='bbox 1694 903 1711 922; x_wconf 84' lang='lat' dir='ltr'><strong>e</strong></span> <span class='ocrx_word' id='word_1_293' title='bbox 1722 903 1755 932; x_wconf 88' lang='lat' dir='ltr'>p.</span> 
     </span>
     <span class='ocr_line' id='line_1_50' title="bbox 1050 940 1229 977; baseline -0.006 -10"><span class='ocrx_word' id='word_1_294' title='bbox 1050 940 1145 968; x_wconf 69' lang='lat'>1202.</span> <span class='ocrx_word' id='word_1_295' title='bbox 1159 947 1229 977; x_wconf 88' lang='lat' dir='ltr'>pen.</span> 
     </span>
    </p>

    <p class='ocr_par' dir='ltr' id='par_1_12' title="bbox 1049 978 1763 1365">
     <span class='ocr_line' id='line_1_51' title="bbox 1093 978 1758 1021; baseline -0.008 -10"><span class='ocrx_word' id='word_1_296' title='bbox 1093 983 1188 1011; x_wconf 69' lang='grc'><strong>1909.</strong></span> <span class='ocrx_word' id='word_1_297' title='bbox 1209 982 1240 1011; x_wconf 88' lang='grc'><strong>3</strong></span> <span class='ocrx_word' id='word_1_298' title='bbox 1261 981 1302 1010; x_wconf 71' lang='grc' dir='ltr'><strong>τὰ</strong></span> <span class='ocrx_word' id='word_1_299' title='bbox 1315 979 1373 1010; x_wconf 77' lang='grc' dir='ltr'>ἀπὸ</span> <span class='ocrx_word' id='word_1_300' title='bbox 1390 991 1441 1014; x_wconf 80' lang='grc' dir='ltr'><strong>της</strong></span> <span class='ocrx_word' id='word_1_301' title='bbox 1455 978 1611 1021; x_wconf 77' lang='grc' dir='ltr'>τραπέζης]</span> <span class='ocrx_word' id='word_1_302' title='bbox 1628 978 1701 1008; x_wconf 86' lang='lat' dir='ltr'><strong>dedi</strong></span> <span class='ocrx_word' id='word_1_303' title='bbox 1716 978 1758 1006; x_wconf 67' lang='grc' dir='ltr'><strong>τὰ</strong></span> 
     </span>
     <span class='ocr_line' id='line_1_52' title="bbox 1050 1019 1758 1064; baseline -0.004 -11"><span class='ocrx_word' id='word_1_304' title='bbox 1050 1023 1098 1054; x_wconf 72' lang='grc' dir='ltr'>ἐπὶ</span> <span class='ocrx_word' id='word_1_305' title='bbox 1117 1025 1169 1058; x_wconf 75' lang='grc' dir='ltr'>τῆς</span> <span class='ocrx_word' id='word_1_306' title='bbox 1191 1034 1235 1062; x_wconf 84' lang='grc' dir='ltr'><strong>τρ.</strong></span> <span class='ocrx_word' id='word_1_307' title='bbox 1259 1023 1326 1053; x_wconf 84' lang='lat' dir='ltr'><strong>scil.</strong></span> <span class='ocrx_word' id='word_1_308' title='bbox 1350 1021 1475 1064; x_wconf 77' lang='grc' dir='ltr'>κείμενα,</span> <span class='ocrx_word' id='word_1_309' title='bbox 1499 1023 1548 1053; x_wconf 84' lang='lat' dir='ltr'><strong>vel</strong></span> <span class='ocrx_word' id='word_1_310' title='bbox 1571 1019 1758 1062; x_wconf 78' lang='grc' dir='ltr'>τετηρημένα.</span> 
     </span>
     <span class='ocr_line' id='line_1_53' title="bbox 1051 1066 1760 1106; baseline -0.004 -10"><span class='ocrx_word' id='word_1_311' title='bbox 1051 1077 1231 1106; x_wconf 80' lang='lat' dir='ltr'><strong>quamquam</strong></span> <span class='ocrx_word' id='word_1_312' title='bbox 1251 1067 1342 1096; x_wconf 83' lang='lat' dir='ltr'><strong>etiam</strong></span> <span class='ocrx_word' id='word_1_313' title='bbox 1365 1067 1485 1106; x_wconf 81' lang='lat' dir='ltr'><strong>vulgata</strong></span> <span class='ocrx_word' id='word_1_314' title='bbox 1507 1066 1631 1105; x_wconf 82' lang='lat' dir='ltr'><strong>probari</strong></span> <span class='ocrx_word' id='word_1_315' title='bbox 1658 1069 1760 1103; x_wconf 79' lang='lat' dir='ltr'><strong>queat,</strong></span> 
     </span>
     <span class='ocr_line' id='line_1_54' title="bbox 1053 1107 1760 1149; baseline -0.004 -10"><span class='ocrx_word' id='word_1_316' title='bbox 1053 1111 1110 1146; x_wconf 83' lang='lat' dir='ltr'><strong>sic,</strong></span> <span class='ocrx_word' id='word_1_317' title='bbox 1125 1115 1159 1139; x_wconf 91' lang='lat' dir='ltr'><strong>ut</strong></span> <span class='ocrx_word' id='word_1_318' title='bbox 1178 1109 1377 1139; x_wconf 82' lang='lat' dir='ltr'><strong>subaudiatur</strong></span> <span class='ocrx_word' id='word_1_319' title='bbox 1392 1107 1609 1149; x_wconf 65' lang='grc' dir='ltr'>λαμςανόμενα,</span> <span class='ocrx_word' id='word_1_320' title='bbox 1624 1109 1760 1146; x_wconf 73' lang='lat' dir='ltr'><strong>repetita,</strong></span> 
     </span>
     <span class='ocr_line' id='line_1_55' title="bbox 1049 1151 1758 1195; baseline -0.004 -14"><span class='ocrx_word' id='word_1_321' title='bbox 1049 1152 1193 1195; x_wconf 16' lang='lat' dir='ltr'><strong>pvmqfecta</strong></span> <span class='ocrx_word' id='word_1_322' title='bbox 1236 1153 1324 1191; x_wconf 86' lang='lat' dir='ltr'><strong>Saepe</strong></span> <span class='ocrx_word' id='word_1_323' title='bbox 1348 1151 1406 1182; x_wconf 77' lang='grc' dir='ltr'>ἀπὸ</span> <span class='ocrx_word' id='word_1_324' title='bbox 1424 1154 1454 1181; x_wconf 85' lang='lat' dir='ltr'><strong>in</strong></span> <span class='ocrx_word' id='word_1_325' title='bbox 1472 1152 1646 1190; x_wconf 80' lang='lat' dir='ltr'><strong>hujusmodi</strong></span> <span class='ocrx_word' id='word_1_326' title='bbox 1669 1151 1758 1189; x_wconf 82' lang='lat' dir='ltr'><strong>phra-</strong></span> 
     </span>
     <span class='ocr_line' id='line_1_56' title="bbox 1053 1192 1762 1233; baseline -0.004 -8"><span class='ocrx_word' id='word_1_327' title='bbox 1053 1196 1137 1226; x_wconf 85' lang='lat' dir='ltr'><strong>sibus</strong></span> <span class='ocrx_word' id='word_1_328' title='bbox 1162 1196 1322 1231; x_wconf 80' lang='lat' dir='ltr'><strong>redundat,</strong></span> <span class='ocrx_word' id='word_1_329' title='bbox 1347 1200 1378 1225; x_wconf 85' lang='lat' dir='ltr'><strong>et</strong></span> <span class='ocrx_word' id='word_1_330' title='bbox 1400 1197 1441 1225; x_wconf 70' lang='grc' dir='ltr'><strong>τὰ</strong></span> <span class='ocrx_word' id='word_1_331' title='bbox 1464 1194 1522 1226; x_wconf 74' lang='grc' dir='ltr'>ἀπὸ</span> <span class='ocrx_word' id='word_1_332' title='bbox 1545 1196 1597 1230; x_wconf 77' lang='grc' dir='ltr'>τῆς</span> <span class='ocrx_word' id='word_1_333' title='bbox 1615 1192 1762 1233; x_wconf 76' lang='grc' dir='ltr'>τραπέζης</span> 
     </span>
     <span class='ocr_line' id='line_1_57' title="bbox 1053 1238 1762 1279; baseline -0.007 -10"><span class='ocrx_word' id='word_1_334' title='bbox 1053 1240 1227 1279; x_wconf 72' lang='grc' dir='ltr'>γξάμματα</span> <span class='ocrx_word' id='word_1_335' title='bbox 1248 1244 1319 1269; x_wconf 86' lang='lat' dir='ltr'><strong>sunt</strong></span> <span class='ocrx_word' id='word_1_336' title='bbox 1339 1238 1422 1268; x_wconf 86' lang='lat' dir='ltr'><strong>idem</strong></span> <span class='ocrx_word' id='word_1_337' title='bbox 1445 1243 1536 1277; x_wconf 83' lang='lat' dir='ltr'><strong>atque</strong></span> <span class='ocrx_word' id='word_1_338' title='bbox 1558 1240 1598 1268; x_wconf 79' lang='grc' dir='ltr'>τιὶ</span> <span class='ocrx_word' id='word_1_339' title='bbox 1619 1248 1670 1270; x_wconf 83' lang='grc' dir='ltr'><strong>της</strong></span> <span class='ocrx_word' id='word_1_340' title='bbox 1691 1246 1762 1274; x_wconf 68' lang='lat' dir='ltr'><strong>‘rga-</strong></span> 
     </span>
     <span class='ocr_line' id='line_1_58' title="bbox 1055 1279 1763 1323; baseline -0.006 -11"><span class='ocrx_word' id='word_1_341' title='bbox 1055 1281 1152 1323; x_wconf 79' lang='grc' dir='ltr'>πέζης.</span> <span class='ocrx_word' id='word_1_342' title='bbox 1168 1287 1203 1312; x_wconf 88' lang='lat' dir='ltr'><strong>ut</strong></span> <span class='ocrx_word' id='word_1_343' title='bbox 1218 1281 1309 1311; x_wconf 88' lang='lat' dir='ltr'><strong>etiam</strong></span> <span class='ocrx_word' id='word_1_344' title='bbox 1321 1281 1352 1311; x_wconf 88' lang='lat' dir='ltr'><strong>in</strong></span> <span class='ocrx_word' id='word_1_345' title='bbox 1369 1282 1485 1320; x_wconf 82' lang='lat' dir='ltr'><strong>vuigari</strong></span> <span class='ocrx_word' id='word_1_346' title='bbox 1502 1281 1666 1311; x_wconf 72' lang='lat' dir='ltr'><strong>Latinitate</strong></span> <span class='ocrx_word' id='word_1_347' title='bbox 1681 1279 1763 1308; x_wconf 82' lang='lat' dir='ltr'><strong>homo</strong></span> 
     </span>
     <span class='ocr_line' id='line_1_59' title="bbox 1055 1325 1481 1365; baseline -0.005 -9"><span class='ocrx_word' id='word_1_348' title='bbox 1055 1326 1197 1360; x_wconf 79' lang='lat' dir='ltr'><strong>decuria,</strong></span> <span class='ocrx_word' id='word_1_349' title='bbox 1213 1334 1269 1365; x_wconf 86' lang='lat' dir='ltr'><strong>pro</strong></span> <span class='ocrx_word' id='word_1_350' title='bbox 1285 1325 1366 1354; x_wconf 82' lang='lat' dir='ltr'><strong>homo</strong></span> <span class='ocrx_word' id='word_1_351' title='bbox 1379 1326 1481 1354; x_wconf 77' lang='lat' dir='ltr'><strong>curioe.</strong></span> 
     </span>
    </p>

    <p class='ocr_par' dir='ltr' id='par_1_13' title="bbox 1057 1365 1766 1537">
     <span class='ocr_line' id='line_1_60' title="bbox 1102 1365 1762 1408; baseline -0.013 -7.724"><span class='ocrx_word' id='word_1_352' title='bbox 1102 1370 1197 1400; x_wconf 83' lang='grc'><strong>1903</strong></span> <span class='ocrx_word' id='word_1_353' title='bbox 1217 1371 1247 1398; x_wconf 91' lang='grc'><strong>1.</strong></span> <span class='ocrx_word' id='word_1_354' title='bbox 1271 1368 1357 1408; x_wconf 84' lang='grc' dir='ltr'>τέως]</span> <span class='ocrx_word' id='word_1_355' title='bbox 1383 1367 1408 1397; x_wconf 92' lang='lat' dir='ltr'><strong>si</strong></span> <span class='ocrx_word' id='word_1_356' title='bbox 1430 1366 1502 1400; x_wconf 79' lang='grc' dir='ltr'>τέως</span> <span class='ocrx_word' id='word_1_357' title='bbox 1525 1365 1678 1405; x_wconf 74' lang='lat' dir='ltr'>accipitur</span> <span class='ocrx_word' id='word_1_358' title='bbox 1707 1374 1762 1403; x_wconf 88' lang='lat' dir='ltr'><strong>pro</strong></span> 
     </span>
     <span class='ocr_line' id='line_1_61' title="bbox 1057 1406 1764 1452; baseline -0.007 -11"><span class='ocrx_word' id='word_1_359' title='bbox 1057 1412 1163 1452; x_wconf 81' lang='lat' dir='ltr'><strong>quoad,</strong></span> <span class='ocrx_word' id='word_1_360' title='bbox 1182 1416 1336 1451; x_wconf 83' lang='lat' dir='ltr'><strong>quatenus,</strong></span> <span class='ocrx_word' id='word_1_361' title='bbox 1355 1411 1443 1440; x_wconf 84' lang='lat' dir='ltr'><strong>deest</strong></span> <span class='ocrx_word' id='word_1_362' title='bbox 1463 1414 1534 1450; x_wconf 88' lang='lat' dir='ltr'><strong>post</strong></span> <span class='ocrx_word' id='word_1_363' title='bbox 1556 1410 1583 1439; x_wconf 84' lang='grc' dir='ltr'><strong>ὅ·</strong></span> <span class='ocrx_word' id='word_1_364' title='bbox 1591 1409 1686 1447; x_wconf 60' lang='grc' dir='ltr'>πατὴρ</span> <span class='ocrx_word' id='word_1_365' title='bbox 1709 1406 1764 1436; x_wconf 85' lang='lat' dir='ltr'><strong>ali-</strong></span> 
     </span>
     <span class='ocr_line' id='line_1_62' title="bbox 1057 1451 1766 1494; baseline -0.007 -11"><span class='ocrx_word' id='word_1_366' title='bbox 1057 1455 1144 1493; x_wconf 85' lang='lat' dir='ltr'><strong>quid,</strong></span> <span class='ocrx_word' id='word_1_367' title='bbox 1166 1465 1194 1484; x_wconf 82' lang='lat' dir='ltr'><strong>e.</strong></span> <span class='ocrx_word' id='word_1_368' title='bbox 1215 1464 1243 1483; x_wconf 88' lang='lat' dir='ltr'><strong>c.</strong></span> <span class='ocrx_word' id='word_1_369' title='bbox 1264 1452 1398 1494; x_wconf 78' lang='grc' dir='ltr'>ἐπέσχεν,</span> <span class='ocrx_word' id='word_1_370' title='bbox 1415 1459 1467 1483; x_wconf 83' lang='lat' dir='ltr'><strong>aut</strong></span> <span class='ocrx_word' id='word_1_371' title='bbox 1490 1451 1646 1493; x_wconf 75' lang='grc' dir='ltr'>ἡσύχασεν.</span> <span class='ocrx_word' id='word_1_372' title='bbox 1669 1453 1766 1479; x_wconf 88' lang='lat' dir='ltr'><strong>donec</strong></span> 
     </span>
     <span class='ocr_line' id='line_1_63' title="bbox 1058 1494 1744 1537; baseline -0.007 -10"><span class='ocrx_word' id='word_1_373' title='bbox 1058 1498 1201 1537; x_wconf 86' lang='lat' dir='ltr'><strong>sperabat</strong></span> <span class='ocrx_word' id='word_1_374' title='bbox 1217 1501 1303 1536; x_wconf 84' lang='lat' dir='ltr'><strong>pater</strong></span> <span class='ocrx_word' id='word_1_375' title='bbox 1319 1496 1497 1526; x_wconf 32' lang='lat' dir='ltr'><strong>*cohibuit</strong></span> <span class='ocrx_word' id='word_1_376' title='bbox 1508 1505 1547 1531; x_wconf 84' lang='lat' dir='ltr'><strong>se,</strong></span> <span class='ocrx_word' id='word_1_377' title='bbox 1561 1500 1612 1525; x_wconf 81' lang='lat' dir='ltr'><strong>aut</strong></span> <span class='ocrx_word' id='word_1_378' title='bbox 1627 1494 1744 1534; x_wconf 74' lang='lat' dir='ltr'><strong>quievit.</strong></span> 
     </span>
    </p>

    <p class='ocr_par' dir='ltr' id='par_1_14' title="bbox 1059 1537 1766 1664">
     <span class='ocr_line' id='line_1_64' title="bbox 1100 1537 1766 1592; baseline -0.009 -22"><span class='ocrx_word' id='word_1_379' title='bbox 1100 1558 1144 1563; x_wconf 85' lang='lat'><strong>-—</strong></span> <span class='ocrx_word' id='word_1_380' title='bbox 1167 1541 1220 1570; x_wconf 89' lang='grc'><strong>13.</strong></span> <span class='ocrx_word' id='word_1_381' title='bbox 1240 1538 1269 1580; x_wconf 85' lang='grc' dir='ltr'>ο]</span> <span class='ocrx_word' id='word_1_382' title='bbox 1293 1539 1422 1569; x_wconf 84' lang='lat' dir='ltr'><strong>subaudi</strong></span> <span class='ocrx_word' id='word_1_383' title='bbox 1430 1538 1575 1592; x_wconf 72' lang='grc' dir='ltr'>ἀργύριον,</span> <span class='ocrx_word' id='word_1_384' title='bbox 1591 1550 1603 1567; x_wconf 89' lang='grc' dir='ltr'>ο</span> <span class='ocrx_word' id='word_1_385' title='bbox 1619 1555 1661 1559; x_wconf 91' lang='lat'><strong>—-—</strong></span> <span class='ocrx_word' id='word_1_386' title='bbox 1678 1537 1766 1566; x_wconf 89' lang='lat' dir='ltr'><strong>Lam-</strong></span> 
     </span>
     <span class='ocr_line' id='line_1_65' title="bbox 1059 1579 1765 1621; baseline -0.004 -10"><span class='ocrx_word' id='word_1_387' title='bbox 1059 1582 1148 1612; x_wconf 88' lang='lat' dir='ltr'><strong>binus</strong></span> <span class='ocrx_word' id='word_1_388' title='bbox 1159 1581 1290 1612; x_wconf 75' lang='lat' dir='ltr'><strong>mallet</strong></span> <span class='ocrx_word' id='word_1_389' title='bbox 1278 1594 1304 1616; x_wconf 88' lang='grc' dir='ltr'><strong>η.</strong></span> <span class='ocrx_word' id='word_1_390' title='bbox 1319 1583 1390 1621; x_wconf 78' lang='lat' dir='ltr'><strong>quia</strong></span> <span class='ocrx_word' id='word_1_391' title='bbox 1401 1583 1487 1621; x_wconf 83' lang='grc' dir='ltr'>τιμῆν</span> <span class='ocrx_word' id='word_1_392' title='bbox 1503 1579 1670 1620; x_wconf 85' lang='lat' dir='ltr'><strong>praecessit.</strong></span> <span class='ocrx_word' id='word_1_393' title='bbox 1701 1579 1765 1608; x_wconf 86' lang='lat' dir='ltr'><strong>Sed</strong></span> 
     </span>
     <span class='ocr_line' id='line_1_66' title="bbox 1059 1624 1714 1664; baseline -0.005 -9"><span class='ocrx_word' id='word_1_394' title='bbox 1059 1627 1136 1655; x_wconf 80' lang='lat' dir='ltr'><strong>bene</strong></span> <span class='ocrx_word' id='word_1_395' title='bbox 1152 1625 1243 1655; x_wconf 87' lang='lat' dir='ltr'><strong>habet</strong></span> <span class='ocrx_word' id='word_1_396' title='bbox 1256 1625 1388 1664; x_wconf 80' lang='lat' dir='ltr'><strong>vulgata.</strong></span> <span class='ocrx_word' id='word_1_397' title='bbox 1402 1635 1432 1654; x_wconf 88' lang='lat' dir='ltr'><strong>v.</strong></span> <span class='ocrx_word' id='word_1_398' title='bbox 1450 1625 1486 1654; x_wconf 82' lang='lat' dir='ltr'><strong>ad</strong></span> <span class='ocrx_word' id='word_1_399' title='bbox 1505 1634 1535 1664; x_wconf 89' lang='lat' dir='ltr'>p.</span> <span class='ocrx_word' id='word_1_400' title='bbox 1553 1624 1648 1654; x_wconf 81' lang='lat'>1193.</span> <span class='ocrx_word' id='word_1_401' title='bbox 1663 1624 1714 1652; x_wconf 66' lang='lat'>024.</span> 
     </span>
    </p>
   </div>
   <div class='ocr_carea' id='block_1_5' title="bbox 430 1727 1646 1795">
    <p class='ocr_par' dir='ltr' id='par_1_15' title="bbox 430 1727 1646 1795">
     <span class='ocr_line' id='line_1_67' title="bbox 430 1727 1646 1795; baseline 0 -2"><span class='ocrx_word' id='word_1_402' title='bbox 430 1751 514 1793; x_wconf 90' lang='lat' dir='ltr'><strong>AD</strong></span> <span class='ocrx_word' id='word_1_403' title='bbox 548 1751 913 1794; x_wconf 83' lang='lat' dir='ltr'><strong>ORATIONEM</strong></span> <span class='ocrx_word' id='word_1_404' title='bbox 947 1753 1268 1795; x_wconf 75' lang='lat' dir='ltr'>ADVERSUS</span> <span class='ocrx_word' id='word_1_405' title='bbox 1301 1727 1646 1795; x_wconf 83' lang='lat' dir='ltr'>POLYCLEM.</span> 
     </span>
    </p>
   </div>
   <div class='ocr_carea' id='block_1_6' title="bbox 320 1843 1035 2141">
    <p class='ocr_par' dir='ltr' id='par_1_16' title="bbox 320 1843 1025 1926">
     <span class='ocr_line' id='line_1_68' title="bbox 363 1843 1025 1884; baseline 0.002 -11"><span class='ocrx_word' id='word_1_406' title='bbox 363 1844 458 1873; x_wconf 84' lang='grc'><strong>1906.</strong></span> <span class='ocrx_word' id='word_1_407' title='bbox 482 1843 569 1872; x_wconf 84' lang='lat' dir='ltr'><strong>Idem</strong></span> <span class='ocrx_word' id='word_1_408' title='bbox 586 1848 633 1872; x_wconf 89' lang='lat' dir='ltr'><strong>est</strong></span> <span class='ocrx_word' id='word_1_409' title='bbox 647 1844 735 1883; x_wconf 85' lang='lat' dir='ltr'><strong>hujus</strong></span> <span class='ocrx_word' id='word_1_410' title='bbox 750 1853 849 1873; x_wconf 83' lang='lat' dir='ltr'><strong>causae</strong></span> <span class='ocrx_word' id='word_1_411' title='bbox 860 1848 956 1880; x_wconf 85' lang='lat' dir='ltr'><strong>actor,</strong></span> <span class='ocrx_word' id='word_1_412' title='bbox 975 1845 1025 1884; x_wconf 89' lang='lat' dir='ltr'><strong>qui</strong></span> 
     </span>
     <span class='ocr_line' id='line_1_69' title="bbox 320 1885 902 1926; baseline 0.003 -12"><span class='ocrx_word' id='word_1_413' title='bbox 320 1885 502 1924; x_wconf 86' lang='lat' dir='ltr'><strong>superioris,</strong></span> <span class='ocrx_word' id='word_1_414' title='bbox 514 1886 734 1926; x_wconf 74' lang='lat' dir='ltr'><strong>Apoilvdorus,</strong></span> <span class='ocrx_word' id='word_1_415' title='bbox 750 1887 902 1916; x_wconf 77' lang='lat' dir='ltr'><strong>Pasionis.</strong></span> 
     </span>
    </p>

    <p class='ocr_par' dir='ltr' id='par_1_17' title="bbox 320 1929 1035 2138">
     <span class='ocr_line' id='line_1_70' title="bbox 362 1929 1032 1969; baseline 0.003 -12"><span class='ocrx_word' id='word_1_416' title='bbox 362 1945 403 1950; x_wconf 87' lang='lat'>-</span> <span class='ocrx_word' id='word_1_417' title='bbox 421 1932 450 1958; x_wconf 93' lang='lat'><strong>1.</strong></span> <span class='ocrx_word' id='word_1_418' title='bbox 474 1929 537 1969; x_wconf 78' lang='grc' dir='ltr'>καὶ]</span> <span class='ocrx_word' id='word_1_419' title='bbox 562 1934 615 1958; x_wconf 87' lang='lat' dir='ltr'><strong>aut</strong></span> <span class='ocrx_word' id='word_1_420' title='bbox 636 1929 684 1957; x_wconf 78' lang='grc' dir='ltr'><strong>καὶ</strong></span> <span class='ocrx_word' id='word_1_421' title='bbox 707 1935 754 1959; x_wconf 84' lang='lat' dir='ltr'><strong>est</strong></span> <span class='ocrx_word' id='word_1_422' title='bbox 777 1930 954 1965; x_wconf 79' lang='lat' dir='ltr'><strong>delendum,</strong></span> <span class='ocrx_word' id='word_1_423' title='bbox 980 1935 1032 1959; x_wconf 86' lang='lat' dir='ltr'><strong>ant</strong></span> 
     </span>
     <span class='ocr_line' id='line_1_71' title="bbox 320 1971 1032 2012; baseline 0.004 -12"><span class='ocrx_word' id='word_1_424' title='bbox 320 1971 415 2000; x_wconf 82' lang='lat' dir='ltr'><strong>lectio</strong></span> <span class='ocrx_word' id='word_1_425' title='bbox 438 1972 582 2010; x_wconf 84' lang='lat' dir='ltr'>marginis</span> <span class='ocrx_word' id='word_1_426' title='bbox 604 1972 706 2001; x_wconf 78' lang='lat' dir='ltr'><strong>Latet.</strong></span> <span class='ocrx_word' id='word_1_427' title='bbox 720 1973 863 2012; x_wconf 81' lang='lat' dir='ltr'><strong>optanda,</strong></span> <span class='ocrx_word' id='word_1_428' title='bbox 880 1979 932 2003; x_wconf 88' lang='lat' dir='ltr'><strong>aut</strong></span> <span class='ocrx_word' id='word_1_429' title='bbox 946 1973 1032 2003; x_wconf 84' lang='lat' dir='ltr'><strong>deni-</strong></span> 
     </span>
     <span class='ocr_line' id='line_1_72' title="bbox 322 2015 1034 2056; baseline 0.004 -13"><span class='ocrx_word' id='word_1_430' title='bbox 322 2025 381 2052; x_wconf 91' lang='lat' dir='ltr'><strong>que</strong></span> <span class='ocrx_word' id='word_1_431' title='bbox 397 2015 459 2053; x_wconf 84' lang='lat' dir='ltr'>leg.</span> <span class='ocrx_word' id='word_1_432' title='bbox 476 2015 553 2054; x_wconf 72' lang='grc' dir='ltr'>ὑμᾶς</span> <span class='ocrx_word' id='word_1_433' title='bbox 566 2015 613 2044; x_wconf 79' lang='grc' dir='ltr'><strong>καὶ</strong></span> <span class='ocrx_word' id='word_1_434' title='bbox 630 2015 743 2050; x_wconf 80' lang='grc' dir='ltr'>πάντας</span> <span class='ocrx_word' id='word_1_435' title='bbox 761 2017 826 2050; x_wconf 78' lang='grc' dir='ltr'>τοὺς</span> <span class='ocrx_word' id='word_1_436' title='bbox 841 2015 1034 2056; x_wconf 78' lang='grc' dir='ltr'>διαγνωσομέ-</span> 
     </span>
     <span class='ocr_line' id='line_1_73' title="bbox 321 2058 1035 2100; baseline 0.006 -14"><span class='ocrx_word' id='word_1_437' title='bbox 321 2067 389 2090; x_wconf 86' lang='grc' dir='ltr'>νους.</span> <span class='ocrx_word' id='word_1_438' title='bbox 414 2068 458 2086; x_wconf 79' lang='lat' dir='ltr'><strong>vos</strong></span> <span class='ocrx_word' id='word_1_439' title='bbox 486 2062 606 2097; x_wconf 77' lang='lat' dir='ltr'><strong>oportet,</strong></span> <span class='ocrx_word' id='word_1_440' title='bbox 629 2069 644 2087; x_wconf 89' lang='lat' dir='ltr'><strong>o</strong></span> <span class='ocrx_word' id='word_1_441' title='bbox 659 2058 792 2096; x_wconf 77' lang='lat' dir='ltr'><strong>judices,</strong></span> <span class='ocrx_word' id='word_1_442' title='bbox 817 2064 845 2088; x_wconf 84' lang='lat' dir='ltr'><strong>et</strong></span> <span class='ocrx_word' id='word_1_443' title='bbox 870 2061 1035 2100; x_wconf 75' lang='lat' dir='ltr'><strong>quicunque</strong></span> 
     </span>
     <span class='ocr_line' id='line_1_74' title="bbox 320 2102 707 2141; baseline 0 -11"><span class='ocrx_word' id='word_1_444' title='bbox 320 2106 384 2138; x_wconf 79' lang='lat' dir='ltr'><strong>post</strong></span> <span class='ocrx_word' id='word_1_445' title='bbox 400 2109 446 2130; x_wconf 71' lang='lat' dir='ltr'><strong>‘tos</strong></span> <span class='ocrx_word' id='word_1_446' title='bbox 462 2107 530 2130; x_wconf 75' lang='lat' dir='ltr'><strong>sunt</strong></span> <span class='ocrx_word' id='word_1_447' title='bbox 546 2102 707 2141; x_wconf 72' lang='lat' dir='ltr'><strong>cognituvi.</strong></span> 
     </span>
    </p>
   </div>
   <div class='ocr_carea' id='block_1_7' title="bbox 325 2142 1044 3043">
    <p class='ocr_par' dir='ltr' id='par_1_18' title="bbox 325 2142 1036 2215">
     <span class='ocr_line' id='line_1_75' title="bbox 367 2142 1036 2185; baseline 0.006 -13"><span class='ocrx_word' id='word_1_448' title='bbox 367 2160 410 2168; x_wconf 84' lang='lat'><strong>-—-</strong></span> <span class='ocrx_word' id='word_1_449' title='bbox 427 2145 458 2173; x_wconf 94' lang='lat'><strong>9.</strong></span> <span class='ocrx_word' id='word_1_450' title='bbox 471 2142 539 2183; x_wconf 76' lang='grc' dir='ltr'>ἐμός</span> <span class='ocrx_word' id='word_1_451' title='bbox 553 2143 582 2182; x_wconf 81' lang='grc' dir='ltr'><strong>γ’</strong></span> <span class='ocrx_word' id='word_1_452' title='bbox 596 2144 627 2173; x_wconf 77' lang='grc' dir='ltr'><strong>ἂν</strong></span> <span class='ocrx_word' id='word_1_453' title='bbox 641 2142 685 2185; x_wconf 81' lang='grc' dir='ltr'><strong>ἠν]</strong></span> <span class='ocrx_word' id='word_1_454' title='bbox 703 2143 860 2182; x_wconf 73' lang='lat' dir='ltr'><strong>addidiy’,</strong></span> <span class='ocrx_word' id='word_1_455' title='bbox 876 2144 1036 2176; x_wconf 66' lang='grc' dir='ltr'>ἱ3ῐηεῑεὶτ</span> 
     </span>
     <span class='ocr_line' id='line_1_76' title="bbox 325 2186 457 2215; baseline 0 0"><span class='ocrx_word' id='word_1_456' title='bbox 325 2186 457 2215; x_wconf 87' lang='lat' dir='ltr'><strong>mallem.</strong></span> 
     </span>
    </p>

    <p class='ocr_par' dir='ltr' id='par_1_19' title="bbox 325 2229 1037 2310">
     <span class='ocr_line' id='line_1_77' title="bbox 369 2229 1037 2271; baseline 0.001 -13"><span class='ocrx_word' id='word_1_457' title='bbox 369 2231 480 2258; x_wconf 86' lang='grc'><strong>-17.</strong></span> <span class='ocrx_word' id='word_1_458' title='bbox 507 2229 557 2270; x_wconf 71' lang='grc' dir='ltr'><strong>ὡς]</strong></span> <span class='ocrx_word' id='word_1_459' title='bbox 586 2230 615 2260; x_wconf 86' lang='lat' dir='ltr'><strong>h.</strong></span> <span class='ocrx_word' id='word_1_460' title='bbox 646 2230 667 2259; x_wconf 88' lang='lat' dir='ltr'><strong>l.</strong></span> <span class='ocrx_word' id='word_1_461' title='bbox 699 2234 757 2266; x_wconf 87' lang='lat' dir='ltr'><strong>est,</strong></span> <span class='ocrx_word' id='word_1_462' title='bbox 785 2241 865 2270; x_wconf 82' lang='lat' dir='ltr'><strong>nam,</strong></span> <span class='ocrx_word' id='word_1_463' title='bbox 890 2232 1037 2271; x_wconf 79' lang='lat' dir='ltr'><strong>quoniam,</strong></span> 
     </span>
     <span class='ocr_line' id='line_1_78' title="bbox 325 2282 440 2310; baseline 0 -9"><span class='ocrx_word' id='word_1_464' title='bbox 325 2282 440 2310; x_wconf 77' lang='lat' dir='ltr'>quzppe.</span> 
     </span>
    </p>

    <p class='ocr_par' dir='ltr' id='par_1_20' title="bbox 372 2314 1016 2355">
     <span class='ocr_line' id='line_1_79' title="bbox 372 2314 1016 2355; baseline 0.002 -11"><span class='ocrx_word' id='word_1_465' title='bbox 372 2317 466 2346; x_wconf 66' lang='lat'>1207.</span> <span class='ocrx_word' id='word_1_466' title='bbox 483 2317 513 2345; x_wconf 88' lang='grc'><strong>6.</strong></span> <span class='ocrx_word' id='word_1_467' title='bbox 529 2314 630 2355; x_wconf 77' lang='grc' dir='ltr'>αὐτοῦ]</span> <span class='ocrx_word' id='word_1_468' title='bbox 647 2316 709 2351; x_wconf 88' lang='lat' dir='ltr'><strong>hic,</strong></span> <span class='ocrx_word' id='word_1_469' title='bbox 726 2316 866 2351; x_wconf 79' lang='lat' dir='ltr'><strong>Athenis,</strong></span> <span class='ocrx_word' id='word_1_470' title='bbox 881 2317 910 2345; x_wconf 87' lang='lat' dir='ltr'><strong>in</strong></span> <span class='ocrx_word' id='word_1_471' title='bbox 922 2317 1016 2347; x_wconf 78' lang='lat' dir='ltr'>Urbe.</span> 
     </span>
    </p>

    <p class='ocr_par' dir='ltr' id='par_1_21' title="bbox 327 2357 1044 3043">
     <span class='ocr_line' id='line_1_80' title="bbox 369 2357 1039 2398; baseline 0.004 -12"><span class='ocrx_word' id='word_1_472' title='bbox 369 2375 412 2380; x_wconf 89' lang='lat'><strong>—-</strong></span> <span class='ocrx_word' id='word_1_473' title='bbox 434 2357 509 2387; x_wconf 87' lang='lat' dir='ltr'>ibid.</span> <span class='ocrx_word' id='word_1_474' title='bbox 526 2358 663 2398; x_wconf 82' lang='grc' dir='ltr'>ἀκοῦσαι]</span> <span class='ocrx_word' id='word_1_475' title='bbox 686 2369 865 2398; x_wconf 85' lang='lat' dir='ltr'><strong>quamquam</strong></span> <span class='ocrx_word' id='word_1_476' title='bbox 884 2360 1039 2398; x_wconf 79' lang='lat' dir='ltr'><strong>discrepat</strong></span> 
     </span>
     <span class='ocr_line' id='line_1_81' title="bbox 327 2400 1038 2442; baseline 0.003 -13"><span class='ocrx_word' id='word_1_477' title='bbox 327 2401 386 2430; x_wconf 83' lang='lat' dir='ltr'><strong>hoc</strong></span> <span class='ocrx_word' id='word_1_478' title='bbox 409 2412 426 2430; x_wconf 88' lang='lat' dir='ltr'><strong>a</strong></span> <span class='ocrx_word' id='word_1_479' title='bbox 451 2401 674 2439; x_wconf 86' lang='lat' dir='ltr'><strong>superioribus,</strong></span> <span class='ocrx_word' id='word_1_480' title='bbox 698 2400 893 2441; x_wconf 72' lang='grc' dir='ltr'>ἀναμνήσθητε</span> <span class='ocrx_word' id='word_1_481' title='bbox 917 2407 947 2432; x_wconf 88' lang='lat' dir='ltr'><strong>et</strong></span> <span class='ocrx_word' id='word_1_482' title='bbox 967 2403 1038 2442; x_wconf 75' lang='grc' dir='ltr'><strong>φρά-</strong></span> 
     </span>
     <span class='ocr_line' id='line_1_82' title="bbox 329 2443 1039 2483; baseline 0.003 -11"><span class='ocrx_word' id='word_1_483' title='bbox 329 2443 405 2483; x_wconf 78' lang='grc' dir='ltr'>ζετε,</span> <span class='ocrx_word' id='word_1_484' title='bbox 430 2445 540 2482; x_wconf 79' lang='lat' dir='ltr'><strong>quibus</strong></span> <span class='ocrx_word' id='word_1_485' title='bbox 567 2445 592 2473; x_wconf 88' lang='lat' dir='ltr'><strong>si</strong></span> <span class='ocrx_word' id='word_1_486' title='bbox 617 2445 833 2475; x_wconf 76' lang='lat' dir='ltr'><strong>convenienter</strong></span> <span class='ocrx_word' id='word_1_487' title='bbox 856 2445 960 2475; x_wconf 84' lang='lat' dir='ltr'><strong>dicere</strong></span> <span class='ocrx_word' id='word_1_488' title='bbox 985 2456 1039 2474; x_wconf 88' lang='lat' dir='ltr'><strong>vo-</strong></span> 
     </span>
     <span class='ocr_line' id='line_1_83' title="bbox 330 2488 1040 2527; baseline 0.003 -12"><span class='ocrx_word' id='word_1_489' title='bbox 330 2488 441 2516; x_wconf 85' lang='lat' dir='ltr'><strong>luisset</strong></span> <span class='ocrx_word' id='word_1_490' title='bbox 450 2492 562 2523; x_wconf 82' lang='lat' dir='ltr'><strong>orator,</strong></span> <span class='ocrx_word' id='word_1_491' title='bbox 574 2488 708 2518; x_wconf 79' lang='lat' dir='ltr'><strong>dixisset</strong></span> <span class='ocrx_word' id='word_1_492' title='bbox 718 2488 876 2523; x_wconf 78' lang='grc' dir='ltr'>ἀκούσατε,</span> <span class='ocrx_word' id='word_1_493' title='bbox 888 2489 1040 2527; x_wconf 89' lang='lat' dir='ltr'><strong>quomodo</strong></span> 
     </span>
     <span class='ocr_line' id='line_1_84' title="bbox 332 2529 1040 2568; baseline 0.003 -10"><span class='ocrx_word' id='word_1_494' title='bbox 332 2529 362 2558; x_wconf 90' lang='lat' dir='ltr'><strong>in</strong></span> <span class='ocrx_word' id='word_1_495' title='bbox 386 2529 521 2568; x_wconf 85' lang='lat' dir='ltr'><strong>margine</strong></span> <span class='ocrx_word' id='word_1_496' title='bbox 546 2532 645 2560; x_wconf 86' lang='lat' dir='ltr'><strong>Lutet.</strong></span> <span class='ocrx_word' id='word_1_497' title='bbox 669 2536 842 2561; x_wconf 81' lang='lat' dir='ltr'><strong>annotatum</strong></span> <span class='ocrx_word' id='word_1_498' title='bbox 859 2537 916 2567; x_wconf 87' lang='lat' dir='ltr'><strong>est,</strong></span> <span class='ocrx_word' id='word_1_499' title='bbox 936 2531 1040 2561; x_wconf 88' lang='lat' dir='ltr'><strong>nescio</strong></span> 
     </span>
     <span class='ocr_line' id='line_1_85' title="bbox 333 2572 1042 2613; baseline 0.004 -12"><span class='ocrx_word' id='word_1_500' title='bbox 333 2572 424 2601; x_wconf 90' lang='lat' dir='ltr'><strong>unde.</strong></span> <span class='ocrx_word' id='word_1_501' title='bbox 469 2573 530 2602; x_wconf 88' lang='lat' dir='ltr'><strong>Sed</strong></span> <span class='ocrx_word' id='word_1_502' title='bbox 556 2575 632 2602; x_wconf 89' lang='lat' dir='ltr'><strong>bene</strong></span> <span class='ocrx_word' id='word_1_503' title='bbox 657 2574 747 2604; x_wconf 83' lang='lat' dir='ltr'><strong>habet</strong></span> <span class='ocrx_word' id='word_1_504' title='bbox 769 2575 904 2613; x_wconf 82' lang='lat' dir='ltr'><strong>vulgata.</strong></span> <span class='ocrx_word' id='word_1_505' title='bbox 926 2574 1042 2613; x_wconf 84' lang='lat' dir='ltr'><strong>placuit</strong></span> 
     </span>
     <span class='ocr_line' id='line_1_86' title="bbox 334 2614 1041 2657; baseline 0.004 -13"><span class='ocrx_word' id='word_1_506' title='bbox 334 2614 448 2645; x_wconf 81' lang='lat' dir='ltr'><strong>oratori</strong></span> <span class='ocrx_word' id='word_1_507' title='bbox 478 2616 737 2646; x_wconf 64' lang='lat' dir='ltr'><strong>constructionem</strong></span> <span class='ocrx_word' id='word_1_508' title='bbox 766 2618 896 2647; x_wconf 86' lang='lat' dir='ltr'><strong>variare.</strong></span> <span class='ocrx_word' id='word_1_509' title='bbox 928 2615 1041 2657; x_wconf 75' lang='grc' dir='ltr'>δέομαι,</span> 
     </span>
     <span class='ocr_line' id='line_1_87' title="bbox 333 2659 1042 2699; baseline 0.006 -13"><span class='ocrx_word' id='word_1_510' title='bbox 333 2662 367 2687; x_wconf 87' lang='lat' dir='ltr'><strong>ut</strong></span> <span class='ocrx_word' id='word_1_511' title='bbox 393 2663 496 2696; x_wconf 78' lang='lat' dir='ltr'><strong>potest</strong></span> <span class='ocrx_word' id='word_1_512' title='bbox 519 2668 588 2688; x_wconf 89' lang='lat' dir='ltr'><strong>cum</strong></span> <span class='ocrx_word' id='word_1_513' title='bbox 613 2659 796 2697; x_wconf 86' lang='lat' dir='ltr'><strong>imperativo</strong></span> <span class='ocrx_word' id='word_1_514' title='bbox 820 2660 969 2699; x_wconf 82' lang='lat' dir='ltr'><strong>copulari,</strong></span> <span class='ocrx_word' id='word_1_515' title='bbox 995 2661 1042 2690; x_wconf 80' lang='lat' dir='ltr'><strong>sio</strong></span> 
     </span>
     <span class='ocr_line' id='line_1_88' title="bbox 331 2698 1042 2742; baseline 0.001 -10"><span class='ocrx_word' id='word_1_516' title='bbox 331 2698 407 2732; x_wconf 80' lang='lat' dir='ltr'><strong>item</strong></span> <span class='ocrx_word' id='word_1_517' title='bbox 433 2706 547 2740; x_wconf 87' lang='lat' dir='ltr'><strong>potest,</strong></span> <span class='ocrx_word' id='word_1_518' title='bbox 565 2706 596 2731; x_wconf 89' lang='lat' dir='ltr'><strong>et</strong></span> <span class='ocrx_word' id='word_1_519' title='bbox 623 2703 701 2731; x_wconf 81' lang='lat' dir='ltr'><strong>solet</strong></span> <span class='ocrx_word' id='word_1_520' title='bbox 724 2703 814 2732; x_wconf 87' lang='lat' dir='ltr'><strong>etiam</strong></span> <span class='ocrx_word' id='word_1_521' title='bbox 838 2704 948 2742; x_wconf 85' lang='lat' dir='ltr'><strong>magis,</strong></span> <span class='ocrx_word' id='word_1_522' title='bbox 973 2714 1042 2733; x_wconf 86' lang='lat' dir='ltr'><strong>cum</strong></span> 
     </span>
     <span class='ocr_line' id='line_1_89' title="bbox 333 2744 1043 2785; baseline 0.001 -12"><span class='ocrx_word' id='word_1_523' title='bbox 333 2744 484 2773; x_wconf 76' lang='lat' dir='ltr'><strong>infinitivo</strong></span> <span class='ocrx_word' id='word_1_524' title='bbox 514 2744 664 2782; x_wconf 79' lang='lat' dir='ltr'><strong>copulari.</strong></span> <span class='ocrx_word' id='word_1_525' title='bbox 690 2744 791 2784; x_wconf 77' lang='grc' dir='ltr'>δέομαι</span> <span class='ocrx_word' id='word_1_526' title='bbox 821 2747 898 2785; x_wconf 79' lang='grc' dir='ltr'>ὑμῶν</span> <span class='ocrx_word' id='word_1_527' title='bbox 924 2745 1043 2776; x_wconf 79' lang='grc' dir='ltr'>ἀκοῦσαί</span> 
     </span>
     <span class='ocr_line' id='line_1_90' title="bbox 332 2787 1042 2827; baseline 0.006 -12"><span class='ocrx_word' id='word_1_528' title='bbox 332 2798 400 2825; x_wconf 79' lang='grc' dir='ltr'>μου.</span> <span class='ocrx_word' id='word_1_529' title='bbox 425 2787 470 2815; x_wconf 87' lang='lat' dir='ltr'><strong>vel</strong></span> <span class='ocrx_word' id='word_1_530' title='bbox 489 2787 514 2816; x_wconf 87' lang='lat' dir='ltr'><strong>si</strong></span> <span class='ocrx_word' id='word_1_531' title='bbox 533 2787 672 2816; x_wconf 80' lang='lat' dir='ltr'><strong>nolumus</strong></span> <span class='ocrx_word' id='word_1_532' title='bbox 693 2788 752 2817; x_wconf 88' lang='lat' dir='ltr'><strong>huc</strong></span> <span class='ocrx_word' id='word_1_533' title='bbox 768 2787 868 2827; x_wconf 79' lang='grc' dir='ltr'>δέομαι</span> <span class='ocrx_word' id='word_1_534' title='bbox 883 2799 1042 2825; x_wconf 79' lang='lat' dir='ltr'><strong>revocare,</strong></span> 
     </span>
     <span class='ocr_line' id='line_1_91' title="bbox 333 2829 1043 2870; baseline 0.006 -12"><span class='ocrx_word' id='word_1_535' title='bbox 333 2830 407 2860; x_wconf 85' lang='lat' dir='ltr'><strong>licet</strong></span> <span class='ocrx_word' id='word_1_536' title='bbox 419 2829 602 2859; x_wconf 83' lang='lat' dir='ltr'><strong>infinitivum</strong></span> <span class='ocrx_word' id='word_1_537' title='bbox 618 2831 756 2859; x_wconf 81' lang='lat' dir='ltr'><strong>absolute</strong></span> <span class='ocrx_word' id='word_1_538' title='bbox 773 2832 906 2869; x_wconf 86' lang='lat' dir='ltr'><strong>positum</strong></span> <span class='ocrx_word' id='word_1_539' title='bbox 923 2842 978 2870; x_wconf 83' lang='lat' dir='ltr'><strong>pro</strong></span> <span class='ocrx_word' id='word_1_540' title='bbox 988 2832 1043 2862; x_wconf 91' lang='lat' dir='ltr'><strong>im·</strong></span> 
     </span>
     <span class='ocr_line' id='line_1_92' title="bbox 333 2873 1044 2913; baseline 0.003 -11"><span class='ocrx_word' id='word_1_541' title='bbox 333 2874 472 2912; x_wconf 77' lang='lat' dir='ltr'><strong>perativo</strong></span> <span class='ocrx_word' id='word_1_542' title='bbox 499 2873 631 2910; x_wconf 82' lang='lat' dir='ltr'><strong>habere3</strong></span> <span class='ocrx_word' id='word_1_543' title='bbox 653 2873 706 2912; x_wconf 90' lang='lat' dir='ltr'><strong>qui</strong></span> <span class='ocrx_word' id='word_1_544' title='bbox 736 2884 801 2903; x_wconf 89' lang='lat' dir='ltr'><strong>mos</strong></span> <span class='ocrx_word' id='word_1_545' title='bbox 831 2874 985 2913; x_wconf 84' lang='lat' dir='ltr'><strong>loquendi,</strong></span> <span class='ocrx_word' id='word_1_546' title='bbox 1011 2879 1044 2904; x_wconf 83' lang='lat' dir='ltr'><strong>ut</strong></span> 
     </span>
     <span class='ocr_line' id='line_1_93' title="bbox 333 2915 1032 2955; baseline 0.003 -10"><span class='ocrx_word' id='word_1_547' title='bbox 333 2916 402 2945; x_wconf 62' lang='lat' dir='ltr'><strong>scil.</strong></span> <span class='ocrx_word' id='word_1_548' title='bbox 417 2915 584 2946; x_wconf 78' lang='lat' dir='ltr'><strong>infinitivus</strong></span> <span class='ocrx_word' id='word_1_549' title='bbox 600 2926 656 2954; x_wconf 85' lang='lat' dir='ltr'><strong>pro</strong></span> <span class='ocrx_word' id='word_1_550' title='bbox 670 2916 851 2955; x_wconf 82' lang='lat' dir='ltr'><strong>imperativo</strong></span> <span class='ocrx_word' id='word_1_551' title='bbox 868 2923 1032 2955; x_wconf 85' lang='lat' dir='ltr'><strong>usurpetur</strong></span> 
     </span>
     <span class='ocr_line' id='line_1_94' title="bbox 335 2959 1042 2998; baseline 0.004 -12"><span class='ocrx_word' id='word_1_552' title='bbox 335 2959 453 2987; x_wconf 80' lang='lat' dir='ltr'><strong>Graecis</strong></span> <span class='ocrx_word' id='word_1_553' title='bbox 480 2964 528 2989; x_wconf 87' lang='lat' dir='ltr'><strong>est</strong></span> <span class='ocrx_word' id='word_1_554' title='bbox 551 2969 695 2998; x_wconf 78' lang='lat' dir='ltr'><strong>perquam</strong></span> <span class='ocrx_word' id='word_1_555' title='bbox 727 2959 895 2988; x_wconf 78' lang='lat' dir='ltr'><strong>familiaris.</strong></span> <span class='ocrx_word' id='word_1_556' title='bbox 922 2964 953 2989; x_wconf 89' lang='lat' dir='ltr'><strong>et</strong></span> <span class='ocrx_word' id='word_1_557' title='bbox 980 2965 1042 2989; x_wconf 84' lang='lat' dir='ltr'><strong>tum</strong></span> 
     </span>
     <span class='ocr_line' id='line_1_95' title="bbox 333 3001 1044 3043; baseline 0.004 -13"><span class='ocrx_word' id='word_1_558' title='bbox 333 3001 514 3031; x_wconf 83' lang='lat' dir='ltr'><strong>subauditur</strong></span> <span class='ocrx_word' id='word_1_559' title='bbox 536 3001 585 3037; x_wconf 66' lang='grc' dir='ltr'>δεῖ,</span> <span class='ocrx_word' id='word_1_560' title='bbox 607 3003 674 3043; x_wconf 63' lang='grc' dir='ltr'><strong>χρὴ,</strong></span> <span class='ocrx_word' id='word_1_561' title='bbox 691 3001 862 3042; x_wconf 68' lang='grc' dir='ltr'>μέμνησθε,</span> <span class='ocrx_word' id='word_1_562' title='bbox 880 3003 927 3032; x_wconf 80' lang='lat' dir='ltr'><strong>vei</strong></span> <span class='ocrx_word' id='word_1_563' title='bbox 944 3003 1044 3033; x_wconf 87' lang='lat' dir='ltr'><strong>simile</strong></span> 
     </span>
    </p>
   </div>
   <div class='ocr_carea' id='block_1_8' title="bbox 1064 1845 1783 2916">
    <p class='ocr_par' dir='ltr' id='par_1_22' title="bbox 1064 1845 1352 1885">
     <span class='ocr_line' id='line_1_96' title="bbox 1064 1845 1352 1885; baseline 0 -10"><span class='ocrx_word' id='word_1_564' title='bbox 1064 1845 1137 1885; x_wconf 92' lang='lat' dir='ltr'><strong>quid</strong></span> <span class='ocrx_word' id='word_1_565' title='bbox 1152 1856 1209 1885; x_wconf 89' lang='lat' dir='ltr'><strong>pro</strong></span> <span class='ocrx_word' id='word_1_566' title='bbox 1223 1855 1257 1875; x_wconf 84' lang='lat' dir='ltr'><strong>re</strong></span> <span class='ocrx_word' id='word_1_567' title='bbox 1274 1850 1352 1875; x_wconf 76' lang='lat' dir='ltr'>nata.</span> 
     </span>
    </p>

    <p class='ocr_par' dir='ltr' id='par_1_23' title="bbox 1065 1886 1774 2144">
     <span class='ocr_line' id='line_1_97' title="bbox 1106 1886 1770 1930; baseline -0.006 -11"><span class='ocrx_word' id='word_1_568' title='bbox 1106 1906 1149 1911; x_wconf 89' lang='lat'><strong>——-</strong></span> <span class='ocrx_word' id='word_1_569' title='bbox 1166 1891 1196 1919; x_wconf 88' lang='lat'><strong>8.</strong></span> <span class='ocrx_word' id='word_1_570' title='bbox 1217 1887 1253 1922; x_wconf 84' lang='grc' dir='ltr'>οις</span> <span class='ocrx_word' id='word_1_571' title='bbox 1269 1889 1315 1930; x_wconf 73' lang='grc' dir='ltr'><strong>ἂν]</strong></span> <span class='ocrx_word' id='word_1_572' title='bbox 1334 1890 1410 1918; x_wconf 89' lang='lat' dir='ltr'><strong>bene</strong></span> <span class='ocrx_word' id='word_1_573' title='bbox 1427 1887 1528 1917; x_wconf 82' lang='lat' dir='ltr'><strong>habet.</strong></span> <span class='ocrx_word' id='word_1_574' title='bbox 1573 1886 1770 1916; x_wconf 78' lang='lat' dir='ltr'><strong>constructio</strong></span> 
     </span>
     <span class='ocr_line' id='line_1_98' title="bbox 1065 1928 1772 1982; baseline -0.001 -22"><span class='ocrx_word' id='word_1_575' title='bbox 1065 1931 1152 1960; x_wconf 81' lang='lat' dir='ltr'><strong>haec:</strong></span> <span class='ocrx_word' id='word_1_576' title='bbox 1176 1931 1221 1960; x_wconf 78' lang='grc' dir='ltr'><strong>καὶ</strong></span> <span class='ocrx_word' id='word_1_577' title='bbox 1245 1930 1300 1961; x_wconf 60' lang='grc' dir='ltr'><strong>ἐπὶ</strong></span> <span class='ocrx_word' id='word_1_578' title='bbox 1319 1931 1425 1961; x_wconf 81' lang='grc' dir='ltr'>τούτων</span> <span class='ocrx_word' id='word_1_579' title='bbox 1447 1930 1562 1960; x_wconf 70' lang='grc' dir='ltr'>ἑκάστω</span> <span class='ocrx_word' id='word_1_580' title='bbox 1579 1940 1728 1982; x_wconf 83' lang='grc' dir='ltr'>παρεχομε</span> <span class='ocrx_word' id='word_1_581' title='bbox 1718 1928 1754 1958; x_wconf 92' lang='grc' dir='ltr'><strong>νο</strong></span> <span class='ocrx_word' id='word_1_582' title='bbox 1757 1941 1772 1959; x_wconf 81' lang='grc' dir='ltr'><em>υ</em></span> 
     </span>
     <span class='ocr_line' id='line_1_99' title="bbox 1066 1971 1773 2013; baseline -0.004 -10"><span class='ocrx_word' id='word_1_583' title='bbox 1066 1973 1136 2013; x_wconf 77' lang='grc' dir='ltr'>ἐμοῦ</span> <span class='ocrx_word' id='word_1_584' title='bbox 1154 1974 1273 2010; x_wconf 82' lang='grc' dir='ltr'>τούτοις,</span> <span class='ocrx_word' id='word_1_585' title='bbox 1291 1973 1309 2003; x_wconf 76' lang='grc' dir='ltr'>ἃ</span> <span class='ocrx_word' id='word_1_586' title='bbox 1326 1974 1358 2004; x_wconf 70' lang='grc' dir='ltr'><strong>ἂν</strong></span> <span class='ocrx_word' id='word_1_587' title='bbox 1378 1973 1464 2012; x_wconf 82' lang='grc' dir='ltr'>λέγω,</span> <span class='ocrx_word' id='word_1_588' title='bbox 1480 1985 1546 2007; x_wconf 87' lang='grc' dir='ltr'>τους</span> <span class='ocrx_word' id='word_1_589' title='bbox 1569 1971 1678 2013; x_wconf 84' lang='grc' dir='ltr'>νόμους.</span> <span class='ocrx_word' id='word_1_590' title='bbox 1693 1977 1721 2002; x_wconf 81' lang='lat' dir='ltr'><strong>et</strong></span> <span class='ocrx_word' id='word_1_591' title='bbox 1742 1974 1773 2001; x_wconf 81' lang='lat' dir='ltr'><strong>in</strong></span> 
     </span>
     <span class='ocr_line' id='line_1_100' title="bbox 1066 2017 1774 2058; baseline -0.004 -12"><span class='ocrx_word' id='word_1_592' title='bbox 1066 2028 1236 2058; x_wconf 79' lang='lat' dir='ltr'><strong>unoquoque</strong></span> <span class='ocrx_word' id='word_1_593' title='bbox 1252 2017 1357 2047; x_wconf 79' lang='lat' dir='ltr'><strong>harum</strong></span> <span class='ocrx_word' id='word_1_594' title='bbox 1379 2027 1479 2046; x_wconf 70' lang='lat' dir='ltr'><strong>‘rmum</strong></span> <span class='ocrx_word' id='word_1_595' title='bbox 1499 2022 1608 2055; x_wconf 77' lang='lat' dir='ltr'><strong>puncto</strong></span> <span class='ocrx_word' id='word_1_596' title='bbox 1630 2017 1675 2046; x_wconf 79' lang='lat' dir='ltr'><strong>vel</strong></span> <span class='ocrx_word' id='word_1_597' title='bbox 1697 2017 1774 2044; x_wconf 77' lang='lat' dir='ltr'><strong>arti</strong></span> 
     </span>
     <span class='ocr_line' id='line_1_101' title="bbox 1067 2058 1774 2101; baseline -0.004 -11"><span class='ocrx_word' id='word_1_598' title='bbox 1067 2061 1146 2097; x_wconf 81' lang='lat' dir='ltr'><strong>culo,</strong></span> <span class='ocrx_word' id='word_1_599' title='bbox 1164 2060 1352 2101; x_wconf 59' lang='lat' dir='ltr'><strong>confirmante</strong></span> <span class='ocrx_word' id='word_1_600' title='bbox 1365 2071 1421 2097; x_wconf 86' lang='lat' dir='ltr'><strong>me,</strong></span> <span class='ocrx_word' id='word_1_601' title='bbox 1436 2069 1613 2100; x_wconf 80' lang='lat' dir='ltr'><strong>quaecwnque</strong></span> <span class='ocrx_word' id='word_1_602' title='bbox 1626 2060 1685 2094; x_wconf 80' lang='lat' dir='ltr'><strong>aio,</strong></span> <span class='ocrx_word' id='word_1_603' title='bbox 1701 2058 1774 2098; x_wconf 83' lang='lat' dir='ltr'><strong>legi-</strong></span> 
     </span>
     <span class='ocr_line' id='line_1_102' title="bbox 1069 2102 1303 2154; baseline -0.005 -20"><span class='ocrx_word' id='word_1_604' title='bbox 1069 2104 1122 2134; x_wconf 81' lang='lat' dir='ltr'><strong>bus</strong></span> <span class='ocrx_word' id='word_1_605' title='bbox 1134 2102 1303 2154; x_wconf 77' lang='lat' dir='ltr'><strong>afferendis.</strong></span> 
     </span>
    </p>

    <p class='ocr_par' dir='ltr' id='par_1_24' title="bbox 1111 2142 1667 2196">
     <span class='ocr_line' id='line_1_103' title="bbox 1111 2142 1667 2196; baseline -0.005 -19"><span class='ocrx_word' id='word_1_606' title='bbox 1111 2164 1155 2170; x_wconf 94' lang='lat'>—</span> <span class='ocrx_word' id='word_1_607' title='bbox 1170 2149 1222 2177; x_wconf 88' lang='lat'><strong>19.</strong></span> <span class='ocrx_word' id='word_1_608' title='bbox 1237 2144 1423 2186; x_wconf 72' lang='grc' dir='ltr'>ἔωεπόμφει]</span> <span class='ocrx_word' id='word_1_609' title='bbox 1440 2156 1484 2175; x_wconf 89' lang='lat' dir='ltr'>sc.</span> <span class='ocrx_word' id='word_1_610' title='bbox 1500 2142 1566 2184; x_wconf 64' lang='grc' dir='ltr'>πρὸς</span> <span class='ocrx_word' id='word_1_611' title='bbox 1577 2144 1667 2196; x_wconf 65' lang='grc' dir='ltr'><strong>ὑμξις.</strong></span> 
     </span>
    </p>

    <p class='ocr_par' dir='ltr' id='par_1_25' title="bbox 1112 2185 1775 2229">
     <span class='ocr_line' id='line_1_104' title="bbox 1112 2185 1775 2229; baseline -0.009 -8"><span class='ocrx_word' id='word_1_612' title='bbox 1112 2207 1154 2213; x_wconf 90' lang='lat'><strong>·—-</strong></span> <span class='ocrx_word' id='word_1_613' title='bbox 1169 2192 1221 2221; x_wconf 72' lang='lat'><strong>25.</strong></span> <span class='ocrx_word' id='word_1_614' title='bbox 1242 2191 1297 2218; x_wconf 80' lang='grc' dir='ltr'><strong>τῶν</strong></span> <span class='ocrx_word' id='word_1_615' title='bbox 1312 2188 1456 2229; x_wconf 66' lang='grc' dir='ltr'>ἐμπόρων]</span> <span class='ocrx_word' id='word_1_616' title='bbox 1470 2188 1536 2217; x_wconf 81' lang='lat' dir='ltr'><strong>scil.</strong></span> <span class='ocrx_word' id='word_1_617' title='bbox 1553 2189 1608 2217; x_wconf 74' lang='grc' dir='ltr'><strong>τῶν</strong></span> <span class='ocrx_word' id='word_1_618' title='bbox 1622 2185 1775 2226; x_wconf 69' lang='grc' dir='ltr'>ὑμετέρων.</span> 
     </span>
    </p>

    <p class='ocr_par' dir='ltr' id='par_1_26' title="bbox 1071 2230 1779 2434">
     <span class='ocr_line' id='line_1_105' title="bbox 1112 2230 1775 2272; baseline -0.006 -10"><span class='ocrx_word' id='word_1_619' title='bbox 1112 2249 1156 2255; x_wconf 88' lang='lat'><strong>-—-</strong></span> <span class='ocrx_word' id='word_1_620' title='bbox 1170 2242 1240 2272; x_wconf 87' lang='lat' dir='ltr'>pen.</span> <span class='ocrx_word' id='word_1_621' title='bbox 1255 2242 1303 2261; x_wconf 79' lang='grc' dir='ltr'><strong>και</strong></span> <span class='ocrx_word' id='word_1_622' title='bbox 1318 2232 1428 2271; x_wconf 79' lang='grc' dir='ltr'>δρῶντες</span> <span class='ocrx_word' id='word_1_623' title='bbox 1437 2230 1494 2270; x_wconf 86' lang='grc'><strong>-]</strong></span> <span class='ocrx_word' id='word_1_624' title='bbox 1509 2232 1604 2260; x_wconf 86' lang='lat' dir='ltr'><strong>verba</strong></span> <span class='ocrx_word' id='word_1_625' title='bbox 1617 2230 1702 2259; x_wconf 81' lang='lat' dir='ltr'><strong>haec:</strong></span> <span class='ocrx_word' id='word_1_626' title='bbox 1728 2240 1775 2258; x_wconf 80' lang='grc' dir='ltr'><strong>και</strong></span> 
     </span>
     <span class='ocr_line' id='line_1_106' title="bbox 1071 2272 1778 2315; baseline -0.007 -10"><span class='ocrx_word' id='word_1_627' title='bbox 1071 2276 1181 2315; x_wconf 78' lang='grc' dir='ltr'>ὁρῶντες</span> <span class='ocrx_word' id='word_1_628' title='bbox 1203 2292 1247 2298; x_wconf 89' lang='grc'><strong>-</strong></span> <span class='ocrx_word' id='word_1_629' title='bbox 1265 2273 1375 2313; x_wconf 78' lang='grc' dir='ltr'>ἄφθονον</span> <span class='ocrx_word' id='word_1_630' title='bbox 1403 2272 1530 2304; x_wconf 75' lang='grc' dir='ltr'>ὠνεῖσθαι</span> <span class='ocrx_word' id='word_1_631' title='bbox 1544 2284 1551 2303; x_wconf 86' lang='lat'><strong>:</strong></span> <span class='ocrx_word' id='word_1_632' title='bbox 1584 2272 1730 2303; x_wconf 83' lang='lat' dir='ltr'><strong>videntur</strong></span> <span class='ocrx_word' id='word_1_633' title='bbox 1760 2282 1778 2300; x_wconf 91' lang='lat' dir='ltr'>a</span> 
     </span>
     <span class='ocr_line' id='line_1_107' title="bbox 1072 2316 1778 2355; baseline -0.006 -7"><span class='ocrx_word' id='word_1_634' title='bbox 1072 2320 1145 2348; x_wconf 86' lang='lat' dir='ltr'><strong>sede</strong></span> <span class='ocrx_word' id='word_1_635' title='bbox 1162 2328 1216 2347; x_wconf 84' lang='lat' dir='ltr'><strong>sua</strong></span> <span class='ocrx_word' id='word_1_636' title='bbox 1231 2318 1389 2348; x_wconf 82' lang='lat' dir='ltr'><strong>aberrasse</strong></span> <span class='ocrx_word' id='word_1_637' title='bbox 1405 2322 1437 2347; x_wconf 89' lang='lat' dir='ltr'><strong>et</strong></span> <span class='ocrx_word' id='word_1_638' title='bbox 1452 2318 1487 2346; x_wconf 85' lang='lat' dir='ltr'><strong>ad</strong></span> <span class='ocrx_word' id='word_1_639' title='bbox 1506 2327 1536 2355; x_wconf 84' lang='lat' dir='ltr'><strong>p.</strong></span> <span class='ocrx_word' id='word_1_640' title='bbox 1559 2318 1652 2347; x_wconf 87' lang='grc'><strong>1908.</strong></span> <span class='ocrx_word' id='word_1_641' title='bbox 1674 2319 1704 2345; x_wconf 92' lang='grc'><strong>1.</strong></span> <span class='ocrx_word' id='word_1_642' title='bbox 1724 2316 1778 2345; x_wconf 85' lang='lat' dir='ltr'><strong>de-</strong></span> 
     </span>
     <span class='ocr_line' id='line_1_108' title="bbox 1072 2358 1779 2400; baseline -0.006 -9"><span class='ocrx_word' id='word_1_643' title='bbox 1072 2361 1211 2391; x_wconf 87' lang='lat' dir='ltr'><strong>ducenda</strong></span> <span class='ocrx_word' id='word_1_644' title='bbox 1225 2366 1315 2399; x_wconf 82' lang='lat' dir='ltr'><strong>atque</strong></span> <span class='ocrx_word' id='word_1_645' title='bbox 1329 2371 1408 2400; x_wconf 88' lang='lat' dir='ltr'><strong>pone</strong></span> <span class='ocrx_word' id='word_1_646' title='bbox 1427 2358 1525 2394; x_wconf 80' lang='grc' dir='ltr'>αὐτοῗς</span> <span class='ocrx_word' id='word_1_647' title='bbox 1539 2369 1608 2390; x_wconf 80' lang='lat' dir='ltr'><strong>esse</strong></span> <span class='ocrx_word' id='word_1_648' title='bbox 1627 2359 1779 2389; x_wconf 80' lang='lat' dir='ltr'><strong>collocan-</strong></span> 
     </span>
     <span class='ocr_line' id='line_1_109' title="bbox 1072 2404 1315 2434; baseline -0.008 0"><span class='ocrx_word' id='word_1_649' title='bbox 1072 2405 1123 2434; x_wconf 87' lang='lat' dir='ltr'><strong>da.</strong></span> <span class='ocrx_word' id='word_1_650' title='bbox 1137 2410 1168 2434; x_wconf 82' lang='lat' dir='ltr'><strong>et</strong></span> <span class='ocrx_word' id='word_1_651' title='bbox 1183 2404 1229 2433; x_wconf 87' lang='lat' dir='ltr'><strong>sic</strong></span> <span class='ocrx_word' id='word_1_652' title='bbox 1245 2404 1315 2433; x_wconf 78' lang='lat' dir='ltr'><strong>feci.</strong></span> 
     </span>
    </p>

    <p class='ocr_par' dir='ltr' id='par_1_27' title="bbox 1073 2443 1780 2735">
     <span class='ocr_line' id='line_1_110' title="bbox 1116 2443 1777 2487; baseline -0.006 -10"><span class='ocrx_word' id='word_1_653' title='bbox 1116 2465 1157 2469; x_wconf 93' lang='lat'><strong>——-</strong></span> <span class='ocrx_word' id='word_1_654' title='bbox 1164 2447 1218 2477; x_wconf 88' lang='lat' dir='ltr'>ult.</span> <span class='ocrx_word' id='word_1_655' title='bbox 1230 2448 1321 2477; x_wconf 77' lang='grc' dir='ltr'>αὐτῶν</span> <span class='ocrx_word' id='word_1_656' title='bbox 1329 2446 1375 2475; x_wconf 81' lang='grc' dir='ltr'><strong>καὶ</strong></span> <span class='ocrx_word' id='word_1_657' title='bbox 1386 2444 1629 2487; x_wconf 76' lang='grc' dir='ltr'>συναγορευόντων]</span> <span class='ocrx_word' id='word_1_658' title='bbox 1643 2443 1777 2475; x_wconf 85' lang='lat' dir='ltr'><strong>correxi:</strong></span> 
     </span>
     <span class='ocr_line' id='line_1_111' title="bbox 1073 2487 1780 2528; baseline -0.004 -9"><span class='ocrx_word' id='word_1_659' title='bbox 1073 2490 1166 2520; x_wconf 74' lang='grc' dir='ltr'>αὐτῶν</span> <span class='ocrx_word' id='word_1_660' title='bbox 1185 2500 1219 2519; x_wconf 87' lang='grc' dir='ltr'><strong>τε</strong></span> <span class='ocrx_word' id='word_1_661' title='bbox 1240 2489 1385 2527; x_wconf 78' lang='grc' dir='ltr'>λεγόντων,</span> <span class='ocrx_word' id='word_1_662' title='bbox 1407 2489 1455 2519; x_wconf 80' lang='grc' dir='ltr'><strong>καὶ</strong></span> <span class='ocrx_word' id='word_1_663' title='bbox 1479 2492 1534 2518; x_wconf 77' lang='grc' dir='ltr'><strong>τῶν</strong></span> <span class='ocrx_word' id='word_1_664' title='bbox 1553 2487 1780 2528; x_wconf 81' lang='grc' dir='ltr'>συναγορευόντων</span> 
     </span>
     <span class='ocr_line' id='line_1_112' title="bbox 1074 2530 1780 2572; baseline -0.004 -10"><span class='ocrx_word' id='word_1_665' title='bbox 1074 2533 1170 2567; x_wconf 76' lang='grc' dir='ltr'>αὐτοῖς</span> <span class='ocrx_word' id='word_1_666' title='bbox 1191 2532 1335 2571; x_wconf 81' lang='grc' dir='ltr'>λεγόντων.</span> <span class='ocrx_word' id='word_1_667' title='bbox 1357 2543 1426 2572; x_wconf 86' lang='lat' dir='ltr'><strong>quae</strong></span> <span class='ocrx_word' id='word_1_668' title='bbox 1448 2543 1516 2562; x_wconf 84' lang='lat' dir='ltr'><strong>cum</strong></span> <span class='ocrx_word' id='word_1_669' title='bbox 1541 2531 1688 2561; x_wconf 84' lang='lat' dir='ltr'><strong>audiretis</strong></span> <span class='ocrx_word' id='word_1_670' title='bbox 1711 2530 1780 2565; x_wconf 79' lang='lat' dir='ltr'><strong>vos,</strong></span> 
     </span>
     <span class='ocr_line' id='line_1_113' title="bbox 1074 2573 1780 2613; baseline -0.006 -7"><span class='ocrx_word' id='word_1_671' title='bbox 1074 2580 1135 2606; x_wconf 88' lang='lat' dir='ltr'><strong>tam</strong></span> <span class='ocrx_word' id='word_1_672' title='bbox 1151 2587 1168 2606; x_wconf 87' lang='lat' dir='ltr'><strong>e</strong></span> <span class='ocrx_word' id='word_1_673' title='bbox 1178 2577 1408 2612; x_wconf 86' lang='lat' dir='ltr'><strong>Proconnesiis,</strong></span> <span class='ocrx_word' id='word_1_674' title='bbox 1419 2580 1450 2605; x_wconf 86' lang='lat' dir='ltr'><strong>et</strong></span> <span class='ocrx_word' id='word_1_675' title='bbox 1465 2574 1647 2613; x_wconf 80' lang='lat' dir='ltr'><strong>Miltokydis</strong></span> <span class='ocrx_word' id='word_1_676' title='bbox 1660 2573 1780 2612; x_wconf 84' lang='lat' dir='ltr'><strong>legatis,</strong></span> 
     </span>
     <span class='ocr_line' id='line_1_114' title="bbox 1074 2618 1780 2657; baseline -0.006 -8"><span class='ocrx_word' id='word_1_677' title='bbox 1074 2619 1134 2649; x_wconf 82' lang='lat' dir='ltr'><strong>ista</strong></span> <span class='ocrx_word' id='word_1_678' title='bbox 1147 2620 1177 2649; x_wconf 88' lang='lat' dir='ltr'><strong>in</strong></span> <span class='ocrx_word' id='word_1_679' title='bbox 1193 2619 1339 2649; x_wconf 85' lang='lat' dir='ltr'><strong>concione</strong></span> <span class='ocrx_word' id='word_1_680' title='bbox 1348 2618 1517 2653; x_wconf 80' lang='lat' dir='ltr'><strong>orantibus,</strong></span> <span class='ocrx_word' id='word_1_681' title='bbox 1526 2627 1615 2657; x_wconf 89' lang='lat' dir='ltr'><strong>quam</strong></span> <span class='ocrx_word' id='word_1_682' title='bbox 1627 2627 1665 2646; x_wconf 83' lang='lat' dir='ltr'><strong>ex</strong></span> <span class='ocrx_word' id='word_1_683' title='bbox 1676 2627 1780 2646; x_wconf 87' lang='lat' dir='ltr'><strong>eorum</strong></span> 
     </span>
     <span class='ocr_line' id='line_1_115' title="bbox 1076 2659 1780 2698; baseline -0.006 -7"><span class='ocrx_word' id='word_1_684' title='bbox 1076 2663 1248 2698; x_wconf 84' lang='lat' dir='ltr'><strong>advocatis,</strong></span> <span class='ocrx_word' id='word_1_685' title='bbox 1264 2662 1387 2692; x_wconf 76' lang='lat' dir='ltr'><strong>civibus</strong></span> <span class='ocrx_word' id='word_1_686' title='bbox 1408 2662 1530 2696; x_wconf 81' lang='lat' dir='ltr'><strong>vestris,</strong></span> <span class='ocrx_word' id='word_1_687' title='bbox 1545 2661 1670 2689; x_wconf 74' lang='lat' dir='ltr'><strong>istorum</strong></span> <span class='ocrx_word' id='word_1_688' title='bbox 1687 2659 1780 2688; x_wconf 78' lang='lat' dir='ltr'><strong>orati-</strong></span> 
     </span>
     <span class='ocr_line' id='line_1_116' title="bbox 1076 2702 1687 2735; baseline -0.008 0"><span class='ocrx_word' id='word_1_689' title='bbox 1076 2716 1163 2735; x_wconf 87' lang='lat' dir='ltr'><strong>onem</strong></span> <span class='ocrx_word' id='word_1_690' title='bbox 1179 2716 1234 2735; x_wconf 92' lang='lat' dir='ltr'><strong>suo</strong></span> <span class='ocrx_word' id='word_1_691' title='bbox 1252 2705 1418 2735; x_wconf 84' lang='lat' dir='ltr'><strong>testiminio</strong></span> <span class='ocrx_word' id='word_1_692' title='bbox 1431 2702 1687 2733; x_wconf 82' lang='lat' dir='ltr'><strong>confirmantibus.</strong></span> 
     </span>
    </p>

    <p class='ocr_par' dir='ltr' id='par_1_28' title="bbox 1075 2742 1783 2916">
     <span class='ocr_line' id='line_1_117' title="bbox 1121 2742 1779 2786; baseline -0.008 -9"><span class='ocrx_word' id='word_1_693' title='bbox 1121 2750 1217 2779; x_wconf 86' lang='grc'><strong>1908.</strong></span> <span class='ocrx_word' id='word_1_694' title='bbox 1233 2750 1283 2778; x_wconf 90' lang='grc'><strong>18.</strong></span> <span class='ocrx_word' id='word_1_695' title='bbox 1297 2746 1414 2786; x_wconf 69' lang='grc' dir='ltr'>κόσμῳ]</span> <span class='ocrx_word' id='word_1_696' title='bbox 1429 2746 1459 2775; x_wconf 89' lang='lat' dir='ltr'><strong>in</strong></span> <span class='ocrx_word' id='word_1_697' title='bbox 1475 2747 1656 2785; x_wconf 82' lang='lat' dir='ltr'><strong>Augustano</strong></span> <span class='ocrx_word' id='word_1_698' title='bbox 1672 2747 1719 2773; x_wconf 86' lang='lat' dir='ltr'><strong>est</strong></span> <span class='ocrx_word' id='word_1_699' title='bbox 1733 2742 1779 2772; x_wconf 83' lang='grc' dir='ltr'><strong>κό-</strong></span> 
     </span>
     <span class='ocr_line' id='line_1_118' title="bbox 1076 2787 1781 2829; baseline -0.004 -10"><span class='ocrx_word' id='word_1_700' title='bbox 1076 2802 1161 2829; x_wconf 89' lang='grc' dir='ltr'>σμον.</span> <span class='ocrx_word' id='word_1_701' title='bbox 1177 2792 1258 2821; x_wconf 84' lang='lat' dir='ltr'><strong>unde</strong></span> <span class='ocrx_word' id='word_1_702' title='bbox 1274 2790 1354 2820; x_wconf 72' lang='lat' dir='ltr'><strong>effici</strong></span> <span class='ocrx_word' id='word_1_703' title='bbox 1372 2788 1472 2829; x_wconf 85' lang='lat' dir='ltr'><strong>possit</strong></span> <span class='ocrx_word' id='word_1_704' title='bbox 1483 2787 1645 2828; x_wconf 67' lang='grc' dir='ltr'>κςίκόσμουν</span> <span class='ocrx_word' id='word_1_705' title='bbox 1659 2787 1710 2829; x_wconf 86' lang='lat' dir='ltr'><strong>[id</strong></span> <span class='ocrx_word' id='word_1_706' title='bbox 1723 2791 1781 2822; x_wconf 85' lang='lat' dir='ltr'><strong>est,</strong></span> 
     </span>
     <span class='ocr_line' id='line_1_119' title="bbox 1075 2831 1782 2873; baseline -0.006 -10"><span class='ocrx_word' id='word_1_707' title='bbox 1075 2834 1124 2863; x_wconf 80' lang='grc' dir='ltr'><strong>καὶ</strong></span> <span class='ocrx_word' id='word_1_708' title='bbox 1144 2832 1309 2873; x_wconf 79' lang='grc' dir='ltr'>ἐκόσμουν],</span> <span class='ocrx_word' id='word_1_709' title='bbox 1323 2838 1350 2862; x_wconf 87' lang='lat' dir='ltr'><strong>et</strong></span> <span class='ocrx_word' id='word_1_710' title='bbox 1370 2831 1519 2861; x_wconf 78' lang='lat' dir='ltr'><strong>ornabam.</strong></span> <span class='ocrx_word' id='word_1_711' title='bbox 1564 2831 1624 2860; x_wconf 86' lang='lat' dir='ltr'><strong>Sed</strong></span> <span class='ocrx_word' id='word_1_712' title='bbox 1649 2831 1782 2869; x_wconf 76' lang='lat' dir='ltr'><strong>primum</strong></span> 
     </span>
     <span class='ocr_line' id='line_1_120' title="bbox 1076 2873 1783 2916; baseline -0.004 -11"><span class='ocrx_word' id='word_1_713' title='bbox 1076 2875 1253 2916; x_wconf 73' lang='grc' dir='ltr'>κᾴκόσμησα</span> <span class='ocrx_word' id='word_1_714' title='bbox 1270 2875 1343 2915; x_wconf 87' lang='lat' dir='ltr'><strong>[pro</strong></span> <span class='ocrx_word' id='word_1_715' title='bbox 1362 2874 1412 2904; x_wconf 73' lang='grc' dir='ltr'><strong>καὶ</strong></span> <span class='ocrx_word' id='word_1_716' title='bbox 1432 2873 1598 2914; x_wconf 79' lang='grc' dir='ltr'>ἐκόσμησα]</span> <span class='ocrx_word' id='word_1_717' title='bbox 1619 2873 1721 2912; x_wconf 85' lang='lat' dir='ltr'><strong>potius</strong></span> <span class='ocrx_word' id='word_1_718' title='bbox 1736 2873 1783 2902; x_wconf 88' lang='lat' dir='ltr'><strong>di-</strong></span> 
     </span>
    </p>
   </div>
   <div class='ocr_carea' id='block_1_9' title="bbox 1034 2917 1784 2956">
    <p class='ocr_par' dir='ltr' id='par_1_29' title="bbox 1034 2917 1784 2956">
     <span class='ocr_line' id='line_1_121' title="bbox 1034 2917 1784 2956; baseline -0.005 -7"><span class='ocrx_word' id='word_1_719' title='bbox 1034 2941 1042 2953; x_wconf 84' lang='lat'><em>,</em></span> <span class='ocrx_word' id='word_1_720' title='bbox 1077 2919 1177 2949; x_wconf 86' lang='lat' dir='ltr'><strong>xisset</strong></span> <span class='ocrx_word' id='word_1_721' title='bbox 1207 2920 1236 2949; x_wconf 83' lang='lat' dir='ltr'><strong>in</strong></span> <span class='ocrx_word' id='word_1_722' title='bbox 1262 2929 1327 2952; x_wconf 68' lang='lat' dir='ltr'>nor.</span> <span class='ocrx_word' id='word_1_723' title='bbox 1358 2921 1388 2947; x_wconf 90' lang='lat'><strong>1.</strong></span> <span class='ocrx_word' id='word_1_724' title='bbox 1417 2917 1490 2956; x_wconf 88' lang='lat' dir='ltr'><strong>quia</strong></span> <span class='ocrx_word' id='word_1_725' title='bbox 1515 2917 1674 2956; x_wconf 66' lang='lat' dir='ltr'><strong>praecessit</strong></span> <span class='ocrx_word' id='word_1_726' title='bbox 1699 2925 1784 2945; x_wconf 79' lang='grc' dir='ltr'>κατε-</span> 
     </span>
    </p>
   </div>
   <div class='ocr_carea' id='block_1_10' title="bbox 1077 2958 1784 3042">
    <p class='ocr_par' dir='ltr' id='par_1_30' title="bbox 1077 2958 1784 3042">
     <span class='ocr_line' id='line_1_122' title="bbox 1077 2958 1783 2999; baseline -0.004 -8"><span class='ocrx_word' id='word_1_727' title='bbox 1077 2962 1217 2992; x_wconf 80' lang='grc' dir='ltr'>σκεύασα.</span> <span class='ocrx_word' id='word_1_728' title='bbox 1244 2961 1357 2991; x_wconf 86' lang='lat' dir='ltr'><strong>deinde</strong></span> <span class='ocrx_word' id='word_1_729' title='bbox 1381 2960 1484 2999; x_wconf 78' lang='lat' dir='ltr'><strong>placet</strong></span> <span class='ocrx_word' id='word_1_730' title='bbox 1506 2958 1635 2999; x_wconf 78' lang='grc' dir='ltr'>κόσμῳ.“</span> <span class='ocrx_word' id='word_1_731' title='bbox 1663 2959 1723 2989; x_wconf 90' lang='lat' dir='ltr'><strong>Sed</strong></span> <span class='ocrx_word' id='word_1_732' title='bbox 1746 2968 1783 2988; x_wconf 84' lang='lat' dir='ltr'><strong>eo</strong></span> 
     </span>
     <span class='ocr_line' id='line_1_123' title="bbox 1078 3003 1784 3042; baseline -0.004 -8"><span class='ocrx_word' id='word_1_733' title='bbox 1078 3009 1209 3041; x_wconf 80' lang='lat' dir='ltr'><strong>servato,</strong></span> <span class='ocrx_word' id='word_1_734' title='bbox 1221 3009 1255 3035; x_wconf 88' lang='lat' dir='ltr'><strong>ut</strong></span> <span class='ocrx_word' id='word_1_735' title='bbox 1264 3004 1445 3035; x_wconf 70' lang='lat' dir='ltr'><strong>servandum</strong></span> <span class='ocrx_word' id='word_1_736' title='bbox 1458 3007 1543 3042; x_wconf 76' lang='lat' dir='ltr'><strong>puto,</strong></span> <span class='ocrx_word' id='word_1_737' title='bbox 1555 3003 1616 3042; x_wconf 77' lang='lat' dir='ltr'>leg.</span> <span class='ocrx_word' id='word_1_738' title='bbox 1633 3006 1697 3033; x_wconf 81' lang='lat' dir='ltr'><strong>est:</strong></span> <span class='ocrx_word' id='word_1_739' title='bbox 1714 3006 1784 3030; x_wconf 81' lang='grc' dir='ltr'>καλ-</span> 
     </span>
    </p>
   </div>
  </div>
 </body>
</html>
