1931 3323
357 196 442 239 446
502 195 558 237 H.
589 194 1105 238 AMERSFOORDTII
1139 196 1578 249 INTRODUCTIO,
1610 203 1691 243 &a

356 302 512 344 expositio
526 302 598 343 quia
615 302 755 342 pluribus
772 302 926 342 capitibus
937 301 1071 333 absolvi-

355 351 419 383 tur,
437 347 514 377 illud
531 347 570 376 ab
592 347 722 375 Oratore
745 350 838 385 caput
853 346 1023 386 prudenter
1039 347 1070 376 in

355 394 546 429 postremum
565 389 665 418 locum
687 389 815 419 relatum
832 394 890 426 est,
912 400 929 419 a
945 400 1005 429 quo
1025 390 1070 419 fa-

355 433 446 463 cilior
463 437 547 463 esset
563 433 708 462 transitus
731 433 769 462 ad
787 443 834 469 ea,
858 443 924 471 quae
939 433 1070 462 dicenda

354 481 516 506 restarent.
564 476 613 506 De
635 475 786 505 sumtibus
802 475 1068 516 bellicisloquenti

355 526 465 559 sponte
499 519 597 549 oritur
635 518 849 558 opportunitas
889 520 1069 549 conferendi

353 562 586 593 Atheniensium
613 573 689 602 opes
713 573 782 592 cum
808 564 971 592 Persarum
990 563 1068 592 divi-

356 605 429 635 tiis:
454 616 493 635 ex
516 617 576 645 qua
596 606 826 646 comparatione
846 611 940 646 patet,
957 606 1068 636 bellum

353 650 393 678 ab
425 649 667 679 Atheniensibus
694 650 774 678 ultro
798 654 972 686 susceptum
995 659 1067 687 pro-

353 692 437 732 speri
448 698 576 722 eventus
588 703 674 731 spem
686 693 824 730 praebere
839 692 890 721 vix
902 702 1005 730 posse,
1020 703 1068 722 sa-

351 736 394 765 tis
411 740 511 765 autem
529 737 654 766 eosdem
671 746 740 764 esse
756 734 877 764 validos
895 735 930 764 ad
949 745 1068 765 omnem

352 779 517 809 Persarum
541 780 685 817 impeturn
702 778 918 813 cohibendum,
942 777 982 814 si,
998 789 1068 808 cum

351 823 482 861 reliquis
498 823 616 852 Graecis
639 821 877 856 consentientes,
898 821 956 860 ipsi
980 822 1068 851 forti-

352 866 489 895 tudinem
506 864 655 905 majorum
669 865 698 894 in
710 864 827 903 praeliis
842 864 1009 894 imitentur.

397 909 459 938 His
476 913 576 938 autem
591 908 696 938 verbis
708 908 852 937 inductos
867 908 961 937 fuisse
972 908 1068 937 Athe-

351 951 486 986 nienses,
496 955 554 980 uta
567 951 765 990 suscipiendo
778 951 857 980 bello
870 951 1067 986 abstinerent,

351 996 444 1024 docet
458 1004 515 1024 nos
529 1005 598 1024 cum
613 995 680 1034 ipse
695 995 918 1024 Demosthenes
934 994 964 1023 in
980 996 1066 1024 Orat.

351 1039 391 1067 de
416 1037 518 1067 Rhod.
543 1038 599 1068 lib.
624 1039 645 1067 l.
672 1038 785 1078 saepius
807 1038 890 1068 laud.
909 1048 971 1077 quo
987 1038 1066 1067 forte

349 1081 424 1111 item
435 1081 663 1120 pertinetlocus
679 1092 718 1110 ex
732 1081 871 1120 Philippi
885 1081 1066 1111 Macedonis

348 1124 456 1163 Epist.
473 1135 566 1164 supra
580 1125 664 1154 laud.
685 1129 750 1154 tum
771 1124 925 1154 silentium
941 1124 1066 1154 histori-

349 1178 467 1202 corum,
491 1168 545 1207 qui
567 1168 623 1197 hoc
646 1173 783 1208 tempore
806 1173 987 1208 perpetuam
1010 1178 1066 1207 pa—

349 1221 429 1247 cem,
456 1211 581 1241 dubiam
611 1212 736 1250 quidem
759 1211 886 1250 saepius,
914 1221 1064 1250 nunquam

347 1259 450 1284 tamen
475 1264 601 1293 prorsus
622 1255 834 1294 interruptam,
852 1256 960 1284 Persas
982 1255 1064 1284 inter

349 1302 382 1327 et
397 1297 602 1328 Athenienses
624 1299 721 1328 fuisse
743 1297 900 1328 affirmant.
946 1299 1063 1336 Legem

350 1344 452 1371 autem
476 1341 516 1370 de
540 1352 620 1371 nova
641 1341 879 1380 Symmoriarum
904 1341 1002 1370 forma
1026 1351 1063 1370 an

345 1384 474 1423 jusserit
489 1385 635 1425 populus,
651 1384 754 1424 paullo
769 1384 916 1414 incertius
932 1384 1063 1414 videtur.

348 1429 475 1457 Factum
496 1433 545 1458 est
570 1429 660 1464 forte,
682 1432 713 1457 ut
733 1427 815 1457 illam
839 1427 983 1456 continuo
1001 1427 1063 1457 sci-

348 1471 440 1506 verit,
453 1481 526 1500 mox
538 1475 638 1501 tamen
651 1472 689 1501 ad
705 1471 827 1501 solitum
842 1471 1019 1510 languorem
1032 1477 1063 1500 et

347 1514 499 1544 desidiam
514 1515 660 1554 delapsus
677 1525 742 1544 eam
758 1514 943 1553 neglexerit.
971 1514 1063 1543 Certe

347 1558 441 1587 variae
456 1558 486 1587 in
501 1558 629 1598 reliquis
645 1558 835 1588 orationibus
846 1557 1063 1587 Demosthenis

346 1605 512 1631 occurrunt
528 1602 625 1640 leges,
640 1611 716 1641 quas
730 1607 762 1631 et
777 1601 844 1640 ipse
860 1605 891 1630 et
906 1600 958 1630 alii
977 1600 1062 1629 brevi

346 1650 458 1684 postea
473 1649 646 1680 suaserunt,
657 1645 737 1674 unde
750 1645 859 1674 merito
872 1643 961 1673 nobis
978 1643 1062 1673 vide-

346 1697 416 1717 mur
431 1689 595 1723 conficere,
615 1687 728 1717 multos
746 1688 872 1717 ditiores
892 1686 1062 1716 identidem

347 1741 382 1760 se
398 1731 529 1761 molesto
553 1731 625 1760 huic
648 1731 864 1760 trierarchatus
886 1729 970 1759 oneri
989 1731 1062 1759 sub-

347 1773 489 1810 duxisse,
515 1774 551 1803 ad
574 1774 715 1809 officium,
741 1774 799 1804 nisi
826 1773 916 1804 novis
942 1773 1061 1813 legibus

346 1816 430 1853 latis,
445 1817 499 1847 vix
515 1817 736 1847 reducendos.⁵

392 1860 426 1890 C.
453 1860 602 1899 Superest
619 1864 652 1890 ut
664 1860 801 1890 dicamus
816 1859 855 1889 de
872 1859 973 1889 titulo.

389 1903 543 1942 Taylorus
560 1903 589 1933 in
607 1904 754 1943 Prolegg.
772 1903 811 1932 ad
830 1903 991 1932 Demosth.
1009 1902 1061 1932 l.l.

345 1945 418 1976 huic
435 1947 576 1977 Orationi
596 1947 719 1977 titulum
740 1946 803 1986 mg?
829 1947 995 1986 Συμμοςιῶν
1009 1947 1061 1976 ab·

343 1990 475 2028 judicat.
531 1991 612 2020 Haec
642 1990 723 2020 enim
754 1991 821 2029 ejus
850 1994 920 2019 suut
951 1990 1060 2019 verba:

345 2036 369 2051 “
382 2033 514 2064 Rectius
529 2033 750 2063 inscriberetur
763 2032 825 2073 περῖ
841 2034 1010 2068 Bao—mmm,
1027 2036 1061 2062 ut

345 2076 480 2115 Dionys.
497 2077 599 2107 Halic.
617 2081 648 2107 et
663 2079 753 2107 Dem.
765 2078 804 2106 de
820 2076 1005 2106 Rhodiorum
1024 2076 1062 2105 li-

345 2119 448 2150 bert.''
494 2121 534 2150 Et
554 2131 627 2151 vero
648 2120 694 2150 sic
720 2120 828 2151 melius
849 2124 1060 2159 argumentum

346 2163 556 2199 Orationis-,in
568 2163 791 2194 deliberatione
808 2164 845 2193 de
862 2162 1060 2201 suscipiendo

345 2206 426 2236 bello
443 2207 573 2237 Persico
589 2212 782 2247 occupatum,
798 2217 867 2236 cum
879 2206 970 2235 titulo
986 2216 1059 2235 con-

346 2249 477 2286 veniret,
494 2260 584 2290 quam
601 2251 639 2286 si,
657 2250 775 2290 vulgari
791 2250 843 2280 illo
857 2249 926 2289 ’ωεξὶ
938 2256 1060 2288 Συμμο-

344 2295 404 2333 ςιῶν
428 2299 575 2331 assumto,
598 2305 638 2324 ex
663 2294 764 2333 aliqua
788 2297 876 2333 parte
902 2293 1061 2329 orationis,

345 2336 484 2375 quamvis
508 2337 633 2376 prolixe
658 2340 796 2372 tractata,
818 2347 884 2366 eam
902 2340 996 2365 totam
1014 2336 1059 2364 di-

345 2383 425 2409 ctam
443 2380 538 2410 fuisse
554 2386 681 2411 statuas,
710 2380 843 2411 Accedit
858 2380 939 2418 quod
955 2389 992 2408 ex
1008 2379 1060 2408 Li-

345 2423 430 2452 banii
459 2424 641 2463 praefatione
671 2425 708 2454 ad
739 2434 805 2454 eam
839 2423 921 2453 idem
951 2422 1059 2452 confici

1104 313 1198 342 posse
1222 303 1355 341 videtur,
1379 303 1443 344 qui,
1465 315 1570 345 quum,
1589 304 1816 346 opportunitate

1103 351 1235 383 narrata,
1250 357 1311 387 qua
1326 358 1362 377 ea
1376 348 1479 378 habita
1494 348 1616 384 fuisset,
1624 349 1733 389 paucis
1749 350 1816 388 ejus

1104 395 1313 429 argumentum
1343 391 1523 428 indicasset,
1549 392 1616 422 haec
1641 392 1743 422 addit:
1765 391 1816 421 καὶ

1103 432 1132 464 δη
1156 432 1204 462 καὶ
1229 432 1398 473 &figito-515⁶
1385 445 1409 463 ον
1433 434 1533 474 τρόπον
1554 435 1587 466 ἃν
1614 433 1819 476 συνταχθειεν·

1102 475 1167 506 ὅθεν
1191 476 1239 506 καῖ
1266 477 1335 517 ’περὶ
1366 481 1532 519 Συμμοριῶν
1554 479 1566 507 ὃ
1597 478 1678 517 λόγος
1697 477 1816 518 ἐπιγρά-

1102 527 1200 559 φεται.
1246 520 1376 550 Videtur
1405 521 1499 560 igitur
1529 521 1673 551 Libanius
1699 522 1730 551 in
1759 531 1816 551 suo

1102 563 1246 602 exemplo
1270 564 1398 594 alterum
1424 564 1558 600 titulum,
1580 564 1641 605 περὶ
1658 566 1817 594 Βασιλικῶν

1102 605 1226 646 legisse,
1251 612 1378 646 propter
1398 617 1490 647 quem
1511 607 1722 647 adscripserit,
1738 607 1816 637 hanc

1103 650 1270 679 orationem
1295 650 1451 681 diversam
1472 661 1532 680 non
1548 660 1615 680 esse
1631 651 1669 680 ab
1685 661 1732 686 ea,
1747 660 1815 689 quae

1102 693 1255 722 nonnullis
1271 693 1329 723 hoc
1342 693 1473 730 nomine,
1487 694 1499 723 ὁ
1515 694 1576 734 περὶ
1588 695 1754 734 Συμμοςιῶν
1768 692 1815 721 λό-

1102 746 1161 772 γος,
1174 736 1360 766 innotuerat.
1381 738 1509 772 Verum,
1520 737 1591 776 quia
1605 747 1712 776 parum
1730 736 1816 766 vide-

1102 783 1153 807 tur
1165 779 1302 815 differre,
1312 785 1381 809 utro
1395 781 1516 810 tandem
1529 780 1650 814 nomine
1660 780 1815 816 laudetur,

1101 821 1268 851 dummodo
1280 822 1477 862 perspicuum
1489 823 1540 858 sit,
1551 833 1687 862 quaenam
1701 824 1815 853 Demo-

1102 864 1220 894 sthenis
1236 865 1332 895 oratio
1348 866 1547 905 significetur,
1562 876 1617 895 nos
1632 866 1757 905 vulgare
1769 871 1815 895 te-

1101 908 1252 944 nebimus,
1277 909 1441 938 multorum
1464 908 1741 939 Grammaticorum
1761 919 1816 939 au-

1101 951 1245 981 ctoritate
1266 953 1386 981 abunde
1402 952 1622 982 confirmatum.

1145 995 1260 1024 Locum
1284 995 1388 1025 Suidae
1412 996 1442 1025 iu
1468 1006 1497 1025 v.
1515 994 1650 1035 τίμημα,
1670 994 1723 1025 ubi
1748 996 1813 1025 haec

1101 1038 1200 1068 oratio
1220 1039 1361 1068 laudatur
1385 1038 1507 1068 nomine
1528 1038 1590 1079 πεξὶ
1613 1040 1669 1068 ’τῶν
1686 1040 1830 1078 Συμμά-·

1099 1092 1170 1122 χων,
1196 1087 1280 1111 recte
1308 1083 1371 1121 jam
1396 1082 1588 1112 H.Wolfius
1619 1083 1755 1111 correxit
1782 1081 1813 1111 in

1099 1132 1261 1154 comment.
1274 1125 1313 1154 ad
1329 1131 1462 1155 nostram
1474 1126 1575 1161 Orat„
1587 1125 1645 1155 etsi
1657 1124 1813 1155 fatendum

1099 1168 1151 1203 sit,
1175 1179 1272 1207 neque
1295 1169 1354 1198 hoc
1377 1178 1503 1208 prorsus
1526 1168 1659 1198 alienum
1682 1178 1752 1198 esse
1774 1169 1813 1198 ab

1097 1212 1204 1246 rebus,
1219 1212 1258 1241 de
1274 1211 1384 1250 quibus
1400 1212 1430 1241 in
1448 1222 1483 1241 ea
1499 1211 1684 1251 disputatur.

1141 1255 1330 1285 Vocabulum
1348 1254 1409 1294 mg?
1425 1256 1590 1295 Συμμοριῶν
1605 1253 1742 1285 nonnulli
1756 1255 1815 1284 La·

1097 1298 1160 1327 tine
1184 1303 1304 1328 vertere
1326 1298 1427 1328 conati
1450 1303 1519 1327 sunt
1538 1298 1574 1327 de
1595 1298 1740 1333 classibus,
1757 1298 1812 1327 hac

1096 1341 1211 1370 civium
1228 1341 1461 1371 Atheniensium
1472 1340 1690 1371 distributione
1703 1341 1814 1371 collata

1097 1394 1164 1413 cum
1188 1385 1341 1414 classibus
1362 1384 1521 1425 Romanis,
1545 1394 1562 1413 a
1584 1385 1694 1414 Servio
1708 1384 1814 1414 Tullio

1096 1427 1231 1457 creatis:
1248 1427 1335 1457 nohis
1352 1432 1450 1457 autem
1466 1427 1497 1456 in
1512 1427 1634 1457 duobus
1650 1427 1813 1462 institutis,

1096 1481 1224 1509 quarum
1246 1470 1370 1500 diversa
1393 1470 1515 1500 omnino
1541 1470 1639 1500 forma
1666 1480 1703 1500 ac
1733 1470 1813 1500 ratio

1096 1520 1172 1549 erat,
1189 1514 1328 1553 ejusdem
1343 1513 1430 1543 vocis
1447 1513 1604 1552 usurpatio
1618 1513 1689 1552 plus
1702 1514 1812 1544 obscu-

1096 1556 1196 1587 ritatis
1215 1567 1303 1597 quam
1321 1556 1538 1596 explicationis
1553 1557 1661 1587 afferre
1678 1556 1813 1587 videtur.

1096 1600 1207 1639 Neque
1231 1600 1330 1639 magis
1353 1600 1456 1639 placet
1480 1600 1619 1636 atterum,
1638 1610 1655 1630 a
1679 1600 1813 1630 Reiskio

1096 1644 1252 1682 proditum
1268 1645 1298 1673 in
1315 1642 1525 1673 commentarii
1542 1644 1580 1673 ad
1596 1644 1626 1674 h.
1643 1645 1697 1673 Or.
1712 1643 1813 1679 initio,

1095 1687 1131 1716 de
1145 1687 1283 1728 collegiis.
1327 1686 1379 1716 Sic
1394 1692 1490 1723 certe,
1506 1690 1540 1716 ut
1553 1686 1664 1726 aliquis
1681 1687 1813 1726 generali

1097 1730 1183 1760 vocis
1204 1729 1321 1760 notioni
1341 1730 1450 1759 modus
1471 1730 1680 1766 adhiberetur,
1703 1730 1814 1769 praefe-

1095 1774 1223 1803 rendum
1247 1777 1330 1803 esset
1353 1774 1388 1802 de
1404 1773 1532 1813 collegiis
1553 1773 1705 1803 ditiorum.
1750 1774 1812 1803 Sed

1095 1820 1223 1855 praestat
1237 1817 1267 1846 in
1283 1816 1457 1855 hujusmodi
1474 1816 1612 1852 vocibus,
1633 1816 1746 1854 quibus
1761 1827 1812 1846 res

1097 1859 1242 1889 Romanis
1264 1859 1377 1898 ignotae
1398 1859 1619 1897 significentur,
1642 1860 1752 1889 Graeca
1766 1863 1812 1890 te-

1095 1913 1179 1938 nere,
1195 1913 1232 1933 ne
1256 1908 1370 1932 temere
1391 1902 1628 1933 commiscendis
1644 1902 1735 1932 variis
1756 1914 1813 1933 no-

1096 1946 1228 1976 minibus
1257 1946 1447 1976 confusionis
1476 1945 1598 1976 occasio
1627 1946 1811 1984 praebeatur.

1095 1989 1217 2028 Itaque,
1234 1990 1492 2029 quemadmodum
1507 1995 1647 2019 auctores
1669 1989 1813 2029 castigati

1096 2033 1246 2062 sermonis
1270 2033 1493 2068 ostracismum,
1509 2033 1682 2068 archontes,
1706 2038 1737 2062 et
1752 2034 1812 2063 La·

1095 2077 1348 2106 cedaemoniorum
1381 2076 1512 2116 ephoros
1541 2081 1573 2106 et
1601 2086 1717 2106 moram
1750 2086 1809 2106 non

1095 2120 1245 2149 vertenda
1259 2130 1327 2150 esse
1347 2122 1543 2156 censuerunt,
1557 2129 1595 2149 ne
1610 2118 1811 2149 similitudine

1095 2163 1275 2193 Latinorum
1299 2163 1434 2193 instituti
1462 2163 1595 2193 lectores
1618 2162 1651 2192 in
1676 2173 1810 2192 errorem

1094 2207 1289 2242 ducerentur,
1317 2206 1360 2236 ita
1389 2205 1478 2236 nobis
1504 2206 1644 2236 videmur
1674 2211 1808 2235 nostram

1094 2250 1272 2280 Orationem
1288 2250 1397 2279 Latine
1409 2250 1566 2280 laudantes
1578 2248 1694 2279 rectius
1709 2249 1810 2288 ipsum

1094 2294 1236 2323 Graecum
1263 2293 1455 2328 vocabulum,
1481 2293 1516 2322 de
1536 2292 1718 2332 Symmoriis,
1737 2292 1811 2322 reti-

1094 2347 1178 2367 nere.
1223 2337 1376 2367 Gaeterum
1390 2337 1428 2366 de
1440 2336 1615 2376 hujusmodi
1627 2335 1810 2375 interpreta-

1094 2380 1229 2410 tionibus
1251 2381 1332 2410 idem
1355 2390 1454 2419 nuper
1476 2379 1619 2409 statuisse
1643 2378 1766 2409 videtur
1781 2380 1809 2408 Ι.

1094 2424 1150 2453 Th.
1167 2425 1379 2463 Bergmannus
1394 2423 1431 2452 ad
1443 2424 1571 2453 [socrat.
1586 2423 1699 2461 Areop.
1713 2433 1744 2462 p.
1757 2423 1811 2453 50.

345 2518 488 2547 22211.
509 2518 554 2547 δει
573 2519 627 2558 γὰρ
649 2517 789 2560 ἄρχεσθαί
812 2529 843 2548 τε
861 2516 919 2549 ἀπὸ
934 2519 990 2548 τῶν
1012 2516 1210 2558 ἰσχυροτὲξων,
1227 2517 1276 2548 καὶ
1299 2517 1393 2556 ληγειν
1408 2517 1446 2552 εἷς
1461 2517 1575 2546 ‘mii-m:
1599 2526 1699 2555 neque
1721 2516 1811 2546 aliter

345 2559 501 2599 Anonymi
517 2567 729 2600 argumentum
746 2561 858 2591 hahet'
849 2572 880 2590 1n
896 2562 1024 2592 eandem
1042 2562 1128 2591 Orat.
1144 2573 1176 2601 p.
1195 2564 1268 2592 224.
1286 2563 1339 2592 15.
1355 2562 1565 2601 στρατηγικῶς·
1589 2560 1688 2592 κακους
1701 2561 1756 2600 γὰρ
1771 2559 1810 2593 εἷς

345 2601 435 2642 μέσον
450 2601 570 2637 ελάσ-ας.
586 2604 629 2644 τῷ
641 2604 663 2634 δ’
678 2605 863 2647 ἲσχυξοτάτῳ
874 2603 912 2640 εἰς
927 2606 967 2635 τὰ
979 2603 1052 2644 Singa.
1066 2615 1299 2646 ωξοσκεχςηται,
1316 2615 1349 2634 το
1361 2604 1467 2644 σαθρὸν
1480 2606 1535 2633 τῶν
1551 2602 1645 2632 ἄλλων
1660 2601 1715 2642 ἒξ“
1706 2603 1809 2632 exavi-

345 2657 415 2687 ρουρ
407 2645 504 2680 ‘mnia

388 2659 415 2707 ⁵?
423 2688 605 2729 Suspicetur
628 2691 704 2721 sorte
726 2691 891 2731 quispiam,
916 2691 953 2721 ad
977 2701 1113 2732 praesens
1137 2695 1254 2721 tantum
1279 2690 1462 2730 periculum,
1478 2700 1535 2719 non
1560 2689 1596 2719 ad
1621 2692 1806 2728 perpetuum

345 2742 435 2762 usum
451 2732 587 2763 civitatis
603 2733 789 2764 Athenarum
807 2735 898 2765 latam
911 2735 1007 2767 fuisse
1023 2738 1099 2766 hanc
1112 2735 1211 2773 legem
1225 2745 1242 2763 a
1260 2735 1477 2769 Demosthene,
1489 2744 1528 2764 ex
1543 2733 1566 2762 l.
1579 2742 1610 2771 p.
1629 2734 1703 2762 283.
1717 2734 1747 2761 8.
1763 2729 1808 2765 τίς

346 2777 530 2815 παρασκευὴ,
542 2776 590 2805 και
602 2775 688 2814 πόα-η,
699 2777 747 2807 καὶ
761 2776 848 2807 αἰνόθεν
861 2776 1211 2820 wogccfisi'caygr'accffaoc'
1199 2789 1283 2808 εσται
1298 2788 1341 2807 νυν
1355 2776 1393 2817 τῇ
1403 2775 1501 2808 πόλει.
1514 2794 1555 2800 -
1564 2774 1620 2815 ἐγὼ
1633 2774 1661 2806 δὲ
1673 2775 1808 2805 τοῦτο-

348 2820 523 2861 πειράσομαι
539 2821 666 2852 ποιῆσαι.

712 2820 790 2851 Mihi
805 2825 903 2851 tamen
920 2822 985 2853 haeo
1001 2825 1179 2862 conjectura
1193 2831 1300 2862 parum
1316 2810 1442 2851 arridet.
