1964 3323
368 199 444 240 158
737 201 768 242 Ι.
792 200 825 242 Ι.
847 199 1068 242 REISKE

361 308 392 332 et
405 304 511 340 studii,
524 315 619 344 neque
633 305 707 341 odii,
717 316 810 336 veram
822 308 1068 345 opportunitatem

364 347 583 387 legitimumque
598 350 715 379 modum
730 351 895 390 migrando.

403 391 477 420 661.
494 393 524 420 4.
549 390 667 432 δώσετε]
686 392 753 422 scil.
770 394 879 421 ταῦτα..

401 450 444 454 -—
459 436 488 464 8.
503 434 562 468 τοῖς
579 433 648 476 μὲν]
667 435 735 464 soil.
752 434 940 475 ψηφιούμεθα
956 435 1066 470 ταῦτα,

358 485 385 505 e.
401 486 430 505 v.
444 478 476 507 6.

403 537 444 541 --
459 521 509 549 20.
525 518 568 558 τῷ
581 519 669 558 μηδὲν
684 521 741 561 ηδ]
767 520 868 550 malim
892 520 935 560 τῷ
960 519 1066 560 μηδένα

360 561 448 600 μηδὲν
463 562 614 594 ἦδικηκότι.

401 623 444 628 —-
460 609 510 637 ²21.
528 604 617 635 ἔπειθ’
629 606 664 639 ὡς
681 605 795 640 ἀληθῶς
811 605 905 646 {fo-rm]
926 611 1065 645 transpo-

359 648 406 677 sui
429 659 496 678 meo
519 649 654 686 pericuio
673 651 765 679 verba
789 649 853 678 sic:
878 649 971 678 ἔπειθ’
986 649 1066 683 δ’στις

357 691 392 725 ὡς
404 690 514 726 ἀληθῶς
528 691 637 722 ἅπασιν
654 692 818 732 ἀνθρώποις.
842 702 922 731 quem
940 692 1065 722 homines

357 744 451 764 omnes
470 745 533 764 v'ere
552 736 753 773 perspicueque
774 740 900 770 cernent,
925 736 987 764 ideo
1009 746 1064 765 esse

356 776 406 807 hoc
419 778 606 817 privilegium
623 778 771 816 adeptum,
789 787 844 817 quo
860 788 895 807 ne
906 780 975 817 quid
992 779 1064 808 mali

352 820 499 860 patiatur.

399 865 473 893 66²2.
493 866 542 893 10
559 860 666 903 Πύθων]
693 866 819 901 apparet
839 873 877 892 ex
902 863 959 892 hoc
982 864 1061 899 loco,

356 906 528 944 Pythonem
556 905 639 934 illum
669 905 858 944 Byzantium,
885 907 972 944 cujus
1000 907 1061 936 vim

354 949 535 987 eloquentiae
547 949 767 978 Demosthenes
776 949 842 989 ipse
852 949 1061 979 videturhaud

353 991 487 1027 infitiari,
501 992 739 1022 Atheniensibus
759 993 968 1031 approbatam,
990 1003 1060 1023 cum

356 1035 493 1074 Philippi
511 1035 546 1064 ad
565 1045 618 1064 eos
634 1035 768 1074 legatum
790 1040 906 1073 ageret,
930 1036 1060 1066 eundem

353 1088 423 1106 cum
445 1078 500 1106 hoc
517 1077 608 1107 AEnio
632 1078 770 1116 Pythone
789 1078 894 1108 fuisse.
941 1080 1061 1118 Byzan-

353 1120 415 1150 tius
432 1126 478 1150 est
493 1121 592 1150 dictus
609 1121 691 1156 ideo.
708 1122 790 1161 quod
806 1127 972 1152 extremam
988 1127 1060 1152 aeta-

354 1168 414 1193 tem
433 1163 575 1202 Byzantii
590 1164 727 1202 degeret.

395 1223 438 1228 —-
457 1210 509 1237 18.
535 1207 646 1247 τοῦτον]
678 1207 801 1237 correxi
827 1206 943 1237 τούτων.
977 1209 1060 1248 quod

353 1250 486 1279 cohaeret
501 1261 568 1279 cum
586 1252 716 1291 περιεῖναι
739 1256 770 1280 et
793 1261 861 1280 cum
884 1253 1058 1292 κατηγορεῖν.

352 1293 478 1332 quisquis
504 1300 578 1324 recte
603 1294 690 1332 sapic,
712 1293 759 1322 Iros
786 1293 911 1324 homines
932 1295 1060 1325 cavendo

351 1337 466 1365 vincere
490 1336 580 1372 ‹lt-bet,
610 1348 668 1366 non
689 1336 816 1378 fraudis
840 1347 883 1367 eos
909 1347 1057 1374 accusare,

347 1384 533 1418 posteaquam
549 1380 654 1409 damno
666 1390 717 1409 suo
732 1381 921 1420 cognosci-ita
933 1390 959 1410 se
964 1381 1058 1420 fidem

352 1423 418 1461 ipsis
433 1422 559 1452 habitam
578 1428 691 1458 temere,
707 1423 836 1452 nondum
851 1434 904 1453 usu
918 1424 1058 1461 probatis.

394 1467 457 1495 663
485 1469 512 1495 1.
529 1465 625 1505 aun-iv]
651 1466 700 1495 hic
727 1466 785 1495 loci
810 1471 858 1495 est
880 1477 934 1506 pro
950 1468 1057 1498 τοῦτον.

351 1508 546 1538 Constitu-tio
563 1513 611 1538 est
635 1509 718 1539 haec:
743 1508 920 1549 λογιζόμενος
943 1510 1058 1550 εὑξὶσκω

348 1562 446 1580 τουτον
463 1563 509 1581 ουκ
525 1551 708 1590 ἇξιόωιστεν,
719 1553 838 1593 -ὑπὲρ
857 1550 1056 1592 ου-ἇξιόπι-

349 1605 417 1624 στον
432 1600 463 1623 et
482 1595 564 1625 αὐτόν
585 1596 619 1624 ad
649 1595 884 1635 Kersoblepten,
908 1594 995 1636 ἐκείνῳ
1018 1598 1054 1627 ad

349 1637 575 1676 Charidemum,
593 1638 729 1668 redeunt.
746 1649 774 1667 v.
788 1649 818 1677 p.
832 1640 904 1668 664.
917 1641 948 1668 7.

390 1683 471 1710 —-.⁶3.
484 1683 582 1710 σκοπῶ
595 1680 679 1710 Κότυν
691 1681 735 1711 ὅτι
749 1681 884 1715 κηδεστὴς
897 1679 926 1711 ἦν
937 1681 1057 1722 Ἰφικριί·

348 1734 392 1753 ’τει
409 1722 454 1752 τὶν
470 1722 551 1754 αὖα-ἒν
566 1723 674 1763 τξόπον,
690 1723 765 1764 ἴνπερ
781 1724 936 1763 Χαρίδημος
959 1731 1056 1764 Κεξσο-

348 1764 477 1808 ἕλε’πτῃ]
497 1770 623 1797 Constat
637 1767 812 1806 iphicraten
830 1767 920 1797 filiam
934 1768 1055 1808 Cotyis,

348 1811 475 1846 Tar-sen,
492 1810 521 1840 iu
535 1811 726 1840 matrimonio
742 1810 895 1840 habuisse.
942 1812 1056 1841 Conse·

348 1853 451 1892 quitur
466 1864 503 1883 ex
522 1854 580 1889 his,
597 1853 621 1882 si
642 1864 714 1883 vera
737 1853 960 1883 Demosthenes
985 1864 1055 1893 per-

348 1896 443 1930 hibet,
462 1907 558 1935 neque
574 1907 666 1926 causa
690 1902 748 1932 est,
773 1907 828 1926 cur
852 1897 970 1927 mentiri
993 1897 1055 1927 exi-

349 1939 498 1975 stimetur,
515 1940 741 1978 Kersoblepteu
767 1940 942 1969 Charidemi
965 1950 1054 1979 gene-

347 1992 412 2011 rum
430 1982 534 2012 fuisse.
558 1983 587 2011 id
606 1984 687 2022 quod
705 1983 796 2017 etiam
817 1988 890 2012 aetas
918 1983 992 2012 satis
1009 1983 1055 2013 in-

347 2025 439 2055 dicat.
464 2027 558 2064 major
576 2027 654 2056 enim
677 2031 747 2055 natu
762 2025 965 2056 Charidemus
980 2031 1054 2064 erat,

345 2078 434 2107 quam
451 2069 685 2108 Kersobleptes,
703 2073 735 2098 ut
754 2069 851 2108 magis
872 2069 912 2098 sit
927 2080 1054 2099 consen·

345 2116 479 2147 tamenim,
496 2113 710 2141 Charidemum
732 2112 948 2152 Kersobleptis
966 2123 1053 2142 soce-

346 2164 422 2189 rum,
440 2165 526 2194 quam
544 2156 624 2184 huno
644 2155 727 2184 illius
749 2156 854 2184 fuisse.
878 2166 970 2194 quare
987 2156 1053 2185 vul-

346 2202 444 2235 gatam
462 2202 561 2232 tueor,
577 2198 696 2227 tametsi
714 2199 750 2227 ab
767 2198 834 2227 aliis
846 2198 1052 2238 impugnetur,

345 2245 376 2269 et
397 2240 458 2281 ipsi
483 2240 556 2270 mihi
573 2241 644 2270 olim
662 2241 761 2271 visum
778 2241 817 2270 sit
833 2241 894 2279 leg.
911 2251 978 2270 esse
993 2247 1051 2270 Χα-

343 2283 449 2323 ςιδὴμῳ
474 2282 701 2324 Κερσοβλέπτης,
727 2284 879 2323 quomodo
907 2284 996 2314 etiam
1020 2284 1051 2313 in

343 2327 549 2366 Hei-»vagitum
563 2332 680 2356 exstare
698 2327 851 2366 suspicor,
871 2326 900 2355 iu
923 2328 1050 2357 Felicia·

343 2380 410 2403 nea,
427 2370 555 2399 Paulina
577 2375 624 2399 est
647 2375 677 2400 et
700 2371 779 2400 Bav.
803 2369 875 2409 quid
902 2370 928 2399 si
951 2375 1050 2400 autem

343 2412 481 2447 κηδεστὴς
494 2424 552 2443 non
563 2423 664 2453 gener,
677 2414 731 2443 sed
744 2415 869 2443 maritus
879 2414 981 2443 sororis
994 2414 1051 2443 sit?

344 2456 499 2485 Habuerit
522 2461 584 2486 tum
612 2457 783 2496 Iphicrates
805 2457 835 2486 in
861 2456 1050 2486 matrimonio

344 2508 479 2527 sororem
498 2499 618 2537 Cotyis,
645 2504 675 2529 et
691 2499 891 2529 Charidemus
916 2510 1049 2531 sororem

344 2541 574 2580 Kersobleptis.
621 2543 723 2572 Possit
745 2542 789 2573 sic
805 2543 940 2582 priorum
958 2543 1051 2573 libro-

343 2594 407 2613 rum
427 2585 550 2623 vulgata
566 2591 656 2615 stare.

385 2644 429 2648 —
446 2630 497 2656 21.
513 2627 577 2667 καὶ]
594 2628 695 2657 maiim
708 2628 777 2658 οὐδὲ.

385 2687 429 2692 -—
444 2672 494 2700 26.
512 2670 621 2712 λαβὼν]
639 2671 744 2701 addidi
760 2670 845 2705 αὐτὸς
860 2675 931 2710 post
949 2670 1050 2700 λαέών.

342 2713 433 2751 Quod
459 2714 483 2743 si
504 2714 605 2743 minus
628 2719 675 2743 est
699 2715 915 2749 necessarium,
940 2714 1050 2744 inutile

342 2761 441 2785 tamen
455 2767 512 2785 non
526 2761 574 2786 est
585 2762 728 2795 respectu
740 2758 926 2792 Charidemi,
938 2758 975 2787 de
988 2769 1049 2797 quo

343 2799 444 2828 statim
462 2804 530 2839 post
544 2805 758 2829 commemorat
774 2811 803 2830 v.
819 2810 890 2839 pen.

386 2843 459 2872 664.
486 2846 515 2873 2.
534 2842 707 2883 Ἄντισσαν]
735 2843 819 2873 Citat
843 2845 997 2882 Harpocr.
1019 2854 1048 2873 v.

337 2883 494 2915 ”Αντισ“σ·α.

383 2946 426 2950 —
442 2929 516 2967 ibjd.
533 2929 618 2971 Δρῦν]
634 2928 716 2959 citat
728 2928 883 2967 Harpoer.
900 2938 930 2958 v.
946 2929 1027 2968 Δςῦς.

384 2989 426 2992 -
441 2973 470 3001 6.
486 2971 601 3014 ἑαυτοῦ]
624 2982 692 3008 suae,
720 2971 886 3011 Iphicratis
909 2976 1047 3011 puta.-v.

341 3022 372 3051 p.
388 3015 462 3045 665.
475 3018 504 3045 4.

1102 199 1426 243 ANNOTATA

1142 323 1184 327 --
1200 308 1229 336 9.
1246 306 1294 336 καὶ
1318 307 1392 350 κινῇ]
1418 307 1517 338 malim
1542 306 1589 337 καὶ
1612 303 1694 347 κοινῇ.
1716 306 1804 336 etiam

1099 353 1181 377 cont>
1183 359 1200 377 ιι
1211 358 1257 378 vos
1272 357 1398 386 cunctos,
1412 351 1459 380 vel
1471 352 1625 380 universos.
1648 348 1805 388 componit

1101 390 1271 421 simultates
1297 393 1511 432 Kersobleptis
1528 404 1594 423 cum
1612 391 1803 425 Charidemo,

1099 443 1167 462 cum
1190 435 1327 472 ejusdem
1354 436 1558 466 simultatibus
1575 446 1648 474 erga
1663 437 1802 464 cunctam

1099 475 1331 508 Atheniensium
1347 489 1445 518 remp
1456 479 1607 519 privatum
1619 477 1722 508 odium
1734 486 1803 507 cum

1100 520 1236 558 publico.

1141 580 1184 585 —
1201 567 1249 593 10
1266 563 1372 604 ἓξάξκει
1395 562 1527 604 τουθ’-]
1555 563 1710 594 Sententia
1734 565 1804 592 est·
1797 584 1805 599 ,

1095 607 1248 643 prodestne
1260 607 1344 643 vobis,
1357 614 1540 648 posteaquam
1552 607 1742 637 Charidemus
1754 606 1804 635 de-

1097 653 1194 686 ceptus
1206 649 1321 690 fuerit,
1335 655 1438 681 vosmet
1453 652 1526 690 ipsos
1543 649 1683 680 Thracem
1705 650 1736 679 in
1758 657 1804 678 vos

1098 701 1222 722 armasse
1235 699 1321 733 atque
1333 695 1493 724 roborasse.
1488 694 1502 716 2

1136 752 1179 756 —
1206 739 1255 765 11.
1267 737 1394 784 αὐτους]
1421 747 1478 766 non
1505 736 1638 766 cohaeret
1660 744 1729 765 cum
1757 731 1802 772 ἐφ’

1096 779 1174 817 ὑμᾶς
1185 777 1337 830 P¹,⁰x.im⁰'
1353 780 1404 809 sed
1417 779 1496 809 idem
1510 784 1556 808 est
1570 789 1604 809 ac
1616 778 1642 808 si
1655 777 1802 808 dixisset:

1096 822 1174 860 ὑμᾶς
1189 822 1299 857 αὐτους,
1316 827 1434 852 vosmet.
1449 822 1545 861 ipsos,
1556 822 1647 857 ultro,
1663 821 1802 850 manibus

1096 863 1219 898 vestrm,
1247 864 1481 895 κατεσκευακέναι
1511 863 1558 894 τὸν
1585 861 1804 905 Κερσοβλέπτην

1096 904 1208 947 ι’σχυξόν
1221 905 1266 945 ἐφ’
1280 909 1368 946 ὑμας,

1136 967 1179 972 -
1196 951 1247 979 18.
1269 949 1338 990 ὑπὲρ
1361 951 1460 991 αὑτοῦ]
1485 949 1628 989 spiritum
1656 959 1800 988 asperum

1094 992 1256 1030 posteriori
1271 994 1338 1023 voci
1350 992 1488 1033 appinxi.
1513 992 1595 1022 redit
1607 994 1644 1023 ad
1656 1002 1736 1028 eum,
1749 991 1803 1031 qui

1094 1035 1249 1074 providet,
1265 1040 1356 1075 atque
1379 1036 1522 1075 impedit,
1544 1035 1704 1076 quominus
1728 1045 1801 1064 con-

1095 1078 1164 1108 silia
1187 1079 1358 1118 capiantur,
1382 1080 1515 1118 sibique,
1538 1084 1569 1109 et
1589 1078 1689 1114 alteri,
1712 1079 1802 1116 cujus

1094 1132 1187 1151 causa
1201 1123 1372 1161 capiantur,
1387 1124 1479 1152 noxia
1502 1123 1613 1153 futura.
1635 1132 1702 1152 nam
1723 1119 1802 1161 ἐξαξ-

1093 1165 1139 1193 κεῒ
1150 1164 1230 1194 idem
1247 1176 1329 1205 saepe
1342 1166 1503 1206 significat,
1519 1170 1609 1205 atque
1624 1165 1738 1205 ὠφελεῖ,
1753 1174 1800 1194 ex-

1089 1208 1183 1245 pedit,
1204 1208 1330 1247 prodest.

1135 1269 1178 1273 —
1194 1253 1245 1281 ΞΟ.
1260 1250 1405 1292 κᾴκείνοις]
1419 1256 1479 1281 tam
1496 1250 1570 1287 illis,
1581 1250 1635 1290 qui
1651 1254 1799 1280 amantur.

1092 1293 1139 1323 καὶ
1155 1293 1253 1333 σφίσιν
1263 1295 1369 1332 αὐτοῖς,
1381 1305 1469 1334 quam
1483 1295 1544 1324 itlis
1556 1293 1645 1333 ipsis,
1657 1293 1707 1333 qui
1721 1293 1798 1323 istos

1092 1342 1203 1366 amant.

1135 1382 1208 1412 665.
1222 1382 1252 1411 5.
1277 1381 1325 1411 οὒκ
1340 1379 1529 1421 ἐπεστράφη]
1547 1379 1590 1409 uit
1609 1380 1743 1409 curabat.
1766 1384 1800 1409 nt

1091 1423 1184 1461 paulo
1208 1427 1277 1453 ante
1299 1426 1372 1454 664.
1397 1424 1451 1453 ult.
1475 1422 1546 1453 οὐδὲν
1569 1421 1723 1462 ἐφρόντισε.
1747 1422 1798 1452 alii

1090 1466 1216 1496 codices
1230 1467 1302 1497 dant
1314 1467 1361 1497 aim.
1373 1466 1560 1507 ἀπεστράφη,
1574 1474 1673 1505 passus
1687 1475 1746 1495 ‘non
1760 1471 1801 1495 est

1090 1519 1108 1538 a
1123 1509 1241 1540 consitio
1251 1519 1303 1540 suo
1317 1520 1369 1549 per
1382 1519 1416 1539 ea
1426 1519 1454 1539 se
1464 1509 1580 1540 deduci.
1602 1508 1728 1548 perinde
1740 1514 1799 1545 est,

1091 1556 1190 1582 utram
1206 1553 1369 1583 lectionem
1384 1557 1484 1592 optes,
1507 1557 1634 1590 utraque
1651 1553 1728 1581 bona
1741 1557 1799 1581 est.

1133 1613 1176 1618 —-
1191 1598 1221 1626 6.
1238 1594 1308 1630 τίνος
1330 1596 1363 1626 av
1384 1595 1432 1625 καὶ
1453 1594 1532 1633 λόγον
1554 1593 1637 1635 σχοίη
1658 1594 1700 1633 μή
1727 1606 1799 1627 τινος

1089 1637 1244 1679 Χαρίδημον
1259 1638 1456 1680 ἀποστερήσῃ]
1470 1637 1661 1667 manifestum
1676 1641 1733 1674 est,
1747 1648 1800 1667 ne-

1089 1691 1148 1718 que
1173 1682 1251 1722 sugit
1273 1682 1450 1721 Taylorum‚
1474 1681 1631 1720 posterius
1647 1691 1728 1715 τινος,
1745 1691 1797 1710 en-

1090 1723 1225 1754 cliticum
1240 1724 1330 1760 illud,
1343 1725 1513 1755 redundare
1535 1727 1565 1753 et
1582 1723 1797 1762 amputandum

1090 1771 1148 1803 est,
1164 1767 1195 1796 in
1212 1779 1271 1807 quo
1288 1769 1420 1808 ipsemet
1431 1767 1458 1797 ei
1475 1768 1626 1796 assentior
1641 1767 1797 1802 hactenus,

1090 1815 1123 1838 ut
1147 1811 1214 1850 ejus
1238 1812 1306 1841 1000
1331 1810 1430 1841 τούτου
1446 1809 1606 1840 suffectum
1620 1809 1723 1839 velim.
1745 1820 1799 1839 cu·

1079 1853 1205 1890 jasnam
1216 1856 1258 1884 rei
1271 1855 1414 1884 rationem
1431 1853 1534 1883 habeat
1546 1852 1749 1892 Kersobleptes‚
1761 1863 1799 1883 ne

1089 1906 1121 1925 ea
1136 1906 1167 1926 re
1184 1896 1392 1927 Charidemum
1407 1897 1500 1935 privet
1513 1895 1525 1925 ἶ)

1129 1957 1173 1961 -
1186 1942 1236 1970 13.
1250 1940 1372 1980 ἁπλῶς]
1392 1944 1449 1975 est,
1462 1939 1554 1972 nude,
1567 1938 1716 1974 absolute,
1729 1938 1795 1969 siue

1087 1982 1279 2012 restrictione
1291 1988 1323 2012 et
1335 1983 1529 2021 exceptione.
1547 1982 1627 2020 quod
1643 1981 1712 2011 huic
1729 1981 1797 2012 1000

1088 2034 1147 2054 non
1179 2026 1333 2056 convenit.
1372 2035 1465 2064 quare
1500 2024 1603 2055 malim
1643 2025 1798 2058 ἁπλοϊκῶς.

1087 2077 1171 2098 more
1185 2069 1341 2108 hominum
1357 2067 1555 2107 simplicium,
1571 2067 1795 2107 imperitorum,

1087 2111 1340 2151 imprudentium,
1361 2111 1534 2141 stultorum.
1578 2111 1797 2140 Verumtamen

1087 2154 1196 2190 altero,
1207 2155 1295 2185 etiam
1310 2155 1366 2184 hoc
1379 2164 1470 2183 sensu
1482 2155 1599 2184 Noster
1612 2163 1695 2192 saepe
1708 2163 1796 2183 usur-

1087 2202 1150 2235 pat,
1167 2202 1199 2227 ut
1215 2208 1245 2236 p.
1262 2199 1337 2228 795.
1349 2199 1401 2228 25.
1417 2195 1476 2227 οὐδὲ
1492 2198 1590 2226 ταῦτα
1604 2197 1716 2232 ἁπλῶς,
1739 2195 1794 2226 οὐδ’

1087 2239 1194 2275 ἀδόλως
1208 2241 1364 2279 φανήσεται
1380 2239 1537 2279 γεγςαφώς.

1129 2300 1170 2304 -
1188 2286 1236 2313 17.
1253 2283 1340 2323 οὐδὲν]
1358 2283 1406 2312 hic
1428 2287 1475 2313 est
1497 2292 1551 2321 pro
1567 2293 1609 2317 τι,
1625 2291 1795 2312 accommo-

1086 2325 1177 2355 datur
1197 2326 1276 2356 enim
1299 2325 1458 2366 praemisso
1480 2324 1551 2361 οὐδὲ,
1574 2330 1605 2355 et
1628 2331 1700 2355 noto
1716 2326 1796 2356 Atti-

1087 2368 1182 2399 cismo
1194 2370 1284 2408 plane
1298 2369 1458 2399 redundat.

1127 2430 1169 2435 —
1185 2414 1237 2443 ⁶23.
1254 2412 1340 2454 Θρᾳκὶ
1361 2411 1384 2442 δ’
1399 2411 1546 2452 ἀνθρώπῳ
1569 2410 1703 2451 βασιλεῖ]
1730 2421 1794 2441 om-

1085 2454 1135 2484 nia
1150 2456 1214 2485 haec
1232 2456 1270 2485 ad
1287 2456 1513 2495 Kersoblepten
1529 2455 1669 2484 redeunt.
1715 2455 1796 2484 Cha-

1084 2498 1219 2528 ridemus
1235 2499 1349 2528 dicitur
1368 2498 1561 2538 imperatoris
1576 2507 1699 2535 operam
1714 2507 1794 2537 prae·

1085 2545 1164 2570 stare
1180 2540 1290 2571 homini
1306 2541 1424 2576 Thraci,
1439 2542 1585 2581 eidemque
1596 2541 1671 2579 regi.

1129 2586 1201 2614 666.
1220 2588 1251 2615 Ξ.
1267 2583 1528 2629 ἐπιβουλεύσοντος]
1544 2583 1666 2613 correxi
1682 2580 1794 2613 {mew-

1084 2627 1245 2662 λεύσαντος.
1269 2629 1351 2668 quod
1363 2632 1410 2657 est
1420 2616 1712 2667 tempusinfinitum.
1730 2627 1792 2665 qui,

1084 2671 1109 2700 si
1122 2671 1164 2700 z'ta
1181 2673 1344 2712 contingat,
1359 2672 1395 2701 sit
1408 2671 1610 2700 insidiaturus.

1126 2731 1168 2737 -—
1181 2716 1210 2745 3
1224 2698 1449 2754 ἐψηφισμένους]
1465 2714 1542 2743 bene
1554 2712 1658 2747 habet,
1670 2703 1793 2742 tametsi

1085 2756 1175 2786 etiam
1209 2755 1426 2797 ἐψηφισμένοις,
1460 2755 1613 2794 quomodo
1640 2755 1792 2794 Taylorus

1086 2799 1151 2829 vult
1175 2800 1247 2839 legi,
1263 2811 1320 2830 non
1337 2799 1542 2839 spernendum
1559 2797 1610 2834 sit,
1625 2797 1651 2828 si
1667 2798 1793 2828 codices

1085 2844 1283 2872 consentiant.

1126 2904 1169 2908 --
1184 2889 1215 2916 9.
1230 2884 1349 2915 ἐκδοῦναι
1364 2884 1429 2925 καὶ]
1446 2883 1495 2914 και
1511 2883 1644 2913 deletum
1669 2883 1790 2913 malim·
1783 2907 1793 2921 ,

1085 2933 1119 2958 ut
1130 2929 1240 2959 vitiose
1253 2928 1437 2958 redundans.
1454 2926 1513 2957 nisi
1524 2926 1550 2955 si
1559 2926 1702 2956 volumus
1715 2927 1791 2957 hanc

1085 2982 1151 3001 esse
1160 2971 1350 3006 sententiam,
1360 2971 1527 3009 Europaeos
1537 2979 1645 3009 quoque
1654 2971 1792 3000 Graecos.

1086 3019 1119 3044 ut
1149 3014 1371 3045 Lacedaemonii
1396 3015 1522 3044 Graecos
1550 3013 1701 3043 Asiaticos
1727 3013 1794 3053 regi
