1931 3322
252 213 334 254 AD
368 207 735 254 ORATIONEM
769 207 834 249 IN
865 205 1369 254 ARISTOGITONEM
1403 211 1440 254 Ι.

135 319 216 360 qnod
244 320 272 350 is
298 322 442 354 sectatur,
469 327 568 357 neque
592 315 752 347 tolerabile
779 320 838 353 est,

133 373 230 402 neque
242 364 409 392 honestum.

177 423 220 428 —
242 406 297 435 ult.
321 402 469 444 διατρίςει]
493 403 617 434 conterit
639 408 774 433 mentem.
807 407 840 433 ut

136 448 258 479 Plinius
273 457 355 486 saepe
370 448 399 476 h.
411 458 441 477 v.
457 452 588 477 conterm-
603 451 739 486 usurpat.

176 492 251 521 786.
275 493 307 521 4.
331 489 418 532 ,ἠρκὼς
445 488 479 520 τὸ
503 489 624 531 xiva-goy]
651 488 839 519 admirabilis

133 533 294 573 elegantiae
317 534 505 573 comparatio
526 533 723 572 sycophantae
743 532 789 562 ira
809 536 841 562 et

133 576 207 606 odio
221 577 355 607 universi
370 577 490 616 generis
505 577 625 606 hnmani
639 580 670 604 et
684 585 766 605 saeva
777 575 840 606 bile

132 620 296 658 turgentis,
319 630 338 649 a
361 630 421 659 qua
443 630 513 650 cum
535 624 650 654 uratur,
672 618 782 648 anxius
810 624 842 648 et

132 663 272 703 trepidus
281 663 538 700 circumcursitat,
548 672 697 702 quaerens,
709 663 738 691 in
751 672 841 701 quem

133 712 186 736 aut
200 710 387 736 venenatum
402 706 523 736 dentem
537 705 704 745 imprimat,
727 711 776 735 aut
794 705 841 734 vi·

131 749 282 783 rulentam
296 750 424 780 caudam
435 749 590 789 conjiciat.
613 749 735 779 Nobilis
747 749 842 778 enim-

134 802 208 822 vero
223 797 255 822 et
266 792 422 833 exquisita
435 793 548 833 imago.
592 793 660 828 Nae,
675 793 840 822 orationem

131 835 210 865 banc
221 835 275 874 qui
285 840 494 873 contemnunt,
509 840 540 866 et
551 846 606 875 pro
617 835 700 866 chria
712 835 843 865 ludima-

131 878 223 918 gistri
232 878 375 919 alicujus,
387 879 566 909 obscuritati
579 889 643 909 suae
655 879 756 909 lumen
769 878 843 908 clari

131 921 266 952 nominis
292 922 401 953 fraude
429 922 565 953 literaria
598 922 843 951 circumfundere

131 964 312 1001 laborantis,
324 965 496 1000 traducunt,
509 965 592 1005 quod
608 965 719 995 factum
736 975 753 994 a
768 964 843 994 viris

132 1007 234 1038 doctis
253 1007 398 1047 indignor
412 1014 442 1038 et
461 1009 620 1048 aegerrime
632 1009 707 1043 fero,
723 1012 775 1037 aut
788 1007 844 1036 im-

131 1059 285 1081 memores
309 1051 355 1080 illi
379 1056 451 1080 sunt
474 1051 535 1086 sui,
559 1060 706 1089 coecoque
727 1049 846 1088 impetu

132 1092 243 1124 indicii
263 1094 463 1129 anfferuntnr,
485 1103 571 1128 mox,
592 1092 643 1122 ubi
664 1092 845 1131 resipuerit,

133 1146 167 1166 se
190 1137 377 1172 revocatori,
398 1141 451 1166 aut
471 1136 660 1175 eloquentia,
676 1136 784 1164 Graeca
799 1134 845 1164 in-

131 1178 254 1220 primis,
268 1190 336 1219 quae
353 1178 394 1209 sit
405 1179 541 1218 produnt
551 1190 584 1209 se
598 1179 751 1218 ignorare.
782 1178 846 1208 Sed

132 1232 151 1252 e
167 1222 324 1252 Dinarcho
334 1232 366 1262 p.
380 1224 453 1253 106.
463 1224 516 1252 31.
529 1226 614 1262 patet
625 1222 679 1251 has
691 1220 845 1251 orationes

132 1265 271 1305 Lycurgi
297 1276 377 1296 esse.
420 1267 532 1296 Insunt
556 1265 628 1295 huic
654 1264 846 1307 gravissimae

132 1308 266 1339 orationi
288 1308 463 1348 Hyperidis
478 1308 545 1350 (est
559 1309 639 1339 enim
661 1307 846 1348 Hyperidis,

132 1351 172 1382 de
197 1362 260 1391 quo
284 1352 387 1383 nullus
413 1352 533 1389 dubito,
555 1352 750 1392 gratulorque
777 1350 846 1392 ejus

131 1395 300 1432 memoriae,
312 1396 352 1425 ad
365 1406 422 1426 nos
436 1401 662 1426 monumentum
678 1405 771 1425 unum
791 1395 848 1424 hu-

129 1438 184 1477 jus
198 1438 276 1469 tanti
290 1438 418 1479 ingenii,
437 1438 598 1479 magnique
618 1438 649 1469 id
665 1438 847 1474 faciendum,

135 1480 264 1523 injurias
279 1487 449 1522 temporum
464 1482 614 1523 evicisse)
629 1483 730 1512 insunt
751 1481 848 1522 igitur

133 1523 181 1555 illi
196 1524 284 1555 nervi
299 1526 408 1562 fortes,
420 1526 524 1556 insunt
542 1526 635 1556 animi
649 1525 782 1562 nobiles,
800 1525 847 1555 in-

135 1573 207 1598 sunt
222 1578 307 1599 acres
322 1568 461 1609 igniculi,
475 1569 557 1599 inest
577 1569 662 1600 color
679 1568 778 1599 virilis
798 1578 848 1598 ro-

134 1611 231 1647 boris,
256 1612 338 1642 uude
361 1612 544 1652 Hyper-idea
567 1613 692 1653 agnosci
717 1616 848 1642 testatur

135 1653 201 1684 Dio
223 1655 477 1695 chrysostomus,
501 1657 581 1686 hunc
606 1661 758 1686 oratorem
782 1665 847 1695 prae

133 1697 205 1737 ipso
220 1698 430 1729 Demosthene
446 1698 562 1729 homini
577 1698 664 1729 civili
679 1698 848 1738 impensius

133 1742 362 1773 commendans.
377 1742 408 1772 in
421 1753 481 1782 quo
492 1742 546 1773 ille
562 1748 645 1773 recte
658 1747 690 1773 et
705 1752 744 1773 ex
756 1741 848 1772 animi

133 1784 196 1814 mei
211 1785 363 1815 sententia
373 1786 504 1825 judicat.
535 1787 611 1816 Erat
625 1786 765 1826 profecto
779 1786 848 1825 Hy-

132 1827 271 1867 perides,
288 1829 315 1859 si
329 1833 415 1860 totus
433 1829 527 1860 hodie
545 1834 709 1869 prostaret,
723 1833 848 1859 caetera-

134 1880 195 1910 que
223 1873 290 1911 ejus
316 1872 365 1902 his
388 1872 529 1912 reliquiis
556 1883 698 1912 germana
722 1872 849 1909 fuerint,

132 1913 216 1944 haud
237 1924 343 1954 parum
363 1915 530 1946 luminibus
552 1916 771 1946 Demosthenis
793 1917 847 1945 ob-

134 1960 316 1988 structurus.
360 1958 441 1988 Nam
461 1964 494 1988 ut
515 1958 658 1989 subtilior
678 1959 718 1988 sit
733 1960 847 1988 Demo-

133 1999 270 2035 sthenes,
281 2003 372 2039 atque
386 2000 531 2036 limatior,
542 2007 848 2051 argumentorumque

134 2041 258 2081 spicula
268 2042 448 2074 fortioribus
463 2045 587 2075 lacertis
601 2044 786 2084 intorqueat,
798 2055 848 2075 ea-

134 2095 195 2125 que
209 2085 348 2116 crebiora
363 2091 394 2117 et
417 2087 565 2127 spissiora
588 2093 732 2127 spargat,
764 2097 847 2127 saepe

134 2132 236 2158 tamen
251 2128 323 2159 illi'
313 2129 375 2169 ipsi
389 2140 562 2166 mucrones,
576 2129 608 2160 in
630 2140 756 2160 acumen
775 2131 847 2170 plus

133 2181 224 2211 quam
239 2181 296 2211 par
311 2179 361 2203 est
374 2177 466 2204 tenue
482 2173 612 2204 extracti
627 2173 805 2212 retundunt,
815 2178 848 2204 et

133 2215 339 2246 obscurantur
350 2215 420 2246 illi'
411 2227 509 2255 ignes,
523 2216 742 2256 exspirantque
753 2216 783 2246 in
798 2227 847 2256 sy-

133 2258 318 2308 cophantica
328 2259 458 2298 quadam
472 2260 606 2290 vanitate
622 2265 655 2290 et
667 2260 764 2290 livore
777 2270 848 2300 per-

135 2301 255 2341 spicuo.
279 2303 359 2333 unde
378 2308 557 2343 argumenta
571 2305 638 2343 ejus
653 2313 774 2343 quoque
791 2314 849 2333 sae-

133 2354 300 2384 penumero
308 2346 450 2382 molesta,
459 2347 563 2376 odiosa
565 2346 848 2387 ,importunafiunt.

136 2386 244 2417 Dictio
259 2387 306 2418 illi
319 2388 421 2419 minus
436 2393 484 2419 est
499 2394 626 2427 morata,
648 2396 679 2420 et
693 2389 794 2420 minus
810 2391 847 2420 ad

133 2439 236 2460 mores
243 2432 447 2462 emendandos
454 2433 638 2472 composita3
645 2433 737 2464 nimis
745 2438 851 2464 contra

135 2478 185 2504 est
199 2474 368 2511 examina,
382 2479 418 2505 ut
433 2487 470 2506 eo
486 2487 569 2517 saepe
592 2477 732 2507 unicolor
751 2481 782 2506 et
803 2477 849 2507 in-

134 2516 222 2547 firma
236 2517 298 2553 fiat,
311 2517 405 2549 nimio
419 2519 522 2550 studio
538 2520 645 2550 sordes
660 2520 850 2560 popularita-

133 2559 175 2590 tis
192 2560 320 2591 vitandi.
363 2561 535 2602 Hyperidis
548 2567 649 2593 autem
669 2563 767 2594 oratio
786 2573 848 2593 ma-

135 2603 221 2634 scula
235 2604 366 2644 quadam
382 2605 469 2645 viget
479 2606 663 2646 eloquentia,
675 2608 763 2646 cujus
779 2617 848 2637 cum

135 2652 208 2677 sunt
230 2653 408 2688 argumenta
421 2648 525 2679 valida
548 2654 580 2680 et
599 2650 764 2687 evidentia,
785 2654 849 2680 tum

137 2694 209 2720 sunt
221 2691 384 2731 popularia
401 2696 433 2722 et
446 2692 676 2732 subpinguiora·
699 2692 850 2733 gravitate

136 2734 352 2764 sententiarum
369 2745 386 2765 e
406 2745 487 2775 penu
506 2735 714 2776 philosophiae
736 2737 850 2776 repeti-

133 2780 234 2807 tarum
245 2783 276 2807 et
284 2782 456 2818 opportune
465 2779 713 2819 interpositarum
722 2779 851 2810 mirifice

137 2819 283 2857 delectat,
298 2822 353 2852 sed
367 2825 399 2852 et
418 2823 625 2862 popularitate
645 2828 736 2872 atque
752 2822 851 2853 varie-

133 2863 222 2892 tate’
213 2866 378 2903 imaginum
389 2869 421 2895 et
435 2865 607 2897 dictionum
621 2866 723 2907 capit·
716 2889 724 2904 ,
740 2876 799 2905 quo
812 2867 851 2897 de

139 2914 252 2944 genere
267 2912 316 2938 est
334 2908 476 2938 aculeum
495 2920 643 2940 exserens
665 2910 806 2949 scorpius
821 2914 852 2940 et

139 2948 292 2980 sublatum
316 2961 386 2982 cum
405 2952 498 2982 minis
517 2953 756 2992 circumserens3
779 2953 852 2984 item

138 2990 440 3042 mmearatqersaa
461 2999 494 3026 et
512 2996 668 3039 μοσχιύιιν
688 3002 719 3027 et
738 3006 852 3037 τεταρι-

139 3032 286 3075 χευμένος,
300 3037 420 3078 aliaque
431 3038 481 3070 his
496 3040 621 3080 similia,
636 3051 703 3081 quae
719 3040 772 3080 qui
788 3048 852 3082 φορ-

1503 211 1582 255 181

871 317 942 346 τικὰ
966 315 1063 353 aiunt,
1089 326 1195 355 parum
1222 319 1321 354 abest,
1344 317 1416 358 quin
1442 329 1501 358 ego
1528 329 1583 349 eos

873 359 951 389 aiam
979 359 1135 399 desipere,
1168 365 1199 390 et
1227 361 1411 400 eloquentiae
1445 368 1585 392 naturam

872 402 1025 442 ignorare,
1053 407 1159 442 pastos
1185 403 1216 432 in
1241 405 1347 433 umbra
1373 405 1585 444 grammatico-

872 456 950 482 rum,
973 446 1026 484 qui
1048 456 1117 475 cum
1142 456 1199 486 per
1222 456 1341 476 omnem
1365 453 1484 477 aetatem
1507 448 1585 478 nihil

872 499 933 518 non
957 489 1106 518 minutum
1130 500 1228 529 neque
1246 490 1385 528 jejunum
1409 491 1586 529 cogitarint,

873 532 1010 572 flagitare
1025 533 1149 568 audent,
1161 537 1195 562 ut
1205 537 1342 562 nostrum
1355 537 1387 561 et
1397 534 1435 563 de
1448 534 1585 564 oratione

874 579 906 605 et
926 575 964 604 de
984 575 1119 605 dictione
1140 575 1291 614 judicium
1314 575 1456 605 sordibus
1480 587 1586 607 eorum

873 619 1147 648 accommodemus.
1193 620 1254 649 Sed
1281 619 1346 648 haec
1370 619 1528 655 hactenus,
1554 625 1586 650 et

875 662 985 691 obiter.
1029 661 1111 691 citat
1127 662 1156 692 h.
1169 662 1190 692 l.
1206 663 1360 701 Harpocr.
1374 672 1404 691 v.
1421 662 1523 702 ἀργᾶς.

916 722 959 727 —-
973 707 1023 735 10.
1035 705 1185 747 ἇνὶδςυτος]
1202 706 1286 735 Citat
1300 705 1383 735 idem
1396 716 1425 736 v.
1438 703 1588 746 ἀνίδξυτος,

875 749 929 778 sed
951 748 1029 778 male
1051 750 1190 788 exponit.
1234 750 1306 784 Est,
1330 749 1380 779 cui
1404 748 1495 778 nullae
1517 755 1588 779 sunt

875 797 966 822 certae
979 792 1165 822 fortunarum
1180 792 1281 822 sedes.

918 853 962 858 —
975 837 1028 866 19.
1044 834 1095 875 ὡς]
1112 835 1236 866 correxi
1251 835 1357 875 ὥσπερ.
1402 834 1464 864 Sed
1482 835 1528 865 vel
1542 834 1589 864 sic

877 884 975 908 tamen
992 878 1120 908 affectus
1134 880 1233 909 adhuc
1249 883 1349 908 manet
1368 878 1468 907 locus.
1513 879 1588 907 Sen-

876 921 972 951 tentia
993 922 1141 961 postulat,
1165 921 1180 952 ἢ
1201 920 1320 961 ὅσωνπερ
1344 921 1408 955 τοὺς
1430 919 1589 960 εὐεργέτας.

877 965 1034 1005 majoribus
1056 966 1143 995 etiam
1163 963 1300 1005 affectum
1320 963 1485 999 hortm-ibus,
1501 974 1590 1004 quum

877 1009 979 1048 quibus
993 1008 1095 1048 dignos
1109 1007 1252 1037 habuistis
1265 1011 1370 1037 vestros
1385 1005 1591 1047 benefactores.

920 1065 965 1072 ——
980 1052 1031 1079 26.
1047 1049 1180 1091 ἐχόντων]
1206 1050 1267 1079 imo
1288 1060 1364 1080 vero
1388 1050 1435 1079 οὖκ
1457 1048 1589 1091 ἐχόντων.

877 1093 990 1122 atrocia
1003 1102 1071 1121 cnm
1083 1093 1145 1122 sint
1159 1095 1220 1132 ejus
1224 1092 1379 1133 facinora,
1390 1093 1447 1123 imo
1464 1103 1541 1129 vero,
1554 1099 1591 1124 ut

878 1135 985 1164 rectius
1006 1135 1112 1171 dicam,
1127 1140 1225 1173 tanta,
1247 1141 1285 1166 ut
1308 1137 1454 1167 atrociora
1475 1137 1590 1178 excogi-

878 1178 942 1207 tari
956 1183 1111 1217 nequeant.

895 1238 905 1251 ι.
921 1222 998 1251 787.
1014 1223 1065 1251 14.
1081 1218 1202 1262 Βωξίαν]
1226 1221 1347 1252 correxi
1364 1220 1484 1259 Ζωβίαν,
1508 1223 1591 1262 quod

879 1264 1002 1295 tametsi
1022 1265 1125 1304 aliquo
1141 1264 1244 1301 modo,
1259 1265 1359 1295 minus
1372 1270 1484 1301 tamen,
1501 1270 1592 1304 atque

879 1307 967 1344 illud,
984 1317 1002 1337 a
1015 1307 1113 1338 forma
1125 1309 1304 1339 Graecorum
1318 1308 1472 1339 nominum
1484 1309 1594 1339 abbor-

879 1355 939 1381 ret.
962 1355 993 1381 et
1008 1351 1053 1381 sic
1067 1351 1146 1382 infra
1161 1362 1282 1392 quoque
1298 1361 1329 1392 p.
1341 1354 1417 1383 788.
1434 1353 1465 1382 5.
1486 1352 1594 1392 appel-

879 1394 971 1425 latur.
1015 1395 1211 1435 Caeteroquin
1236 1395 1280 1426 nil
1301 1405 1457 1426 moverem
1484 1405 1594 1426 nomen

881 1437 1085 1474 barbaricum,
1115 1439 1197 1478 quod
1227 1439 1376 1479 originem
1406 1438 1594 1469 mulierculae

881 1481 983 1512 videri
998 1482 1096 1521 possit
1110 1482 1257 1513 indicare.

924 1542 968 1548 -—-
982 1527 1035 1557 27.
1051 1524 1083 1565 ἐξ
1102 1525 1261 1567 μετοικιου]
1278 1524 1388 1555 vitium
1406 1525 1464 1555 hoo
1479 1529 1529 1555 est
1546 1529 1595 1564 ty-

881 1569 1113 1608 pographicam,
1127 1570 1208 1609 quod
1225 1568 1348 1599 correxi
1367 1569 1417 1598 τοῦ
1439 1566 1597 1608 μετοικίου.

881 1611 921 1640 de
936 1622 1011 1642 voce
1027 1613 1198 1653 πωλητηςιον
1212 1612 1331 1649 dubito,
1344 1612 1417 1651 quid
1432 1612 1597 1651 significet,

881 1665 954 1684 num
981 1655 1094 1692 locum,
1120 1656 1174 1686 ubi
1198 1656 1344 1686 venibant
1367 1655 1450 1685 servi
1478 1665 1595 1690 omnes,

881 1702 1009 1735 catasta,
1029 1709 1066 1729 an
1087 1700 1185 1736 locus,
1204 1700 1257 1730 ubi
1281 1698 1424 1738 inquilini
1436 1697 1595 1734 venibant,

881 1741 934 1780 qui
948 1752 991 1772 aes
1006 1742 1218 1783 neglexissent
1232 1742 1421 1782 dependere,
1432 1751 1492 1780 qua
1504 1740 1597 1772 venia

881 1785 1012 1816 Athenis
1035 1786 1193 1817 habitandi
1216 1787 1255 1816 ab
1275 1786 1326 1822 iis,
1347 1785 1398 1825 qni
1423 1785 1510 1815 cives
1536 1794 1597 1814 non

882 1834 996 1866 essent,
1023 1830 1242 1861 redimebatur.
1275 1840 1313 1860 an
1343 1828 1487 1868 denique,
1513 1828 1597 1867 quod

881 1873 988 1902 nescio
1003 1883 1040 1902 an
1053 1873 1094 1904 sit
1105 1873 1311 1909 verissimum,
1322 1873 1422 1908 locus,
1437 1872 1486 1902 ubi
1499 1871 1598 1901 vecti·

882 1915 932 1953 gal
947 1916 1152 1956 inquilinatus
1167 1918 1238 1956 plus
1252 1916 1420 1946 licentibus
1431 1914 1598 1945 addiceba-

882 1963 941 1988 tur.
965 1959 1001 1988 ad
1018 1959 1140 1999 κείμενον
1159 1960 1341 1990 subauditur
1363 1960 1442 1999 παςᾶ,
1464 1953 1506 1996 *τῷ
1528 1968 1597 1997 ygu-

882 2002 940 2040 φεῖ,
951 2001 1001 2032 vel
1012 2001 1166 2045 ἅποδὲκτῃ,
1177 2004 1213 2033 ab
1225 2008 1354 2033 exactore
1365 2002 1400 2031 in
1414 2001 1531 2031 tabulas
1546 2010 1597 2030 ac-

881 2045 955 2082 cepti
969 2045 1108 2075 relatum.

924 2089 999 2117 788.
1017 2091 1046 2117 1.
1065 2089 1112 2118 τὴν
1134 2087 1253 2128 γραφὴν]
1278 2087 1402 2118 correxi
1423 2087 1474 2118 ’τὴν
1495 2087 1602 2127 macir,

881 2130 1038 2159 mercedem
1049 2132 1218 2169 sepulturae.

925 2190 969 2195 —
987 2175 1038 2204 22.
1062 2173 1174 2214 νεάλης]
1199 2173 1284 2205 Citat
1304 2173 1335 2204 h.
1352 2173 1374 2204 l.
1392 2173 1547 2214 Harpocr.
1564 2183 1597 2203 v.

880 2214 988 2250 νεάλης.

925 2276 969 2282 -
981 2261 1032 2290 26.
1046 2259 1107 2301 περὶ
1120 2261 1168 2291 τὴν
1182 2258 1338 2302 γεγονυῗαν]
1352 2260 1480 2291 subaudi
1494 2259 1598 2299 ἑαυτᾷἕ.

924 2320 969 2325 ·——
982 2313 1053 2342 pen.
1068 2302 1171 2344 ἐρευνᾷν
1190 2303 1204 2334 ἢ
1227 2303 1336 2344 ζητεῖν]
1354 2305 1448 2333 verba
1467 2304 1528 2334 dno
1542 2314 1598 2343 po-

884 2349 996 2376 strema
1011 2347 1122 2377 abesse
1138 2347 1255 2383 malim,
1270 2357 1338 2386 quae
1352 2347 1501 2377 scholium
1512 2346 1599 2377 verbi

883 2387 986 2430 ἔρευνᾷν
1003 2400 1070 2419 esse
1086 2390 1241 2420 videntur.
1263 2395 1295 2420 et
1309 2390 1397 2420 uncis
1411 2389 1532 2420 inclusi.

927 2435 1002 2464 789.
1018 2435 1047 2464 3.
1065 2434 1167 2475 ποτοῦ]
1185 2434 1266 2464 Citat
1286 2434 1317 2463 11.
1329 2433 1350 2463 l.
1367 2433 1550 2464 Ammonius
1567 2443 1599 2463 v.

884 2475 972 2511 ποτός
985 2482 1126 2515 tanquam
1140 2487 1179 2506 ex
1191 2481 1268 2506 orat.
1283 2477 1313 2506 in
1324 2476 1557 2507 Androtionem.

927 2537 971 2542 ——
983 2522 1012 2550 6.
1027 2518 1136 2560 ἐσθίων]
1153 2520 1256 2549 malim
1272 2518 1424 2551 ἐπεσθίων.
1434 2531 1466 2551 v.
1476 2530 1508 2561 p.
1521 2522 1598 2552 788.

885 2564 937 2593 25.
955 2567 985 2592 et
1001 2563 1046 2592 sic
1062 2563 1132 2593 dedi
1149 2564 1188 2593 de
1203 2573 1282 2593 meo.

927 2623 971 2628 —
985 2609 1035 2636 10.
1052 2605 1083 2635 ἐκ
1096 2605 1372 2648 τοῦ-στὸματος]
1389 2617 1447 2637 non
1466 2607 1601 2637 cohaeret

885 2649 934 2678 τοῦ
951 2659 1018 2679 cum
1037 2648 1199 2690 στόματος,
1216 2651 1271 2680 sed
1291 2649 1373 2680 idem
1394 2655 1440 2680 est
1460 2661 1495 2680 ac
1511 2651 1536 2680 si
1553 2651 1600 2679 di-

885 2693 1006 2722 xisset:
1029 2691 1062 2722 ἐιι
1083 2692 1237 2732 στὸματος
1258 2694 1308 2722 τοῦ
1327 2693 1520 2727 wsmmmi‘roc
1542 2704 1600 2722 τοι·

883 2737 969 2766 αὔτα.
993 2746 1025 2767 ex
1039 2745 1086 2766 ore
1100 2736 1235 2772 hominis,
1249 2738 1300 2777 qui
1315 2737 1388 2767 talia
1399 2737 1542 2776 patravit.

927 2796 971 2802 --
998 2781 1050 2811 19.
1077 2779 1301 2820 καταστήσετε]
1331 2780 1431 2819 possit
1457 2779 1529 2809 ferri
1561 2778 1601 2807 ob

884 2822 1078 2862 praemissum
1093 2825 1285 2855 καταστῆσαι
1296 2834 1327 2854 v.
1342 2825 1394 2854 17,
1411 2823 1465 2852 sed
1480 2820 1602 2861 praetuli

884 2866 1077 2906 καταμίξετε.

927 2927 971 2933 ·——-
985 2913 1038 2941 2⁰2.
1051 2908 1143 2941 καίτοι
1161 2906 1242 2944 οὗτος
1257 2909 1307 2951 ὢν]
1323 2907 1447 2939 correxi
1470 2907 1518 2938 καὶ
1542 2917 1600 2937 τοι·

885 2964 963 2987 ουτος
978 2954 1023 2984 ὢν.

929 2999 1039 3028 -97.
1051 2997 1088 3030 ὥς
1100 2995 1232 3036 ἀληθῶς]
1248 2999 1319 3034 post
1334 2994 1369 3027 ὡς
1383 2993 1501 3028 ἀληθῶς
1514 2991 1602 3023 vide

888 3045 937 3070 tur
949 3039 1068 3082 φίλτρου
1079 3038 1258 3071 desiderari.
1276 3047 1343 3068 nam
1356 3035 1431 3068 alias
1443 3036 1497 3068 illa
1509 3037 1604 3068 verba
