1931 3323
317 176 401 218 524

317 291 354 312 ne
365 283 510 322 principio
525 285 647 324 quidem.
697 287 852 325 Frequens
874 285 953 315 euim
971 284 1020 314 hic

315 325 366 366 (ut
387 325 472 367 dixi)
500 326 705 367 Interpretum
726 328 830 367 lapsus
851 332 907 358 est.
934 329 1020 368 ἀρχὴν

316 369 368 397 vel
383 370 432 399 τὴν
443 370 530 410 ἇξχῆν
544 371 647 400 multis
661 371 737 401 locis
750 375 871 401 vertunt
886 372 917 401 in
936 372 1021 401 initio

316 411 365 441 vel
392 412 422 442 in
442 415 598 453 principio,
619 414 670 444 nbi
695 414 773 444 verti
793 414 884 443 debet
904 424 1021 453 prorsus

316 454 367 483 vel
393 457 519 485 omnino.
572 457 624 486 Sic
651 457 680 486 in
707 457 775 486 loco
802 458 931 496 quodam
959 457 1019 486 Lu-

316 497 397 526 ciani
420 498 558 550 [Catapl’.
581 499 606 539 §.
631 502 682 530 21.
685 500 700 540 ]
723 500 809 540 ἀρχὴν
824 498 851 529 δὲ
866 499 927 529 οὔτε
944 498 1019 536 οἰδα,

316 539 340 568 εἶ
355 541 526 580 τετράγωνόν
540 540 619 572 ἐστιν
632 541 749 576 ὄβολδς”
737 555 751 573 η
761 542 940 583 στρογγύλον.
957 541 1019 573 Iut.

312 583 461 622 principio
476 594 511 614 ne
525 586 591 615 novi
606 586 731 626 quidem.
754 586 815 615 imo
837 594 955 624 prorsus
970 586 1019 615 vel

314 627 430 655 omnino
454 638 511 657 non
535 629 612 658 novi.
656 628 794 657 Eundem
821 638 950 656 errorem
975 627 1019 657 vi-

315 667 392 698 deor
420 669 493 700 mihi
521 670 609 700 etiam
634 671 715 710 apud
741 669 818 699 alios
846 675 1020 699 annotasse.

314 710 478 742 Heliodor.
495 712 516 742 l.
532 713 584 744 vii.
601 712 645 752 [§.
667 712 736 753 38.]
762 714 802 741 τὰ
826 710 853 740 δὲ
878 710 1018 749 ἐπαγωγὰ

314 755 371 783 τῶν
397 754 593 794 ἅτοπωτέξων,
615 756 650 788 ὡς
676 755 708 784 ἂν
736 753 811 793 μηδὲ
841 754 939 787 συνιεῖς
971 756 1020 784 τὴν

314 796 415 837 ἀρχὴν,
430 796 496 827 ἑκὼν
511 797 653 830 ὑπέβαινε.
679 797 796 837 Interp.
807 797 954 826 illecebras
968 797 1019 826 ab-

312 840 481 869 surdiorum
490 850 589 870 rerum
602 849 692 879 neque
700 839 868 879 intelligens
875 840 910 869 ab
922 840 1017 869 initio.

313 881 376 911 imo
389 888 527 922 tanquam
538 893 596 911 non
605 884 721 912 omnino
734 882 908 921 intelligens.
930 883 1018 913 Max.

314 924 386 962 Tyr.
398 925 521 954 dissert.
530 925 598 954 xiii.
611 924 717 954 τούτων
727 923 782 964 μὲν
795 924 854 954 οὐδὲ
869 926 916 954 τὴν
931 926 1020 965 ἀρχὴν

315 965 428 1005 ἦξίωσεν
452 966 616 1007 καταμίξαι
635 970 676 998 ’τοὶ
697 966 765 1007 {eya
787 967 826 1009 τῇ
847 968 932 998 αὑτοῦ
955 968 1019 1009 ὢδῇ.

314 1010 365 1038 ubi
380 1010 499 1040 erudite
514 1011 530 1039 Ι
534 1015 631 1051 nterp.
647 1021 684 1041 ne
700 1010 798 1041 leviter
813 1011 938 1051 quidem,
959 1021 1018 1040 non

316 1052 450 1083 omnino.
495 1055 562 1083 Nec
579 1054 666 1083 aliter
682 1054 866 1093 exponenda
886 1053 959 1083 mihi
974 1054 1017 1083 vi-

315 1094 406 1124 detur
421 1096 486 1125 haec
500 1107 561 1126 vox
575 1096 606 1126 in
622 1097 743 1136 Evang.
760 1097 867 1127 Ioann.
883 1096 950 1126 viii.
965 1098 1017 1128 25

313 1138 363 1168 τὴν
381 1138 468 1179 ἀρχὴν
491 1138 506 1169 δ’
528 1152 556 1169 τι
581 1139 629 1168 καὶ
652 1142 735 1169 λαλῶ
756 1140 831 1179 ὑμῖν.
857 1139 908 1179 qni
931 1139 1018 1169 locus

314 1180 441 1210 mirifice
479 1182 568 1212 torsit
601 1182 798 1221 interpretes.
865 1183 1020 1212 Dixerunt

315 1223 438 1253 Christo
469 1225 582 1260 Judaei,
611 1227 657 1255 Tu
683 1226 750 1264 quis
778 1225 832 1256 es?
872 1227 912 1255 Et
938 1225 1019 1255 dixit

313 1267 405 1296 Jesus
421 1268 470 1297 τῆν
484 1269 571 1309 ἇρχῆν
586 1266 639 1298 ὅτι
652 1269 699 1298 καὶ
715 1271 795 1298 λαλῶ
811 1269 888 1309 ὑμῖν.
926 1269 1019 1307 Vulg.

315 1309 424 1350 (quem
449 1316 480 1340 et
503 1314 634 1351 August.
661 1311 817 1352 sequitur)
840 1313 1019 1351 principium

316 1354 366 1401 qutz'
377 1359 405 1381 et
421 1353 519 1393 loquor
532 1355 616 1384 vobis.
631 1365 666 1383 ac
683 1356 709 1384 si
724 1354 862 1384 Christus
878 1360 1019 1385 vocasset

315 1395 448 1434 seipsum
461 1398 510 1427 τὴν
520 1398 611 1451 ἆοχῆν
615 1399 802 1436 principium.
817 1398 871 1428 sed
881 1397 1019 1437 profecto

316 1443 379 1467 tum
396 1450 454 1469 non
477 1441 526 1470 τὴν
541 1441 639 1481 ἆξχνν,
655 1441 735 1470 sed
726 1454 739 1472 n
761 1442 833 1482 ἀςχὴ
855 1441 1018 1471 dicendum

313 1481 415 1512 fuerit.
438 1483 552 1513 rectius
572 1484 669 1522 igitur
693 1484 776 1513 Beza
792 1484 885 1514 vertit
909 1484 1020 1513 adver-

316 1523 465 1555 bialiter
454 1537 486 1555 m
498 1527 663 1565 principio:
681 1525 745 1568 Ego
762 1537 833 1578 sum,
848 1527 923 1567 qnod
944 1527 1020 1557 zobis

311 1569 443 1605 primum
457 1575 483 1598 et
500 1581 519 1598 a
534 1570 678 1607 principzo
692 1571 763 1600 dixi.
779 1568 833 1600 ἀπ’
852 1571 943 1611 ἆςχης
959 1571 1020 1611 (ita

316 1609 498 1652 Parapbr.),
518 1611 578 1650 ἐξ
564 1625 665 1654 αξχης.
685 1623 773 1652 quam
791 1613 1017 1662 expositionem
1041 1611 1143 1652 fuisse
1165 1617 1225 1642 etc.

314 1663 372 1682 nos
387 1654 476 1685 etiam
493 1656 727 1694 amplectimur
719 1666 748 1685 ιιι
761 1656 901 1686 versione
918 1661 1020 1686 nostra

315 1698 488 1728 vernacula.
532 1698 600 1737 Ego
618 1709 702 1733 vero,
719 1699 743 1728 si
758 1699 850 1728 liceat
865 1699 1019 1728 mibicon-

312 1739 462 1776 Jectnram
492 1741 612 1775 afferre,
643 1752 718 1780 pace
754 1742 881 1771 doctiss.
919 1741 1018 1771 Inter-

314 1787 446 1822 pretam,
455 1784 504 1813 τὴν
518 1784 604 1825 ἀρχὴν
616 1784 793 1814 vertendum
807 1784 896 1813 etiam
908 1794 1018 1814 censeo

315 1824 395 1855 hoc
386 1836 415 1854 ιιι
433 1826 498 1855 loco
509 1836 641 1864 prorsus¹
657 1829 782 1862 omnino,
798 1825 868 1860 δ’λως
885 1827 934 1856 vel
948 1828 1019 1857 πάν-

605 178 653 219 Τ.
685 177 962 220 STANLEII
995 176 1465 219 ANNOTATIONES

1053 293 1100 313 vos
1115 283 1256 324 alloquor,
1269 284 1318 314 τῆν
1327 284 1423 324 ἀρχὴν,
1438 291 1518 312 nunc
1530 282 1672 321 primum.
1703 279 1756 311 Iu-

1055 326 1180 365 geniosa
1196 337 1267 356 sane
1284 326 1340 356 viri
1362 328 1444 355 doct.
1465 325 1655 363 conjectura,
1665 333 1755 362 quam

1054 374 1153 399 tamen
1169 380 1237 409 ega,
1266 373 1371 408 utpote
1387 378 1496 398 novam
1511 371 1542 396 et
1571 367 1754 400 hesternam,

1054 417 1168 442 temere
1191 411 1332 452 amplecti
1356 421 1414 440 non
1437 411 1547 446 audeo,
1573 409 1626 439 sed
1651 408 1755 447 potius

1054 455 1181 485 eruditis
1190 455 1435 503 perpendendum
1447 453 1595 491 relinquo.
1612 452 1653 481 Et
1663 451 1757 481 redeo

1054 498 1092 528 ad
1103 498 1178 528 illud
1194 499 1233 528 de
1242 507 1300 536 quo
1311 497 1342 526 in
1358 496 1445 526 initio
1457 495 1536 531 dixi,
1546 495 1584 524 ad
1597 495 1646 525 τὴν
1657 494 1755 535 ἀρχὴν,

1055 546 1087 571 et
1115 542 1180 579 ejus
1210 551 1282 570 usus
1319 539 1400 579 apud
1435 538 1577 578 profanos
1605 541 1755 567 auctores-

1053 584 1170 614 Auctor
1185 584 1337 614 Idiotism.
1351 582 1401 621 qui
1416 580 1588 621 nuperrime
1603 579 1684 619 apud
1700 589 1755 609 nos

1054 627 1179 665 prodiit,
1195 628 1244 657 τὴν
1262 627 1351 667 ἆξχῆν
1365 622 1497 666 (inquit)
1514 628 1545 653 et
1559 622 1593 652 τὸ
1606 623 1757 663 καταρχῆς

1052 669 1202 708 significat
1229 669 1326 704 initio,
1350 668 1432 706 qnod
1458 671 1489 697 et
1517 666 1616 695 rarius
1641 665 1755 695 dicitur

1052 713 1140 752 ἀρχὴν
1149 711 1214 740 sine
1223 711 1368 740 articulo:
1383 710 1437 740 ubi
1447 709 1561 739 nullam
1570 708 1754 738 mentionem

1051 754 1123 783 facit
1132 753 1256 782 alterius
1266 752 1505 792 significationis,
1512 762 1580 791 quae
1587 761 1646 781 non
1657 750 1756 781 minus

1053 795 1219 826 communis
1235 799 1283 825 est
1297 795 1380 847 apud
1395 796 1462 830 Gr„
1479 795 1540 824 viz.
1559 804 1618 839 qua
1631 793 1756 833 ponitur

1051 849 1109 878 pro
1125 837 1196 872 δ’λως
1210 838 1263 867 vel
1286 837 1411 872 πάντως,
1431 847 1520 876 quarn
1537 832 1626 867 etiam
1643 836 1756 875 signifi-

1052 881 1200 911 cationem
1214 880 1285 911 mihi
1301 881 1412 910 habere
1428 879 1574 909 videtur
1565 890 1597 909 ιιι
1615 878 1694 909 illo
1685 889 1755 917 ipso

1051 925 1120 954 loco
1132 923 1278 963 Xenoph.
1294 933 1382 962 quem
1396 922 1544 953 adducit·
1536 933 1567 952 in
1581 922 1757 961 exemplum

1051 967 1177 997 alterius
1193 968 1258 1006 ejus
1275 965 1502 1005 significationis
1517 974 1605 1005 quam
1617 965 1644 995 is
1660 965 1755 994 solam

1052 1011 1199 1049 assignat,
1224 1010 1284 1040 viz.
1312 1019 1368 1048 pro
1393 1008 1427 1039 τὸ
1452 1019 1609 1049 καταρχης.
1653 1008 1755 1037 Verba

1052 1054 1198 1093 Xenopb.
1225 1058 1294 1082 sunt
1317 1052 1338 1081 l.
1361 1052 1416 1082 vii.
1438 1052 1536 1082 Anah.
1567 1051 1611 1091 [c.
1629 1052 1661 1081 7.
1682 1053 1734 1083 28.
1738 1051 1754 1091 ]

1052 1095 1160 1137 biv-ame?
1174 1096 1374 1137 χαλεπώτερον
1388 1093 1419 1124 ἐκ
1433 1092 1567 1124 πλουσίου
1581 1092 1688 1124 πένητα.
1709 1104 1757 1132 γε·

1051 1138 1180 1170 νεσθαι
1168 1152 1182 1170 n
1202 1140 1251 1169 τὴν
1270 1139 1357 1178 ἀρχὴν
1377 1140 1419 1178 μῆ
1443 1138 1616 1172 πλουτῆσαι,
1636 1136 1684 1166 και
1698 1135 1754 1176 ὅσῳ

1052 1182 1233 1222 λυπηρότερον
1253 1180 1285 1210 ἐκ
1308 1179 1449 1214 eaerum
1469 1180 1577 1210 ἰδιώτην
1604 1181 1716 1220 φανῆναι
1738 1179 1754 1211 ἢ

1051 1226 1140 1267 ἀρχὴν
1152 1227 1193 1265 μὴ
1210 1225 1396 1258 βασιλεῦσαι.
1440 1224 1587 1254 Miserum
1600 1228 1646 1252 est
1660 1222 1755 1253 fuisse

1052 1269 1185 1303 felicem,
1207 1268 1302 1307 igitur
1316 1267 1414 1306 inquit
1429 1265 1631 1296 suavissimus
1653 1270 1683 1295 et
1706 1277 1754 1296 sa-

1052 1311 1260 1350 pientissimus
1281 1310 1333 1341 ille
1358 1310 1444 1340 Hist.
1467 1319 1553 1349 quo0
1539 1310 1656 1339 oravius
1667 1314 1707 1338 est
1720 1319 1754 1338 ex

1052 1355 1142 1384 divite
1155 1352 1392 1393 pauperemfieri
1401 1363 1488 1393 quam
1501 1352 1628 1381 abinitio
1637 1352 1755 1381 divitem

1052 1407 1108 1427 non
1113 1397 1223 1438 fuzsse,
1238 1402 1398 1437 quantoque
1412 1395 1556 1426 molestius
1569 1404 1601 1424 ex
1614 1404 1682 1435 rege
1694 1395 1756 1434 pri-

1052 1446 1152 1471 vatum
1168 1440 1242 1479 fieri
1263 1450 1346 1479 quam
1368 1448 1464 1478 regem
1483 1437 1755 1478 nzmquamjuisse.

1052 1483 1095 1513 ita
1120 1483 1199 1514 enim
1231 1483 1366 1512 reddunt
1390 1483 1508 1520 interp.
1556 1480 1679 1510 Mallem
1707 1486 1754 1510 ta-

1053 1536 1120 1555 men
1137 1527 1224 1567 ἀρχὴν
1250 1525 1339 1555 etiam
1363 1524 1413 1554 hic
1435 1524 1593 1564 interpret.
1616 1524 1752 1560 omnino,-

1052 1580 1106 1609 quo
1119 1570 1241 1610 gravius
1256 1573 1314 1598 etc.
1331 1579 1416 1608 qnam
1428 1568 1542 1597 omnino
1558 1567 1675 1596 divitem
1697 1577 1755 1596 non

1270 1611 1369 1641 Clem.
1396 1610 1563 1640 Alexandr.
1599 1610 1755 1649 Protrept.

1052 1654 1132 1695 πόσῳ
1145 1656 1208 1693 γοῦν
1222 1665 1332 1694 αμεινον
1342 1655 1403 1688 τοῖς
1417 1652 1563 1694 ἀνθρώποις
1575 1663 1625 1682 του
1636 1653 1753 1693 τυγχά-

1051 1708 1100 1728 νειν
1113 1700 1168 1728 τῶν
1183 1696 1337 1743 ἐπιθυμιῶν
1354 1696 1388 1727 τὸ
1402 1699 1450 1727 τὴν
1472 1697 1571 1737 ἀρχὴν,
1586 1697 1629 1734 μὴ
1645 1694 1700 1724 δὲ’
1691 1707 1753 1725 επι-

1052 1739 1151 1780 θυμεῖν
1179 1740 1228 1770 ἒθέ
1231 1745 1287 1769 λειν
1311 1743 1348 1769 ὠν
1372 1742 1414 1779 μὴ
1443 1739 1492 1769 δεῖ.
1520 1744 1629 1778 quanto
1658 1739 1754 1778 igitur

1051 1784 1152 1813 melius
1168 1783 1327 1813 hominibus
1348 1783 1454 1812 illicita
1478 1791 1536 1811 non
1557 1781 1672 1810 omnino
1686 1792 1753 1812 con-

1051 1828 1192 1865 cupiscere
1216 1836 1301 1866 quam
1323 1825 1535 1864 c·‹pidz'tatibus
1560 1828 1589 1854 et
1610 1825 1755 1855 desideriis

315 1878 384 1903 τως,
399 1877 435 1897 ac
452 1869 479 1898 si
497 1869 580 1899 dixit
594 1869 753 1899 Christus:
780 1869 842 1910 Ego
855 1870 971 1899 omnino
986 1871 1018 1899 id
1041 1868 1203 1909 frustrari.
1227 1868 1494 1907 Ἀντιποιοῧμαιεεῐ
1502 1865 1753 1907 vendico,affecto‚

314 1919 379 1940 sum
395 1912 470 1949 quod
486 1912 561 1941 tobis
576 1913 649 1942 dico.
696 1913 764 1942 Non
784 1913 910 1942 multum
931 1914 1018 1943 abest

315 1953 354 1982 ab
384 1953 441 1983 hoc
466 1955 737 1993 interpretamento
767 1956 848 1985 doct.
871 1955 1016 1985 Heinsius

315 2005 384 2026 cum
395 1998 651 2037 ευοὰπαξαπλῶς,
659 1999 714 2027 etsi
725 1998 807 2028 aliud
815 1999 918 2028 dicere
925 2005 1017 2028 etex-

316 2039 451 2078 cogitare
469 2040 569 2071 videri
585 2042 667 2071 vult:
692 2042 875 2080 ἁπαξαπλῶς
887 2040 901 2070 δ’
913 2053 942 2070 τι
959 2046 1017 2071 etc.

315 2084 457 2113 verissime
471 2084 503 2113 id
517 2094 579 2114 sum
594 2084 669 2124 quod
681 2094 724 2114 me
733 2094 786 2114 esse
797 2084 867 2114 dixi.
891 2084 1017 2114 Interim

316 2135 374 2154 non
389 2126 549 2156 dissimulo
564 2127 639 2157 mibi
656 2127 744 2157 valde
765 2127 955 2167 probabilem
972 2127 1016 2158 vi-

316 2168 382 2197 deri
406 2171 610 2208 conjecturam
636 2170 675 2200 cl.
700 2171 778 2200 Lud.
802 2170 841 2200 de
866 2171 947 2200 Dieu
968 2172 1018 2200 τοῦ

316 2210 485 2253 μακαρίτου,
504 2213 555 2251 qui
576 2213 640 2242 haec
656 2214 748 2242 verba
771 2213 845 2252 legit
865 2223 933 2242 cum
948 2219 1019 2243 nota

316 2254 583 2294 interrogationis:
605 2258 736 2294 primum
759 2266 795 2285 ne
813 2258 899 2287 etiam
921 2257 1018 2296 loquor

317 2297 392 2327 vobis
403 2299 418 2326 ἓ
448 2309 503 2328 vos
533 2309 581 2328 me
607 2299 813 2338 interrogatis,
843 2299 910 2338 quis
940 2299 1018 2328 sim?

318 2340 406 2378 quasi
421 2351 572 2381 nunquam
588 2348 674 2372 antea
688 2342 721 2371 id
736 2353 753 2371 a
766 2352 815 2371 me
829 2342 929 2372 edocti
939 2352 1018 2372 esse-

318 2383 379 2412 tis?
403 2393 477 2413 anne
501 2385 632 2423 primum
655 2395 734 2414 nunc
749 2385 837 2415 vobis
861 2385 1016 2423 alloquor?

319 2425 361 2454 Et
376 2426 420 2455 sic
436 2426 479 2456 ὅτι
492 2437 551 2456 ιιοιι
567 2427 625 2457 erit
640 2427 838 2464 articulus‚id
850 2428 930 2467 quod
947 2438 1017 2457 con—

314 2468 434 2516 junctio
446 2469 469 2504 δ’,
482 2482 512 2499 τι
526 2480 580 2509 per
595 2470 826 2510 hypodiastolen
840 2482 848 2508 3
871 2471 924 2500 sed
947 2480 1017 2500 con-

314 2511 447 2548 Junctio,
470 2517 561 2551 atque
584 2513 627 2542 ita
653 2523 724 2543 sane
756 2515 810 2543 Gr.
832 2514 963 2543 Codices
988 2514 1017 2543 in

318 2552 442 2592 optimis
467 2555 635 2595 quibusque
661 2556 818 2586 codicibus
846 2561 1019 2586 constanter

317 2595 423 2635 legunt
438 2597 504 2627 sine
517 2603 588 2627 nota
603 2599 844 2638 hypodiastoles,
854 2610 888 2629 ac
901 2600 925 2629 si
936 2604 1020 2628 esset

320 2640 494 2678 conjunctio
509 2640 640 2670 ὃ’τι.“οτι
656 2649 755 2671 autem
770 2643 800 2671 in
811 2644 868 2672 Gr.
879 2647 965 2671 textu
978 2643 1018 2671 N.

319 2682 356 2712 F.
370 2683 530 2722 aliquando
546 2683 697 2722 significat
707 2683 801 2720 ὅντως,
811 2687 922 2725 utique,
933 2690 1020 2721 certe,

317 2735 427 2761 revera,
444 2731 475 2755 et
490 2727 655 2764 respondet
670 2727 752 2756 Heb.
839 2733 872 2757 ut
886 2731 901 2757 l
911 2727 1018 2758 Ioann.

317 2768 360 2798 iii.
378 2772 432 2799 ΞΟ.
453 2769 495 2798 ἔτι
517 2768 618 2809 μείζων
638 2768 716 2798 ἐστὶν
736 2769 748 2797 ὅ
764 2770 829 2804 Θεὸς
844 2772 894 2803 τῆς
907 2768 1021 2809 καρδίας

319 2813 406 2852 ἡμῶν.
421 2815 523 2852 utique
537 2814 628 2852 major
649 2818 690 2842 est
706 2812 786 2842 Deus
809 2814 892 2843 corde
912 2818 1019 2843 nostro.

319 2856 370 2885 Sic
385 2855 435 2885 hic
448 2866 454 2885 ε
471 2857 571 2895 utique
582 2856 668 2885 etiam
682 2865 728 2884 vos
741 2854 882 2894 alloquor.
894 2860 924 2885 et
937 2861 1019 2886 certe

319 2899 419 2928 λαλεῖν
432 2898 513 2928 aliud
530 2903 578 2928 est
592 2908 680 2937 quam
702 2896 802 2935 λέγειν.
819 2900 916 2929 λαλεῖν
932 2898 1020 2937 loqui,

319 2939 409 2978 λέγειν
431 2941 535 2971 dicere.
581 2941 682 2980 Igitur
701 2939 744 2970 δ’τι
766 2940 813 2970 καὶ
837 2943 916 2970 λαλῶ
940 2941 1019 2980 ὑμῖν,

319 2993 378 3014 ιιοιι
388 2988 435 3014 est
450 2984 481 3014 id
497 2984 570 3025 quod
581 2984 646 3015 dico
659 2984 744 3020 vobis,
757 2985 810 3014 sed
821 2985 922 3024 ntique
932 2985 1019 3014 etiam

1051 1913 1161 1952 assequi
1176 1921 1271 1947 conor,
1287 1921 1429 1950 occupare
1444 1910 1591 1946 contenda,
1608 1920 1675 1940 cnm
1698 1921 1751 1949 ge-

1051 1956 1105 1985 nit.
1122 1965 1253 1993 semper,
1268 1954 1400 1993 ideoque
1421 1954 1470 1983 hic
1492 1964 1549 1983 non
1566 1963 1633 1982 cum
1649 1963 1752 1983 accus.

1051 1999 1099 2028 τῆν
1120 1999 1206 2038 ἀρχὴν
1227 1997 1324 2039 (quod
1351 1996 1453 2035 potins
1475 1996 1651 2026 adverbium
1675 1996 1751 2037 est),

1051 2041 1105 2070 sed
1123 2051 1190 2070 cum
1206 2040 1300 2079 genit.
1310 2039 1416 2069 τούτων
1429 2039 1673 2069 construendum.
1689 2040 1753 2069 τού-

1049 2095 1105 2113 των
1118 2083 1188 2123 μηδ’
1200 2081 1414 2113 ἀντιποιεῖσθαι.
1431 2083 1490 2112 haec
1504 2093 1540 2112 ne
1554 2084 1669 2112 omnino
1687 2084 1753 2122 qui-

1051 2127 1115 2156 dem
1129 2127 1450 2164 vendimremnnquam
1461 2125 1541 2154 enim
1557 2135 1623 2154 cum
1641 2135 1752 2162 acens.‚

1051 2170 1105 2199 sed
1121 2180 1189 2199 cum
1207 2170 1299 2208 genit.
1312 2169 1341 2198 in
1357 2172 1536 2207 perpetuum
1549 2167 1685 2206 jungitur
1694 2169 1750 2198 hoc

1053 2213 1176 2242 verbum
1192 2213 1272 2264 apud
1293 2216 1442 2241 auctores.
1479 2211 1605 2240 Aristot.
1621 2211 1690 2240 Pol.
1706 2211 1750 2241 iii.

1053 2255 1180 2296 [c.1⁶z.]
1197 2255 1315 2292 ευλόγως
1329 2254 1533 2284 ἐντιποιουνται
1555 2254 1606 2286 τῆς
1625 2251 1713 2292 τίμης
1727 2254 1749 2283 οῖ

1051 2299 1165 2336 εὐγενεῖς
1186 2298 1233 2327 καὶ
1255 2296 1390 2336 ἐλεύθεροι
1413 2296 1461 2326 καὶ
1487 2295 1623 2326 πλούσιοι.
1650 2297 1751 2327 merito

1049 2343 1102 2371 sibi
1116 2341 1248 2371 honorem
1269 2341 1436 2374 vendicant,
1453 2340 1499 2369 vel
1525 2339 1656 2368 homnem
1678 2337 1752 2380 affe-

1050 2389 1143 2419 ctant,
1162 2383 1208 2414 vel
1225 2384 1259 2413 de
1275 2382 1380 2412 honore
1399 2383 1476 2412 inter
1489 2391 1518 2412 se
1531 2382 1708 2411 contendunt
1723 2388 1751 2412 et

1050 2427 1244 2466 competitores
1262 2433 1343 2455 sunt.
1366 2430 1411 2454 tot
1430 2425 1507 2454 enim
1523 2424 1621 2454 modis
1636 2425 1749 2464 exponi

1050 2474 1154 2509 potest
1175 2470 1233 2499 hoc
1249 2470 1373 2498 verbum
1394 2468 1608 2497 ἀντιποιοῦνται.
1642 2468 1750 2508 Polyb.

1051 2513 1071 2543 l.
1080 2512 1101 2542 i.
1114 2511 1199 2553 [60.]
1212 2511 1423 2542 ἀντιποιεῖσθαι
1432 2512 1482 2545 τῗῖς
1491 2509 1649 2544 θαλάττης.
1661 2521 1752 2547 mare,

1053 2556 1101 2585 vel
1117 2557 1204 2585 maris
1224 2555 1389 2593 imperium,
1409 2554 1464 2583 sibi
1486 2563 1634 2593 arrogare,
1650 2555 1749 2583 vendi-

1050 2608 1127 2634 care,
1151 2607 1283 2628 asserere.
1303 2602 1333 2626 et
1358 2597 1378 2626 l.
1402 2595 1435 2626 ii.
1461 2597 1546 2637 [53]
1568 2597 1751 2627 ἅντιποιησά-

1051 2652 1132 2680 μενος
1146 2642 1196 2674 τῆς
1207 2639 1324 2674 πόλεως.
1339 2645 1459 2670 conatus
1474 2639 1572 2669 urbem
1586 2639 1638 2669 sibi
1651 2640 1750 2669 vendi·

1051 2694 1118 2714 care
1132 2690 1159 2714 et
1172 2685 1204 2713 in
1215 2687 1380 2721 potestatem
1399 2692 1482 2711 snam
1501 2682 1642 2722 redigere.
1686 2681 1750 2710 De-

1052 2727 1164 2756 mosth.
1180 2726 1261 2756 Phil.
1276 2732 1313 2755 Δ.
1332 2725 1376 2766 [§.
1389 2723 1454 2765 172]
1471 2725 1520 2754 τοῦ
1535 2723 1688 2764 ’πρωτεύειν
1703 2725 1749 2753 ἆν-

1051 2770 1222 2799 τιποιοῦντοιι
1237 2767 1292 2807 μὲν
1304 2768 1438 2800 ἅπαντες.
1454 2777 1547 2797 omnes
1561 2767 1674 2806 quidem
1690 2769 1753 2806 pri-

1051 2823 1111 2842 mas
1125 2818 1219 2842 tenere
1232 2816 1377 2849 expetunt.
1403 2810 1483 2849 quod
1509 2809 1678 2848 Apostolus
1703 2817 1750 2849 φι-

1053 2854 1241 2895 λοωρωτεύειν
1260 2854 1341 2883 dixit
1363 2854 1401 2883 de
1417 2852 1546 2892 quodam
1565 2851 1749 2893 Diotrephe.

1053 2897 1198 2937 Xenoph.
1209 2896 1322 2937 [Anab.
1331 2897 1351 2926 l.
1364 2896 1396 2926 ii.
1407 2898 1437 2927 3.
1449 2894 1518 2934 23]
1533 2894 1752 2935 ἀντιποιούμενοι

1051 2942 1104 2974 τῆς
1114 2941 1202 2982 ἀρχῆς
1208 2939 1249 2978 τῷ
1258 2939 1384 2973 Βασιλεῖ.
1395 2938 1576 2968 vendicantes
1587 2938 1753 2976 imperium,

1053 2984 1101 3013 vel
1118 2984 1273 3022 imperium
1291 2991 1429 3021 occupare
1449 2986 1581 3011 conantes
1601 2990 1654 3020 pro
1674 2991 1752 3023 rege.
