1931 3323
339 214 423 257 :322
591 215 646 258 H.
670 214 889 258 WOLFII
925 216 988 258 IN
1024 217 1057 259 Ι.

343 320 525 359 suasorium,
541 333 631 354 nemo
651 334 710 354 non
728 323 882 365 intelligit.
927 325 1048 364 Propo-

344 365 417 395 sitio
433 370 498 396 est:
521 376 610 406 opem
629 377 697 397 esse
712 368 865 398 ferendam
881 368 1049 408 Olynthiis.

345 408 539 438 Confirmatio
555 409 683 440 sumitur
692 412 728 440 ab
741 411 871 441 utilitate
884 412 1050 441 Athenien-

345 451 441 481 sium:
462 453 631 482 illustratur
650 455 820 488 contrariis,
841 454 1051 484 similitudini-

343 495 415 529 bus,
439 496 608 534 exemplis:
634 506 772 535 aspersas
797 498 888 527 habet
911 498 1051 527 adhorta-

346 537 447 567 tiones
477 544 508 568 et
536 540 799 578 reprehensiones.
846 541 922 577 Quae
952 541 1053 570 omitia

345 581 499 620 pertinent
521 582 559 611 ad
584 583 766 612 voluntatem
787 584 997 613 excitandam:
1022 584 1052 613 id

346 625 427 662 qnod
453 625 516 654 fieri
533 636 589 654 non
607 631 719 663 potest,
739 626 796 654 nisi
815 628 906 655 etiam
927 626 1053 656 facultas

347 667 457 697 adesse
472 669 714 698 demonstretur:
740 669 768 697 in
789 679 848 707 qua
863 674 932 698 sunt
956 674 986 698 et
1003 670 1054 697 ho-

347 710 493 745 stium,et
508 712 706 740 nostraevires
717 712 956 740 considerandas.
990 712 1054 741 De-

345 753 521 783 mosthenes
534 754 627 791 igitur
642 754 773 793 Philippi
789 755 955 793 potentiam
968 760 1055 784 exte-

347 801 430 832 nuat,
445 798 601 835 pecuniam
620 807 676 826 non
694 797 802 826 deesse
815 798 1054 827 Atheniensibus

345 839 430 879 (narn
441 841 479 869 de
491 850 524 869 ea
535 839 727 878 potissimum
741 840 911 880 laboratur)
920 846 950 869 et
961 835 1054 879 duan·

346 888 379 910 to
397 883 542 921 praesidio
557 882 650 911 futuri
669 883 727 911 sint
743 883 894 921 Olynthii,
910 883 1055 913 ostendit.

350 925 428 954 Haec
445 931 544 954 autem
567 925 668 965 capita
686 925 826 955 utilitatis
847 931 878 956 et
902 927 1057 956 facultatis

349 967 432 997 varie
463 968 667 1007 implicantur,
696 973 727 998 et
750 979 834 1008 saepe
861 974 1053 1009 repetuntur:

347 1021 409 1050 quo
433 1012 528 1051 magis
554 1011 621 1050 ipsa
645 1022 694 1041 res
715 1011 857 1051 infigatur
884 1013 1055 1042 auditorum

347 1054 466 1084 animis.
511 1053 681 1084 Exordium
705 1055 740 1084 ad
763 1056 982 1086 benevolentiae
1005 1067 1055 1086 ca-

346 1096 516 1136 ptationem
543 1098 655 1134 minus,
678 1098 775 1137 magis
796 1099 832 1128 ad
860 1099 1054 1129 attentionem

347 1144 394 1169 est
420 1141 689 1170 accommodatum.
744 1141 822 1171 Nam
845 1143 966 1171 auditor
991 1143 1054 1178 jain

348 1187 437 1212 antea
456 1183 565 1212 docilis
586 1189 643 1219 est,
664 1193 756 1222 quum
780 1193 846 1222 quae
870 1193 917 1212 res
936 1188 1052 1220 agatur,

346 1236 405 1255 non
429 1227 569 1265 ignoret,
591 1237 655 1256 eam
680 1232 779 1255 tamen
803 1226 852 1263 (ut
877 1235 983 1254 socors
1007 1229 1055 1254 est

346 1269 432 1308 vulgi
456 1270 627 1309 ingenium)
649 1269 747 1298 minus
765 1273 859 1297 curet.
908 1268 1055 1306 Proposi-

346 1311 460 1342 tionem
475 1312 662 1342 confirmatio
674 1311 860 1350 sequitur,in
874 1321 932 1350 qua
944 1315 1055 1340 suntet

345 1356 590 1391 narratiunculae,
606 1360 636 1384 et
652 1354 879 1393 occupationes,
896 1359 926 1383 et
949 1355 1054 1383 confu-

345 1398 478 1428 tationes
502 1399 663 1428 nonnullae.
709 1397 869 1427 Peroratio
896 1407 955 1426 nou
983 1407 1056 1427 enu-

346 1443 512 1471 meratione
536 1445 791 1481 argumentorum,
817 1446 869 1469 aut
892 1440 1054 1470 affectuum

347 1485 561 1520 commotione,
591 1484 647 1513 sed
673 1483 897 1518 distributione,
926 1488 1056 1519 constat,

348 1538 407 1567 qua
423 1528 513 1557 officii
536 1527 583 1557 sui
605 1527 663 1556 tria
686 1537 798 1566 genera
814 1527 938 1561 civium,
955 1527 1056 1556 adole-

348 1577 479 1606 scentes,
492 1571 615 1606 divites,
626 1577 760 1600 oratores
774 1571 924 1605 admouet,
936 1580 970 1599 ac
983 1577 1057 1600 voto

348 1615 435 1644 brevi
465 1614 630 1644 orationem
661 1613 828 1643 concludit.

348 1657 503 1696 Ulpianus
527 1657 555 1686 in
556 1656 762 1709 prae'satione
771 1658 809 1686 ab
826 1656 871 1686 his
888 1657 1002 1692 verbis,
1017 1657 1061 1686 δεῖ

348 1698 435 1730 τοίνυν
450 1700 536 1738 ὑμᾶς,
551 1698 572 1729 ὠ
587 1700 616 1728 ἑι.
632 1698 675 1729 A.
689 1710 737 1729 την
748 1700 872 1739 ἀκαιρίαν
886 1702 934 1730 τὴν
949 1698 1057 1735 ἐκείνου,

346 1742 407 1773 &c.
454 1743 692 1772 Demosthenem
717 1742 879 1772 ἅπτεσθαι
903 1744 958 1772 τῶν
987 1742 1056 1772 ἐπι-

347 1786 436 1824 λόγοιν
461 1786 512 1821 ait,
529 1797 587 1823 ego
607 1791 702 1815 tamen
719 1786 819 1815 eidem
841 1786 937 1824 magis
954 1795 1056 1815 assen-

347 1829 410 1859 tior
428 1829 472 1870 (si
496 1834 594 1858 tamen
618 1829 699 1859 idem
720 1834 826 1858 auctor
846 1829 910 1866 est)
934 1839 1002 1858 cum
1026 1829 1056 1858 in

349 1872 538 1901 enarratione
569 1872 656 1907 dicit,
685 1882 752 1901 eum
783 1872 980 1910 πληρώσαντα
1009 1873 1058 1902 τὴν

347 1913 476 1954 ἐξέτασιν
488 1916 537 1944 τοῦ
551 1915 664 1944 δυνατοῦ
679 1915 716 1948 εἷς
732 1917 884 1954 προτροπὴν
897 1913 1057 1954 μετελθεῖν.

348 1958 439 1988 Illum
460 1958 555 1995 igitur
569 1957 669 1998 μέρους
691 1958 786 1997 μόνου,
810 1959 887 1987 hunc
910 1959 1006 1988 πάντα
1027 1958 1057 1989 δὴ

347 2003 447 2031 ταῦτα
470 2002 513 2031 δεῖ
533 2000 702 2035 συνιδόντας,
716 1999 779 2031 δ’λου
793 2002 842 2030 τοῦ
863 2000 946 2039 λόγου
963 1999 1057 2030 ἐπίλο-

346 2055 393 2082 γον
408 2055 477 2074 esse
494 2055 615 2074 censeo.
646 2045 706 2073 Sed
725 2044 762 2073 de
776 2045 845 2079 hoc,
857 2055 912 2074 suo
928 2045 1057 2083 quisque

346 2088 494 2117 arbitratu
521 2092 643 2117 statuat.
686 2088 765 2117 Nam
794 2088 823 2116 iu
852 2088 911 2116 hoc
937 2088 1057 2117 artificii

347 2141 459 2169 genere
480 2131 501 2159 οἱ
525 2130 599 2168 λόγοι
615 2129 850 2161 καταπαλαίουσι
865 2131 929 2163 τοὶ-ς
951 2130 1058 2169 λόγους.

349 2175 454 2203 Genus
475 2173 549 2203 item
566 2174 687 2202 dicendi
704 2176 784 2211 quod
808 2175 857 2208 sit,
873 2174 995 2203 diliis-ile
1011 2179 1058 2204 est

341 2217 504 2255 judicium.
549 2217 629 2246 Fere
646 2216 754 2246 nullam
772 2223 844 2255 puto
863 2227 930 2246 esse
947 2217 1057 2246 oratio-

346 2270 427 2295 nem,
452 2270 518 2298 quae
539 2265 604 2289 tota
627 2260 672 2289 vel
698 2260 793 2297 gravi,
818 2260 866 2289 vel
891 2264 1056 2297 attenuata,

347 2303 396 2332 vel
419 2303 597 2333 intermedia
621 2307 743 2332 constet
766 2303 879 2341 figura:
907 2303 960 2332 sed
986 2309 1056 2332 suut

343 2346 413 2376 aliae
430 2351 530 2385 partes
544 2347 612 2376 aliis
626 2346 791 2380 tenuiores,
805 2350 855 2374 aut
867 2346 1055 2383 grandiores.

343 2389 380 2418 In
398 2389 454 2421 hac
470 2394 567 2419 tamen
584 2389 698 2419 servari
716 2389 839 2418 videtur
859 2389 990 2418 maxima
1012 2399 1052 2418 ex

344 2436 433 2471 parte
449 2433 663 2469 mediocritas,
681 2432 725 2461 sic
741 2438 850 2466 tamen,
868 2436 899 2461 nt
914 2432 958 2471 (id
973 2432 1053 2471 quod

345 2484 446 2504 causae
459 2476 634 2514 magnitudo
646 2475 833 2514 postulabat)
845 2485 1053 2513 nonnunquam

344 2524 486 2555 assurgat
502 2519 604 2550 altius.
650 2520 770 2548 Caetera
786 2519 848 2547 suis
864 2528 990 2557 quaeque
1008 2518 1053 2547 lo-

345 2560 391 2590 cis
407 2561 529 2590 brevius
546 2567 574 2590 et
591 2562 780 2590 commodius
797 2561 1040 2595 explicabuntur.

388 2614 421 2642 p.
439 2605 467 2633 9.
493 2607 520 2632 1.
545 2604 607 2634 ἀντὶ
624 2603 749 2643 πολλῶν]
772 2603 889 2643 πεςίοδος
910 2602 1052 2643 τξίκωλος,

343 2644 478 2687 μίρουςος,
493 2646 650 2680 icoo-nme.
664 2646 826 2686 ἐπεμβολῆν
840 2646 960 2688 ἔχουσα.

386 2707 430 2712 —
438 2689 512 2718 ibid.
523 2688 594 2718 οὐδὲν
603 2692 655 2719 τῶν
666 2688 967 2724 δέοντωνὲλλείποντες.
977 2688 1053 2729 Ἀμ-

344 2731 515 2772 φιπολιτῶν]
544 2732 591 2761 Fit
614 2733 738 2770 partitio
758 2732 836 2761 inter
857 2734 1010 2772 Pydnaeos
1023 2738 1054 2763 et

343 2775 583 2815 Amphipohtas,
599 2785 655 2803 non
675 2775 753 2803 inter
771 2776 919 2814 Pydnaeos
942 2781 972 2805 et
992 2777 1055 2815 Py-

343 2819 457 2849 dnaeos.
483 2818 583 2858 [Quid
607 2816 666 2846 sibi
683 2817 758 2846 velit
774 2818 812 2847 V.
832 2819 871 2847 D.
890 2819 922 2848 in
943 2818 1000 2848 hac
1023 2824 1054 2848 et

340 2862 441 2892 tribus
455 2860 710 2899 subsequentibus
723 2861 816 2896 notis,
835 2871 941 2899 parum
962 2861 1053 2891 intel-

342 2904 436 2945 ligo.]

383 2946 511 2977 —ibid.
527 2946 680 2982 ὑστάτους,
695 2946 760 2980 τοὺς
774 2945 906 2985 μάλισθ’
917 2945 970 2977 ὑπὸ
984 2948 1051 2988 χεῖ-

337 3003 381 3033 ρα,
401 2989 606 3030 προσεδρεύσει]
624 2989 662 3019 In
676 2999 721 3018 res
732 2989 879 3030 gerendas
894 2991 1049 3021 incumbet.

337 3034 485 3074 σύνταξις,
496 3035 572 3064 ratio
587 3034 757 3071 accipie-ndi.

1092 218 1539 262 OLYNTHIACAM

1125 344 1167 348 —
1191 326 1267 356 ibid.
1295 326 1357 357 ἄνευ
1380 325 1597 367 παραγμάτων]
1625 322 1712 368 χωρὶς
1738 322 1808 354 τοῦ

1083 369 1167 399 ποιεῖν
1185 371 1226 399 τιὶ
1243 368 1349 399 δέοντα.
1367 368 1490 412 ἀδοξίαν]
1514 370 1626 400 Notam
1648 367 1792 402 infamiae,

1084 412 1230 442 maculam
1269 414 1466 452 turpitudinis
1504 413 1651 443 eluamus.
1687 411 1792 440 κάλλι-

1084 466 1157 490 στα,
1173 456 1289 494 optimo
1316 462 1407 491 statu,
1425 455 1508 491 ἐπιόν,
1531 456 1608 485 actis
1629 453 1792 488 cuniculis,

1086 508 1142 537 per
1167 499 1294 528 insidias
1313 500 1450 529 subiens.
1474 497 1601 540 ἀντέχει,
1620 498 1646 528 si
1665 496 1791 536 respub.

1087 541 1299 580 Olynthiorum
1326 542 1504 581 Philippum
1530 540 1718 580 sustinuerit,
1743 540 1794 569 τὴν

1088 584 1270 625 ὑπάρχουσαν
1286 585 1431 615 ditionem
1447 585 1540 619 illius,
1557 593 1645 623 quam
1663 584 1691 612 iu
1708 587 1793 622 pote-

1089 632 1166 657 state
1183 639 1235 657 sua
1247 639 1325 657 nunc
1341 629 1439 657 habet.
1455 626 1522 656 ἀλλ’
1538 625 1560 656 οἳ
1575 629 1639 662 τὰν,
1654 627 1703 662 At,
1715 626 1793 655 bone

1090 669 1146 705 vir,
1164 671 1243 700 nolet
1267 672 1324 700 hoc
1342 672 1439 702 facere
1459 669 1617 709 Philippus
1638 667 1795 707 Olynthiis

1089 713 1244 743 excidium
1257 715 1387 744 minatus
1403 714 1555 754 postulata
1567 723 1621 742 sua
1630 711 1793 751 repudiau-

1088 756 1182 785 tibus.

1130 815 1173 820 ——
1186 798 1261 829 ibid.
1277 797 1452 839 πεισθέντες]
1470 799 1551 828 Ηίηο
1566 801 1718 828 oratorum
1744 805 1793 826 πι-

1088 839 1175 876 θανὰ,
1202 848 1378 880 argumenta
1402 843 1438 871 ad
1468 840 1712 880 persuadendum
1742 848 1794 869 ac-

1089 885 1289 914 commodata.
1305 883 1432 924 ἔκφέρειν,
1447 885 1620 914 ostendere.
1652 884 1795 913 commo-

1090 927 1145 962 tio,
1175 926 1431 966 ἀνοίκεφαλαίωσις,
1457 925 1554 960 πάθος.
1580 926 1650 965 quia
1680 931 1793 954 metum

1089 969 1218 1010 periculi
1234 981 1301 1000 cum
1318 979 1372 1008 spe
1385 968 1521 998 victoriae
1538 969 1714 1008 permiscet,
1725 978 1793 1007 quae

1089 1012 1221 1042 maxime
1237 1013 1266 1042 in
1284 1013 1338 1042 bac
1352 1015 1439 1050 parte
1455 1018 1613 1050 augentur.
1644 1011 1795 1041 Rhetores

1089 1055 1241 1094 ingenium
1264 1055 1301 1083 ad
1322 1055 1483 1092 conjuncta
1501 1054 1654 1084 referunt:
1679 1054 1711 1083 in
1729 1053 1798 1093 qui-

1090 1098 1146 1124 bus
1169 1094 1262 1125 latent
1283 1097 1428 1126 attributa
1450 1107 1656 1137 personarum,
1673 1097 1793 1127 Cicero.

1088 1139 1233 1177 praeclara
1249 1143 1329 1175 sunt,
1346 1139 1376 1169 in
1392 1140 1501 1179 quibus
1518 1141 1658 1170 utilitatis
1675 1139 1795 1180 species

1089 1180 1175 1220 prius
1188 1182 1344 1212 honestate
1360 1183 1573 1213 contemnitur.
1595 1184 1716 1214 Vicinis
1729 1183 1794 1222 ple-

1087 1234 1203 1264 runque
1212 1225 1288 1255 male
1296 1226 1447 1256 convenit.
1454 1228 1533 1256 κατὰ
1542 1226 1686 1265 σύγκρισιν
1695 1231 1795 1256 osten-

1087 1267 1144 1303 dit,
1162 1268 1243 1307 quod
1266 1267 1337 1297 καθ’
1354 1269 1424 1299 αὐτὸ
1442 1270 1646 1299 demonstrare
1663 1279 1721 1299 non
1738 1279 1795 1308 po·

1088 1311 1157 1340 tuit.
1203 1311 1297 1341 Estne
1321 1312 1493 1352 objurgatio
1513 1314 1673 1342 verborum
1697 1312 1795 1351 magis

1089 1363 1124 1382 an
1143 1354 1265 1384 rerum?
1301 1355 1486 1385 Accedendo
1508 1356 1545 1385 ad
1564 1355 1695 1395 singula,
1715 1357 1793 1386 fran-

1089 1403 1199 1435 gentur
1215 1397 1367 1429 universa.
1387 1398 1605 1438 πραγματικὸν,
1620 1399 1658 1428 ad
1672 1409 1796 1429 cansam

1090 1441 1361 1471 accommodatum.

1133 1493 1163 1522 p.
1178 1485 1208 1514 9.
1228 1487 1256 1513 1.
1278 1484 1343 1513 ἀντὶ
1366 1484 1493 1525 πολλῶν]
1525 1485 1662 1515 Verbum
1688 1485 1796 1521 verbu,

1091 1525 1152 1555 Pro
1164 1526 1338 1563 multarum,
1351 1539 1367 1557 o
1382 1528 1438 1557 viri
1453 1527 1646 1565 Athenienses,
1660 1530 1798 1567 pecunia-

1089 1579 1168 1605 rum,
1191 1579 1236 1599 zos
1258 1571 1373 1610 elegisse
1397 1571 1536 1606 existimo,
1559 1573 1583 1601 si
1611 1573 1797 1611 perspicuum

882 1614 947 1643 Etsi
978 1614 1054 1643 enim
1079 1610 1203 1652 factum
1217 1614 1251 1642 sit
1264 1612 1415 1654 futurum
1430 1614 1545 1654 prqfiire
1556 1615 1632 1650 urbi,
1649 1615 1685 1645 de
1696 1614 1799 1655 quibus

1091 1665 1171 1685 nunc
1181 1657 1382 1694 speculamini.
1405 1656 1484 1693 Quis
1497 1658 1560 1686 haec
1573 1668 1629 1688 non
1642 1657 1800 1687 derideat?

1091 1703 1160 1727 sunt
1182 1699 1259 1728 enim
1276 1700 1435 1729 manifeste
1451 1700 1591 1731 absurda.
1637 1701 1698 1730 Sed
1716 1711 1800 1739 saepe

1091 1746 1253 1771 occurrunt
1269 1753 1327 1772 non
1345 1743 1439 1772 multo
1455 1743 1583 1781 aptiora.
1601 1754 1667 1783 quae
1683 1744 1800 1773 medio-

1091 1784 1185 1814 criter
1202 1784 1326 1821 literati,
1345 1786 1414 1815 boni
1435 1787 1607 1816 consulunt.
1624 1787 1799 1825 cujusmodi

1091 1826 1142 1863 sit,
1156 1828 1180 1857 si
1194 1830 1292 1858 πολλὰ
1307 1829 1451 1869 χρήματα
1467 1830 1576 1859 multus
1596 1830 1736 1867 pecunias
1752 1830 1799 1859 in-

1092 1872 1279 1909 terpreteris,
1289 1878 1340 1901 aut
1350 1872 1475 1901 muttum
1484 1873 1622 1910 pecuniae.
1636 1873 1713 1911 Quae
1724 1877 1800 1902 tam-

1093 1914 1150 1942 etsi
1167 1925 1224 1943 non
1244 1915 1446 1953 reprebendo,
1464 1915 1542 1944 malo
1561 1919 1661 1945 tamen
1682 1916 1801 1952 dicere,

1091 1967 1228 1997 magnam
1244 1958 1410 1996 pecuniam.
1453 1958 1541 1988 Talia
1562 1958 1730 1996 linguarum
1749 1958 1800 1988 di-

1092 2000 1235 2030 scrimina
1249 2000 1414 2040 diligenter
1428 2001 1650 2031 consideranda
1668 2007 1739 2031 sunt
1753 2001 1801 2031 iu-

1093 2043 1231 2083 ter-preti,
1258 2054 1294 2073 ne
1318 2045 1436 2080 modos,
1464 2055 1616 2080 numeros,
1640 2054 1801 2083 personas¹

1092 2089 1238 2125 tempora,
1263 2093 1367 2126 partes
1392 2087 1549 2122 orationis,
1571 2089 1731 2124 vocabula,
1754 2089 1799 2118 lo-

1092 2130 1204 2168 quendi
1228 2131 1347 2165 modos,
1370 2130 1601 2160 collocationem
1625 2132 1799 2165 verborum,

1091 2177 1122 2202 et
1137 2173 1235 2211 siqua
1251 2177 1321 2202 suut
1342 2173 1431 2211 hujus
1451 2173 1571 2210 generis
1593 2173 1664 2208 alia,
1686 2173 1799 2212 ubique

1090 2215 1302 2253 superstitiose
1317 2216 1520 2245 consectanda
1536 2216 1594 2245 sibi
1613 2220 1718 2255 putet:
1743 2217 1798 2246 sed

1090 2264 1121 2287 ut
1137 2263 1287 2297 perpetuo
1311 2257 1491 2294 meminerit,
1515 2260 1668 2297 quomodo
1689 2260 1802 2298 proba-

1089 2301 1201 2330 tissimi
1218 2302 1332 2340 quiqne
1349 2307 1489 2331 auctores
1504 2302 1588 2340 loqui
1604 2303 1732 2332 soleant.

1130 2361 1172 2365 —
1188 2344 1263 2374 ibid.
1275 2344 1336 2374 ἀντὶ
1352 2345 1479 2385 πολλῶν]
1493 2345 1627 2374 Sumitur
1637 2345 1800 2377 exordium

1089 2396 1107 2416 a
1129 2396 1173 2421 re,
1193 2397 1280 2425 quam
1299 2387 1396 2417 innuit
1418 2398 1487 2417 esse
1503 2398 1652 2427 magnam.
1691 2388 1800 2418 Admi-

1090 2434 1192 2458 scetur
1208 2434 1239 2459 et
1253 2430 1481 2460 Atheniensium
1503 2441 1643 2469 persona,
1661 2431 1749 2470 ὑμᾶς,
1769 2436 1802 2462 et

1090 2473 1231 2509 oratoris,
1254 2471 1376 2514 νομίζωι
1413 2484 1480 2513 quae
1509 2473 1548 2503 ad
1575 2474 1800 2504 benevolentiae

1089 2517 1293 2553 captationem
1311 2517 1473 2555 pertinent.
1497 2517 1542 2546 Ut
1553 2516 1630 2546 enim
1643 2516 1706 2546 odii
1718 2517 1800 2547 vitu-

1089 2559 1218 2597 peratio,
1234 2559 1278 2589 sic
1293 2559 1436 2589 amicitiae
1455 2559 1591 2589 laudatio
1613 2559 1800 2598 principium

1090 2606 1148 2631 est.
1192 2603 1409 2640 Argumentum
1426 2613 1465 2632 ex
1484 2602 1646 2641 adjunctis.

1131 2662 1175 2667 —
1190 2646 1265 2675 ibid.
1293 2645 1356 2675 ἀντὶ
1383 2645 1509 2685 πολλῶν]
1539 2645 1609 2674 Ηοο
1637 2644 1800 2675 exordium

1090 2687 1315 2729 enthymemate
1332 2693 1462 2722 constat,
1477 2688 1534 2717 hoc
1552 2687 1643 2717 modo
1658 2700 1665 2717 :
1698 2689 1746 2718 De
1764 2699 1799 2719 re

1089 2731 1184 2760 ardua
1202 2736 1233 2760 et
1246 2732 1377 2761 obscura
1393 2730 1581 2765 deliberatis,
1595 2741 1669 2769 ergo
1686 2731 1800 2769 cupide

1088 2773 1233 2803 audiendi
1254 2781 1324 2803 sunt
1340 2783 1492 2804 suasores.
1538 2774 1639 2812 Major
1654 2775 1800 2813 proposi-

1088 2815 1150 2845 tio:
1174 2817 1208 2846 In
1225 2819 1316 2847 rebus
1337 2817 1440 2846 arduis
1462 2819 1494 2846 et
1511 2815 1653 2846 obscuris
1669 2817 1800 2847 consilia

1087 2864 1157 2889 sunt
1174 2863 1288 2889 attente
1312 2859 1486 2889 audienda:
1507 2867 1576 2888 cum
1599 2869 1654 2898 per
1669 2869 1703 2889 se
1727 2864 1799 2890 nota

1087 2900 1127 2931 sit
1142 2902 1228 2937 satis,
1241 2902 1461 2932 dissimulatur.
1498 2901 1560 2931 Sed
1576 2902 1798 2933 consideranda

1085 2948 1154 2974 suut
1170 2945 1357 2983 singulorum
1374 2945 1538 2975 verborum
1554 2945 1703 2983 pondera.
1728 2946 1793 2976 Ne—

1083 2997 1144 3036 que
1167 2987 1245 3017 enim
1269 2988 1430 3029 quicquam
1452 2991 1502 3018 est
1526 2987 1557 3018 in
1583 2989 1794 3019 Demosthene

1084 3035 1226 3061 otiosum.
