1931 3323
284 177 371 220 314
545 174 847 216 H.WOLFII
882 174 945 216 ΙΝ
980 174 1015 215 Ι.

285 282 384 323 λογίας
396 282 544 323 postulat,
555 292 624 321 quae
636 281 785 316 scientem
796 283 834 314 ab
844 282 1004 322 ignorante

287 327 492 367 distinguunt.
537 326 555 356 J
560 336 607 355 am
636 326 850 357 Grammaticae
885 325 1004 355 satisfa-

288 375 370 400 ctum
386 374 446 406 est,
455 367 674 410 omnibusjejus
686 368 808 409 legibus
821 369 1005 409 observatis..

287 414 474 444 Transeatur
485 422 559 452 ergo
572 414 717 451 proxime
731 413 769 443 ad
783 412 985 443 Dialecticam
997 423 1004 441 ε

290 461 322 486 et
346 450 418 495 (i'uia
442 457 474 486 in
500 455 602 485 verbis
627 466 712 485 error
736 456 838 485 nullus
866 458 923 490 est,
951 455 1006 484 sed

291 509 410 530 summa
421 498 524 538 potius
538 499 705 538 elegantia:
722 499 932 529 consideretur
944 498 1007 536 jam

292 553 343 573 res
360 542 441 581 ipsa,
457 546 488 571 et
503 542 660 572 sententiae
672 542 798 577 veritas,
815 543 902 580 cujus
920 541 1008 570 inda-

293 585 390 624 gatio,
417 584 567 621 inventio,
599 585 780 624 explicatio,
808 584 1009 619 confirmatio,

293 638 362 658 cum
378 628 540 659 mendacii
564 627 759 662 refutatione,
778 626 939 666 proposita
963 632 1010 656 est

294 671 489 702 Dialecticae.
536 671 743 709 Quaerendum
779 670 877 709 igitur
905 668 1011 708 impri-

293 714 353 744 mis
368 714 466 754 σοφία,
482 725 549 753 quae
565 712 718 752 κατηγορία
734 717 792 748 est,
806 713 839 741 id
856 717 915 747 est,
930 712 1012 751 quod

294 768 445 788 summum
463 766 558 796 genus
579 757 671 785 habet
686 753 791 793 coeptam
816 755 1013 793 Respondeo,

294 800 427 839 qualitas
444 806 501 829 est.
546 798 625 834 Quae
641 808 701 827 vox
724 807 776 827 seu
794 796 1013 836 praedicabile?

294 843 418 882 species
435 852 489 872 seu
511 841 609 870 forma
632 840 809 874 ὑπάλληλος.
854 840 944 876 Quod
968 845 1016 869 est

296 885 365 925 ejus
380 885 587 924 propinquum
612 883 730 921 genus?
754 882 887 918 Notitia,
907 882 1015 921 cogni-

296 929 353 964 tio,
371 927 510 958 scientia.
549 928 627 964 Quae
643 926 765 965 species
781 925 905 956 infimat
929 925 1016 965 σοφία

297 972 364 1002 θεοῦ
380 970 507 1011 (loquor
522 970 603 998 enim
619 979 699 998 nunc
710 969 837 1008 profano
849 979 943 1004 more,
956 979 1015 998 non

298 1012 503 1053 Christiano),
519 1011 660 1050 ἀγγέλων,
676 1011 823 1051 δαιμόνων,
840 1010 995 1053 ἀνθρώπων
1008 1023 1016 1050 ;

299 1057 383 1097 ζώων,
396 1056 422 1086 si
437 1060 538 1085 tamen
555 1055 704 1094 sapientia
725 1055 906 1085 animalibus
922 1054 1018 1085 tribui

297 1104 421 1140 potest:
437 1099 466 1128 in
480 1109 539 1138 quo
555 1098 706 1128 sermonis
719 1108 792 1128 usus
805 1098 1017 1128 observandus

301 1148 361 1172 est.
406 1143 518 1181 Neque
535 1141 626 1177 enim,
643 1142 715 1171 dum
742 1141 891 1172 sermonis
918 1151 1016 1180 genus

300 1190 533 1216 controversum
561 1183 664 1220 suerit,
692 1185 731 1214 de
755 1185 860 1224 reipsa
885 1194 1018 1224 unquam

299 1228 466 1259 constabit.
521 1229 597 1266 Quae
627 1227 789 1258 individua
807 1239 813 1257 :
851 1227 938 1266 σοφία
969 1227 1019 1256 τοῦ

299 1271 488 1307 Ἀπόλλωνος,
504 1272 646 1307 eanum,
662 1272 832 1311 Σωκράτους.
865 1271 943 1308 Quae
960 1271 1019 1300 dif-

301 1316 429 1345 ferentia
447 1319 496 1345 est
520 1313 640 1353 σοφίας;
665 1314 778 1345 Differ-t
802 1316 839 1344 ab
865 1315 1020 1353 opinione,

301 1359 374 1397 quia
390 1363 475 1388 certa
496 1357 606 1387 notitia
625 1363 692 1388 est:
717 1368 735 1387 a
758 1358 934 1397 prudentia,
951 1356 1022 1396 quia

301 1401 332 1431 in
349 1400 607 1440 contemplatione
630 1411 731 1430 rerum
755 1405 938 1430 aeternarum
952 1410 1022 1430 ver-

302 1450 387 1475 satur
400 1445 488 1486 (sunt
509 1444 590 1474 enim
605 1444 656 1473 hic
670 1443 865 1474 definitiones
881 1453 1023 1474 necessa·

300 1487 374 1527 riae)
388 1498 394 1517 ε
414 1488 518 1518 differt
531 1498 548 1517 a
560 1487 833 1523 demonstratione,
845 1492 878 1518 ut
893 1487 1022 1516 effectus

303 1541 321 1561 a
335 1540 440 1566 causa,
455 1530 516 1561 δίο.
561 1531 653 1569 Quod
669 1530 848 1570 proprium?
872 1530 905 1559 Si
922 1530 1023 1560 credi-

302 1584 372 1604 mus
387 1573 529 1609 Isocrati,
544 1584 614 1603 esse
629 1573 844 1604 immortalem.
879 1574 957 1611 Quae
973 1583 1022 1602 ac-

303 1617 438 1647 cidentia
452 1618 465 1647 7.
502 1627 572 1647 esse
611 1627 848 1656 perpaucorum,
879 1616 1024 1647 anteferri

305 1660 417 1700 opibus
434 1664 466 1690 et
483 1660 707 1699 voluptatibus,
724 1660 877 1690 iisdemve
894 1664 1025 1699 postpo-

304 1705 347 1740 ni,
365 1703 466 1733 ornari
482 1702 620 1742 praemiis
644 1708 697 1732 aut
721 1703 847 1743 negligi,
865 1708 918 1732 aut
933 1703 1025 1732 etiam

304 1746 384 1776 male
400 1747 536 1776 tractari.
577 1745 663 1775 Unde
681 1746 804 1784 sapiens
817 1746 967 1783 queritur,
983 1744 1025 1774 ὅτι

306 1791 320 1820 ἢ
343 1787 431 1829 σοφία
454 1790 504 1818 τοῦ
529 1787 647 1823 πένητος
669 1787 748 1818 ἐστῖν
761 1787 980 1827 ἔξουὲενωμένη,
995 1791 1027 1817 et

305 1833 433 1871 vulgare
449 1837 507 1867 est,
524 1831 681 1870 plerisque
707 1831 866 1861 audaciam
881 1841 952 1861 esse
969 1841 1026 1870 pro

308 1875 471 1914 snpientia.

352 1918 520 1948 observatio
548 1921 577 1947 1.
606 1917 727 1946 -Iterum
757 1917 817 1946 hoc
843 1917 912 1946 loco
936 1925 1027 1955 repe-

306 1962 431 1991 tendum
449 1967 575 1995 est‚non
593 1959 668 1989 satis
686 1970 755 1990 esse
767 1959 801 1989 τὸ
817 1958 860 1989 δ’τι
874 1959 1030 1994 attulisse,

306 2004 368 2034 nisi
380 2004 566 2043 quaestiones
581 2003 710 2042 singulae
724 2013 762 2033 ex
775 2003 850 2032 artis
863 2001 1028 2043 praeceptis

307 2048 492 2077 confirmatae
518 2046 644 2076 fuerint.
668 2046 712 2076 δεῖ
735 2047 791 2087 γᾶς
813 2044 860 2076 τὸν
886 2045 964 2075 λίθον
991 2045 1030 2086 τῇ

308 2090 441 2131 σταθμῇ
456 2091 618 2130 προσάγειν.

355 2134 525 2163 Observatio
554 2135 584 2162 Ξ.
629 2132 782 2171 Pleraque
811 2132 959 2162 hactenus
987 2142 1027 2161 ex

308 2176 561 2216 praedicabilibus
578 2180 609 2204 et
622 2175 868 2216 praedicamentis
884 2176 987 2211 allata,
998 2174 1029 2204 in

309 2220 455 2250 methodo
472 2218 659 2257 simplicium
671 2218 874 2257 quaestionum
886 2223 1030 2258 repetun-

309 2269 370 2293 tur.
395 2264 503 2301 ltaque
519 2262 571 2290 illa
583 2261 681 2291 omitti
695 2261 884 2300 potuissent,
896 2261 953 2290 nisi
965 2271 1030 2290 mo-

309 2306 403 2336 nendi
424 2305 557 2335 fuissent
571 2309 698 2344 tyrones
713 2305 752 2334 de
769 2314 827 2334 usu
843 2303 1031 2344 simplicium

309 2350 431 2380 illarum
448 2358 569 2378 vocum.

378 2477 580 2512 Quaestionum
601 2477 782 2517 simplicium
806 2476 966 2507 methodus.

357 2563 453 2592 Estne
485 2562 587 2601 aliqua
617 2563 789 2602 sapientiai
820 2564 891 2593 Hoc
913 2565 1035 2591 constat

313 2607 395 2637 inter
409 2616 526 2640 omnes,
544 2605 599 2644 qui
615 2616 668 2635 seu
691 2606 777 2636 stulti
801 2616 854 2636 seu
879 2605 1034 2645 sapientes

313 2651 476 2680 habentur.
523 2649 594 2677 Hoc
611 2649 690 2678 enim
708 2649 827 2678 nomine
844 2649 919 2679 nihil
936 2648 1033 2687 magis

313 2692 434 2727 tritum,
453 2691 534 2730 apud
561 2696 705 2730 utrosque
720 2703 726 2721 ε
750 2693 831 2731 quod
847 2693 894 2722 his
910 2692 1033 2731 quidem

316 2745 458 2774 magnum
474 2739 522 2764 est
538 2738 568 2763 et
582 2734 756 2765 venerabile
769 2745 778 2773 3
800 2735 862 2765 illis
874 2745 949 2765 vero
963 2745 1034 2765 con·

315 2784 465 2818 temptum
487 2782 519 2807 et
540 2776 756 2807 deridiculum.
801 2779 891 2817 Quod
919 2777 944 2807 si
966 2779 1033 2817 quis

316 2823 374 2852 hoc
399 2831 457 2851 ceu
481 2819 607 2850 dubium
624 2825 729 2859 ponat,
746 2822 826 2859 quod
844 2826 875 2851 et
890 2822 1034 2851 Socrates

315 2870 346 2894 et
375 2863 537 2903 Pyrrhonii
562 2863 676 2892 fecisse
702 2864 863 2893 videntur:
900 2863 1034 2894 rationes

317 2907 533 2946 excogitandae
549 2912 647 2942 erunt,
660 2906 772 2945 quibus
789 2906 970 2946 sapientiam
982 2911 1035 2937 aut

318 2961 399 2986 esse,
416 2955 468 2980 aut
484 2960 542 2979 non
555 2959 624 2979 esse
640 2951 840 2979 demonstres.
878 2950 967 2979 Unde
983 2960 1034 2979 au-

317 2998 379 3025 tem
406 3004 458 3025 eas
488 2993 622 3026 rationes
650 2993 774 3024 sumes?
807 2992 883 3024 Loci
910 2993 1035 3032 quidem

1036 1261 1039 1263 ‚
1053 1229 1154 1258 futura
1167 1229 1206 1258 sit
1221 1227 1377 1267 repetitio.

1039 172 1486 216 OLYNTHIACAM

1038 282 1202 313 Dialectici
1226 286 1257 312 te
1273 282 1450 317 monebunt,
1469 280 1543 321 quid
1559 281 1756 321 quaerendum

1039 326 1091 361 sit,
1107 330 1138 355 et
1153 336 1212 364 qua
1227 325 1289 361 via,
1306 335 1427 365 quoque
1443 324 1563 355 ordine.
1607 325 1682 362 Ipsa
1703 334 1755 353 au-

1039 373 1101 399 tem
1112 373 1301 408 argumenta,
1311 373 1363 398 aut
1372 379 1411 398 ex
1421 369 1504 398 fonte
1513 367 1629 406 ingenii
1640 367 1696 402 tui,
1705 370 1759 396 aut

1041 412 1168 442 aliorum
1194 412 1314 447 rivulis,
1331 411 1390 441 hoc
1407 415 1466 446 est,
1481 410 1604 449 scriptis
1621 409 1758 439 er'udito-

1040 466 1107 485 rum
1125 454 1320 485 haurientur:
1344 454 1426 493 quod
1438 454 1482 484 ita
1492 453 1718 492 deprehendes,
1731 452 1757 482 si

1042 499 1164 528 duobus
1179 498 1246 537 pari
1259 496 1441 528 Dialecticae
1453 496 1630 536 cognitione
1644 496 1761 526 instru-

1043 541 1115 578 ctis,
1133 551 1262 580 quorum
1285 540 1362 570 alter
1383 550 1483 579 neque
1506 539 1643 578 ingenio,
1659 548 1760 577 neque

1043 584 1183 614 doctrina
1211 584 1323 618 valeat,
1353 583 1431 613 alter
1459 587 1590 621 utraque
1616 582 1763 616 excellat,

1044 627 1167 666 aliquod
1179 627 1281 656 thema
1290 626 1480 656 tractandum
1490 634 1654 665 proponas.
1677 623 1761 661 Quid

1046 670 1090 699 ibi
1107 669 1176 699 fiet?
1202 670 1299 699 hebes
1323 669 1377 699 ille
1402 674 1434 699 et
1457 668 1546 707 inops
1568 668 1763 704 dialecticus,

1047 717 1099 741 aut
1113 713 1318 748 obmutescet,
1329 718 1382 742 aut
1396 723 1453 751 per
1468 721 1568 751 pauca
1582 711 1719 750 quaedam
1735 714 1767 740 et

1049 755 1187 785 mutilata
1211 755 1329 785 afferet.
1373 756 1433 785 Ille
1450 765 1521 785 vero
1544 754 1621 784 alter
1636 765 1653 784 e
1669 753 1768 784 divite

1048 808 1129 837 penu
1171 798 1347 836 praestantis
1383 797 1499 837 ingenii
1535 796 1765 836 reconditaeqne

1049 840 1209 877 doctrinae,
1224 850 1363 879 magnam
1378 841 1498 880 copiam
1520 845 1768 879 argumentorum

1049 884 1225 922 depromet,
1241 893 1337 921 eaque
1354 882 1470 922 optimo
1491 883 1597 913 ordine
1619 888 1650 912 et
1672 884 1768 912 forma

1050 927 1262 962 conveniente,
1275 936 1314 955 ex
1329 926 1403 956 artis
1415 925 1594 956 Dialecticae
1606 926 1770 966 praeceptis

1050 969 1206 1008 disponet,
1228 974 1320 1008 atque
1343 969 1540 999 communiet.
1585 969 1664 997 Sunt
1684 969 1767 1007 sapi-

1050 1017 1137 1042 entes
1152 1022 1226 1052 ergo
1247 1018 1277 1043 et
1291 1011 1450 1050 sapientia.
1473 1012 1531 1042 Est
1546 1011 1678 1041 stultitia
1693 1021 1768 1051 ergo

1052 1060 1083 1085 et
1100 1055 1261 1094 sapientia.
1306 1056 1364 1085 Est
1380 1054 1516 1095 cognitio
1535 1064 1637 1084 rerum
1660 1055 1768 1084 huma·

1050 1109 1156 1129 narum
1170 1105 1200 1129 et
1215 1098 1397 1134 divinarum,
1413 1108 1488 1137 ergo
1504 1102 1534 1128 et
1550 1097 1711 1136 sapientia.

1095 1143 1138 1172 ΙΙ.
1176 1141 1385 1180 Etymologia,
1415 1142 1481 1171 haec
1506 1141 1536 1171 in
1565 1140 1771 1171 Grammatica

1052 1184 1278 1215 examinatione
1300 1189 1430 1214 tractata
1455 1189 1513 1220 est,
1529 1188 1562 1214 ut
1578 1194 1770 1223 supervacua

1422 1227 1504 1258 Illud
1519 1231 1618 1256 tamen
1630 1227 1770 1256 hocloco

1053 1271 1387 1307 denuoinculcandum,
1399 1281 1551 1310 nunquam
1562 1271 1627 1300 fore
1638 1270 1770 1309 probum

1053 1315 1261 1349 dialecticum,
1277 1314 1329 1353 qui
1345 1324 1405 1344 non
1424 1314 1516 1344 fuerit
1531 1313 1770 1348 Grammaticus,

1054 1359 1113 1388 hoc
1129 1362 1188 1394 est,
1203 1357 1265 1387 nisi
1280 1357 1343 1388 vim
1365 1367 1487 1387 omnem
1512 1361 1544 1386 et
1568 1356 1769 1395 multiplicem

1055 1411 1160 1431 eorum
1177 1401 1338 1431 verborum
1358 1411 1459 1436 usum,
1475 1410 1543 1440 quae
1558 1400 1588 1429 in
1605 1400 1774 1438 quaestione

1056 1449 1226 1479 versantur,
1240 1454 1280 1473 ex
1296 1443 1420 1483 optimis
1436 1443 1615 1473 auctoribus
1623 1452 1773 1482 percepe-

1055 1488 1106 1518 rit.
1152 1487 1198 1517 Hi
1221 1487 1317 1527 igitur
1338 1487 1522 1517 consulendi
1543 1489 1642 1522 erunt,
1666 1485 1775 1515 viden-

1056 1532 1190 1569 dumque
1204 1535 1278 1569 quot
1290 1534 1320 1560 et
1332 1530 1444 1569 quibus
1455 1531 1561 1565 rebus,
1574 1533 1605 1558 et
1621 1528 1774 1568 quomodo

1058 1585 1119 1604 vox
1137 1583 1265 1613 quaeque
1287 1572 1384 1602 tribui
1408 1573 1515 1603 soleat.
1561 1572 1651 1602 Unde
1667 1571 1776 1610 colligi

1058 1621 1173 1656 potest,
1199 1616 1395 1655 disputatura
1416 1616 1456 1646 de
1481 1616 1584 1650 rebus,
1605 1618 1658 1644 aut
1678 1614 1775 1644 multa

1057 1659 1204 1694 lectione,
1221 1659 1455 1697 firmissimaque
1478 1658 1638 1693 memoria,
1654 1663 1705 1689 aut
1726 1668 1775 1687 ac-

1059 1702 1173 1732 curatis
1184 1701 1382 1741 probatisque
1391 1701 1503 1731 lexicis
1513 1702 1579 1731 sore
1589 1711 1678 1740 opus.
1694 1701 1776 1730 Nam

1059 1750 1090 1776 et
1103 1745 1266 1775 verborum
1282 1749 1313 1774 et
1334 1755 1437 1774 rerum
1452 1744 1502 1774 vis
1522 1748 1613 1783 atque
1636 1743 1776 1784 explica-

1060 1788 1104 1818 tio
1129 1798 1187 1817 non
1218 1798 1236 1817 a
1264 1787 1400 1826 qu'usvis
1427 1787 1569 1824 libidine,
1603 1786 1776 1817 distortove

1059 1830 1196 1871 ingenio,
1220 1831 1276 1860 sed
1303 1840 1320 1860 a
1340 1830 1507 1869 prudentia
1530 1834 1622 1869 atque
1646 1830 1779 1860 auctori-

1060 1878 1123 1904 tate
1137 1880 1276 1903 veterum
1291 1884 1401 1913 magna
1415 1884 1454 1903 ex
1468 1878 1556 1913 parte
1573 1874 1699 1912 pendet.
1727 1874 1777 1903 De

1061 1916 1149 1948 verbi
1161 1917 1285 1956 quidem
1299 1927 1440 1956 germano
1453 1921 1485 1947 et
1496 1916 1635 1956 legitimo
1649 1927 1706 1947 usu
1718 1916 1780 1946 nisi

1062 1959 1237 1990 constiterit
1253 1971 1260 1989 :
1279 1960 1318 1990 de
1339 1970 1373 1991 re
1396 1960 1466 1999 ipsu
1487 1970 1641 1999 nunquam
1658 1965 1781 1990 consta-

1063 2003 1119 2034 bit.
1163 2004 1192 2034 A
1216 2003 1314 2043 sapio,
1330 2007 1365 2033 ut
1387 2003 1522 2043 palatum
1538 2002 1619 2033 inter
1635 2013 1735 2033 amara
1751 2008 1783 2033 et

1063 2046 1178 2084 dulcia,
1194 2051 1226 2077 et
1239 2047 1394 2085 subjectas
1415 2046 1464 2076 his
1480 2046 1642 2086 qualitates
1664 2046 1781 2076 discer-

1062 2091 1129 2120 nit:
1164 2090 1209 2120 sic
1236 2090 1390 2129 sapientia
1420 2090 1501 2120 inter
1526 2089 1606 2119 mala
1631 2094 1662 2119 et
1689 2090 1780 2119 bona.

1063 2133 1199 2169 meisszn
1225 2133 1379 2163 instruere
1406 2137 1437 2163 et
1463 2133 1672 2163 demonstrare
1697 2133 1780 2163 viam

1062 2187 1165 2207 rerum
1182 2177 1395 2216 gerendarum.

1108 2221 1173 2249 III.
1194 2219 1360 2259 Sapientiae
1381 2218 1588 2249 definitionem
1613 2218 1709 2249 tradit
1729 2218 1782 2249 Ci-

1064 2273 1136 2292 cero
1153 2265 1184 2293 2.
1208 2263 1246 2293 de
1271 2262 1388 2292 Officiis
1411 2261 1460 2292 his
1476 2262 1600 2292 verbis:
1625 2262 1785 2302 “Sapien-

1066 2305 1108 2336 tia
1121 2305 1254 2346 (inquit)
1266 2311 1299 2335 ut
1314 2316 1331 2335 a
1342 2306 1500 2336 veteribus
1512 2305 1666 2342 definitur,
1679 2315 1783 2335 rerum

1066 2354 1115 2379 est
1130 2348 1303 2378 divinarum
1326 2352 1358 2378 et
1380 2348 1589 2384 humanarum,
1606 2358 1782 2378 causarum-

1066 2402 1125 2431 que
1141 2392 1253 2430 quibus
1277 2392 1324 2421 hae
1348 2402 1399 2421 res
1421 2391 1627 2427 continentur,
1644 2392 1783 2422 scientia.

1066 2435 1264 2465 Informatrix
1280 2434 1356 2464 recti
1367 2434 1532 2474 judiciide
1547 2434 1586 2464 iis
1598 2436 1701 2469 rebus,
1714 2445 1782 2473 quae

1067 2483 1097 2508 et
1107 2482 1257 2517 quatenus
1269 2478 1299 2507 in
1310 2478 1464 2508 hominurn
1475 2478 1611 2508 notitiam
1624 2476 1797 2508 veniunt.''·

1067 2521 1239 2551 Annotatz'o.
1263 2522 1346 2560 Ipsae
1361 2521 1555 2551 definitiones
1571 2531 1654 2560 saepe
1670 2530 1784 2551 vocan-

1067 2569 1117 2594 tur
1132 2565 1162 2593 in
1179 2564 1431 2600 controversiam,
1444 2564 1524 2593 unde
1547 2564 1698 2594 Rhetores
1722 2564 1784 2598 τοῖς

1066 2606 1402 2647 ὂξισμοῖς.ἀντιτιθέασ·ιν
1415 2607 1613 2647 &Regio-paone,
1629 2611 1661 2636 ut
1681 2606 1783 2645 judici

1068 2651 1160 2681 etiam
1175 2655 1267 2689 atque
1289 2650 1380 2681 etiam
1395 2649 1562 2680 videndum
1584 2649 1635 2685 sit¹
1656 2650 1782 2680 Reusne

1068 2704 1105 2724 an
1128 2698 1300 2730 accusator,
1324 2704 1387 2724 rem
1404 2693 1509 2723 verius
1533 2693 1786 2732 circumscripse-

1067 2737 1130 2767 rit?
1153 2736 1312 2768 Judicinm
1327 2740 1428 2766 autem
1450 2736 1509 2765 hoc
1533 2739 1647 2765 tantam
1667 2735 1785 2775 ingenii

1069 2780 1144 2816 vim,
1160 2784 1274 2810 tantam
1289 2779 1438 2810 doctrinae
1452 2777 1571 2817 copiam
1586 2779 1724 2818 postulat
1739 2784 1785 2809 at-

1068 2834 1127 2862 que
1143 2824 1270 2863 flagitat,
1285 2827 1398 2862 praeter
1416 2821 1656 2852 Dialecticorum
1671 2822 1786 2852 sormu-

1068 2867 1133 2895 las:
1158 2871 1203 2903 ut,
1221 2866 1273 2905 qui
1290 2875 1379 2895 unam
1394 2864 1440 2894 rei
1460 2865 1598 2895 obscurae
1614 2869 1646 2894 et
1661 2869 1784 2895 contro-

1070 2919 1167 2940 versae
1182 2919 1285 2939 veram
1298 2906 1555 2947 perspicuamque
1574 2907 1784 2938 definitionem

1070 2963 1126 2982 suo
1139 2953 1240 2982 Marte
1252 2950 1426 2991 protulerit,
1438 2951 1540 2991 itaque
1551 2951 1737 2987 defenderit,
1751 2956 1786 2982 ut

1069 2996 1144 3026 nihil
1159 3000 1266 3026 contra
1280 2994 1343 3025 dici
1359 2993 1478 3035 possit:
1501 2994 1529 3024 is
1546 2994 1574 3024 in
1589 2994 1786 3026 doctissimo-
