1997 3323
363 205 419 246 52

741 201 776 246 Ι.
798 203 832 245 Ι.
857 203 1081 246 REISKE
1112 203 1444 248 ANNOTATA

389 365 474 407 AD
508 366 875 410 ORATIONEM
910 367 992 410 DE
1023 365 1409 411 RHODIORUM
1443 370 1791 416 LIBERTATE.

403 478 516 508 191.4.
531 476 598 517 δεῖν]
614 477 843 517 perspicuitatis
859 487 933 517 ergo
949 477 1071 507 consul-

358 522 421 548 tum
448 518 549 556 fuerit,
571 526 643 559 post
664 521 717 550 δεῖν
739 531 857 550 comma
880 520 963 559 poni,
980 525 1010 551 et
1031 521 1069 550 ad

358 561 412 592 δεῖν
421 563 579 593 subaudiri
592 569 639 593 aut
658 561 874 601 ylpizo-&otnant
885 565 981 594 ποιεῖν.
1008 566 1070 594 Eo-

356 614 434 642 rum,
445 616 512 644 quae
529 617 585 644 ego
597 608 727 636 arbitror
737 607 801 636 fieri
812 618 886 646 opor
889 611 966 643 tere,
980 618 1069 637 unum

356 648 414 678 hoc
425 655 482 685 est,
497 650 579 691 χάριν
593 649 639 689 [id
653 656 712 685 est,
728 662 761 679 το
771 651 868 692 χάριν]
884 657 916 680 ut
929 652 988 681 diis
1002 662 1069 690 gra-

357 691 430 721 tiam
447 693 536 722 refer
531 692 587 721 ntis
599 710 650 722 —.

397 752 441 757 -—-
455 738 484 766 5.
516 733 648 777 ὃφειλειν]
676 736 835 774 praemisso
857 737 909 767 δειν
925 737 1068 767 conveni-

356 783 404 807 ret
420 779 524 817 utique
540 780 650 809 melius
667 779 834 810 ἀποδιδόναι.

398 839 441 843 —
457 824 508 851 14.
522 822 729 863 πςυτανεύσας]
745 823 827 852 Citat
843 824 870 852 11.
883 824 903 852 1.
916 824 1068 864 Harpocr.

355 874 385 893 v.
403 864 622 904 πςυτανεύοντα,
638 872 667 896 et
685 866 873 896 Scholiastes
891 866 1069 906 Aristopha-

354 907 402 936 nis
417 908 454 937 ad
472 908 602 937 Acharn.
620 919 740 939 versum
757 911 809 939 60

398 952 471 980 192.
486 953 513 980 1.
522 951 764 992 μεμερισμένους]
781 952 811 981 id
825 956 883 988 est,
893 964 932 992 μ
924 963 976 992 προς
990 951 1071 988 ’ὄντας

354 995 404 1027 τῆς
420 992 516 1023 ἐκείνου
531 995 630 1035 ἀρχῆς.

396 1054 439 1059 ——
454 1039 486 1067 4.
510 1037 621 1077 elweav]
639 1038 713 1067 facit
727 1037 787 1067 id
780 1048 809 1067 ln
826 1039 962 1069 oratione
978 1049 1069 1078 supe-

352 1078 428 1109 riori
446 1080 484 1109 de
498 1081 650 1120 collegiis.
667 1091 696 1110 v.
715 1091 806 1111 versu
825 1084 875 1111 11.

395 1140 437 1144 —-
455 1125 506 1153 152.
531 1122 599 1164 wag?
611 1123 707 1165 αὐτὸν]
725 1135 783 1153 11011
798 1134 923 1163 pravum
947 1130 1006 1162 est,
1022 1130 1065 1155 at-

352 1170 452 1195 tamen
471 1166 613 1197 usitatius
630 1173 678 1197 est
693 1166 760 1207 παρ’
774 1167 864 1206 αὐτῷ.

394 1226 437 1232 -—
453 1212 504 1240 22.
520 1207 619 1251 ἦττον]
637 1211 767 1240 subaudi
784 1210 918 1250 τοσούτῳ.
938 1211 994 1240 1100
1011 1212 1067 1241 mia

351 1261 420 1282 11115.
434 1253 473 1282 01)
485 1252 648 1292 insequens
658 1253 723 1292 ὅό-ῳ.
738 1264 916 1293 quamquam
928 1255 1065 1285 additum

352 1295 457 1334 utique
473 1296 593 1334 planius
608 1297 697 1326 foret.

393 1341 495 1369 —273
513 1342 566 1369 τῶν
581 1338 806 1380 συνενηνοχότων]
822 1340 982 1370 articulum
999 1341 1066 1370 tolli

351 1381 453 1411 velim.
478 1392 534 1411 11011
558 1383 636 1412 0111111
655 1384 778 1412 diversa
803 1388 873 1412 sunt
896 1385 935 1413 τὰ
956 1394 1067 1421 γεγενη-

349 1423 424 1464 μένα
440 1429 469 1454 et
483 1428 523 1457 τοὶ
537 1426 744 1467 συνενηνοχότα,
760 1426 814 1455 sed
829 1427 946 1456 eadem.
958 1427 988 1455 in
1004 1438 1066 1457 me-

349 1468 476 1497 moriam
502 1469 588 1498 101115
606 1480 697 1499 unum
723 1469 838 1507 aliquid
855 1480 960 1499 eorum
976 1481 1065 1500 revo—

349 1512 439 1546 cabo,
455 1521 523 1550 quae
540 1513 620 1542 facta
635 1511 717 1552 [cum
734 1517 822 1551 gesta
837 1517 868 1542 et
881 1518 1005 1552 peracta
1018 1525 1066 1544 05-

350 1553 445 1593 sent‚]
461 1555 548 1584 vobis
565 1557 756 1594 profuerunt.

390 1614 434 1620 ·—-
450 1598 505 1627 ult.
537 1596 746 1671 Ἀριοβαςζανη]
776 1599 859 1629 Citat
883 1600 911 1629 11.
937 1600 957 1629 l.
983 1600 1065 1630 Har-

348 1649 437 1679 poor.
454 1651 483 1671 v.
501 1639 573 1682 Ἀςιο
575 1640 718 1682 ζαρζίινης.

390 1685 510 1715 1934.
541 1684 767 1727 Κυπξοθέμιδος]
792 1686 876 1716 Citat
896 1686 965 1717 h.1.
983 1686 1064 1715 Har-

349 1736 435 1765 pocr.
454 1737 485 1756 v,
501 1727 693 1768 Κυπρόὲεμις.

391 1786 434 1792 -·
448 1772 480 1800 5.
497 1770 541 1809 τῷ
554 1771 623 1812 μὲν]
643 1771 839 1801 Ariobarzani
857 1777 941 1812 puta.

392 1829 433 1834 -—
450 1815 479 1842 6.
506 1814 554 1842 καὶ
581 1815 761 1853 πολεμήσας
786 1815 931 1855 [subaudi
947 1815 1063 1854 Cypro-

346 1855 491 1895 tbemidi]
512 1855 694 1899 ἦλευθὲςωο-ε]
720 1869 777 1897 ego
796 1869 868 1889 vero
885 1869 940 1897 pro
963 1858 1064 1888 media

346 1908 423 1928 voce
440 1900 557 1937 subjeci
574 1900 731 1935 fioner‘mag.
769 1902 879 1932 Samiis
897 1906 979 1940 puta.
997 1902 1063 1940 opi-

348 1941 463 1971 tulatus
490 1943 614 1979 Samiis,
638 1955 691 1974 eos
714 1945 745 1974 in
768 1945 940 1975 libertatem
965 1945 1063 1975 vindi-

344 1985 436 2014 cavit.

387 2045 429 2051 —
446 2032 476 2060 8.
504 2029 533 2058 οὐ
549 2031 602 2070 γὰρ
616 2029 717 2069 ὁμοίως
726 2031 782 2071 —-]
808 2031 891 2061 Citat
906 2031 936 2060 11.
951 2031 973 2060 l.
995 2032 1063 2060 Sto-

346 2072 429 2101 baeus
446 2082 477 2110 p.
496 2074 568 2102 364.
585 2076 637 2103 27.

387 2132 430 2136 --
441 2117 490 2145 13.
506 2115 617 2155 αὐτοῖς]
634 2117 792 2154 praeferam
807 2117 948 2156 equidem
961 2117 1063 2151 αὐτοὺς

344 2157 374 2186 111
393 2167 496 2187 accus.
520 2169 535 2187 a
559 2159 681 2188 Stobaeo
698 2160 852 2189 tladitum.
871 2164 903 2189 ut
918 2161 996 2190 alter
1011 2171 1062 2190 ac-

343 2201 515 2235 cusativus‚
529 2213 593 2235 τους
605 2201 826 2239 ἐναντιωθέντας,
838 2203 1006 2244 [subaudi
998 2215 1060 2233 εαυ-

343 2255 385 2273 το·
377 2243 418 2282 ς]
436 2244 554 2273 indicet
571 2251 725 2284 agentem,
742 2246 771 2274 h.
790 2256 818 2276 e.
834 2257 850 2275 a
867 2256 927 2285 quo
949 2246 1062 2285 injuria

342 2286 513 2325 proveniat,
518 2287 614 2336 alter,
627 2288 695 2317 scil.
711 2288 822 2325 αὐτους,
837 2289 1016 2328 patientem,
1030 2290 1059 2320 h.

343 2340 370 2359 e.
387 2329 526 2364 eum,cui
543 2330 654 2369 injuria
666 2331 822 2362 offeratur.
835 2332 920 2372 quasi
938 2333 963 2361 si
981 2333 1059 2362 hunc

341 2373 379 2401 ad
397 2373 520 2402 modum
532 2374 680 2404 dixisset:
703 2376 831 2412 ἡγοῦνται
851 2376 968 2409 ἑαυτοὺς
989 2375 1061 2406 οὐδὲν

340 2415 516 2446 ἠδικῆσθαι
507 2415 568 2446 υπὸ
583 2419 638 2448 τῶν
655 2416 806 2448 ἒναντιωθέ
797 2430 885 2449 Qum-mv

384 2476 428 2481 —
444 2462 494 2489 15.
517 2458 704 2510 Αςτεμισία]
723 2461 807 2492 Citat
823 2463 852 2491 h.
868 2462 888 2492 l.
903 2462 1058 2501 Harpocr.

342 2512 373 2530 v.
391 2500 574 2541 Ἀξτεμισία.

382 2562 424 2567 --
439 2544 516 2574 ibid.
540 2558 592 2580 της
607 2545 723 2580 πόλεως
743 2547 889 2587 [subaudi
911 2560 962 2582 της
987 2558 1058 2586 ημε-

339 2585 437 2627 τέξεις]
465 2588 546 2622 οὖα-ης
573 2588 621 2620 ἐπι
648 2592 703 2619 τῶν
728 2591 926 2632 πραγμάτων]
953 2591 1060 2620 τούτων

338 2635 426 2668 puta.
444 2631 572 2661 civitate
587 2637 690 2662 nostra
705 2635 797 2663 rebus
808 2635 905 2671 hisee,
922 2635 1057 2664 Rhodiis

338 2672 494 2709 nimirum,
511 2685 580 2703 sese
596 2675 763 2714 ingerente.

381 2732 423 2738 --
441 2719 491 2746 18.
506 2715 619 2747 πάνθη
609 2717 652 2747 ο’σ·’
667 2719 795 2760 ὥρμηκε]
812 2720 935 2759 praetuli
949 2720 985 2753 ὡς
1001 2731 1056 2759 pio

338 2759 440 2788 media
463 2770 552 2789 voce.
573 2771 646 2810 rege
670 2763 833 2791 Persarum
859 2764 888 2792 in
913 2763 1055 2802 AEgypto

337 2813 386 2832 res
403 2813 508 2832 omnes
522 2813 560 2832 ex
578 2804 671 2834 animi
688 2806 734 2834 sui
752 2805 901 2835 sententia
919 2811 1054 2844 gerente.

381 2847 454 2877 194.
472 2849 501 2875 1.
517 2844 674 2888 βοηθήσειν]
701 2849 767 2886 regi
784 2849 947 2878 Persarum
974 2850 1054 2878 Rho-

336 2889 407 2919 dum
424 2890 625 2928 oppugnanti.

378 2950 421 2955 —
437 2934 469 2963 3.
485 2933 533 2974 γε]
557 2933 675 2968 addidi,
693 2943 763 2963 ποτε
786 2933 813 2963 51
836 2940 986 2968 servatur,
1002 2944 1053 2963 co-

336 2974 431 3004 haeret
446 2986 514 3005 cum
533 2974 590 3005 ὅτι
607 2976 764 3015 quicquid,
788 2976 834 3006 vel
859 2977 968 3015 ecquid
988 2984 1052 3006 tan-

336 3017 418 3054 dem,
436 3019 600 3048 Persarum
618 3030 673 3050 rex
691 3019 729 3049 sit
755 3019 963 3055 instituturus,
980 3030 1052 3059 pro-

1105 476 1185 506 fecto
1209 485 1268 505 non
1293 475 1391 507 ausim
1417 477 1575 516 affirmare,
1601 489 1649 509 me
1670 479 1703 509 id
1727 479 1818 510 scire.

1106 519 1298 549 Atticisimus
1313 519 1363 549 hie
1378 524 1437 555 est,
1449 521 1534 552 510111
1547 523 1715 561 planiorem
1731 524 1817 552 Grae-

1104 562 1232 592 cismum
1244 564 1485 594 convertendus:
1512 564 1560 594 οὗκ
1575 565 1607 596 ἃν
1620 565 1764 605 τολμᾷἰμι
1779 565 1818 595 εἷ-

1105 606 1177 641 πεῖν,
1194 606 1229 639 ὡς
1243 605 1316 640 οῖδα,
1333 605 1349 636 δ’
1360 618 1390 636 τι
1405 607 1478 637 ποτὲ
1493 608 1608 638 ποιήσει
1622 609 1633 637 ὁ
1648 609 1798 643 βασιλεύς.

1146 667 1188 671 —
1204 651 1234 678 7.
1247 648 1278 678 ἒιν
1290 650 1487 690 ἀντιποιῆται]
1499 651 1564 680 scil.
1578 655 1681 681 nostra
1694 651 1816 682 civitas.

1145 710 1188 714 ——
1197 695 1246 722 18.
1256 692 1392 733 πρόξενος]
1406 694 1473 723 scil.
1484 693 1557 734 εἰμὶ,
1569 705 1585 723 0
1598 694 1739 733 proximo
1749 704 1818 724 ver-

1104 745 1150 765 su.
1163 736 1214 765 sed
1228 736 1350 774 praetuli
1360 738 1485 766 verbum
1503 737 1617 777 προξενῶ
1628 748 1703 777 gero
1714 748 1819 777 perso-

1103 789 1171 808 nam
1189 779 1337 815 Proxeni,
1350 790 1404 809 5011
1417 781 1625 819 procuratoris
1635 784 1665 810 et
1675 781 1818 811 advocati

1103 821 1223 861 publici
1243 822 1397 852 universae
1413 824 1549 854 civitatis
1567 823 1772 860 Rhodiorum,
1787 823 1820 854 in

1105 866 1197 901 Urbe,
1214 876 1268 894 seu
1284 866 1426 896 Athenis.

1145 925 1188 930 -—
1205 908 1260 937 ult.
1277 908 1390 948 ταῦτα]
1408 909 1541 939 servitus
1555 914 1642 949 puta,
1656 920 1744 949 quam
1759 909 1816 940 mi-

1103 950 1208 979 litibus
1227 951 1372 987 Persicis,
1389 953 1437 981 vel
1456 953 1603 988 barbaris,
1619 954 1683 983 arci
1691 963 1754 983 suae
1769 954 1817 984 in-

1103 993 1297 1029 cubantibus,
1313 994 1461 1024 serviunt.

1146 1039 1219 1068 195.
1240 1040 1289 1066 10.
1307 1035 1419 1077 δίκαιον]
1446 1037 1568 1077 praetuli
1583 1037 1621 1067 de
1638 1048 1706 1068 meo
1722 1048 1817 1069 seusu

1103 1078 1209 1110 δίκαιοι.
1224 1080 1272 1121 (in
1287 1081 1430 1111 nominat.
1447 1082 1546 1121 plur.)
1560 1091 1689 1120 quorum
1709 1091 1818 1121 poenas

1103 1133 1159 1152 vos
1175 1124 1247 1153 dare
1262 1123 1380 1162 negetis
1396 1134 1451 1162 par
1462 1134 1541 1154 esse.

1143 1183 1186 1189 —-
1203 1168 1254 1196 17.
1276 1165 1452 1209 δυνηθέντων]
1477 1167 1544 1197 5011.
1561 1167 1639 1206 ὑμῶν
1653 1178 1687 1198 τε
1701 1167 1750 1198 καὶ
1766 1168 1818 1199 αὖ-

1100 1211 1165 1238 Τῶν.

1143 1262 1268 1291 —pen.
1284 1252 1332 1282 και
1348 1252 1512 1295 ζητουντες]
1530 1253 1650 1283 scilicet
1670 1252 1816 1294 ανθςωποι.

1100 1294 1239 1325 homines
1255 1306 1339 1335 quaei
1341 1302 1437 1327 entes.
1452 1302 1537 1327 reete
1548 1296 1595 1326 sic
1608 1297 1734 1327 habebit
1746 1299 1815 1328 vul-

1101 1344 1182 1376 gata,
1192 1339 1263 1378 quia
1273 1345 1371 1369 tamen
1382 1352 1442 1374 τοις
1453 1339 1632 1378 insequitur,
1643 1351 1731 1380 paene
1744 1351 1815 1371 sus-

1101 1382 1189 1419 picor
1214 1383 1272 1422 leg.
1293 1394 1362 1413 esse
1383 1384 1432 1413 καῖ
1455 1384 1477 1414 οἱ
1500 1382 1653 1423 ζητοῦντες.
1670 1388 1723 1413 aut
1738 1384 1814 1415 alias

1100 1426 1158 1459 τοῖς
1174 1425 1213 1455 sit
1228 1425 1302 1455 item
1317 1427 1497 1456 tollendum.
1515 1437 1622 1456 verum
1638 1437 1758 1463 vereor,
1776 1437 1814 1458 110

1099 1469 1269 1498 nasutiores
1285 1478 1366 1508 saepe
1380 1480 1434 1499 nos
1450 1470 1556 1506 simus,
1572 1471 1698 1499 Graecos
1711 1469 1815 1500 indili-

1101 1511 1211 1549 gentiae
1237 1511 1267 1541 in
1291 1513 1424 1543 dicendo
1451 1517 1601 1548 notantes,
1627 1512 1680 1552 qui
1702 1513 1816 1544 melius

1100 1559 1238 1591 nossent,
1253 1557 1408 1594 quomodo
1425 1566 1459 1586 se
1475 1556 1558 1595 loqui
1573 1557 1709 1593 deceret,
1723 1567 1813 1596 quam

1100 1598 1190 1628 nobis
1206 1598 1285 1628 scire
1299 1601 1403 1629 datum
1420 1604 1478 1629 est.

1144 1643 1215 1672 196.
1232 1637 1263 1672 4.
1279 1654 1309 1672 τι
1325 1642 1389 1683 τὴν]
1416 1641 1568 1681 interponi
1584 1641 1677 1672 velim
1697 1641 1757 1672 καὶ.
1780 1642 1813 1672 111

1099 1684 1265 1714 discrimen
1282 1687 1388 1716 venire
1407 1690 1541 1716 nostram
1561 1685 1686 1715 sormam
1704 1695 1813 1726 geren-

1098 1728 1146 1756 ‹1ae
1161 1729 1240 1766 reip,

1140 1789 1184 1794 -—-
1198 1774 1228 1802 6.
1244 1772 1326 1802 ἴσασι
1341 1772 1410 1812 γᾶς]
1430 1771 1476 1801 bis
1488 1770 1604 1810 subjice
1620 1771 1713 1801 tacita
1728 1771 1813 1811 cogi·

1098 1814 1223 1850 tatione,
1235 1815 1336 1846 τούτου
1351 1814 1507 1854 γενομένου,
1523 1815 1580 1844 1100
1596 1814 1688 1849 facto,
1703 1814 1736 1844 id
1753 1819 1813 1852 est,

1098 1857 1175 1895 ὑμῶν
1192 1858 1223 1888 ἐκ
1234 1859 1327 1899 μέσου
1338 1857 1544 1900 ἀναιρεθέντων,
1558 1856 1572 1888 ἢ
1587 1856 1816 1888 καταδουλωθέν-

1097 1911 1163 1930 των.
1182 1934 1185 1937 ¹

1140 1947 1229 1974 -—-.9
1254 1944 1383 1985 τούτους]
1412 1944 1466 1974 alii
1488 1955 1584 1973 τουτο.
1606 1943 1649 1973 1111
1671 1944 1814 1974 interest.

1097 1996 1164 2015 nam
1187 1986 1261 2024 ὅθεν,
1282 1989 1372 2022 unde,
1389 1993 1447 2017 tam
1463 1985 1515 2026 ἀφ’
1531 1998 1578 2022 ων,
1594 1998 1612 2016 ιι
1631 1987 1746 2027 quibus,
1769 1986 1812 2017 si-

1098 2029 1232 2068 gnifieat,
1247 2041 1336 2070 quam
1353 2042 1372 2060 a
1387 2041 1454 2070 quo,
1469 2028 1520 2069 ἀφ’
1534 2032 1574 2059 οὑ.

1139 2090 1181 2094 —
1195 2076 1246 2104 19.
1254 2075 1364 2104 τοιοῦτο
1357 2073 1420 2113 ’τι]
1435 2073 1564 2103 subaudi
1576 2084 1624 2102 και
1637 2072 1705 2112 υμῖν
1714 2072 1812 2108 αὐτοις

1096 2114 1238 2155 συμβαίη,
1255 2115 1303 2147 οἱον
1319 2118 1380 2151 τοῖς
1394 2114 1504 2150 Ροδίοις
1527 2115 1592 2156 ἄρτι
1616 2115 1810 2154 συμβέβηκεν.

1097 2163 1130 2187 ut
1161 2170 1271 2199 nempe
1298 2161 1328 2190 in
1356 2159 1544 2189 dominatum
1568 2168 1733 2197 paucorum
1758 2169 1811 2190 ve-

1094 2200 1196 2231 niatis.

1138 2247 1212 2275 197.
1230 2246 1280 2275 13.
1298 2245 1319 2275 οῖ
1335 2244 1404 2285 μὲν]
1427 2243 1538 2283 Argivi
1555 2243 1690 2282 quidem,
1706 2242 1734 2274 si
1755 2254 1811 2274 ex-

1095 2287 1177 2317 sules
1205 2293 1325 2317 vestros
1350 2287 1594 2318 Laoedaemoniis
1615 2287 1813 2326 deposcenti-

1094 2330 1149 2360 bus
1166 2331 1378 2367 tradidissent,
1394 2331 1451 2360 hoc
1465 2331 1636 2371 potuissent
1651 2340 1811 2362 excusare.

1136 2391 1178 2397 -
1195 2377 1246 2406 21.
1268 2374 1318 2404 ’τήν
1339 2385 1373 2404 τε
1398 2373 1479 2404 πόλιν
1501 2372 1740 2413 Λακεδαιμονίων]
1757 2374 1813 2403 de·

1093 2416 1226 2446 bilitavit
1252 2418 1358 2456 utique
1383 2428 1440 2447 rex
1467 2418 1630 2447 Persarum
1662 2417 1809 2447 Lacedae-

1094 2460 1212 2490 monios
1236 2461 1416 2491 assiduitate
1441 2461 1592 2490 bellorum
1614 2459 1645 2489 in
1665 2459 1753 2496 Asia,
1776 2463 1811 2490 ut

1092 2503 1246 2533 Thebanis
1261 2505 1505 2534 succumberent.
1550 2503 1611 2533 Sed
1627 2503 1749 2542 praetuli
1763 2503 1810 2533 le-

1091 2547 1223 2576 ctionem
1234 2547 1418 2577 Felicianeae
1434 2547 1485 2577 τῆν
1500 2557 1535 2577 τε
1548 2545 1639 2581 πόλιν,
1649 2545 1808 2576 civitatem

1092 2595 1236 2626 nostram,
1264 2591 1410 2625 Athenas,
1436 2590 1479 2620 διὰ
1506 2586 1736 2628 Λακεδαιμονίων,
1753 2599 1809 2629 per

1091 2634 1341 2663 Lacedaemonios
1365 2633 1552 2669 debilitavit,
1581 2637 1614 2661 et
1638 2641 1726 2670 paene
1753 2642 1808 2661 ex-

1091 2676 1246 2715 stirpavit.
1263 2677 1294 2706 id
1311 2678 1394 2716 quod
1418 2676 1547 2706 oratoris
1562 2674 1721 2705 ratiocinio
1743 2685 1808 2705 rne-

1089 2719 1151 2748 Iius
1166 2720 1321 2750 convenit.

1133 2779 1175 2785 —-
1192 2765 1244 2793 27.
1267 2760 1303 2796 οἷς
1318 2762 1350 2792 ἂν
1365 2760 1535 2803 προέληται]
1548 2760 1678 2790 subaudi
1695 2769 1712 2790 e
1727 2770 1806 2799 prae-

1089 2805 1192 2835 missis
1208 2804 1311 2846 ἐχθρος
1324 2805 1401 2836 εἰναι.
1423 2804 1515 2835 Wolf
1534 2804 1572 2833 de
1594 2814 1650 2833 suo
1671 2803 1807 2843 πολεμεῖν

1089 2848 1218 2884 addidit,
1235 2859 1295 2888 quo
1310 2849 1352 2878 nil
1367 2858 1445 2887 opus
1461 2850 1538 2877 erat.

1133 2894 1206 2921 198.
1222 2893 1254 2922 5.
1278 2890 1373 2932 αὐτοὶ]
1389 2891 1435 2921 illi
1451 2889 1591 2920 extranei
1607 2892 1693 2928 puta,
1706 2898 1724 2919 a
1739 2887 1806 2928 qui-

1089 2935 1146 2963 bus
1164 2934 1328 2964 vexamini.

1129 2994 1172 3000 —
1179 2979 1210 3006 7.
1223 2976 1306 3007 αὐτον
1315 2977 1344 3006 οὔ
1353 2974 1446 3007 Sinam
1456 2974 1603 3015 ποιοῦντα]
1614 2975 1694 3004 bene
1703 2974 1805 3006 habet.

1087 3020 1269 3051 subauditur
1281 3031 1356 3056 τινα,
1372 3020 1455 3059 qnod
1468 3018 1582 3051 millies
1598 3016 1760 3049 omittitur.
