1931 3322
450 189 511 230 IN
545 186 949 230 PHILIPPICAM
986 186 1067 228 DE
1102 187 1271 229 PACE.

136 295 216 326 enim
239 300 269 325 et
290 295 320 325 in
337 295 474 335 periculo
491 300 574 331 sunt,
592 295 736 325 invocant
751 298 782 323 et
797 294 842 323 in-

136 339 267 368 clamant
282 349 370 378 opem
387 338 596 376 implorantes,
611 338 723 376 quibus
739 337 842 365 confe-

136 382 206 410 stim
218 383 255 411 ab
270 381 491 411 auxiliantibus
505 381 693 411 subvenitur.
706 381 783 418 παρὰ
794 379 842 408 τὴν

136 421 197 454 ξοην
218 424 266 454 καὶ
287 423 356 454 δεῖν.
404 426 494 453 Dein.
513 424 634 462 [contra
655 423 841 467 Midiam.p.

136 466 227 506 586]
246 467 260 496 ἦ
276 465 303 495 δὲ
324 469 380 495 τῶν
397 467 486 505 νόμων
503 466 600 506 ἰσχὺς,
617 466 661 499 τίς
681 464 775 501 ’ἑο-τιν;
797 463 844 503 εἰς’

135 508 169 538 ἄν
183 521 226 542 τις
247 509 325 548 ὑμῶν
344 509 517 548 ἀδικούμενος
538 509 690 548 ἀνακράγῃ,
706 507 842 548 προσδρα-

134 553 255 590 μοῦνται
269 552 317 581 καὶ
333 551 504 591 παξὲσονται
523 551 700 588 Βοηθοῦντεςς
723 551 770 590 [p.
790 552 842 581 53.

135 595 186 624 ed.
205 595 260 635 D.]
273 595 311 625 οὔ.
321 596 492 634 γράμματα
501 597 555 633 γάξ
567 591 755 633 γεγραμμένα
766 592 843 629 ἐστὶ,

134 637 184 666 καὶ
197 638 259 678 οὐχὶ
274 637 378 668 δύναιτ’
390 638 422 667 ἂν
437 639 522 667 τοῦτο
536 639 662 667 ποιῆσαι.
694 636 758 671 Sic,
774 637 842 676 opi-

135 690 201 717 nor,
218 681 334 710 Paulus
347 681 407 710 ait:
432 681 452 697 ‘⁶
468 681 565 720 legem
582 680 647 710 sine
661 679 841 719 spiritunon

136 733 205 752 esse
231 724 368 760 vitalem,
396 724 452 753 sed
473 724 592 753 literam
617 723 842 754 occidentem.’'

136 765 172 805 [Ξ
189 766 260 796 Cor.
277 767 342 797 111.
358 766 405 807 6.]
436 768 476 797 Et
492 767 563 796 hinc
578 767 745 806 Augustini
762 767 842 797 liber

135 810 174 838 de
199 809 308 848 spiritu
329 815 361 840 et
380 811 479 840 litera.
529 811 634 849 Pergit
657 816 777 840 orator:
800 809 844 844 τίς

135 848 178 882 οὖν
192 853 281 882 αὐτῶν
294 852 409 893 δύναμίς
418 851 515 890 ἐστ-ιη
532 854 626 893 ὑμεῖς,
643 852 689 883 ἐὰν
704 853 843 887 βεβαιῶτε

135 895 247 932 αὐτοὺς,
262 896 310 926 καὶ
327 895 474 938 παρέχητε
489 895 591 936 κυξίους
601 896 642 927 ἀεὶ
658 897 701 936 τῷ
715 897 842 937 δεομένῳ.

135 939 179 968 Ut
190 939 393 980 igiturlegum
412 940 457 970 vis
474 940 704 970 Atheniensium
721 940 750 970 in
766 941 843 980 ipsis

136 983 375 1014 Atheniensibus
387 988 462 1019 erat,
473 983 524 1022 qui
534 984 600 1013 illas
612 984 669 1013 sibi
681 984 844 1014 firmarent:

137 1025 182 1054 sio
199 1026 259 1055 Dei
274 1027 325 1056 lex
342 1027 445 1056 vitalis
467 1031 514 1056 est
529 1027 601 1064 illis,
619 1028 670 1066 qni
691 1027 719 1056 in
737 1039 769 1058 se
792 1029 844 1058 ha-

135 1069 209 1098 bent
223 1070 322 1108 legem
345 1069 472 1109 spiritus
497 1071 589 1100 vitae:
613 1070 732 1101 caeteris
748 1072 844 1101 omni-

135 1112 193 1141 bus
209 1112 340 1143 lethalis.
385 1113 571 1143 Scholiastes
585 1114 783 1154 Thucydides
800 1114 842 1154 [I.

137 1155 228 1195 107.]
257 1156 429 1197 Βοηδρομεῖν,
460 1157 541 1195 quod
571 1156 653 1186 idern
681 1164 739 1193 est,
763 1160 844 1197 μετὰ

135 1197 200 1231 Boin:
214 1199 338 1239 δραμεῖν,
351 1205 383 1229 ut
399 1200 449 1238 qui
465 1200 596 1230 latrones
607 1208 844 1241 persequuntur,

135 1240 206 1271 with
221 1241 278 1272 hue
292 1243 353 1272 and
368 1252 432 1282 cry.
448 1241 577 1276 Βοηθοῦσι
589 1245 644 1283 γὰρ
656 1247 716 1278 τοῖς
728 1245 830 1285 νόμοις.

177 1298 223 1307 -·
238 1290 266 1317 Ξ.
291 1286 338 1316 καὶ
358 1285 481 1325 πόλεμον
502 1286 595 1325 ἄδοξον
617 1287 664 1316 καὶ
689 1289 847 1328 Sam-arne&

136 1327 274 1369 ἄρασθαι]
307 1330 466 1359 Dissuasit
502 1330 578 1360 hanc
616 1332 843 1370 expeditionem

137 1371 376 1409 Demosthenes,
401 1373 470 1412 quia
498 1373 622 1404 videbat
647 1380 679 1404 et
705 1381 845 1414 sumptus

136 1425 195 1444 uon
215 1416 303 1454 parvi
322 1417 465 1453 futuram,
482 1421 511 1445 et
532 1422 646 1456 praeter
665 1418 844 1457 dignitatem

135 1468 204 1488 esse
218 1459 450 1489 Atheniensium
467 1465 628 1498 tyrannum
648 1463 739 1492 tueri.
783 1463 845 1502 Ty-

112 1512 116 1518 ·
135 1511 262 1532 rannnm
282 1503 362 1532 enim
386 1503 480 1533 fuisse
503 1503 713 1539 Plutarchum,
734 1506 847 1536 docent

135 1545 202 1574 haec
221 1547 310 1576 Dem.
324 1546 479 1587 [Philipp.
499 1548 564 1576 111.
581 1558 613 1587 p.
631 1547 721 1588 125]
735 1548 805 1578 ἀλλ’
822 1549 847 1580 ἐν

135 1586 267 1629 Ἐρετςίᾳ,
284 1588 378 1620 ἐπειδὴ
399 1588 428 1627 γ’
451 1590 674 1628 ἀπαλλαγέντος
688 1594 737 1622 τοῦ
755 1598 846 1622 Πλου-

135 1632 257 1673 τάρχου,
271 1633 318 1662 καὶ
334 1635 389 1662 τῶν
404 1631 492 1671 ξένων,
508 1633 520 1662 ὁ
536 1633 623 1672 δῆμος
636 1634 699 1675 εἶχε
724 1637 772 1666 την
788 1636 847 1665 οπό-

135 1680 186 1710 λιν,
199 1676 222 1705 οῖ
238 1674 293 1715 μὲν
307 1674 351 1715 ἐφ’
365 1677 442 1715 ἡμᾶς
455 1674 519 1714 ’ἧγον
534 1678 574 1706 τὰ
590 1677 769 1717 πςίιγματα,
786 1680 807 1708 οῖ
824 1678 848 1708 δ’

136 1717 185 1748 ἐπὶ
202 1717 348 1749 Φίλιππον.
371 1720 579 1758 Tyrannorum
592 1724 656 1749 erat
669 1721 846 1759 peregrinos

137 1762 253 1792 milites
271 1767 376 1792 contra
397 1762 482 1792 cives
500 1763 591 1792 alere.
638 1764 738 1793 Porro
761 1764 846 1804 igno-

139 1804 300 1835 miniosum
315 1805 430 1835 bellum
444 1811 545 1841 vocat,
559 1805 630 1845 quia
645 1805 715 1836 inde
728 1808 847 1837 disces-

137 1858 204 1878 sum
218 1852 266 1877 est
278 1859 388 1887 magno
404 1858 472 1878 cum
482 1849 619 1886 periculo
635 1850 802 1886 exercitus,
816 1856 848 1880 ut

140 1891 305 1920 AEschines
324 1896 466 1926 testatur,
483 1896 514 1920 et
530 1891 621 1921 simul
637 1893 709 1930 quid
726 1894 847 1932 tu'rpius

139 1945 208 1964 esse
223 1934 334 1973 potuit,
352 1945 440 1973 quam
456 1935 603 1974 populum
615 1935 847 1972 Atheniensem,

139 1978 192 2016 qui
207 1987 328 2016 semper
346 1978 524 2007 Graecorum
540 1978 672 2007 omnium
696 1979 847 2009 libertatis

140 2025 274 2050 assertor
296 2026 328 2050 et
347 2021 460 2050 vindex
486 2026 563 2056 erat,
580 2022 622 2050 νῦν
641 2022 846 2060 ἀναφαίνεσθαι

138 2065 202 2097 τοὺς
212 2064 350 2104 τυράννους
361 2063 575 2104 δοξυφοξοῖὲνταὲ
599 2065 678 2094 Nam
695 2066 721 2095 si
735 2066 848 2096 vellent

139 2107 197 2137 hoc
217 2107 330 2137 bellum
347 2107 514 2147 suscipere,
531 2108 682 2138 debebant
703 2109 765 2139 sibi
785 2110 847 2139 Eu-

141 2151 240 2181 boeam
256 2161 404 2186 asserere,
419 2161 509 2190 quarn
528 2152 659 2189 majores
674 2163 777 2182 eorum
796 2153 847 2182 ha-

137 2194 286 2230 buissent,
305 2204 364 2224 uon
387 2193 433 2224 sic
455 2194 527 2224 inde
550 2195 709 2233 expellere
728 2196 848 2235 Philip-

136 2247 223 2276 pum,
239 2241 272 2267 ut
295 2237 453 2267 sordidum
477 2241 637 2276 tyrannum
659 2238 690 2268 in
714 2239 848 2269 maxima

135 2280 263 2311 civitate
277 2280 360 2310 illius
376 2279 484 2310 insulae
498 2280 718 2320 relinquerent.
732 2281 779 2322 [p.
794 2284 847 2313 54.

137 2325 187 2355 ed.
204 2323 262 2364 D.]
291 2324 386 2354 Nulla
400 2329 500 2353 autem
514 2323 566 2354 hio
581 2324 749 2355 Phocionis
764 2335 858 2356 men·.

138 2367 196 2404 tio,
212 2368 299 2405 cujus
310 2366 461 2406 auspiciis
476 2378 526 2397 res
539 2367 591 2397 illa
603 2373 692 2408 gesta
709 2370 848 2409 est,quia

137 2421 196 2441 non
211 2410 374 2442 admodum
385 2410 502 2440 amicus
517 2411 613 2441 fertur
623 2412 717 2442 fuisse
733 2413 848 2442 Demo-

138 2453 250 2484 stheni.
266 2452 357 2492 ἄδοξον
367 2453 430 2483 ἀντὶ
445 2455 495 2483 τοῦ
506 2453 661 2493 κακόδοξον,
675 2454 797 2496 infame,
814 2461 849 2486 ut.

136 2497 325 2539 Lycophron
335 2496 439 2537 [Cass.
454 2496 542 2536 102]
559 2498 710 2528 Helenam
721 2499 848 2540 ἄνυμφον

137 2545 305 2579 nuncupat,
320 2538 458 2570 τουτέστι
477 2539 664 2580 κακόνυμφον,
691 2542 767 2572 male
789 2553 846 2573 nu-

131 2589 228 2624 ptam,
245 2587 298 2613 aut
316 2582 462 2625 infelicem
476 2593 618 2622 sponsam.
650 2585 746 2623 Apud
757 2585 844 2626 Virg.

137 2628 224 2669 [AEn.
242 2627 292 2656 ΙΙ.
311 2629 364 2657 93.
383 2627 437 2656 1v.
457 2626 504 2666 8.]
527 2631 635 2657 contra
656 2628 732 2658 male
745 2639 845 2665 sanus,

132 2669 300 2710 ,malefidus
309 2680 364 2709 pro
377 2680 413 2699 eo
423 2670 505 2709 quod
517 2674 566 2699 est
575 2670 712 2711 insanus,
725 2671 846 2703 infidus.

137 2715 190 2751 Sic
205 2715 360 2744 Isocrates
384 2712 462 2753 [πεςῖ
482 2714 534 2747 τῆς
551 2712 661 2753 signione,
677 2725 709 2754 p.
734 2717 806 2746 190.
823 2721 845 2746 t.

135 2758 182 2789 11.
195 2756 292 2798 Aug]
306 2757 388 2788 dixit
401 2759 494 2791 κακῶς
508 2755 608 2790 εἰδότες
622 2757 685 2786 ἀντὶ
699 2759 750 2788 τοῦ
765 2759 845 2797 ἀγνο-

136 2803 238 2834 οῦντες.
255 2800 368 2830 Cicero
384 2800 480 2831 vertit
492 2799 585 2838 δόξαν,
603 2800 843 2842 bouamsamam,

136 2842 256 2883 ἀδοξίαν,
269 2841 436 2884 infamiam.

181 2905 224 2910 —
237 2885 313 2916 ibid.
338 2883 501 2927 δαπανηςόν]
525 2887 689 2926 Ulpianus,
705 2888 845 2918 ἀναλωτι-

135 2929 181 2961 κᾶν
191 2929 351 2971 χςημάτων
365 2931 488 2960 πολλῶν.
504 2930 643 2970 δαπανςῖν,
651 2932 736 2961 nimis
750 2933 846 2961 omniu

134 2973 328 3014 prqfundere,
341 2971 446 3013 effusos
466 2979 600 3013 sumptus
607 2973 726 3015 facere,
744 2975 845 3013 prodi-

132 3026 212 3058 gere.

1503 190 1586 232 375

919 311 960 314 —
975 291 1051 324 ibid.
1068 293 1191 333 πόλεμον
1211 292 1348 336 ἄρασθαι]
1368 295 1476 326 bellum
1494 299 1585 328 susci-

872 341 950 374 pere.
977 335 1070 363 Dem.
1100 336 1153 375 [ad
1181 338 1320 376 Philippi
1349 340 1521 377 epistolam.
1551 351 1585 380 p.

876 376 965 416 156]
980 376 1042 406 ὃνῦν
1054 376 1122 410 εῖκός
1133 379 1239 409 ‘maesti
1249 379 1354 416 ἐκεῖνον,
1370 382 1466 422 μεῖζον
1477 383 1584 423 <poen-ior

876 419 890 450 ἢ
906 418 977 449 καθ’
995 419 1078 449 αὑτόν
1092 421 1235 460 ἀράμενον.
1250 424 1301 462 qni
1313 426 1437 463 gravius
1451 428 1510 455 suis
1527 427 1584 457 hu-

875 464 1040 492 merisonus
1048 463 1177 493 sustulit.
1189 464 1317 504 αἴρομαι,
1330 468 1407 503 tollo,
1421 469 1469 498 vel
1487 469 1583 499 tollor.

875 507 1007 546 αἱροῦμαι,
1044 505 1164 547 ᾔξάμην,
1203 507 1344 546 agarem.
1408 511 1585 551 Xenophon

876 548 990 588 [Anab.
1012 549 1050 578 V.
1065 552 1098 585 7,
1117 550 1183 590 16.]
1200 551 1292 585 dixit,
1315 551 1446 590 πόλεμον
1467 556 1583 594 ἀναιρεῖ-

875 592 960 622 σθαι.
984 592 1051 623 Cic.
1068 593 1212 633 [Tuscul.
1228 594 1253 624 I.
1270 595 1338 635 35]
1365 598 1385 611 “
1400 597 1470 625 Non
1486 597 1584 637 impa-

874 641 959 665 ratus
975 646 1058 666 arma
1069 635 1281 675 sumpsisset.”
1306 637 1470 668 Sallustius
1486 640 1585 680 [Bell.

874 679 947 719 Jug.
963 690 991 709 c.
1006 680 1076 721 79.]
1100 685 1121 697 “
1135 681 1234 710 Omne
1252 680 1363 710 bellum
1381 682 1458 710 sumi
1476 683 1585 714 facile:

875 729 1019 753 caeterum
1031 723 1189 762 aegerrime
1205 723 1365 754 desinere:
1382 734 1440 754 non
1457 724 1488 754 in
1506 728 1588 765 ejus-

875 767 943 796 dem
960 771 1111 807 potestate
1130 766 1250 796 initium
1266 768 1333 806 ejus
1349 772 1379 796 et
1396 768 1484 797 tinem
1504 779 1585 801 esse.

876 810 1020 849 Incipere
1031 810 1130 840 cuivis
1138 810 1228 840 etiam
1241 810 1351 850 ignavo
1362 810 1457 842 licere
1468 812 1588 851 (malim

877 853 1063 895 suscipere),
1078 853 1192 893 deponi
1208 864 1267 883 non
1289 854 1349 883 uisi
1365 865 1433 884 cum
1451 855 1586 886 victores

877 896 1004 926 velint.''
1048 898 1083 927 In
1107 897 1233 927 eandem
1259 899 1438 927 sententiam
1461 900 1587 939 Thucy-

877 941 966 970 dides
989 940 1058 981 [lib.
1075 941 1133 970 VI.
1161 951 1188 971 o.
1206 940 1277 981 18.]
1301 940 1348 970 οὐκ
1369 940 1458 977 ἔστιν,
1475 942 1588 983 inquit,

877 983 1065 1024 ταμιεύεσθαι
1095 983 1159 1024 (τὸν
1184 983 1345 1024 πόλεμον),
1373 989 1489 1015 tantum
1519 987 1587 1025 ejus

878 1037 1029 1065 promere,
1043 1033 1188 1066 quantum
1206 1028 1358 1064 volumus,
1368 1028 1455 1067 quasi
1466 1029 1497 1059 in
1507 1030 1588 1060 cella

877 1071 1033 1101 conditum
1049 1072 1239 1101 haberemus.

920 1132 963 1137 ——
977 1117 1008 1145 3.
1025 1117 1134 1155 πρῶτος
1148 1114 1194 1144 καὶ
1210 1114 1306 1156 μόνος]
1332 1115 1414 1145 Huic
1435 1116 1588 1148 dissimile

879 1163 939 1194 est,
952 1158 1035 1197 quod
1051 1158 1204 1188 convertit
1219 1159 1380 1188 Demonax
1396 1162 1478 1198 apud
1496 1161 1590 1191 Luci-

879 1211 967 1231 anum
990 1201 1035 1242 [c.
1063 1204 1113 1232 29.
1141 1207 1163 1231 t.
1186 1202 1230 1231 ΙΙ.
1252 1212 1282 1240 p.
1301 1204 1376 1233 386.
1396 1203 1445 1232 ed.
1465 1204 1587 1245 Retia]

877 1243 1088 1282 Ἀγαθοκλέους
1112 1243 1140 1274 δὲ
1161 1246 1211 1274 τοῦ
1238 1248 1479 1285 περιπατητικοῦ
1505 1246 1589 1286 μέγα

879 1289 1041 1328 φρονοῦντος,
1062 1288 1104 1318 ὅτι
1123 1287 1205 1328 μόνος
1223 1288 1308 1322 αὐτός
1327 1287 1392 1318 ἔστι
1409 1290 1456 1318 καὶ
1481 1293 1590 1330 πρῶτος

878 1334 933 1360 τῶν
944 1332 1135 1367 διαλεκτικῶν,
1145 1331 1207 1371 ἔφη,
1220 1331 1266 1360 καὶ
1279 1334 1346 1372 μὴν,
1358 1331 1381 1361 <55
1395 1330 1591 1370 Ἀγαθόκλεις,

879 1374 966 1414 εἰμὲν
976 1377 1096 1415 πξῶτος,
1107 1376 1135 1405 οὗ
1145 1374 1236 1415 μόνος·
1250 1375 1272 1404 εἴ
1286 1375 1313 1405 δὲ
1326 1375 1421 1415 μόνος,
1431 1376 1459 1405 οὖ
1471 1380 1591 1416 πςῶτος.

880 1420 905 1448 Β
932 1418 1141 1458 Hieronymus
1164 1419 1202 1449 de
1231 1419 1381 1450 Cicerone
1412 1424 1443 1449 et
1474 1420 1590 1450 Demo-

880 1462 998 1498 sthene,
1012 1463 1050 1491 ad
1066 1463 1247 1492 Ciceronem
1260 1462 1396 1502 dirigens
1411 1462 1457 1502 [p.
1474 1464 1526 1494 55.
1540 1465 1590 1494 ed.

880 1505 938 1546 D.]
959 1516 1130 1535 sermonem
1146 1517 1152 1535 z
1176 1510 1197 1523 “
1211 1505 1281 1535 Tibi
1297 1506 1348 1535 ille
1364 1506 1535 1545 praeripuit,
1553 1517 1590 1537 ne

879 1550 993 1587 primus
1006 1554 1109 1578 orator
1125 1559 1220 1584 esses,
1233 1555 1265 1579 tu
1281 1548 1337 1583 illi,
1351 1560 1387 1579 ne
1404 1549 1522 1579 solus.”
1536 1551 1591 1591 [ad

882 1593 1116 1633 Nepotianum]
1148 1592 1258 1628 Quasi,
1273 1592 1299 1622 si
1316 1592 1423 1622 Cicero
1439 1600 1512 1632 post
1528 1595 1592 1623 De-

879 1635 1068 1665 mosthenem
1078 1646 1136 1665 uon
1150 1636 1333 1669 exstitisset,
1344 1636 1427 1665 solus
1439 1641 1540 1666 orator
1547 1638 1594 1667 su-

879 1678 957 1708 isset
974 1679 1197 1708 Demosthenes
1212 1690 1218 1707 :
1245 1679 1273 1708 si
1289 1679 1516 1709 Demosthenes
1531 1692 1591 1710 non

879 1726 1077 1760 antegressus
1102 1726 1197 1757 esset,
1221 1721 1332 1751 Cicero
1360 1721 1485 1760 primus.
1531 1725 1594 1754 Re-

879 1764 955 1803 liqui
970 1766 1109 1794 rhetores
1125 1765 1208 1794 nullo
1224 1765 1253 1794 iu
1271 1775 1404 1795 numero.
1428 1766 1476 1795 An
1493 1767 1594 1806 potuit

879 1808 1040 1845 quisquam
1058 1809 1136 1837 duos
1152 1818 1287 1838 summos
1305 1813 1442 1838 oratores
1457 1810 1593 1848 aequiore

876 1849 997 1889 judicio
1008 1850 1223 1889 suspendere?
1241 1852 1303 1880 Sed
1313 1852 1351 1880 de
1365 1854 1593 1891 comparatione

881 1893 1002 1922 illorum
1018 1893 1117 1922 dicam
1135 1893 1194 1922 alio
1210 1894 1291 1928 loco,
1303 1895 1328 1923 si
1347 1894 1432 1924 Deus
1451 1897 1593 1928 voluerit.

882 1935 1036 1965 Isocrates
1056 1936 1128 1976 [Or.
1143 1940 1249 1965 contra
1272 1937 1406 1975 Euthyn.
1425 1948 1455 1976 p.
1478 1941 1552 1970 340.
1569 1946 1593 1970 t.

881 1979 945 2008 ΙΙΙ.
974 1979 1070 2020 Aug]
1099 1979 1127 2008 οὐ
1149 1979 1232 2019 μόνος
1254 1978 1312 2009 οὐδὲ
1335 1982 1445 2020 πρῶτος
1468 1981 1594 2017 Εὐθύνους

881 2023 1005 2051 τοιαῦτα
1016 2021 1160 2053 πεποίηκε.
1178 2023 1268 2052 Dein.
1279 2021 1333 2062 [de
1342 2023 1416 2053 falsa
1427 2025 1592 2064 legatione,

882 2075 913 2103 p.
933 2064 1024 2105 438]
1039 2063 1066 2100 ὃς
1082 2068 1135 2104 γάξ
1150 2065 1248 2095 ἑαυτὸν
1263 2065 1357 2104 τάξας
1372 2069 1425 2096 τῶν
1440 2069 1593 2100 ἀπιστούν-

882 2120 938 2138 των
952 2107 1018 2138 εῖναι
1031 2107 1175 2148 Φιλίππῳ,
1186 2108 1233 2138 καῖ
1245 2109 1327 2147 μένος
1339 2109 1386 2138 καὶ
1401 2113 1508 2150 πρῶτος
1519 2113 1592 2150 ἰδὼν,

883 2150 926 2181 ἔτι
946 2150 1028 2185 κοινὸς
1050 2150 1147 2192 ἐχθρὸς
1168 2151 1265 2185 ἐκεῖνός
1288 2151 1368 2183 ἐστιν
1387 2154 1519 2184 ἁπάντων
1540 2160 1595 2186 τῶν

880 2193 1027 2230 Ἑλλήνων,
1050 2194 1229 2234 ηὐτομόλησε
1251 2195 1299 2225 καὶ
1320 2196 1460 2237 >ννςοι’;’δοι,νκε
1476 2199 1524 2228 καὶ
1548 2200 1595 2237 γέ-

882 2249 955 2276 γονεν
968 2237 1097 2277 ἐξαίφνης
1111 2238 1181 2278 ὑπὲρ
1197 2238 1351 2274 Φιλίππου,
1362 2242 1430 2275 πῶς
1442 2240 1504 2282 οὐχὶ
1521 2250 1594 2273 πολ-

882 2282 966 2315 λάκις
983 2280 1142 2316 ἔσθόἶντος
1160 2282 1237 2321 ἄξιος
1258 2282 1453 2321 ἀπολωλέναι;
1475 2286 1594 2324 Objicit

882 2325 930 2355 illi
953 2327 1002 2357 τῆν
1027 2323 1188 2364 ἐμπληξίαν
1215 2324 1368 2361 πολιτείας.
1414 2327 1486 2357 Hoc
1511 2331 1592 2361 enim

883 2369 977 2399 verbo
1000 2369 1099 2399 utitur
1122 2369 1298 2405 AEschines‚
1319 2376 1350 2399 et
1373 2371 1520 2408 praeclare
1545 2385 1595 2404 re-

883 2412 1096 2451 spondethuic
1112 2412 1242 2442 crimini.
1258 2413 1303 2453 [in
1315 2413 1493 2444 defensione
1507 2416 1592 2447 falsae

882 2455 1045 2494 legationis
1073 2468 1101 2495 p.
1127 2458 1203 2486 527.
1229 2460 1250 2486 t.
1282 2455 1346 2486 111.
1371 2457 1428 2498 R.]
1452 2458 1513 2493 τοῖς
1537 2463 1591 2501 γὰρ

881 2500 982 2539 καιροῖς
1009 2497 1269 2538 συμπεξιφὲρεο-Θαι
1299 2500 1405 2537 ἀνάγκη
1432 2500 1482 2530 καῖ
1510 2503 1592 2545 ἄνδρα,

881 2542 930 2571 καὶ
951 2541 1033 2572 πόλιν
1048 2541 1114 2582 πρὸς
1129 2541 1161 2571 τὸ
1179 2543 1343 2582 κράτιστον.
1388 2549 1408 2562 “
1426 2544 1591 2584 Nunquam

880 2585 1137 2624 praestantibusiu
1156 2595 1220 2624 rep.
1233 2586 1428 2623 gubernanda
1446 2588 1519 2618 viris
1530 2590 1594 2620 lau-

880 2629 952 2658 data
971 2633 1018 2658 est
1037 2629 1067 2658 in
1092 2639 1151 2658 una
1175 2630 1328 2659 sententia
1348 2636 1496 2670 perpetua
1521 2644 1591 2672 per-

879 2670 1031 2701 mansio.’'
1072 2672 1150 2701 Vide
1166 2676 1260 2702 totam
1276 2672 1360 2702 illam
1376 2674 1536 2705 Ciceronis
1552 2677 1590 2706 ad

879 2716 1040 2745 Lentulum
1069 2715 1241 2754 epistolam.
1266 2716 1336 2756 [lib.
1365 2718 1390 2747 1.
1419 2728 1468 2756 ep.
1496 2719 1525 2748 9.
1551 2720 1590 2748 ad

879 2759 1013 2799 Famm.]
1043 2758 1134 2796 Quod
1150 2759 1315 2789 AEschines
1330 2760 1384 2794 ait,
1401 2760 1466 2800 πςὲς
1477 2759 1509 2789 τὸ
1524 2762 1590 2801 xpi:-

878 2813 991 2838 τιστον,
1016 2801 1167 2840 significat
1192 2802 1331 2843 Philippi
1352 2803 1594 2841 magnitudinem

879 2845 973 2875 fuisse
1001 2849 1126 2881 tantam,
1153 2845 1205 2875 cui
1238 2856 1296 2875 non
1328 2853 1434 2883 posset
1466 2847 1590 2878 obsisti.

879 2889 993 2925 Lucas,
1019 2888 1106 2929 [Act.
1128 2889 1156 2917 1.
1182 2888 1230 2928 1.]
1250 2887 1273 2918 οἷ
1295 2889 1434 2928 κςίιτιο-τε
1459 2890 1591 2928 Θεόφιλε.

880 2932 1022 2967 Videtur,
1037 2932 1136 2971 inquit
1148 2932 1411 2970 Theophylactus,
1427 2932 1478 2961 hic
1490 2933 1590 2963 Theo-

880 2975 983 3014 philus
1012 2979 1074 3004 tum
1106 2974 1316 3010 magistratum
1346 2975 1509 3004 habuisse:
1543 2977 1590 3007 sic

879 3019 958 3049 enim
971 3019 1098 3053 Paulus,
1110 3015 1130 3047 ξ)
1143 3018 1282 3056 κξάτιστε
1296 3018 1399 3048 Φῆστε.
1413 3019 1526 3057 κράτος,
1537 3021 1591 3050 im·
