1931 3323
306 185 393 228 318
458 186 513 227 H.
534 185 756 227 WOLFII
789 185 854 229 IN
889 184 1123 228 LIBANH
1160 185 1597 229 ARGUMENTUM

304 290 470 330 ἀποικίζειν,
483 293 597 322 mittere
611 293 644 322 in
659 293 802 323 colonias:
825 293 961 329 duraturo,
977 295 1022 323 ire

303 335 337 363 in
360 335 502 365 colonias:
523 335 651 372 ἀποικία,
666 336 790 367 colonia.
815 338 864 367 cui
879 339 892 368 ἦ
913 337 1020 378 μητρό-

305 383 389 411 πολις
404 378 581 418 opponitur.

346 437 390 443 —
413 421 489 452 ibid.
512 421 560 451 καὶ
586 420 696 463 ἔνδοξοι]
723 422 849 453 Scilicet
875 424 944 459 εἶα-ἲ,
970 424 1019 454 vel

302 462 445 501 γεγόνασι.
491 464 595 495 Multa
610 475 676 495 vero
691 465 766 496 bella
784 466 1018 506 Olyntl1i,etce-

304 506 397 536 lebiia
423 513 506 544 sunt,
531 509 582 538 vel
602 507 748 548 fuerhmt
793 510 930 540 Verbum
956 509 1019 550 εἰμὶ

305 549 478 589 saepissime
495 561 512 581 a
528 551 648 581 Graecis
664 552 826 582 omittitur.

344 609 388 615 ——-
405 592 480 623 ibid.
503 595 556 627 τῆς
574 593 721 635 Ὀλύνθου]
740 595 876 634 Olynthi,
900 597 955 625 τῶν
969 595 1017 626 '0-

301 634 421 666 λυνθίων
434 638 516 667 κατὰ
530 637 706 678 συνεκδοχῆν,
723 638 754 668 id
771 640 851 676 quod
869 640 1016 676 continet,

300 688 358 717 pro
375 689 411 709 eo
427 680 509 718 quod
525 680 710 715 continetur,
725 686 773 711 est
788 682 932 719 positum.
957 684 1017 712 Ac—

301 723 494 752 commodata
508 723 611 763 captui
622 723 781 753 rudior-um
792 725 924 754 docendi
938 725 1016 755 ratio

301 769 362 799 est,
379 767 488 796 Graeca
503 767 632 796 totidem
648 766 763 802 verbis,
777 766 948 806 iisdemque
965 778 1016 798 ca-

302 808 388 838 sibus
405 814 435 839 et
449 809 640 849 temporibus
657 809 796 850 (tametsi
816 820 872 839 nec
894 815 1015 840 senten-

301 850 356 891 tia,
377 862 433 881 nec
458 852 644 882 constructio
664 852 726 882 sibi
751 853 886 891 constet)
911 855 1015 893 expri-

299 903 395 925 mere.
439 895 500 924 Sed
529 896 556 925 si
578 895 611 925 id
638 896 736 925 solum
762 895 825 933 fiat,
847 896 925 925 nihil
949 907 1017 927 esse

299 937 546 976 queatineptius.
562 938 1017 980 Progrediendumigiturpau-

298 979 385 1010 latim
414 985 472 1017 est,
499 991 534 1010 ac
561 982 693 1020 primum
719 982 922 1018 constructio,
946 988 1018 1022 post

301 1023 392 1052 etiam
410 1023 533 1062 phrasis
556 1025 749 1063 corrigenda,
763 1025 896 1065 denique
923 1026 1015 1056 etiam

300 1066 460 1106 elegantiae
477 1071 508 1097 et
524 1067 738 1098 concinnitatis
762 1069 901 1098 habenda
925 1070 1016 1099 ratio.

299 1109 364 1138 Hic
387 1109 482 1149 igitur
505 1110 616 1141 iterum
636 1111 668 1141 in
691 1112 910 1148 convertendo,
932 1123 1014 1142 com-

297 1152 412 1191 pendio
429 1164 495 1183 sum
513 1164 597 1190 usus,
614 1165 652 1184 ne
677 1155 790 1184 bellum
817 1165 936 1194 gerere,
959 1166 1016 1185 sae-

298 1195 370 1234 pius
387 1201 470 1226 esset
486 1198 708 1237 repetendum:
733 1203 764 1228 et
782 1199 826 1228 rei
852 1199 920 1228 loco
944 1209 1014 1238 per-

297 1249 400 1269 sonam
414 1240 515 1278 posui,
525 1251 584 1281 quo
595 1241 724 1281 planior,
735 1245 765 1271 et
774 1241 874 1271 minus
887 1241 1014 1272 molesta

298 1286 382 1312 esset
398 1283 507 1313 oratio.
555 1285 633 1314 Nam
651 1285 709 1314 hoc
733 1285 828 1314 licere
853 1285 945 1314 debet
969 1285 1015 1314 in-

296 1326 437 1364 terpreti,
452 1327 478 1356 si
494 1327 654 1357 sententiae
670 1338 726 1357 nec
742 1328 869 1357 accedat
890 1337 945 1357 nec
960 1328 1015 1357 de-

297 1369 391 1398 cedat
413 1370 588 1409 quicquam‚
610 1375 643 1400 ut
665 1381 721 1400 suo
746 1370 893 1400 arbitratu
920 1371 1014 1400 verba

296 1412 436 1449 quaedam
450 1414 582 1450 omittat,
598 1413 736 1454 quaedam
752 1413 856 1449 addat,
874 1413 933 1443 alia
948 1424 1014 1443 mu-

297 1458 354 1490 tet,
371 1455 431 1484 alia
446 1460 635 1495 transponat.
659 1455 761 1495 Magis
778 1460 878 1486 tamen
892 1456 934 1498 (si
947 1456 1014 1486 fieri

296 1503 442 1537 nequeat,
454 1499 525 1537 quin
539 1499 569 1528 in
581 1500 707 1529 alteram
719 1503 836 1538 partem
850 1499 1015 1541 peccetur)

295 1542 456 1580 probanda
479 1546 527 1572 est
550 1542 741 1582 superstitiO,
764 1553 852 1581 quam
874 1543 1013 1579 licentia,

296 1594 365 1623 quae
380 1595 449 1614 roro
465 1590 550 1615 caret
566 1585 737 1621 erroribus,
752 1585 784 1615 id
800 1586 881 1624 quod
907 1587 1014 1616 multis

294 1628 446 1667 exemplis
484 1639 544 1657 non
579 1630 780 1659 obscurorum
812 1629 1013 1668 interpretum

295 1679 421 1708 possem
437 1671 560 1709 planum
578 1672 689 1701 facere.

338 1730 382 1735 -—-
396 1716 427 1743 4.
431 1712 577 1748 Ἀθηναίοις
590 1715 639 1755 τε]
657 1716 735 1744 Haec
750 1713 908 1753 αἰτιολογία
918 1717 1013 1745 refer-

295 1759 346 1786 tur
361 1757 400 1786 ad
416 1755 522 1796 ἔνδοξοι.
569 1759 648 1787 Nam
663 1757 895 1787 Atheniensium
910 1762 941 1787 et
953 1759 1012 1789 La·

295 1799 554 1829 cedaemoniorum
577 1811 698 1841 semper
714 1810 832 1830 summa
848 1801 906 1830 fuit
933 1801 1012 1831 inter

295 1843 424 1872 Graecos
448 1843 626 1880 auctoritas,
657 1854 756 1883 usque
779 1845 816 1873 ad
842 1844 1009 1874 Alexandri

295 1885 407 1924 Magni
436 1890 584 1925 tempora.
631 1887 767 1916 Possunt
793 1886 885 1917 etiam
915 1886 1011 1926 ἔνδοξοι

295 1926 420 1967 πόλεμοι
442 1929 576 1968 intelligi
598 1930 636 1959 de
655 1929 805 1959 victoriis.
829 1930 931 1960 πολλοὶ
957 1941 1011 1960 au·
1037 1948 1044 1951 -

296 1974 371 2008 tem,
385 1971 457 2011 quia
472 1972 561 2011 plura
576 1972 707 2002 fortasse
729 1973 895 2012 gesserunt
920 1974 1010 2009 bella,

296 2024 365 2053 quae
395 2025 464 2050 Ποε,
494 2015 615 2046 amissis
646 2017 804 2047 veteribus
839 2016 1010 2053 historicis,

294 2056 485 2096 ignoramus.
531 2059 714 2098 Quanquam
744 2059 810 2089 fieri
837 2064 948 2099 potest,
977 2064 1012 2089 ut

296 2100 411 2139 saepius
428 2111 496 2130 cum
512 2101 622 2132 iisdem
641 2102 881 2132 Atheniensibus
902 2107 933 2132 et
953 2103 1010 2132 La-

295 2143 492 2173 cedaemoniis
510 2144 549 2173 sit
566 2145 791 2184 belligeratum,
808 2150 840 2175 ut
865 2151 936 2185 post
958 2157 1011 2176 an-

294 2186 479 2216 notabimus.
527 2187 686 2218 Diodorus
711 2188 766 2218 lib.
788 2191 839 2218 12.
864 2200 909 2229 πρ
912 2189 1011 2221 σοι-Βοη-

295 2228 439 2259 θησάντων
458 2230 518 2263 τοῖς
534 2230 688 2264 Βοττιαίοις
704 2230 867 2266 Ὀλυνθίων,
890 2231 1011 2263 ἡττηθῆ-

293 2282 348 2301 &av
362 2273 415 2302 ὑπο
430 2284 536 2301 ‘TOU‘K'OEV
551 2274 640 2315 μάχῃ
655 2286 676 2304 ΘΑ
693 2276 748 2304 Τῶν
759 2273 905 2304 Αθηναίων
920 2286 1009 2314 0*ng-

293 2314 383 2352 τηγοί.
401 2320 449 2344 et:
465 2314 607 2346 Ὀλύνθιοι
622 2317 852 2357 στρατεύσαντες
868 2316 914 2347 {vti
930 2317 1012 2348 πόλιν

293 2358 474 2398 Μικύβερναν,
500 2359 697 2399 φρουρουμένην
719 2359 769 2390 ὑπ’
780 2358 946 2396 Ἀθηναίων,
962 2372 1011 2391 την

293 2400 349 2438 μὲν
363 2404 476 2442 φρουρὰν
493 2401 634 2442 ἔξὲζοιλον,
651 2403 732 2433 αὐτοὶ
748 2402 777 2433 δὲ
797 2406 846 2434 τὴν
863 2402 944 2433 πόλιν
956 2414 1010 2432 κοι-

293 2443 410 2484 τέσχον.
436 2447 590 2475 Isocrates
604 2446 792 2486 Panegyrico
805 2458 811 2475 :
829 2446 1008 2486 Λακεδαιμό-

292 2497 339 2516 νιοι
356 2486 503 2522 Ὀλυνθίοις
515 2489 562 2517 καὶ
579 2488 721 2524 Φλιασίοις
735 2490 778 2519 νῦν
791 2490 964 2528 πολεμοῦσι,

335 2547 379 2552 --
394 2531 471 2560 ibid.
494 2532 629 2572 &exous-c]
652 2533 664 2561 ὅ
688 2532 782 2574 ἅρχων
804 2533 1009 2568 substantive,

290 2574 432 2611 princeps.
461 2575 581 2604 sedhic
605 2575 726 2615 accipio
751 2586 807 2615 pro
827 2575 1007 2615 participio,

291 2615 321 2645 οῖ’
330 2627 398 2649 τινες
414 2621 506 2657 ἠςχον,
530 2619 579 2656 qui
600 2620 802 2657 ιὶιιρειῊατιιιιῑ
826 2619 877 2649 vel
901 2617 947 2649 δ’τε
964 2623 1007 2659 ἠξ-

290 2670 353 2700 χθν,
368 2669 434 2688 culn
453 2662 640 2698 ὶ1)]])θι·(17”.8)1ί’

333 2719 377 2725 -—-
393 2702 470 2732 ibid.
492 2703 526 2732 τὸ
553 2703 689 2744 παλαιὸν]
709 2706 790 2735 κατὰ
813 2703 847 2734 rra
874 2704 1006 2741 παλαιόν,

289 2745 349 2775 hoc
364 2750 424 2782 est,
441 2746 548 2776 πάλαι.
570 2747 702 2776 refertur
725 2748 782 2776 hoc
805 2749 1006 2787 adjectivum,

289 2789 429 2818 adverbii
445 2789 513 2819 vice
533 2789 680 2828 positum,
703 2800 771 2819 mea
787 2790 911 2829 quidem
938 2802 1006 2821 sen·

289 2832 396 2869 tentia,
427 2833 544 2862 rectius
574 2833 612 2862 ad
641 2831 762 2874 ἄρχουσι
792 2833 1004 2872 participium,

287 2885 377 2914 quam
394 2876 431 2904 ad
449 2876 576 2905 verbum
594 2874 771 2916 ἐπολέμησε.
817 2877 897 2905 Nam
914 2882 1004 2907 aetate

285 2917 409 2948 Libanii
420 2919 570 2957 parebant
579 2923 643 2948 tum
656 2919 797 2954 Athenae,
807 2922 872 2948 tum
885 2920 1005 2958 reliqna

286 2962 419 2997 Graecia,
436 2967 468 2991 ut
485 2966 516 2992 et
528 2962 652 2998 Africae,
667 2966 698 2991 et
713 2962 860 3001 Europae,
878 2967 909 2991 et
922 2963 1003 2992 Asiae

285 3014 403 3045 maguae
418 3009 535 3044 partes,
550 3005 715 3037 Romanis:
731 3005 784 3044 qui
795 3015 875 3036 nunc
889 3011 1003 3044 praeter

1055 291 1177 341 imperii
1198 302 1319 329 nornen,
1340 293 1415 324 nihil
1432 296 1496 325 sere
1511 294 1646 325 habent'
1636 295 1771 335 imperii,

1055 334 1115 364 nisi
1129 337 1211 384 quod
1228 336 1313 365 civili
1330 338 1587 369 administrationi
1603 348 1768 378 regnorum

1055 378 1208 408 successit
1228 379 1388 418 religionis
1414 381 1597 412 auctoritas:
1623 392 1692 421 quae
1713 392 1769 412 nec

1056 421 1211 461 Europam
1228 426 1321 452 totam
1338 424 1543 464 amplectitur,
1555 430 1586 455 et
1599 426 1635 454 ab
1645 424 1767 455 Asiani·

1049 464 1114 504 jam
1132 465 1204 494 olim
1220 473 1267 495 est
1290 467 1462 505 repudiata.
1509 468 1653 498 Meminit
1676 468 1767 507 hujus

1056 508 1127 537 belli
1145 509 1371 539 Demosthenes
1388 509 1575 548 Olynthiaca
1591 511 1735 541 secunda.

1095 569 1139 574 ——
1154 551 1230 581 ibid.
1254 552 1303 581 nai
1319 550 1398 586 αὖθις
1414 553 1653 594 Λακεδαιμονίοις]
1677 553 1769 583 Scili-

1053 598 1102 624 cet
1113 594 1233 636 ἅξχουσι
1250 598 1304 624 τῶν
1313 595 1450 626 ζΕλλῆνοιιιι
1460 595 1637 636 ἐπολέμησε.
1653 596 1768 637 ζεῦγμα.

1053 638 1132 667 enim
1164 649 1232 669 esse
1259 645 1345 677 puto.
1392 640 1473 668 Nam
1508 644 1580 678 post
1607 640 1766 670 devictum

1053 681 1196 711 Xerxem
1233 680 1425 720 imperarunt
1459 682 1689 713 Lacedaemonii
1705 693 1712 712 x
1751 693 1770 713 a

1052 724 1165 762 quibus
1194 729 1320 764 propter
1352 725 1513 756 Pausaniae
1547 726 1769 765 Spartanorum

1051 767 1140 796 ducis
1165 766 1311 797 libidines
1335 772 1366 798 et
1382 769 1569 805 violentiam,
1592 769 1768 799 dominatus

1051 810 1088 838 ad
1103 809 1301 840 Athenienses
1318 812 1494 846 translatus,
1511 812 1633 842 tandem
1655 811 1768 842 iisdem

1050 852 1113 881 fere
1140 853 1180 882 de
1207 854 1310 883 causis
1337 855 1579 885 Lacedaemoniis
1604 855 1767 885 restitutus

1052 900 1117 924 est:
1142 905 1219 934 quos
1236 906 1304 925 cum
1319 897 1459 927 Thebani
1472 898 1511 927 ad
1525 899 1658 928 Leuctra
1674 908 1765 937 supe-

1050 943 1180 974 rassent,
1191 938 1351 978 imperium
1365 940 1493 970 Graeciae
1505 939 1651 980 Philip'po
1662 941 1769 971 Mace-

1051 981 1124 1011 doni
1151 988 1181 1012 et
1202 982 1394 1019 Alexandro,
1418 988 1510 1023 atque
1533 983 1767 1014 successoribus

1051 1035 1156 1055 eorum
1175 1025 1279 1061 cessit,
1295 1026 1406 1062 donec,
1426 1027 1544 1057 Perseo
1569 1026 1707 1063 devicto,
1729 1028 1768 1057 ad

1050 1067 1209 1098 Romanos
1233 1069 1363 1099 fatorum
1391 1069 1472 1099 serie
1498 1070 1680 1100 devolutum
1707 1074 1768 1100 est:

1050 1111 1132 1141 Belli
1149 1121 1166 1141 a
1182 1111 1428 1142 Lacedaemoniis
1443 1113 1516 1142 dum
1532 1112 1653 1143 Graecis
1670 1112 1768 1153 impe-

1049 1159 1163 1190 rarent,
1180 1154 1257 1184 illati
1273 1154 1442 1195 Olynthiis,
1455 1156 1595 1186 meminit
1612 1156 1767 1186 Isocrates

1049 1197 1080 1226 in
1111 1197 1314 1236 Panegyrico.
1360 1199 1477 1227 Locum
1504 1199 1584 1228 hunc
1611 1199 1768 1229 declarant·

1049 1240 1277 1270 Demosthenes
1294 1245 1385 1279 atque
1402 1241 1567 1280 Ulpianus,
1581 1242 1610 1271 in
1627 1242 1766 1272 oratione

1048 1282 1112 1322 περὶ
1130 1283 1375 1323 ποιςαπςεσβείοις,
1397 1295 1525 1323 quorum
1542 1285 1639 1315 verba
1655 1295 1766 1324 snper-

1051 1335 1221 1355 vacaneum
1238 1337 1305 1356 esse
1323 1327 1400 1356 duxi
1415 1327 1475 1357 huc
1489 1328 1675 1358 adscribere.
1702 1329 1767 1358 Ve-

1047 1368 1100 1397 lim
1122 1368 1204 1398 enim
1219 1369 1376 1399 studiosos
1392 1369 1424 1399 in
1440 1370 1580 1409 legendis
1600 1371 1690 1400 bonis
1712 1381 1765 1402 au-

1048 1411 1277 1451 ctoribusipsos
1288 1412 1346 1442 sibi
1356 1413 1507 1443 conficere
1518 1414 1766 1450 commentarios,

1048 1454 1156 1484 eodem
1177 1459 1303 1485 auctore
1321 1466 1338 1485 a
1353 1455 1455 1495 capite
1472 1466 1571 1496 usque
1595 1457 1634 1486 ad
1650 1457 1765 1487 calcem

1047 1497 1212 1537 diligenter
1227 1499 1414 1539 evolvendo,
1431 1504 1461 1529 et
1481 1510 1551 1529 cum
1569 1499 1684 1535 verbis,
1700 1504 1766 1530 tum

1049 1541 1208 1571 sententiis
1237 1541 1318 1572 inter
1349 1553 1382 1572 se
1416 1543 1619 1573 conferendis.
1665 1543 1766 1580 Quam

1047 1584 1195 1614 rationem
1212 1585 1264 1623 qui
1285 1585 1375 1625 fugit,
1395 1585 1540 1625 indignus
1556 1590 1604 1616 est
1624 1586 1675 1615 cui
1691 1586 1766 1616 scri-

1047 1627 1158 1656 bantur
1174 1629 1395 1658 commentarii.
1441 1629 1532 1667 Quod
1555 1630 1594 1659 de
1610 1628 1649 1658 iis
1672 1629 1764 1659 etiam

1046 1669 1282 1709 intelligendum
1299 1676 1358 1708 est,
1373 1671 1425 1710 qui
1437 1672 1560 1702 easdem
1571 1672 1678 1708 voceS,
1695 1683 1765 1702 sen-

1047 1712 1172 1749 tentias,
1187 1714 1344 1750 historias,
1358 1715 1388 1744 in
1402 1713 1558 1754 prioribus
1574 1714 1763 1745 orationibus

1047 1757 1222 1795 expositas,
1245 1757 1366 1796 quoties
1389 1762 1562 1793 recurrunt,
1585 1758 1697 1787 iterum
1723 1759 1763 1788 de

1046 1799 1166 1839 integro
1181 1800 1331 1840 explicari
1347 1799 1408 1830 sibi
1421 1801 1538 1830 volunt.
1585 1801 1648 1831 Sed
1662 1806 1693 1831 et
1709 1801 1764 1831 ho-

1045 1852 1112 1872 rum
1140 1842 1275 1882 pigritiae
1303 1848 1487 1874 succurrunt
1510 1843 1629 1874 indices
1657 1845 1763 1886 alpha-

1046 1885 1151 1915 betici.

1088 1945 1132 1951 --
1147 1929 1178 1959 5.
1194 1927 1297 1970 χρόνῳ]
1315 1940 1365 1959 συν
1380 1927 1422 1969 τῷ
1434 1928 1535 1970 χρόνῳ,
1547 1938 1615 1960 cum
1626 1935 1763 1970 tempore,

1043 1981 1199 2012 progressu
1213 1973 1358 2010 temporis,
1373 1974 1503 2003 tandem.
1548 1972 1656 2003 Dativi
1679 1984 1762 2013 saepe

1046 2015 1235 2054 degenerant
1249 2015 1279 2044 in
1293 2016 1450 2046 adverbia.

1089 2075 1132 2080 —-
1153 2058 1231 2088 ibid.
1255 2058 1293 2091 εἷς
1319 2058 1436 2099 δύναμιν
1460 2056 1586 2099 ›ra-gomez
1611 2059 1762 2100 μεγάλην]

1047 2101 1207 2140 Loquendi
1232 2101 1341 2131 modos
1368 2103 1500 2141 quisque
1526 2112 1583 2140 per
1610 2112 1644 2132 se
1670 2103 1762 2133 facile

1046 2144 1242 2174 observabit:
1267 2148 1312 2180 ut,
1336 2143 1478 2185 προελθεῖν
1496 2144 1535 2179 εἷς
1558 2143 1685 2184 δύναμιν,
1710 2156 1761 2175 πο-

1046 2187 1145 2226 λεμεῖν
1155 2186 1215 2217 τινί.
1231 2187 1321 2217 facile
1331 2188 1404 2217 item
1416 2187 1546 2223 videbit,
1556 2198 1573 2217 a
1582 2188 1760 2219 Latinorum

1045 2230 1266 2260 consuetudine
1276 2231 1430 2269 quomodo
1439 2230 1593 2261 differant.
1608 2241 1665 2261 nec
1677 2231 1760 2261 enim

1044 2282 1100 2302 nos
1115 2272 1259 2310 dicimus,
1271 2274 1408 2314 belligero
1422 2274 1487 2309 tibi,
1500 2274 1556 2303 sed
1571 2274 1676 2304 bellum
1690 2284 1761 2314 gero

1044 2320 1152 2351 tecum,
1165 2315 1271 2345 bellum
1285 2326 1359 2356 gero
1370 2322 1471 2348 contra
1486 2322 1523 2346 te.
1568 2316 1634 2353 Sic,
1645 2317 1738 2347 urbs'
1727 2329 1761 2348 m

1041 2360 1202 2396 potentiam
1212 2368 1305 2399 pr007
1305 2368 1364 2389 essa
1375 2365 1414 2389 est
1426 2369 1577 2401 magnam,
1591 2360 1684 2390 nolim
1698 2371 1757 2400 ego

1044 2400 1166 2431 dicere:
1193 2402 1261 2436 sed,
1278 2412 1332 2441 pei
1334 2404 1431 2432 venire
1449 2404 1488 2432 ad
1507 2403 1681 2441 potentiam,
1696 2414 1760 2434 cre-

1043 2453 1130 2478 scere,
1157 2445 1263 2484 augeri
1285 2446 1448 2483 potentiam
1474 2445 1615 2484 alimy'us,
1637 2447 1760 2486 adipisci

1041 2488 1213 2526 potentiam.
1258 2488 1370 2527 Neque
1399 2498 1476 2518 vero
1506 2489 1635 2528 perinde
1666 2490 1758 2519 facile

1044 2534 1101 2565 est,
1115 2540 1183 2569 quae
1196 2530 1363 2569 intelligas,
1376 2532 1535 2561 commode
1549 2531 1757 2572 interpretari.

1043 2574 1242 2614 Snmmopere
1267 2574 1360 2613 igitur
1383 2574 1591 2605 necessarium
1615 2578 1673 2611 est,
1696 2585 1759 2605 ma-

1043 2626 1131 2655 gnam
1148 2616 1250 2647 Latini
1266 2618 1417 2648 sermonis
1427 2617 1549 2657 copiam
1564 2617 1595 2647 in
1611 2623 1757 2657 promptu

1042 2670 1110 2690 esse
1129 2661 1245 2690 Graecae
1270 2660 1382 2700 linguae
1407 2660 1580 2700 interpreti,
1600 2671 1670 2700 quae
1691 2661 1757 2692 sine

1041 2703 1166 2733 assidua
1180 2703 1290 2743 optimi
1307 2706 1458 2743 cujusque
1474 2703 1609 2733 auctoris
1625 2704 1757 2734 lectione

1041 2756 1138 2786 neque
1147 2746 1261 2787 parari,
1272 2757 1371 2786 neque
1380 2746 1505 2778 retineri
1515 2750 1629 2785 potest.
1651 2746 1755 2783 Quare

1040 2789 1099 2819 hoc
1116 2789 1271 2829 negotium
1291 2800 1350 2820 non
1372 2793 1488 2819 tantum
1503 2788 1708 2821 eruditionem
1724 2794 1757 2820 et

1041 2833 1246 2872 diligentiam,
1262 2833 1317 2862 sed
1337 2832 1461 2873 legendi
1477 2831 1568 2862 etiam
1584 2832 1682 2862 otium
1705 2843 1755 2863 re-

1039 2875 1145 2914 quirit.
1188 2876 1279 2912 Quod
1294 2875 1367 2915 quia
1381 2874 1454 2905 mihi
1469 2875 1578 2909 defuit,
1594 2885 1676 2916 saepe
1697 2876 1756 2906 mi-

1038 2929 1094 2948 nus
1121 2919 1262 2958 expolita
1288 2918 1425 2948 dictione
1451 2917 1498 2948 uti
1523 2928 1591 2948 sum
1617 2923 1754 2949 coactus.

1039 2962 1098 2991 Sed
1117 2962 1144 2991 si
1163 2962 1225 2991 vita
1252 2960 1450 3001 superfuerit,
1466 2971 1591 3000 operam
1613 2963 1704 2998 dabo,
1720 2965 1755 2991 ut

1037 3004 1067 3035 in
1085 3005 1140 3035 hac
1157 3015 1278 3044 quoque
1293 3014 1326 3035 re
1349 3004 1519 3035 lectoribus
1543 3004 1640 3044 aequis
1663 3003 1754 3035 satis-
