1931 3323
360 221 445 262 464
497 221 1006 264 AMERSFOORDTII
1040 221 1114 263 ET
1145 221 1487 263 SCHAEFERI
1521 222 1779 267 ANNOTT.

358 335 389 363 p-
413 327 465 357 39.
489 332 519 355 et
536 330 586 358 99.
603 328 651 357 ed.
668 331 738 358 tert.
755 327 839 366 Lips.
860 327 942 357 Add.
958 331 1019 356 not.
1034 327 1072 356 ad

359 378 391 407 p.
409 372 483 399 141.
497 371 529 400 3.
546 371 593 400 ed.
613 370 721 400 Reisk.
753 370 946 408 Euripideum
965 370 1072 400 Orest.

361 412 454 441 1316.
467 422 508 442 ss.
525 414 561 442 P.
577 413 656 442 ἀλλά.
671 424 711 452 με
727 413 834 451 φόβος
848 424 892 447 τις
906 411 1072 449 εἰσελήλυθ’,

358 453 435 484 ἕντι
445 454 465 483 ν’
489 454 514 485 ἐν
530 455 675 495 δόμοις-
687 456 763 486 κλύω
775 457 848 492 βοήν,
863 457 907 486 sic
923 458 1072 494 interpre-

358 501 423 526 ter:
448 497 501 528 δ’τι
526 501 606 529 τινὰ
632 499 708 529 κλύω
731 498 790 531 ξοην
812 498 837 530 ἐν
857 499 959 538 δόμοις,
985 499 1073 529 conf.

360 541 434 570 Bos.
450 542 561 580 Ellips.
579 553 610 581 p.
627 544 700 574 252.
725 544 829 573 IDEM.

400 601 443 606 ν-
460 587 510 615 20.
534 585 603 626 οὐχ]
629 585 681 616 οὐδ’
696 587 771 616 Cod.
788 586 889 616 Bekk.
919 586 1024 616 Placet
1040 590 1072 616 ut

357 627 449 665 paulo
467 628 600 665 gravius.
619 630 723 659 IDEM.

398 688 442 693 —
457 671 532 701 ibid.
556 671 610 713 οὐχ
636 670 684 702 οἷόν
703 673 753 712 τε]
778 672 829 701 Sic
845 672 946 701 Attice
966 673 1071 701 dieunt

355 723 412 751 pro
428 714 455 743 οὐ
471 713 592 745 δυνατόν.
632 716 702 745 Vid.
718 715 827 745 'l'imaei
845 715 921 744 Lex.
941 715 1070 744 Rhetor.

355 761 387 785 et
402 757 438 786 ad
457 767 525 787 eum
542 758 754 788 Rulmkenius.
777 758 1049 788 AMERSFOORDT-

397 817 441 822 —-
454 800 528 830 ibid.
551 800 636 830 ταῦτ’
650 802 746 835 ἄλλως
760 800 850 841 ἔχειν]
874 802 982 836 Immo,
998 800 1069 839 quin

354 853 409 873 rex
427 849 572 873 venturus
589 846 629 873 sit
647 847 744 883 s.jam
763 844 854 873 adsit.
874 846 1070 873 Senserun-

397 903 441 909 —-
459 889 509 916 21.
526 888 710 927 χςησ-μῳδοὶ]
738 888 833 916 Recte
851 886 983 916 Bekker.
998 898 1070 928 χςη-

352 929 501 969 σμῳδοῖεν.
514 931 707 970 χρησμῳδεῒεν
723 930 816 959 miror
829 930 1068 960 Amersfoordtio

355 973 493 1010 potuisse
524 973 648 1011 probari
663 985 669 1002 :
708 978 756 1003 est
785 973 866 1002 enim
899 974 1068 1004 barbarum.

354 1015 423 1044 Non
449 1015 549 1045 minus
564 1016 724 1046 barbarum
747 1017 858 1046 καλεῖεν
879 1017 1068 1046 Munckerus

352 1056 472 1088 invexit
498 1059 528 1088 in
549 1060 691 1089 Antonin.
717 1060 848 1089 Liberal.
876 1070 902 1088 ο.
931 1063 983 1091 15.
1014 1059 1069 1088 ubi

352 1100 444 1130 etiam
461 1102 664 1132 Ruhnkenius
679 1103 805 1133 erravit.
827 1103 953 1132 Talibus
969 1103 1068 1132 sordi-

350 1144 409 1173 bus
423 1144 618 1175 utilissimum
634 1146 793 1176 Maittairii
809 1146 846 1177 de
864 1146 1014 1176 Dialectis
1031 1146 1068 1175 li-

351 1187 439 1217 brum
453 1189 619 1226 pervellem
638 1195 840 1229 expurgatum
857 1200 936 1219 esse.
959 1190 1067 1219 IDEM.

394 1248 438 1253 —
455 1233 505 1261 22.
524 1232 572 1262 οὐκ
586 1232 618 1262 av
632 1232 812 1271 εἰσενέγκαιεν
826 1250 870 1256 -
885 1231 938 1262 οὐδ’
951 1231 983 1262 ἂν
998 1233 1067 1272 ὁμο-

350 1274 514 1315 λογήσαιεν]
540 1277 646 1315 Opera
669 1277 731 1317 (se.
756 1276 896 1315 Reiskii)
921 1286 993 1305 vere
1015 1286 1067 1305 su·

350 1327 550 1355 pervacanea.
600 1320 759 1358 Vulgatam
784 1320 855 1349 olim
886 1320 1066 1358 scripturam

352 1360 516 1391 Bekkerus
527 1363 596 1400 jure
613 1363 757 1393 restitnit.
782 1365 885 1394 IDEM·

392 1421 433 1426 ——
449 1409 551 1444 antep.
568 1408 622 1436 τῶν
638 1406 726 1444 λόγων
739 1424 783 1429 —
796 1406 880 1445 ἔξγῳ]
898 1404 1066 1444 oppositio

350 1445 490 1477 videatur
509 1459 615 1486 parum
638 1450 796 1484 concinna,
818 1460 854 1478 ac
872 1449 1001 1477 fortasse
1019 1458 1067 1477 re-

351 1491 454 1528 quiras
471 1492 528 1524 τοῖς
545 1491 641 1531 ἔργοις.
678 1493 741 1525 Sed
757 1503 786 1522 v.
802 1493 930 1522 Porson.
949 1492 987 1521 ad
1005 1493 1066 1521 Eu-

348 1534 441 1572 ripid.
467 1535 618 1565 Phoeniss.
645 1538 718 1566 512.
745 1535 798 1564 ubi
822 1535 903 1574 quod
928 1534 1004 1564 dicit
1026 1535 1066 1565 de

348 1577 501 1615 Tragicis,
533 1579 572 1608 de
601 1579 740 1609 omnibus
767 1578 972 1618 scriptoribus
1002 1578 1066 1608 dici

349 1624 463 1658 potest.
486 1622 591 1652 IDEM.

391 1681 436 1686 —
451 1664 505 1694 ult.
530 1665 585 1705 οὐχ
600 1664 665 1695 ἑκὼν
680 1666 713 1695 ἂν
727 1665 796 1706 δοίη]
821 1665 941 1695 Reiskii
961 1665 1065 1707 conje-

349 1711 465 1736 cturam
488 1709 750 1738 Amersfoordtius
770 1709 923 1749 probavit,
939 1709 1065 1738 Bekke-

347 1759 400 1778 rus
416 1751 559 1780 adscivit.
587 1752 665 1781 Sane
681 1757 729 1782 est
745 1752 783 1781 de
801 1762 913 1791 genere
930 1752 1063 1781 felicium

348 1792 499 1831 facileque
516 1800 695 1833 compenset
709 1799 828 1825 centum
841 1806 859 1825 a
871 1795 937 1824 viro
949 1796 1064 1834 optimo

347 1835 445 1865 invita
468 1837 610 1867 Minerva
631 1839 834 1877 excogitatas.
877 1839 938 1867 Sed
958 1838 1063 1867 viden·

347 1878 420 1908 dum
444 1890 480 1909 ne
504 1879 600 1909 tutius
623 1881 666 1911 sit
688 1892 757 1912 cum
780 1882 869 1911 libris
886 1881 1064 1911 Reiskianis

348 1922 532 1960 simpliciter
547 1924 681 1955 scribere
697 1926 745 1954 οὐκ
759 1924 791 1954 ἂν
807 1923 870 1955 δοίη.
892 1925 998 1955 IDEM.

392 1966 431 1994 P·
451 1968 523 1997 292.
541 1971 571 1997 2.
584 1966 669 2008 μέρος
682 1971 736 1998 τῶν
752 1966 833 1997 ’ὄντων
848 1979 878 1998 κ.
890 1980 919 1997 τ.
932 1968 978 2008 λ.]
1001 1968 1063 1997 De—

349 2009 524 2039 mosthenes
542 2010 666 2049 Olynth.
683 2013 711 2042 I.
726 2022 758 2050 p.
776 2014 825 2042 17.
844 2013 873 2042 9.
885 2011 935 2041 ed.
953 2011 1063 2040 Reisk.

348 2052 622 2093 τοὺς-εὐπόρους,
646 2054 676 2083 ἵν’
703 2054 770 2094 ὑπὲρ
795 2056 851 2084 τῶν
873 2056 1005 2089 πολλῶν,
1028 2051 1064 2083 οἷν

345 2097 442 2130 καλῶς
463 2098 610 2130 ποιοῦντες
629 2096 740 2139 ἔχουσι,
755 2099 847 2137 μικξῖι
865 2096 1062 2131 ἀναλίσκοντες

345 2139 386 2168 τὰ
400 2141 487 2168 λοιπὰ
503 2143 666 2179 καρπῶνται
678 2142 773 2174 ἀδεεῖ-ς.
786 2144 1062 2172 ΑΜΕΒΞΕοοηυΤ.

389 2199 432 2204 —-
447 2182 522 2212 ibid.
551 2183 777 2224 προεισενεγκεῖν]
809 2185 942 2214 Praestat
964 2183 1062 2214 εἰσενε-

346 2225 434 2262 γκεῖν.
457 2226 653 2257 Senam-ER.

389 2270 473 2299 —5.
487 2268 666 2311 πορίσαισΘἾ
684 2269 825 2310 πορίσαιτ’
841 2275 979 2310 praestat,
991 2281 1060 2301 cum

347 2317 492 2350 sequatur
505 2313 642 2353 ποςίζειν.
663 2315 767 2344 IDEM.

389 2372 433 2378 —
448 2355 522 2386 ibid.
545 2355 648 2387 πλείων
662 2356 727 2387 ἐστὶ
750 2356 840 2395 γέλως
861 2357 910 2386 τοῦ
929 2356 1060 2398 μηδενὸς]

346 2397 446 2428 Recte
459 2399 609 2431 Wolfius.
644 2401 785 2439 Intellige
801 2399 990 2441 πορίσασθαι.
1011 2402 1060 2430 Ita

347 2446 379 2469 et
396 2442 544 2473 Reiskius
560 2444 590 2474 in
605 2445 688 2474 Nota
704 2449 735 2474 et
749 2444 779 2473 in
798 2444 866 2474 Ind.
883 2445 979 2484 magis
993 2447 1060 2473 esset

347 2484 521 2522 ridiculum,
538 2498 624 2526 qnam
639 2489 662 2517 si
677 2487 754 2518 nihil
773 2488 892 2517 daretis.
921 2487 1060 2518 Amans-

350 2536 499 2558 FOORDT.
545 2531 610 2560 Viri
627 2531 711 2560 docti
726 2531 861 2560 calamus
872 2530 997 2560 videtur
1012 2541 1060 2560 er-

346 2579 442 2606 rasse,
459 2582 525 2601 cum
543 2574 712 2604 scriberet:
730 2574 867 2614 Intellige
880 2572 1060 2615 πορίσασθαι.

347 2613 418 2643 Hoc
429 2615 513 2644 nullo
530 2618 620 2646 modo
637 2622 736 2656 potest
753 2617 900 2657 intelligi:
924 2617 1059 2646 omnino-

346 2666 405 2695 que
422 2658 496 2687 nihil
512 2659 672 2689 subaudiri
692 2666 827 2699 oportet,
870 2661 1059 2690 vernacule:

345 2700 382 2729 ist
399 2700 598 2737 liiclierlicher,
616 2703 658 2732 als
672 2714 729 2743 gar
744 2703 848 2733 nichts.
873 2702 964 2741 γέλως
979 2704 1059 2734 enim

347 2743 376 2772 li.
394 2744 414 2773 l.
431 2755 489 2774 non
507 2746 598 2775 risum
619 2747 780 2784 significat,
799 2751 829 2776 ut
842 2747 974 2776 Wolfius
992 2758 1059 2776 ver-

345 2787 393 2822 tit,
409 2788 462 2817 sed
476 2798 537 2817 rem
549 2789 719 2819 ridiculam.
766 2790 931 2828 Euripides
947 2791 1058 2820 Troad.

347 2831 422 2860 976.
446 2832 557 2862 Matth.
577 2833 675 2862 ταῦτα.
694 2835 748 2871 γὰρ
766 2831 856 2871 γέλως
873 2833 970 2867 πολύς.
995 2833 1060 2863 He-

346 2874 471 2912 sychius
489 2880 509 2904 t.
526 2876 552 2905 Ι.
571 2886 597 2905 c.
614 2878 688 2906 81⁶2.
705 2874 803 2905 Γέλων.
816 2875 883 2906 -ἢ
898 2877 1010 2913 γελοῖον.
1027 2880 1061 2906 ut

346 2923 568 2948 correxerunt:
594 2926 732 2958 erratque
750 2919 906 2948 Scbowius
923 2919 961 2948 ad
979 2920 1060 2956 glos·

347 2969 409 2990 sam
434 2963 658 2999 praecedentem
683 2962 829 2992 referens.
862 2962 1059 2992 SCHAEFER.

347 3003 528 3034 Schaeferus
549 3016 642 3044 porro
659 3006 703 3035 sic
719 3005 891 3042 corrigebat
911 3006 1060 3035 Graecita-

349 3051 409 3076 tem
424 3047 680 3087 Latinitatemque
697 3048 892 3079 Reiskianam
906 3059 912 3077 :
939 3047 953 3079 ἢ
968 3046 1059 3086 γέλως

1108 327 1141 357 ἂν
1155 327 1192 357 εἴη
1205 327 1272 368 (vel
1288 327 1302 359 ἢ
1315 327 1478 366 κατεγέλων
1488 328 1519 358 ἂν
1529 330 1607 369 ὑμῶν
1622 329 1644 359 οἳ
1659 328 1821 371 ἄνθρωποι),

1108 371 1131 400 εἴ
1146 370 1274 400 καθόλου
1293 370 1380 411 μηδὲν
1399 370 1559 411 πορίζοισθε
1577 373 1625 402 vel
1647 371 1822 414 ἒποξίζεσθε.

1107 424 1193 453 quam
1207 415 1367 444 deridivulo
1381 416 1471 444 essetis
1475 414 1597 455 fleturi,
1611 416 1635 445 si
1651 421 1710 446 etc.

1151 474 1192 478 —
1215 459 1244 487 6.
1269 459 1318 488 τὴν
1343 457 1513 499 ἑκατοστὴν]
1541 459 1712 489 Articulum
1738 463 1822 489 recte

1107 499 1224 529 delevit
1253 500 1391 530 Bekker.
1428 501 1479 530 Sic
1505 511 1577 531 mox
1602 501 1667 531 sine
1692 502 1822 532 articulo

1108 544 1299 573 πεντηκοστήν
1330 550 1359 573 et
1388 543 1553 575 δωδεκάτην.
1597 545 1689 581 Quod
1720 551 1823 575 autem

1106 586 1238 615 Wolfius
1261 587 1300 616 de
1321 598 1352 616 re
1372 587 1512 616 familiari
1534 587 1764 627 interpretatur,
1784 599 1821 618 ne

1107 630 1184 658 sorte
1213 631 1281 668 quis
1307 635 1399 665 erret,
1422 631 1603 660 monendum
1628 635 1686 667 est,
1711 630 1744 660 τὸ
1770 631 1821 666 τῆς

1105 674 1202 713 χώρας
1222 672 1345 714 τίμημα
1358 678 1501 713 oportere
1520 673 1660 713 intelligi.
1690 674 1820 705 Sensu-

1107 725 1188 745 ren.

1148 756 1277 786 —ibid.
1298 756 1441 800 εἰσφέρειν]
1465 759 1536 788 Νοιι
1556 758 1736 788 subauditur
1756 758 1818 800 (sc.

1106 799 1193 838 δεῖν)ε
1219 801 1341 838 quoties
1358 802 1436 831 enim
1460 801 1602 831 infinitivi
1618 801 1674 837 sic,
1691 806 1725 831 ut
1749 802 1778 831 h.
1796 802 1820 832 l.

1106 843 1206 873 verbis
1227 843 1348 873 dicendi
1365 845 1544 883 junguntur,
1565 846 1629 875 haec
1648 845 1740 875 verba
1757 844 1819 875 vim

1099 885 1226 924 jubendi
1236 886 1356 917 habent.
1369 887 1404 918 V.
1418 892 1480 918 not.
1492 887 1528 917 ad
1540 887 1695 918 Theocrit.
1704 888 1817 918 XXV.

1103 931 1157 960 47.
1173 934 1204 959 et
1219 930 1257 959 ad
1270 930 1416 969 Sophocl.
1434 931 1522 969 Ajac.
1538 933 1635 961 1047.
1659 932 1761 961 IDEM.

1145 990 1188 995 —-
1210 974 1242 1002 ’7.
1272 973 1343 1002 τάλ.
1371 972 1440 1014 ἑξεῖ]
1469 972 1523 1014 {get
1550 974 1654 1004 omisit
1684 973 1818 1004 Bekker.

1102 1015 1220 1045 Probo,
1264 1016 1316 1045 Sic
1330 1026 1402 1047 mox
1420 1017 1486 1047 sine
1503 1017 1598 1048 verbo
1614 1017 1704 1048 οὐκοῦν
1719 1015 1819 1047 {amar

1102 1058 1150 1087 καὶ
1167 1059 1262 1090 εἴκοσι.
1288 1060 1392 1091 IDEM.

1143 1120 1187 1125 —
1205 1106 1235 1133 9.
1258 1102 1299 1132 τοὶ
1325 1101 1476 1144 χρήματ’]
1507 1102 1571 1133 Vix
1595 1102 1816 1133 admittendum

1102 1144 1236 1181 videtur,
1253 1150 1286 1174 ut
1300 1146 1330 1175 h.
1346 1146 1368 1175 l.
1386 1156 1461 1175 voce
1477 1146 1623 1186 χρήματα.
1638 1146 1706 1185 ipsa
1721 1156 1815 1185 pecu-

1100 1188 1150 1217 nia
1166 1188 1366 1227 signiflcetur,
1382 1198 1440 1218 non
1455 1199 1505 1218 res
1522 1189 1677 1227 pretiosae,
1691 1199 1759 1227 quae
1775 1199 1816 1219 ex

1100 1241 1196 1270 regno
1207 1231 1355 1261 latissime
1366 1237 1488 1270 patente
1502 1231 1634 1270 undique
1647 1231 1683 1260 ad
1698 1232 1815 1271 regiam

1100 1274 1312 1304 afferebantur.
1326 1274 1506 1304 Herodotus
1519 1274 1594 1304 VII.
1606 1276 1679 1304 187.
1695 1274 1815 1305 Xerxis

1100 1316 1130 1346 in
1148 1317 1299 1348 Graeciam
1313 1317 1544 1356 expeditionem
1557 1317 1698 1347 facientis
1711 1319 1815 1357 supel-

1100 1359 1234 1390 lectilem
1256 1361 1455 1391 describens:
1479 1359 1533 1390 0328‘
1553 1360 1585 1389 ἂν
1607 1359 1758 1401 ὑποζυγίων
1780 1372 1814 1393 τε

1099 1404 1149 1433 καῖ
1164 1406 1219 1433 τῶν
1233 1403 1327 1434 ἄλλων
1341 1402 1458 1434 κτηνέων
1472 1406 1528 1434 τῶν
1542 1403 1710 1445 ἀχθοφόρων
1720 1404 1813 1434 -οὗ-

1100 1446 1154 1481 δεῖς
1176 1448 1209 1478 ἂν
1238 1448 1308 1477 εἴποι
1329 1446 1464 1489 ἀριθμόν.
1505 1447 1567 1478 Sed
1592 1447 1815 1478 Demosthenes

1099 1489 1149 1520 hic
1171 1491 1210 1520 de
1233 1491 1358 1521 camelis
1379 1495 1494 1520 tantum
1518 1490 1665 1529 loquitur,
1688 1500 1758 1520 eum
1783 1491 1815 1520 hi

1099 1533 1239 1571 profecto
1250 1536 1395 1573 majorem
1408 1535 1615 1573 jumentorum
1629 1534 1698 1575 [τῶν
1713 1533 1816 1574 ὑποζυ-

1099 1576 1177 1619 γίων]
1193 1583 1311 1617 partem
1326 1577 1495 1608 effecerint.
1532 1577 1741 1607 Commeatum
1762 1587 1816 1607 au-

1099 1625 1160 1650 tem
1183 1621 1372 1651 exercituum
1401 1622 1563 1651 Persarum
1591 1620 1715 1650 camelis
1743 1620 1814 1651 vehi

1099 1663 1222 1694 solitum
1252 1664 1348 1694 fuisse
1378 1664 1491 1694 docent
1518 1664 1590 1695 loca
1614 1663 1704 1694 allata
1731 1673 1748 1693 a
1774 1664 1815 1694 B.

1099 1707 1258 1737 Brissonio
1282 1708 1322 1737 de
1345 1717 1440 1746 regno
1466 1708 1629 1738 Persarum
1653 1707 1674 1737 l.
1697 1707 1763 1736 ΙΙΙ.
1785 1717 1813 1737 c.

1098 1752 1150 1779 46.
1195 1750 1293 1790 Regis
1309 1751 1411 1790 magni
1426 1750 1545 1780 divitiae
1561 1750 1591 1779 in
1611 1749 1812 1789 proverbium

1097 1792 1247 1823 abierant.
1291 1793 1454 1824 AEschines
1481 1794 1598 1823 Socrat.
1624 1792 1677 1832 qui
1701 1793 1813 1823 dicitur

1098 1836 1180 1865 Dial.
1198 1838 1241 1866 ΙΙ.
1258 1840 1288 1867 4.
1313 1836 1511 1877 οτςοτιμῆσειεν
1526 1833 1650 1874 ὑγιαίνειν
1664 1834 1752 1874 ὀλίγον
1765 1846 1812 1866 κε-

1097 1878 1236 1919 κτημένος
1255 1879 1379 1920 ἀργύριον
1392 1878 1534 1919 μᾶλλονῆ
1549 1881 1590 1909 τὸ
1605 1878 1747 1913 βασιλέως
1762 1879 1812 1909 τοῦ

1097 1923 1229 1961 μεγάλου
1249 1923 1395 1964 χρήματα
1411 1921 1581 1962 κεκτημένος
1600 1922 1694 1952 νοσεῖν.
1716 1922 1764 1952 cf.
1779 1926 1812 1952 et

1098 1966 1249 1996 Horatius
1266 1968 1366 1996 Carm.
1383 1967 1445 1997 111.
1465 1966 1524 1996 Od.
1539 1965 1604 1996 IX.
1620 1967 1652 1995 4.
1689 1965 1812 2003 Magni-

1099 2009 1154 2038 fice
1167 2010 1256 2039 etiam
1274 2011 1323 2039 τοῦ
1336 2011 1448 2048 Περσῶν
1459 2007 1584 2040 πλούτου
1592 2007 1731 2038 meminit
1743 2009 1810 2038 Iso—

1097 2057 1196 2082 crates
1214 2053 1340 2083 Panath.
1359 2063 1380 2092 p
1407 2053 1483 2084 458.
1505 2056 1537 2082 et
1555 2051 1627 2090 ipse
1649 2052 1810 2082 Demosth-

1097 2095 1179 2125 Phil.
1197 2097 1258 2126 111.
1281 2106 1312 2134 p.
1329 2098 1401 2126 120.
1418 2098 1470 2126 16.
1494 2095 1544 2126 ed.
1566 2094 1671 2126 Reisk.
1717 2096 1764 2125 Ita
1779 2100 1811 2125 et

1097 2137 1248 2169 Persicum
1270 2149 1380 2169 aarum
1400 2142 1583 2170 memoratur
1606 2148 1624 2168 a
1645 2138 1767 2169 Justino
1789 2138 1811 2168 l.

1095 2181 1159 2211 XI.
1177 2193 1204 2213 o.
1221 2184 1252 2213 5.
1265 2182 1291 2221 §.
1308 2184 1338 2213 9.
1382 2182 1604 2221 Aristophanes
1622 2180 1653 2211 in
1670 2181 1763 2211 Pluto
1779 2192 1811 2212 v.

1096 2227 1169 2255 170.
1195 2224 1294 2264 μέγας
1308 2224 1335 2255 δὲ
1351 2224 1489 2260 βασιλεὺς
1503 2224 1566 2266 οὐχὶ
1582 2224 1627 2254 διὰ
1645 2224 1742 2253 τοῦτον
1762 2235 1810 2255 κο-

1094 2269 1162 2308 μᾷ;
1190 2269 1236 2299 τὸν
1261 2270 1383 2300 πλοῦτον
1408 2268 1538 2299 scilicet.
1585 2267 1809 2298 Demosthenes

1095 2313 1181 2342 Orat.
1205 2312 1242 2342 ad
1268 2311 1407 2350 Philippi
1432 2311 1534 2350 Epist.
1550 2321 1581 2349 p.
1600 2313 1674 2341 153.
1693 2313 1745 2343 26.
1770 2311 1808 2341 de

1095 2356 1260 2385 Persarum
1290 2365 1362 2395 rege
1379 2366 1385 2384 :
1420 2354 1552 2384 τοσοῦτον
1580 2352 1636 2392 μὲν
1668 2352 1808 2385 κέκτηται

1095 2400 1234 2433 πλοῦτον,
1252 2397 1309 2428 ὅσον
1325 2397 1378 2428 οὐδ’
1392 2398 1414 2428 οἱ
1435 2397 1528 2428 λοιποὶ
1544 2398 1657 2431 πάντες.
1702 2397 1808 2427 Conon

1093 2442 1291 2471 Atheniensis
1312 2452 1362 2480 ap.
1383 2441 1496 2472 Justin.
1520 2441 1579 2471 VI.
1603 2451 1632 2471 c.
1655 2442 1686 2470 Q.
1710 2439 1735 2479 ᾗ.
1759 2443 1809 2471 14.

1094 2484 1243 2523 queritur,
1266 2485 1476 2523 opulentissimi
1501 2484 1584 2523 regis
1609 2483 1688 2514 bella
1709 2484 1808 2522 inopia

1093 2528 1200 2564 dilabi,
1214 2533 1243 2558 et
1258 2528 1310 2567 qui
1323 2528 1494 2558 exercitum
1509 2537 1614 2566 parem
1627 2526 1738 2556 habere
1755 2526 1809 2556 ho-

1094 2572 1194 2601 stibus
1207 2572 1326 2606 debeat,
1339 2572 1466 2610 pecunia
1483 2570 1575 2606 vinci,
1588 2580 1656 2609 quae
1672 2574 1809 2607 praestet,

1094 2614 1331 2653 inferioremque
1347 2625 1414 2644 eum
1431 2625 1464 2644 ea
1482 2618 1568 2652 parte
1590 2613 1733 2648 inveniri,
1750 2623 1808 2652 qua

1095 2658 1179 2699 longe
1192 2660 1327 2697 superior
1341 2659 1388 2688 sic.
1417 2657 1510 2696 Apud
1524 2656 1717 2687 Herodotum
1733 2655 1755 2684 l.
1768 2655 1807 2684 V.

1094 2703 1146 2733 49.
1178 2702 1374 2740 Aristagoras
1392 2700 1551 2731 Milesius:
1575 2700 1615 2729 τὰ
1631 2699 1724 2728 Σοῦσα,
1737 2699 1809 2728 ταῦ-

1094 2756 1145 2779 τα,
1166 2744 1289 2774 ἕνθα-
1302 2746 1356 2774 τῶν
1385 2743 1544 2784 χςημίιτοον
1565 2743 1588 2772 οῖ
1611 2740 1747 2780 θησαυροὶ
1762 2757 1806 2764 —-

1093 2786 1158 2817 εἶσί·
1183 2787 1292 2820 ἑλόντες
1307 2785 1334 2817 δὲ
1350 2786 1458 2817 ταύτην
1471 2787 1520 2816 ‘rav
1540 2783 1631 2819 πόλιν,
1647 2782 1808 2824 θαρσέοντες

1095 2830 1141 2861 ἥδη
1156 2831 1198 2870 τῷ
1215 2832 1263 2862 Διῒ
1276 2829 1401 2861 πλούτου
1421 2827 1481 2869 πέρι
1497 2826 1611 2868 ἐρίζετε.
1655 2828 1758 2865 Atque
1774 2827 1806 2857 in

1094 2884 1130 2903 ea
1148 2876 1222 2904 urbe
1240 2874 1303 2904 XL
1317 2873 1412 2903 millia
1427 2873 1571 2902 talentum
1596 2870 1720 2901 inventa
1735 2880 1804 2900 esse

1094 2918 1132 2947 ab
1144 2918 1320 2948 Alexandro
1336 2917 1381 2946 M.
1393 2920 1491 2945 narrat
1507 2914 1646 2945 Justinus
1663 2913 1683 2943 1.
1699 2913 1764 2943 XI.
1776 2923 1803 2942 c.

1096 2964 1146 2991 14.
1163 2961 1187 3000 ᾗ.
1205 2963 1257 2991 10.
1272 2970 1340 2990 cum
1362 2969 1423 2999 quo
1447 2962 1545 2988 tamen
1567 2957 1635 2987 loco
1653 2956 1712 2986 alia
1733 2966 1805 2986 con-

1095 3004 1230 3034 ferantur
1256 3013 1273 3033 a
1300 3001 1458 3033 Brissonio
1488 3001 1611 3031 laudata
1641 2999 1680 3029 de
1710 3008 1805 3038 regno

1096 3047 1184 3077 Pers.
1203 3050 1231 3077 1.
1248 3047 1274 3076 Ι.
1290 3056 1317 3075 c.
1335 3047 1407 3076 182.
1424 3055 1492 3084 sqq.
1536 3044 1624 3075 Idem
1645 3041 1734 3073 etiam
1753 3051 1805 3073 au.-
