<?xml version="1.0" encoding="UTF-8"?>
<!DOCTYPE html PUBLIC "-//W3C//DTD XHTML 1.0 Transitional//EN"
    "http://www.w3.org/TR/xhtml1/DTD/xhtml1-transitional.dtd">
<html xmlns="http://www.w3.org/1999/xhtml" xml:lang="en" lang="en">
 <head>
  <title>
</title>
<meta http-equiv="Content-Type" content="text/html;charset=utf-8" />
  <meta name='ocr-system' content='tesseract 3.04.00' />
  <meta name='ocr-capabilities' content='ocr_page ocr_carea ocr_par ocr_line ocrx_word'/>
</head>
<body>
  <div class='ocr_page' id='page_1' title='image "./oratoresatticie09dobs/oratoresatticie09dobs_0220.png"; bbox 0 0 1931 3323; ppageno 0'>
   <div class='ocr_carea' id='block_1_1' title="bbox 347 203 431 246">
    <p class='ocr_par' dir='ltr' id='par_1_1' title="bbox 347 203 431 246">
     <span class='ocr_line' id='line_1_1' title="bbox 347 203 431 246; baseline 0 -1"><span class='ocrx_word' id='word_1_1' title='bbox 347 203 431 246; x_wconf 83' lang='lat'>208</span> 
     </span>
    </p>
   </div>
   <div class='ocr_carea' id='block_1_2' title="bbox 348 306 1072 3072">
    <p class='ocr_par' dir='ltr' id='par_1_2' title="bbox 348 306 1061 512">
     <span class='ocr_line' id='line_1_2' title="bbox 348 306 1061 347; baseline -0.001 -9"><span class='ocrx_word' id='word_1_2' title='bbox 348 318 418 338; x_wconf 86' lang='lat' dir='ltr'>men</span> <span class='ocrx_word' id='word_1_3' title='bbox 442 306 613 347; x_wconf 86' lang='lat' dir='ltr'>ignoratur,</span> <span class='ocrx_word' id='word_1_4' title='bbox 641 307 838 339; x_wconf 81' lang='lat' dir='ltr'>consuevisse</span> <span class='ocrx_word' id='word_1_5' title='bbox 861 318 902 338; x_wconf 87' lang='lat' dir='ltr'>ex</span> <span class='ocrx_word' id='word_1_6' title='bbox 927 308 1002 338; x_wconf 85' lang='lat' dir='ltr'>urbe</span> <span class='ocrx_word' id='word_1_7' title='bbox 1030 307 1061 337; x_wconf 86' lang='lat' dir='ltr'>in</span> 
     </span>
     <span class='ocr_line' id='line_1_3' title="bbox 348 350 1061 382; baseline -0.004 0"><span class='ocrx_word' id='word_1_8' title='bbox 348 352 502 382; x_wconf 89' lang='lat' dir='ltr'>Piraeeum</span> <span class='ocrx_word' id='word_1_9' title='bbox 516 350 715 382; x_wconf 79' lang='lat' dir='ltr'><strong>descendere.</strong></span> <span class='ocrx_word' id='word_1_10' title='bbox 728 352 822 382; x_wconf 89' lang='lat' dir='ltr'>miror</span> <span class='ocrx_word' id='word_1_11' title='bbox 836 357 937 381; x_wconf 84' lang='lat' dir='ltr'>tamen</span> <span class='ocrx_word' id='word_1_12' title='bbox 951 351 1061 381; x_wconf 87' lang='lat' dir='ltr'>nihilo-</span> 
     </span>
     <span class='ocr_line' id='line_1_4' title="bbox 349 393 1060 434; baseline -0.003 -9"><span class='ocrx_word' id='word_1_13' title='bbox 349 394 450 425; x_wconf 87' lang='lat' dir='ltr'>minus</span> <span class='ocrx_word' id='word_1_14' title='bbox 462 393 653 425; x_wconf 80' lang='lat' dir='ltr'><strong>insolentiam</strong></span> <span class='ocrx_word' id='word_1_15' title='bbox 666 395 822 431; x_wconf 86' lang='lat' dir='ltr'>dictionis,</span> <span class='ocrx_word' id='word_1_16' title='bbox 833 405 899 434; x_wconf 84' lang='lat' dir='ltr'>quae</span> <span class='ocrx_word' id='word_1_17' title='bbox 917 395 969 424; x_wconf 84' lang='lat' dir='ltr'>vix</span> <span class='ocrx_word' id='word_1_18' title='bbox 986 394 1060 423; x_wconf 88' lang='lat' dir='ltr'>alias</span> 
     </span>
     <span class='ocr_line' id='line_1_5' title="bbox 350 438 1060 479; baseline -0.004 -10"><span class='ocrx_word' id='word_1_19' title='bbox 350 438 460 473; x_wconf 84' lang='lat' dir='ltr'><strong>soleat,</strong></span> <span class='ocrx_word' id='word_1_20' title='bbox 483 438 542 468; x_wconf 88' lang='lat' dir='ltr'>nisi</span> <span class='ocrx_word' id='word_1_21' title='bbox 560 439 598 468; x_wconf 86' lang='lat' dir='ltr'>de</span> <span class='ocrx_word' id='word_1_22' title='bbox 613 438 798 479; x_wconf 81' lang='lat' dir='ltr'>peregrinis,</span> <span class='ocrx_word' id='word_1_23' title='bbox 813 438 964 477; x_wconf 88' lang='lat' dir='ltr'>usurpari.</span> <span class='ocrx_word' id='word_1_24' title='bbox 983 448 1012 467; x_wconf 89' lang='lat' dir='ltr'>v.</span> <span class='ocrx_word' id='word_1_25' title='bbox 1029 447 1060 476; x_wconf 90' lang='lat' dir='ltr'>p.</span> 
     </span>
     <span class='ocr_line' id='line_1_6' title="bbox 352 482 473 512; baseline -0.008 0"><span class='ocrx_word' id='word_1_26' title='bbox 352 483 425 512; x_wconf 70' lang='lat'>924.</span> <span class='ocrx_word' id='word_1_27' title='bbox 442 482 473 512; x_wconf 87' lang='lat'>5.</span> 
     </span>
    </p>

    <p class='ocr_par' dir='ltr' id='par_1_3' title="bbox 351 521 1061 606">
     <span class='ocr_line' id='line_1_7' title="bbox 393 521 1061 564; baseline -0.004 -9"><span class='ocrx_word' id='word_1_28' title='bbox 393 541 437 547; x_wconf 86' lang='lat'>——-</span> <span class='ocrx_word' id='word_1_29' title='bbox 453 527 483 555; x_wconf 88' lang='lat'>9.</span> <span class='ocrx_word' id='word_1_30' title='bbox 510 522 564 555; x_wconf 74' lang='grc' dir='ltr'>ὑπὸ</span> <span class='ocrx_word' id='word_1_31' title='bbox 577 525 629 560; x_wconf 68' lang='grc' dir='ltr'>τῆς</span> <span class='ocrx_word' id='word_1_32' title='bbox 641 523 719 564; x_wconf 75' lang='grc' dir='ltr'>νεὼς]</span> <span class='ocrx_word' id='word_1_33' title='bbox 745 523 798 555; x_wconf 79' lang='grc' dir='ltr'>ὑπὸ</span> <span class='ocrx_word' id='word_1_34' title='bbox 821 534 935 558; x_wconf 75' lang='lat' dir='ltr'>serveS,</span> <span class='ocrx_word' id='word_1_35' title='bbox 957 534 992 553; x_wconf 89' lang='lat' dir='ltr'>an</span> <span class='ocrx_word' id='word_1_36' title='bbox 1013 521 1061 553; x_wconf 73' lang='grc' dir='ltr'>ἐπὶ</span> 
     </span>
     <span class='ocr_line' id='line_1_8' title="bbox 351 567 1003 606; baseline -0.003 -8"><span class='ocrx_word' id='word_1_37' title='bbox 351 567 495 603; x_wconf 84' lang='lat' dir='ltr'>sufficias,</span> <span class='ocrx_word' id='word_1_38' title='bbox 509 568 635 598; x_wconf 89' lang='lat' dir='ltr'>multum</span> <span class='ocrx_word' id='word_1_39' title='bbox 651 569 800 598; x_wconf 84' lang='lat' dir='ltr'>interesse</span> <span class='ocrx_word' id='word_1_40' title='bbox 817 567 869 597; x_wconf 85' lang='lat' dir='ltr'>vix</span> <span class='ocrx_word' id='word_1_41' title='bbox 885 571 1003 606; x_wconf 89' lang='lat' dir='ltr'>putem.</span> 
     </span>
    </p>

    <p class='ocr_par' dir='ltr' id='par_1_4' title="bbox 349 609 1063 814">
     <span class='ocr_line' id='line_1_9' title="bbox 394 609 1062 651; baseline -0.001 -10"><span class='ocrx_word' id='word_1_42' title='bbox 394 627 438 634; x_wconf 82' lang='lat'>—-</span> <span class='ocrx_word' id='word_1_43' title='bbox 453 613 502 642; x_wconf 80' lang='lat'>13.</span> <span class='ocrx_word' id='word_1_44' title='bbox 526 613 580 641; x_wconf 77' lang='grc' dir='ltr'>τῶν</span> <span class='ocrx_word' id='word_1_45' title='bbox 600 609 728 651; x_wconf 75' lang='grc' dir='ltr'>ἐμπόρων</span> <span class='ocrx_word' id='word_1_46' title='bbox 751 613 806 640; x_wconf 76' lang='grc' dir='ltr'>τῶν</span> <span class='ocrx_word' id='word_1_47' title='bbox 827 609 1062 649; x_wconf 74' lang='grc' dir='ltr'>ἐπιδημησάντων</span> 
     </span>
     <span class='ocr_line' id='line_1_10' title="bbox 351 651 1062 695; baseline -0.003 -11"><span class='ocrx_word' id='word_1_48' title='bbox 351 653 421 694; x_wconf 71' lang='grc' dir='ltr'>ἅμα</span> <span class='ocrx_word' id='word_1_49' title='bbox 450 653 596 694; x_wconf 75' lang='grc' dir='ltr'>Φορμίωνι]</span> <span class='ocrx_word' id='word_1_50' title='bbox 635 654 757 683; x_wconf 79' lang='lat' dir='ltr'>correxi</span> <span class='ocrx_word' id='word_1_51' title='bbox 787 655 843 683; x_wconf 75' lang='grc' dir='ltr'>τῶν</span> <span class='ocrx_word' id='word_1_52' title='bbox 870 651 896 682; x_wconf 75' lang='grc' dir='ltr'>ἐν</span> <span class='ocrx_word' id='word_1_53' title='bbox 925 652 1062 695; x_wconf 63' lang='grc' dir='ltr'>Βοσπόρῳ</span> 
     </span>
     <span class='ocr_line' id='line_1_11' title="bbox 351 695 1063 737; baseline 0.001 -10"><span class='ocrx_word' id='word_1_54' title='bbox 351 696 469 737; x_wconf 79' lang='grc' dir='ltr'>ἔπιδημ.</span> <span class='ocrx_word' id='word_1_55' title='bbox 485 715 527 720; x_wconf 91' lang='grc'>--</span> <span class='ocrx_word' id='word_1_56' title='bbox 538 698 658 727; x_wconf 70' lang='lat' dir='ltr'>maxime</span> <span class='ocrx_word' id='word_1_57' title='bbox 673 696 732 732; x_wconf 73' lang='lat' dir='ltr'>illi,</span> <span class='ocrx_word' id='word_1_58' title='bbox 747 698 797 735; x_wconf 76' lang='lat' dir='ltr'>qui</span> <span class='ocrx_word' id='word_1_59' title='bbox 813 701 874 726; x_wconf 79' lang='lat' dir='ltr'>tum</span> <span class='ocrx_word' id='word_1_60' title='bbox 889 697 921 726; x_wconf 85' lang='lat' dir='ltr'>in</span> <span class='ocrx_word' id='word_1_61' title='bbox 938 695 1063 735; x_wconf 78' lang='lat' dir='ltr'>Bosporo</span> 
     </span>
     <span class='ocr_line' id='line_1_12' title="bbox 351 740 1062 780; baseline 0 -10"><span class='ocrx_word' id='word_1_62' title='bbox 351 742 457 771; x_wconf 80' lang='lat' dir='ltr'>versati</span> <span class='ocrx_word' id='word_1_63' title='bbox 480 745 580 776; x_wconf 77' lang='lat' dir='ltr'><strong><em>essent,</em></strong></span> <span class='ocrx_word' id='word_1_64' title='bbox 602 750 692 780; x_wconf 79' lang='lat' dir='ltr'>quum</span> <span class='ocrx_word' id='word_1_65' title='bbox 716 740 853 770; x_wconf 80' lang='lat' dir='ltr'><em>Phormio</em></span> <span class='ocrx_word' id='word_1_66' title='bbox 873 740 977 769; x_wconf 86' lang='lat' dir='ltr'><em>ibidem</em></span> <span class='ocrx_word' id='word_1_67' title='bbox 999 749 1062 770; x_wconf 84' lang='lat' dir='ltr'>ver-</span> 
     </span>
     <span class='ocr_line' id='line_1_13' title="bbox 349 789 478 814; baseline 0 0"><span class='ocrx_word' id='word_1_68' title='bbox 349 789 478 814; x_wconf 82' lang='lat' dir='ltr'>saretur.</span> 
     </span>
    </p>

    <p class='ocr_par' dir='ltr' id='par_1_5' title="bbox 351 823 1063 1039">
     <span class='ocr_line' id='line_1_14' title="bbox 394 823 1062 867; baseline -0.003 -11"><span class='ocrx_word' id='word_1_69' title='bbox 394 844 439 850; x_wconf 92' lang='lat'>—</span> <span class='ocrx_word' id='word_1_70' title='bbox 451 827 503 857; x_wconf 89' lang='grc'>15.</span> <span class='ocrx_word' id='word_1_71' title='bbox 517 827 557 856; x_wconf 52' lang='lat' dir='ltr'>tr&amp;</span> <span class='ocrx_word' id='word_1_72' title='bbox 570 824 716 867; x_wconf 71' lang='grc' dir='ltr'>χρήματα</span> <span class='ocrx_word' id='word_1_73' title='bbox 731 823 757 854; x_wconf 85' lang='grc' dir='ltr'>ἐν</span> <span class='ocrx_word' id='word_1_74' title='bbox 771 824 809 866; x_wconf 67' lang='grc' dir='ltr'>τῇ</span> <span class='ocrx_word' id='word_1_75' title='bbox 822 823 876 864; x_wconf 67' lang='grc' dir='ltr'>νηῒ]</span> <span class='ocrx_word' id='word_1_76' title='bbox 892 828 945 854; x_wconf 92' lang='lat' dir='ltr'>aut</span> <span class='ocrx_word' id='word_1_77' title='bbox 959 825 1062 855; x_wconf 86' lang='lat' dir='ltr'>delen-</span> 
     </span>
     <span class='ocr_line' id='line_1_15' title="bbox 353 867 1063 908; baseline -0.001 -8"><span class='ocrx_word' id='word_1_78' title='bbox 353 870 393 900; x_wconf 86' lang='lat' dir='ltr'>da</span> <span class='ocrx_word' id='word_1_79' title='bbox 408 874 456 900; x_wconf 88' lang='lat' dir='ltr'>est</span> <span class='ocrx_word' id='word_1_80' title='bbox 478 868 657 908; x_wconf 73' lang='lat' dir='ltr'>praepositio</span> <span class='ocrx_word' id='word_1_81' title='bbox 674 867 709 904; x_wconf 82' lang='grc' dir='ltr'>ἐν,</span> <span class='ocrx_word' id='word_1_82' title='bbox 727 868 757 898; x_wconf 90' lang='lat' dir='ltr'>id</span> <span class='ocrx_word' id='word_1_83' title='bbox 774 868 855 907; x_wconf 86' lang='lat' dir='ltr'>quod</span> <span class='ocrx_word' id='word_1_84' title='bbox 880 867 993 903; x_wconf 85' lang='lat' dir='ltr'>malim,</span> <span class='ocrx_word' id='word_1_85' title='bbox 1011 874 1063 899; x_wconf 82' lang='lat' dir='ltr'>aut</span> 
     </span>
     <span class='ocr_line' id='line_1_16' title="bbox 351 911 1063 952; baseline -0.003 -9"><span class='ocrx_word' id='word_1_86' title='bbox 351 913 509 944; x_wconf 87' lang='lat' dir='ltr'>iterandus</span> <span class='ocrx_word' id='word_1_87' title='bbox 523 917 569 942; x_wconf 86' lang='lat' dir='ltr'>est</span> <span class='ocrx_word' id='word_1_88' title='bbox 585 911 744 946; x_wconf 78' lang='lat' dir='ltr'>articulus,</span> <span class='ocrx_word' id='word_1_89' title='bbox 760 917 793 941; x_wconf 87' lang='lat' dir='ltr'>ut</span> <span class='ocrx_word' id='word_1_90' title='bbox 809 912 849 941; x_wconf 89' lang='lat' dir='ltr'>sit</span> <span class='ocrx_word' id='word_1_91' title='bbox 863 913 902 941; x_wconf 78' lang='grc' dir='ltr'>τὰ</span> <span class='ocrx_word' id='word_1_92' title='bbox 918 911 1063 952; x_wconf 69' lang='grc' dir='ltr'>χρήματα</span> 
     </span>
     <span class='ocr_line' id='line_1_17' title="bbox 351 955 1063 995; baseline 0 -9"><span class='ocrx_word' id='word_1_93' title='bbox 351 958 393 986; x_wconf 78' lang='grc' dir='ltr'>τά</span> <span class='ocrx_word' id='word_1_94' title='bbox 421 955 448 987; x_wconf 82' lang='grc' dir='ltr'>ἐν</span> <span class='ocrx_word' id='word_1_95' title='bbox 469 968 504 985; x_wconf 84' lang='grc' dir='ltr'>τη</span> <span class='ocrx_word' id='word_1_96' title='bbox 527 955 579 991; x_wconf 75' lang='grc' dir='ltr'>νηῒ,</span> <span class='ocrx_word' id='word_1_97' title='bbox 603 960 655 985; x_wconf 86' lang='lat' dir='ltr'>aut</span> <span class='ocrx_word' id='word_1_98' title='bbox 683 956 814 995; x_wconf 89' lang='lat' dir='ltr'>denique</span> <span class='ocrx_word' id='word_1_99' title='bbox 837 956 1063 994; x_wconf 81' lang='lat' dir='ltr'>transponenda</span> 
     </span>
     <span class='ocr_line' id='line_1_18' title="bbox 352 988 968 1039; baseline -0.007 -9"><span class='ocrx_word' id='word_1_100' title='bbox 352 1005 422 1030; x_wconf 88' lang='lat' dir='ltr'>sunt</span> <span class='ocrx_word' id='word_1_101' title='bbox 438 988 598 1033; x_wconf 82' lang='lat' dir='ltr'>voc&#39;abula,</span> <span class='ocrx_word' id='word_1_102' title='bbox 612 999 652 1028; x_wconf 70' lang='grc' dir='ltr'>τὰ</span> <span class='ocrx_word' id='word_1_103' title='bbox 668 997 693 1028; x_wconf 77' lang='grc' dir='ltr'>ἐν</span> <span class='ocrx_word' id='word_1_104' title='bbox 708 998 747 1029; x_wconf 72' lang='grc' dir='ltr'>τῆ</span> <span class='ocrx_word' id='word_1_105' title='bbox 759 998 800 1029; x_wconf 77' lang='grc' dir='ltr'>νηῒ</span> <span class='ocrx_word' id='word_1_106' title='bbox 812 1009 968 1039; x_wconf 80' lang='grc' dir='ltr'><strong>χρηματα..</strong></span> 
     </span>
    </p>

    <p class='ocr_par' dir='ltr' id='par_1_6' title="bbox 350 1038 1063 1257">
     <span class='ocr_line' id='line_1_19' title="bbox 395 1038 1063 1083; baseline -0.004 -9"><span class='ocrx_word' id='word_1_107' title='bbox 395 1044 510 1074; x_wconf 82' lang='grc'><strong>908.1.</strong></span> <span class='ocrx_word' id='word_1_108' title='bbox 524 1040 612 1082; x_wconf 77' lang='grc' dir='ltr'>οἱμὲν</span> <span class='ocrx_word' id='word_1_109' title='bbox 627 1038 669 1073; x_wconf 79' lang='grc' dir='ltr'>οίιν</span> <span class='ocrx_word' id='word_1_110' title='bbox 682 1042 774 1083; x_wconf 81' lang='grc' dir='ltr'>ν6μοι]</span> <span class='ocrx_word' id='word_1_111' title='bbox 793 1041 914 1072; x_wconf 83' lang='lat' dir='ltr'>correxi</span> <span class='ocrx_word' id='word_1_112' title='bbox 926 1042 948 1072; x_wconf 79' lang='grc' dir='ltr'>οἱ</span> <span class='ocrx_word' id='word_1_113' title='bbox 963 1039 1063 1082; x_wconf 81' lang='grc' dir='ltr'>μέντοι</span> 
     </span>
     <span class='ocr_line' id='line_1_20' title="bbox 350 1085 1063 1126; baseline -0.001 -10"><span class='ocrx_word' id='word_1_114' title='bbox 350 1085 438 1125; x_wconf 79' lang='grc' dir='ltr'>νόμοι.</span> <span class='ocrx_word' id='word_1_115' title='bbox 455 1086 528 1126; x_wconf 83' lang='lat' dir='ltr'>leges</span> <span class='ocrx_word' id='word_1_116' title='bbox 540 1091 651 1116; x_wconf 83' lang='lat' dir='ltr'>autem.</span> <span class='ocrx_word' id='word_1_117' title='bbox 693 1086 804 1116; x_wconf 87' lang='lat' dir='ltr'>Potest</span> <span class='ocrx_word' id='word_1_118' title='bbox 822 1090 921 1115; x_wconf 85' lang='lat' dir='ltr'>tamen</span> <span class='ocrx_word' id='word_1_119' title='bbox 940 1085 1063 1125; x_wconf 85' lang='lat' dir='ltr'>vulgata</span> 
     </span>
     <span class='ocr_line' id='line_1_21' title="bbox 351 1127 1063 1168; baseline -0.003 -9"><span class='ocrx_word' id='word_1_120' title='bbox 351 1130 430 1159; x_wconf 88' lang='lat' dir='ltr'>bene</span> <span class='ocrx_word' id='word_1_121' title='bbox 451 1129 588 1166; x_wconf 85' lang='lat' dir='ltr'>defendi,</span> <span class='ocrx_word' id='word_1_122' title='bbox 612 1129 637 1158; x_wconf 87' lang='lat' dir='ltr'>si</span> <span class='ocrx_word' id='word_1_123' title='bbox 659 1129 744 1159; x_wconf 91' lang='lat' dir='ltr'>dicas</span> <span class='ocrx_word' id='word_1_124' title='bbox 764 1128 835 1158; x_wconf 87' lang='lat' dir='ltr'>huic</span> <span class='ocrx_word' id='word_1_125' title='bbox 858 1127 914 1167; x_wconf 80' lang='grc' dir='ltr'>μὲν</span> <span class='ocrx_word' id='word_1_126' title='bbox 934 1138 1063 1168; x_wconf 83' lang='lat' dir='ltr'>respon-</span> 
     </span>
     <span class='ocr_line' id='line_1_22' title="bbox 351 1171 1061 1213; baseline -0.001 -11"><span class='ocrx_word' id='word_1_127' title='bbox 351 1173 426 1203; x_wconf 88' lang='lat' dir='ltr'>dere</span> <span class='ocrx_word' id='word_1_128' title='bbox 442 1171 471 1202; x_wconf 80' lang='grc' dir='ltr'>οὗ</span> <span class='ocrx_word' id='word_1_129' title='bbox 485 1174 542 1212; x_wconf 67' lang='grc' dir='ltr'>μὴν</span> <span class='ocrx_word' id='word_1_130' title='bbox 559 1173 641 1203; x_wconf 71' lang='grc' dir='ltr'>ἀλλὰ</span> <span class='ocrx_word' id='word_1_131' title='bbox 656 1183 686 1204; x_wconf 89' lang='lat' dir='ltr'>v.</span> <span class='ocrx_word' id='word_1_132' title='bbox 703 1175 734 1204; x_wconf 85' lang='lat'>8.</span> <span class='ocrx_word' id='word_1_133' title='bbox 758 1172 839 1213; x_wconf 90' lang='lat' dir='ltr'>quod</span> <span class='ocrx_word' id='word_1_134' title='bbox 855 1172 941 1203; x_wconf 87' lang='lat' dir='ltr'>vices</span> <span class='ocrx_word' id='word_1_135' title='bbox 956 1182 1061 1212; x_wconf 83' lang='lat' dir='ltr'>gerere</span> 
     </span>
     <span class='ocr_line' id='line_1_23' title="bbox 350 1215 572 1257; baseline 0 -10"><span class='ocrx_word' id='word_1_136' title='bbox 350 1221 454 1257; x_wconf 81' lang='lat' dir='ltr'>potest</span> <span class='ocrx_word' id='word_1_137' title='bbox 468 1217 517 1246; x_wconf 79' lang='grc' dir='ltr'>τοῦ</span> <span class='ocrx_word' id='word_1_138' title='bbox 534 1215 572 1247; x_wconf 77' lang='grc' dir='ltr'><strong>δέ.</strong></span> 
     </span>
    </p>

    <p class='ocr_par' dir='ltr' id='par_1_7' title="bbox 349 1257 1064 1473">
     <span class='ocr_line' id='line_1_24' title="bbox 394 1257 1062 1300; baseline -0.001 -11"><span class='ocrx_word' id='word_1_139' title='bbox 394 1277 438 1283; x_wconf 90' lang='lat'>—-</span> <span class='ocrx_word' id='word_1_140' title='bbox 452 1261 482 1289; x_wconf 81' lang='lat'>4.</span> <span class='ocrx_word' id='word_1_141' title='bbox 499 1257 772 1300; x_wconf 60' lang='grc' dir='ltr'>παραγράψασθαι]</span> <span class='ocrx_word' id='word_1_142' title='bbox 792 1258 864 1289; x_wconf 84' lang='lat' dir='ltr'>dedi</span> <span class='ocrx_word' id='word_1_143' title='bbox 879 1259 1062 1298; x_wconf 74' lang='grc' dir='ltr'>παραγράφε-</span> 
     </span>
     <span class='ocr_line' id='line_1_25' title="bbox 349 1301 1062 1340; baseline -0.001 -8"><span class='ocrx_word' id='word_1_144' title='bbox 349 1301 428 1334; x_wconf 80' lang='grc' dir='ltr'><strong>σθαι.</strong></span> <span class='ocrx_word' id='word_1_145' title='bbox 443 1304 474 1333; x_wconf 81' lang='lat' dir='ltr'>in</span> <span class='ocrx_word' id='word_1_146' title='bbox 488 1304 583 1333; x_wconf 76' lang='lat' dir='ltr'>causis</span> <span class='ocrx_word' id='word_1_147' title='bbox 598 1303 675 1332; x_wconf 82' lang='lat' dir='ltr'>mztis</span> <span class='ocrx_word' id='word_1_148' title='bbox 696 1312 783 1340; x_wconf 73' lang='lat' dir='ltr'>super</span> <span class='ocrx_word' id='word_1_149' title='bbox 805 1303 1001 1332; x_wconf 74' lang='lat' dir='ltr'>contractibus</span> <span class='ocrx_word' id='word_1_150' title='bbox 1017 1303 1062 1338; x_wconf 74' lang='lat' dir='ltr'>iis,</span> 
     </span>
     <span class='ocr_line' id='line_1_26' title="bbox 353 1346 1063 1386; baseline -0.003 -10"><span class='ocrx_word' id='word_1_151' title='bbox 353 1348 404 1386; x_wconf 79' lang='lat' dir='ltr'>qui</span> <span class='ocrx_word' id='word_1_152' title='bbox 418 1356 509 1386; x_wconf 77' lang='lat' dir='ltr'>neque</span> <span class='ocrx_word' id='word_1_153' title='bbox 524 1346 644 1376; x_wconf 78' lang='lat' dir='ltr'>Athenis</span> <span class='ocrx_word' id='word_1_154' title='bbox 659 1347 716 1376; x_wconf 81' lang='lat' dir='ltr'>sint</span> <span class='ocrx_word' id='word_1_155' title='bbox 730 1346 811 1381; x_wconf 70' lang='lat' dir='ltr'>initi,</span> <span class='ocrx_word' id='word_1_156' title='bbox 825 1355 915 1385; x_wconf 78' lang='lat' dir='ltr'>neque</span> <span class='ocrx_word' id='word_1_157' title='bbox 929 1350 1063 1380; x_wconf 80' lang='lat' dir='ltr'>caveant,</span> 
     </span>
     <span class='ocr_line' id='line_1_27' title="bbox 351 1389 1064 1424; baseline -0.001 -5"><span class='ocrx_word' id='word_1_158' title='bbox 351 1394 387 1419; x_wconf 80' lang='lat' dir='ltr'>ut</span> <span class='ocrx_word' id='word_1_159' title='bbox 402 1399 506 1420; x_wconf 81' lang='lat' dir='ltr'><em>merces</em></span> <span class='ocrx_word' id='word_1_160' title='bbox 521 1389 649 1419; x_wconf 82' lang='lat' dir='ltr'>Athenas</span> <span class='ocrx_word' id='word_1_161' title='bbox 668 1394 886 1424; x_wconf 74' lang='lat' dir='ltr'>connectentur,</span> <span class='ocrx_word' id='word_1_162' title='bbox 902 1389 1064 1419; x_wconf 74' lang='lat' dir='ltr'>concedunt</span> 
     </span>
     <span class='ocr_line' id='line_1_28' title="bbox 353 1432 745 1473; baseline -0.003 -11"><span class='ocrx_word' id='word_1_163' title='bbox 353 1433 427 1473; x_wconf 80' lang='lat' dir='ltr'>leges</span> <span class='ocrx_word' id='word_1_164' title='bbox 441 1432 675 1473; x_wconf 70' lang='lat' dir='ltr'>exceptionejbrz</span> <span class='ocrx_word' id='word_1_165' title='bbox 689 1432 745 1461; x_wconf 81' lang='lat' dir='ltr'>uti.</span> 
     </span>
    </p>

    <p class='ocr_par' dir='ltr' id='par_1_8' title="bbox 351 1472 1065 1636">
     <span class='ocr_line' id='line_1_29' title="bbox 395 1472 1065 1517; baseline -0.001 -12"><span class='ocrx_word' id='word_1_166' title='bbox 395 1494 438 1498; x_wconf 92' lang='lat'><em>-</em></span> <span class='ocrx_word' id='word_1_167' title='bbox 452 1477 504 1505; x_wconf 88' lang='lat'>14.</span> <span class='ocrx_word' id='word_1_168' title='bbox 526 1476 610 1517; x_wconf 79' lang='grc' dir='ltr'>φησί]</span> <span class='ocrx_word' id='word_1_169' title='bbox 627 1475 749 1505; x_wconf 80' lang='lat' dir='ltr'>conexi</span> <span class='ocrx_word' id='word_1_170' title='bbox 763 1472 847 1514; x_wconf 70' lang='lat' dir='ltr'>&lt;pao-i.</span> <span class='ocrx_word' id='word_1_171' title='bbox 865 1474 1065 1512; x_wconf 87' lang='lat' dir='ltr'>comprehen-</span> 
     </span>
     <span class='ocr_line' id='line_1_30' title="bbox 351 1517 1064 1558; baseline 0 -10"><span class='ocrx_word' id='word_1_172' title='bbox 351 1519 466 1549; x_wconf 89' lang='lat' dir='ltr'>duntur</span> <span class='ocrx_word' id='word_1_173' title='bbox 486 1529 612 1548; x_wconf 88' lang='lat' dir='ltr'>numero</span> <span class='ocrx_word' id='word_1_174' title='bbox 633 1518 756 1558; x_wconf 86' lang='lat' dir='ltr'>plurali,</span> <span class='ocrx_word' id='word_1_175' title='bbox 778 1528 846 1547; x_wconf 89' lang='lat' dir='ltr'>cum</span> <span class='ocrx_word' id='word_1_176' title='bbox 867 1517 1064 1553; x_wconf 84' lang='lat' dir='ltr'>Phormione,</span> 
     </span>
     <span class='ocr_line' id='line_1_31' title="bbox 352 1561 1065 1601; baseline -0.001 -9"><span class='ocrx_word' id='word_1_177' title='bbox 352 1572 418 1598; x_wconf 83' lang='lat' dir='ltr'>rec,</span> <span class='ocrx_word' id='word_1_178' title='bbox 441 1563 507 1601; x_wconf 85' lang='lat' dir='ltr'>ejus</span> <span class='ocrx_word' id='word_1_179' title='bbox 530 1561 672 1593; x_wconf 87' lang='lat' dir='ltr'>advocati</span> <span class='ocrx_word' id='word_1_180' title='bbox 700 1567 731 1592; x_wconf 85' lang='lat' dir='ltr'>et</span> <span class='ocrx_word' id='word_1_181' title='bbox 754 1565 859 1598; x_wconf 80' lang='lat' dir='ltr'>testes,</span> <span class='ocrx_word' id='word_1_182' title='bbox 882 1561 1065 1600; x_wconf 83' lang='lat' dir='ltr'>quibuscum</span> 
     </span>
     <span class='ocr_line' id='line_1_32' title="bbox 351 1605 708 1636; baseline -0.003 0"><span class='ocrx_word' id='word_1_183' title='bbox 351 1616 445 1636; x_wconf 87' lang='lat' dir='ltr'>causa</span> <span class='ocrx_word' id='word_1_184' title='bbox 457 1605 708 1635; x_wconf 87' lang='lat' dir='ltr'>communicatur.</span> 
     </span>
    </p>

    <p class='ocr_par' dir='ltr' id='par_1_9' title="bbox 395 1646 1051 1689">
     <span class='ocr_line' id='line_1_33' title="bbox 395 1646 1051 1689; baseline -0.003 -11"><span class='ocrx_word' id='word_1_185' title='bbox 395 1666 438 1671; x_wconf 92' lang='lat'>--</span> <span class='ocrx_word' id='word_1_186' title='bbox 455 1652 505 1680; x_wconf 83' lang='grc'>17.</span> <span class='ocrx_word' id='word_1_187' title='bbox 521 1647 591 1678; x_wconf 79' lang='grc' dir='ltr'>ἀλλ’</span> <span class='ocrx_word' id='word_1_188' title='bbox 604 1649 654 1689; x_wconf 85' lang='grc' dir='ltr'>ὡς]</span> <span class='ocrx_word' id='word_1_189' title='bbox 671 1648 773 1678; x_wconf 88' lang='lat' dir='ltr'>malim</span> <span class='ocrx_word' id='word_1_190' title='bbox 788 1648 867 1677; x_wconf 66' lang='grc' dir='ltr'>ἀλλὰ</span> <span class='ocrx_word' id='word_1_191' title='bbox 881 1646 940 1683; x_wconf 77' lang='grc' dir='ltr'>καὶ,</span> <span class='ocrx_word' id='word_1_192' title='bbox 951 1647 987 1681; x_wconf 77' lang='grc' dir='ltr'>ὡς</span> <span class='ocrx_word' id='word_1_193' title='bbox 998 1665 1051 1677; x_wconf 88' lang='lat'>—.</span> 
     </span>
    </p>

    <p class='ocr_par' dir='ltr' id='par_1_10' title="bbox 352 1690 1072 3072">
     <span class='ocr_line' id='line_1_34' title="bbox 396 1690 1065 1732; baseline -0.004 -10"><span class='ocrx_word' id='word_1_194' title='bbox 396 1709 440 1715; x_wconf 91' lang='lat'>-—</span> <span class='ocrx_word' id='word_1_195' title='bbox 454 1694 506 1722; x_wconf 70' lang='lat'>21.</span> <span class='ocrx_word' id='word_1_196' title='bbox 523 1690 570 1722; x_wconf 75' lang='grc' dir='ltr'>ἐπὶ</span> <span class='ocrx_word' id='word_1_197' title='bbox 585 1690 667 1731; x_wconf 70' lang='grc' dir='ltr'>ἑτέρᾳ</span> <span class='ocrx_word' id='word_1_198' title='bbox 681 1690 711 1729; x_wconf 77' lang='grc' dir='ltr'>γ’</span> <span class='ocrx_word' id='word_1_199' title='bbox 726 1690 869 1732; x_wconf 70' lang='grc' dir='ltr'>ὑποθήκῃ]</span> <span class='ocrx_word' id='word_1_200' title='bbox 883 1690 1065 1729; x_wconf 69' lang='lat' dir='ltr'>particulam</span> 
     </span>
     <span class='ocr_line' id='line_1_35' title="bbox 353 1732 1064 1774; baseline -0.004 -9"><span class='ocrx_word' id='word_1_201' title='bbox 353 1746 386 1774; x_wconf 74' lang='grc' dir='ltr'>γε</span> <span class='ocrx_word' id='word_1_202' title='bbox 401 1735 519 1765; x_wconf 83' lang='lat' dir='ltr'>addidi.</span> <span class='ocrx_word' id='word_1_203' title='bbox 536 1745 644 1774; x_wconf 83' lang='lat' dir='ltr'>magna</span> <span class='ocrx_word' id='word_1_204' title='bbox 655 1736 734 1764; x_wconf 87' lang='lat' dir='ltr'>inest</span> <span class='ocrx_word' id='word_1_205' title='bbox 750 1734 912 1764; x_wconf 85' lang='lat' dir='ltr'>difficultas</span> <span class='ocrx_word' id='word_1_206' title='bbox 930 1744 958 1764; x_wconf 91' lang='lat' dir='ltr'>v.</span> <span class='ocrx_word' id='word_1_207' title='bbox 970 1732 1064 1774; x_wconf 61' lang='grc' dir='ltr'>ἑτέρᾳ,</span> 
     </span>
     <span class='ocr_line' id='line_1_36' title="bbox 353 1777 1063 1818; baseline -0.001 -10"><span class='ocrx_word' id='word_1_208' title='bbox 353 1789 444 1818; x_wconf 91' lang='lat' dir='ltr'>quam</span> <span class='ocrx_word' id='word_1_209' title='bbox 468 1778 583 1808; x_wconf 90' lang='lat' dir='ltr'>dudum</span> <span class='ocrx_word' id='word_1_210' title='bbox 610 1777 705 1808; x_wconf 88' lang='lat' dir='ltr'>sensit</span> <span class='ocrx_word' id='word_1_211' title='bbox 720 1777 864 1807; x_wconf 83' lang='lat' dir='ltr'>Valesius</span> <span class='ocrx_word' id='word_1_212' title='bbox 888 1777 1017 1806; x_wconf 87' lang='lat' dir='ltr'>Emend.</span> <span class='ocrx_word' id='word_1_213' title='bbox 1035 1789 1063 1816; x_wconf 90' lang='lat' dir='ltr'>p.</span> 
     </span>
     <span class='ocr_line' id='line_1_37' title="bbox 355 1819 1064 1861; baseline -0.004 -8"><span class='ocrx_word' id='word_1_214' title='bbox 355 1826 388 1858; x_wconf 77' lang='lat'>4,</span> <span class='ocrx_word' id='word_1_215' title='bbox 404 1823 436 1853; x_wconf 83' lang='lat'>3.</span> <span class='ocrx_word' id='word_1_216' title='bbox 465 1822 526 1851; x_wconf 88' lang='lat' dir='ltr'>Sed</span> <span class='ocrx_word' id='word_1_217' title='bbox 543 1821 615 1851; x_wconf 87' lang='lat' dir='ltr'>satis</span> <span class='ocrx_word' id='word_1_218' title='bbox 630 1821 794 1861; x_wconf 85' lang='lat' dir='ltr'>perspicue</span> <span class='ocrx_word' id='word_1_219' title='bbox 810 1831 869 1850; x_wconf 90' lang='lat' dir='ltr'>nou</span> <span class='ocrx_word' id='word_1_220' title='bbox 886 1819 1064 1860; x_wconf 84' lang='lat' dir='ltr'>explicavit.</span> 
     </span>
     <span class='ocr_line' id='line_1_38' title="bbox 353 1862 1063 1905; baseline -0.004 -10"><span class='ocrx_word' id='word_1_221' title='bbox 353 1865 503 1905; x_wconf 86' lang='lat' dir='ltr'>Suspicor</span> <span class='ocrx_word' id='word_1_222' title='bbox 518 1869 617 1895; x_wconf 88' lang='lat' dir='ltr'>tamen</span> <span class='ocrx_word' id='word_1_223' title='bbox 634 1866 710 1894; x_wconf 89' lang='lat' dir='ltr'>hanc</span> <span class='ocrx_word' id='word_1_224' title='bbox 732 1874 800 1894; x_wconf 85' lang='lat' dir='ltr'>esse</span> <span class='ocrx_word' id='word_1_225' title='bbox 821 1863 963 1893; x_wconf 86' lang='lat' dir='ltr'>vocabuli</span> <span class='ocrx_word' id='word_1_226' title='bbox 981 1862 1063 1893; x_wconf 91' lang='lat' dir='ltr'>vim:</span> 
     </span>
     <span class='ocr_line' id='line_1_39' title="bbox 353 1907 1065 1948; baseline -0.006 -9"><span class='ocrx_word' id='word_1_227' title='bbox 353 1908 559 1948; x_wconf 83' lang='lat' dir='ltr'>Chrysippum</span> <span class='ocrx_word' id='word_1_228' title='bbox 586 1908 761 1938; x_wconf 83' lang='lat' dir='ltr'>Phormioni</span> <span class='ocrx_word' id='word_1_229' title='bbox 785 1907 949 1937; x_wconf 84' lang='lat' dir='ltr'>foenebrem</span> <span class='ocrx_word' id='word_1_230' title='bbox 972 1917 1065 1946; x_wconf 86' lang='lat' dir='ltr'>pecu·</span> 
     </span>
     <span class='ocr_line' id='line_1_40' title="bbox 352 1948 1064 1991; baseline -0.004 -9"><span class='ocrx_word' id='word_1_231' title='bbox 352 1952 433 1982; x_wconf 85' lang='lat' dir='ltr'>niam</span> <span class='ocrx_word' id='word_1_232' title='bbox 458 1952 594 1982; x_wconf 85' lang='lat' dir='ltr'>elocasse</span> <span class='ocrx_word' id='word_1_233' title='bbox 611 1950 658 1982; x_wconf 78' lang='grc' dir='ltr'>ἐπὶ</span> <span class='ocrx_word' id='word_1_234' title='bbox 678 1950 759 1991; x_wconf 70' lang='grc' dir='ltr'>ἑτέρᾳ</span> <span class='ocrx_word' id='word_1_235' title='bbox 781 1950 907 1991; x_wconf 68' lang='grc' dir='ltr'>τοο-αύτῃ</span> <span class='ocrx_word' id='word_1_236' title='bbox 932 1948 1064 1991; x_wconf 74' lang='grc' dir='ltr'>ὑποθήκῃ,</span> 
     </span>
     <span class='ocr_line' id='line_1_41' title="bbox 353 1993 1066 2035; baseline -0.004 -10"><span class='ocrx_word' id='word_1_237' title='bbox 353 1995 496 2035; x_wconf 86' lang='lat' dir='ltr'>apposito</span> <span class='ocrx_word' id='word_1_238' title='bbox 518 1996 659 2035; x_wconf 84' lang='lat' dir='ltr'>pignore,</span> <span class='ocrx_word' id='word_1_239' title='bbox 683 1995 763 2034; x_wconf 92' lang='lat' dir='ltr'>quod</span> <span class='ocrx_word' id='word_1_240' title='bbox 786 1998 867 2024; x_wconf 81' lang='lat' dir='ltr'>esset</span> <span class='ocrx_word' id='word_1_241' title='bbox 884 1993 987 2023; x_wconf 78' lang='lat' dir='ltr'>valore</span> <span class='ocrx_word' id='word_1_242' title='bbox 1011 2004 1066 2032; x_wconf 87' lang='lat' dir='ltr'>par</span> 
     </span>
     <span class='ocr_line' id='line_1_42' title="bbox 354 2037 1064 2078; baseline -0.006 -9"><span class='ocrx_word' id='word_1_243' title='bbox 354 2044 386 2069; x_wconf 89' lang='lat' dir='ltr'>et</span> <span class='ocrx_word' id='word_1_244' title='bbox 411 2038 528 2078; x_wconf 83' lang='lat' dir='ltr'>aequale</span> <span class='ocrx_word' id='word_1_245' title='bbox 554 2038 693 2077; x_wconf 80' lang='lat' dir='ltr'>pecuniae</span> <span class='ocrx_word' id='word_1_246' title='bbox 718 2043 822 2068; x_wconf 87' lang='lat' dir='ltr'>mutuo</span> <span class='ocrx_word' id='word_1_247' title='bbox 849 2037 986 2066; x_wconf 84' lang='lat' dir='ltr'>creditae.</span> <span class='ocrx_word' id='word_1_248' title='bbox 1006 2047 1064 2066; x_wconf 91' lang='lat' dir='ltr'>non</span> 
     </span>
     <span class='ocr_line' id='line_1_43' title="bbox 354 2081 1066 2113; baseline -0.004 -1"><span class='ocrx_word' id='word_1_249' title='bbox 354 2082 435 2113; x_wconf 88' lang='lat' dir='ltr'>enim</span> <span class='ocrx_word' id='word_1_250' title='bbox 449 2082 586 2112; x_wconf 85' lang='lat' dir='ltr'>solebant</span> <span class='ocrx_word' id='word_1_251' title='bbox 601 2082 798 2112; x_wconf 87' lang='lat' dir='ltr'>foeneratores</span> <span class='ocrx_word' id='word_1_252' title='bbox 818 2081 979 2110; x_wconf 85' lang='lat' dir='ltr'>mercatori</span> <span class='ocrx_word' id='word_1_253' title='bbox 1000 2090 1066 2110; x_wconf 88' lang='lat' dir='ltr'>cre-</span> 
     </span>
     <span class='ocr_line' id='line_1_44' title="bbox 355 2123 1068 2165; baseline -0.006 -9"><span class='ocrx_word' id='word_1_254' title='bbox 355 2127 441 2162; x_wconf 86' lang='lat' dir='ltr'>dere,</span> <span class='ocrx_word' id='word_1_255' title='bbox 456 2125 514 2154; x_wconf 89' lang='lat' dir='ltr'>nisi</span> <span class='ocrx_word' id='word_1_256' title='bbox 529 2129 635 2155; x_wconf 74' lang='lat' dir='ltr'>contra</span> <span class='ocrx_word' id='word_1_257' title='bbox 649 2125 771 2165; x_wconf 84' lang='lat' dir='ltr'>pignus.</span> <span class='ocrx_word' id='word_1_258' title='bbox 801 2124 908 2154; x_wconf 81' lang='lat' dir='ltr'>Ambae</span> <span class='ocrx_word' id='word_1_259' title='bbox 924 2123 986 2152; x_wconf 85' lang='lat' dir='ltr'>illae</span> <span class='ocrx_word' id='word_1_260' title='bbox 1003 2134 1068 2153; x_wconf 87' lang='lat' dir='ltr'>sor-</span> 
     </span>
     <span class='ocr_line' id='line_1_45' title="bbox 355 2166 1067 2206; baseline -0.006 -7"><span class='ocrx_word' id='word_1_261' title='bbox 355 2173 415 2204; x_wconf 82' lang='lat' dir='ltr'>tes,</span> <span class='ocrx_word' id='word_1_262' title='bbox 432 2169 529 2198; x_wconf 85' lang='lat' dir='ltr'>altera</span> <span class='ocrx_word' id='word_1_263' title='bbox 543 2168 821 2203; x_wconf 78' lang='lat' dir='ltr'>creditoris,altera</span> <span class='ocrx_word' id='word_1_264' title='bbox 832 2166 980 2196; x_wconf 80' lang='lat' dir='ltr'>debitoris</span> <span class='ocrx_word' id='word_1_265' title='bbox 996 2177 1067 2206; x_wconf 89' lang='lat' dir='ltr'>pro-</span> 
     </span>
     <span class='ocr_line' id='line_1_46' title="bbox 356 2209 1068 2251; baseline -0.006 -9"><span class='ocrx_word' id='word_1_266' title='bbox 356 2212 424 2251; x_wconf 86' lang='lat' dir='ltr'>pria</span> <span class='ocrx_word' id='word_1_267' title='bbox 439 2211 584 2242; x_wconf 88' lang='lat' dir='ltr'>collocari</span> <span class='ocrx_word' id='word_1_268' title='bbox 600 2212 752 2241; x_wconf 84' lang='lat' dir='ltr'>debebant</span> <span class='ocrx_word' id='word_1_269' title='bbox 774 2210 805 2240; x_wconf 90' lang='lat' dir='ltr'>in</span> <span class='ocrx_word' id='word_1_270' title='bbox 822 2209 974 2240; x_wconf 87' lang='lat' dir='ltr'>mercibus</span> <span class='ocrx_word' id='word_1_271' title='bbox 991 2220 1068 2239; x_wconf 88' lang='lat' dir='ltr'>mer-</span> 
     </span>
     <span class='ocr_line' id='line_1_47' title="bbox 356 2253 1068 2294; baseline -0.006 -8"><span class='ocrx_word' id='word_1_272' title='bbox 356 2259 469 2286; x_wconf 78' lang='lat' dir='ltr'>caturae</span> <span class='ocrx_word' id='word_1_273' title='bbox 484 2254 620 2294; x_wconf 89' lang='lat' dir='ltr'>periculo</span> <span class='ocrx_word' id='word_1_274' title='bbox 635 2254 873 2289; x_wconf 77' lang='lat' dir='ltr'>committendis,</span> <span class='ocrx_word' id='word_1_275' title='bbox 883 2259 914 2283; x_wconf 90' lang='lat' dir='ltr'>et</span> <span class='ocrx_word' id='word_1_276' title='bbox 929 2253 975 2282; x_wconf 83' lang='lat' dir='ltr'>hae</span> <span class='ocrx_word' id='word_1_277' title='bbox 990 2264 1068 2282; x_wconf 86' lang='lat' dir='ltr'>mer-</span> 
     </span>
     <span class='ocr_line' id='line_1_48' title="bbox 358 2296 1068 2329; baseline -0.004 0"><span class='ocrx_word' id='word_1_278' title='bbox 358 2309 410 2329; x_wconf 81' lang='lat' dir='ltr'>ces</span> <span class='ocrx_word' id='word_1_279' title='bbox 444 2298 498 2328; x_wconf 90' lang='lat' dir='ltr'>illa</span> <span class='ocrx_word' id='word_1_280' title='bbox 532 2299 658 2328; x_wconf 86' lang='lat' dir='ltr'>duarum</span> <span class='ocrx_word' id='word_1_281' title='bbox 694 2298 820 2327; x_wconf 86' lang='lat' dir='ltr'>sortium</span> <span class='ocrx_word' id='word_1_282' title='bbox 852 2296 1068 2326; x_wconf 74' lang='lat' dir='ltr'>commissione</span> 
     </span>
     <span class='ocr_line' id='line_1_49' title="bbox 357 2339 1069 2382; baseline -0.006 -10"><span class='ocrx_word' id='word_1_283' title='bbox 357 2346 542 2382; x_wconf 85' lang='lat' dir='ltr'>comparatae</span> <span class='ocrx_word' id='word_1_284' title='bbox 554 2346 639 2371; x_wconf 83' lang='lat' dir='ltr'>erant</span> <span class='ocrx_word' id='word_1_285' title='bbox 654 2341 766 2379; x_wconf 87' lang='lat' dir='ltr'>injure</span> <span class='ocrx_word' id='word_1_286' title='bbox 783 2339 956 2374; x_wconf 76' lang='lat' dir='ltr'>creditoris,</span> <span class='ocrx_word' id='word_1_287' title='bbox 973 2344 1005 2369; x_wconf 85' lang='lat' dir='ltr'>ut</span> <span class='ocrx_word' id='word_1_288' title='bbox 1018 2345 1069 2369; x_wconf 84' lang='lat' dir='ltr'>aut</span> 
     </span>
     <span class='ocr_line' id='line_1_50' title="bbox 358 2382 1068 2415; baseline -0.003 -1"><span class='ocrx_word' id='word_1_289' title='bbox 358 2386 488 2415; x_wconf 89' lang='lat' dir='ltr'>nummis</span> <span class='ocrx_word' id='word_1_290' title='bbox 508 2396 547 2415; x_wconf 86' lang='lat' dir='ltr'>ex</span> <span class='ocrx_word' id='word_1_291' title='bbox 568 2395 669 2414; x_wconf 84' lang='lat' dir='ltr'>earum</span> <span class='ocrx_word' id='word_1_292' title='bbox 687 2384 861 2415; x_wconf 86' lang='lat' dir='ltr'>venditione</span> <span class='ocrx_word' id='word_1_293' title='bbox 878 2382 1011 2412; x_wconf 86' lang='lat' dir='ltr'>redactis</span> <span class='ocrx_word' id='word_1_294' title='bbox 1026 2393 1068 2412; x_wconf 83' lang='lat' dir='ltr'>aes</span> 
     </span>
     <span class='ocr_line' id='line_1_51' title="bbox 357 2425 1067 2458; baseline -0.006 0"><span class='ocrx_word' id='word_1_295' title='bbox 357 2429 491 2458; x_wconf 86' lang='lat' dir='ltr'>debitum</span> <span class='ocrx_word' id='word_1_296' title='bbox 510 2438 527 2458; x_wconf 86' lang='lat' dir='ltr'>a</span> <span class='ocrx_word' id='word_1_297' title='bbox 542 2433 712 2458; x_wconf 79' lang='lat' dir='ltr'>mercatore</span> <span class='ocrx_word' id='word_1_298' title='bbox 730 2428 852 2457; x_wconf 87' lang='lat' dir='ltr'>domum</span> <span class='ocrx_word' id='word_1_299' title='bbox 876 2436 1001 2455; x_wconf 87' lang='lat' dir='ltr'>reverso</span> <span class='ocrx_word' id='word_1_300' title='bbox 1022 2425 1067 2455; x_wconf 90' lang='lat' dir='ltr'>di-</span> 
     </span>
     <span class='ocr_line' id='line_1_52' title="bbox 356 2468 1068 2510; baseline -0.004 -9"><span class='ocrx_word' id='word_1_301' title='bbox 356 2472 508 2509; x_wconf 88' lang='lat' dir='ltr'>lueretur;</span> <span class='ocrx_word' id='word_1_302' title='bbox 530 2471 672 2501; x_wconf 73' lang='lat' dir='ltr'>natalias</span> <span class='ocrx_word' id='word_1_303' title='bbox 690 2471 720 2500; x_wconf 86' lang='lat' dir='ltr'>in</span> <span class='ocrx_word' id='word_1_304' title='bbox 738 2475 890 2510; x_wconf 82' lang='lat' dir='ltr'>potestate</span> <span class='ocrx_word' id='word_1_305' title='bbox 906 2468 1068 2499; x_wconf 79' lang='lat' dir='ltr'>creditoris</span> 
     </span>
     <span class='ocr_line' id='line_1_53' title="bbox 357 2511 1069 2544; baseline -0.003 -1"><span class='ocrx_word' id='word_1_306' title='bbox 357 2525 474 2544; x_wconf 84' lang='lat' dir='ltr'>merces</span> <span class='ocrx_word' id='word_1_307' title='bbox 489 2514 658 2544; x_wconf 84' lang='lat' dir='ltr'>adebitore</span> <span class='ocrx_word' id='word_1_308' title='bbox 683 2515 819 2543; x_wconf 75' lang='lat' dir='ltr'>advectae</span> <span class='ocrx_word' id='word_1_309' title='bbox 840 2517 954 2542; x_wconf 76' lang='lat' dir='ltr'>essent.</span> <span class='ocrx_word' id='word_1_310' title='bbox 978 2511 1069 2542; x_wconf 85' lang='lat' dir='ltr'>iuter-</span> 
     </span>
     <span class='ocr_line' id='line_1_54' title="bbox 358 2554 1070 2596; baseline -0.001 -10"><span class='ocrx_word' id='word_1_311' title='bbox 358 2558 428 2587; x_wconf 86' lang='lat' dir='ltr'>dum</span> <span class='ocrx_word' id='word_1_312' title='bbox 449 2568 570 2596; x_wconf 84' lang='lat' dir='ltr'>quoque</span> <span class='ocrx_word' id='word_1_313' title='bbox 592 2557 748 2587; x_wconf 75' lang='lat' dir='ltr'>debitores</span> <span class='ocrx_word' id='word_1_314' title='bbox 765 2557 872 2586; x_wconf 81' lang='lat' dir='ltr'>fundos</span> <span class='ocrx_word' id='word_1_315' title='bbox 889 2554 1070 2592; x_wconf 89' lang='lat' dir='ltr'>immobiles,</span> 
     </span>
     <span class='ocr_line' id='line_1_55' title="bbox 358 2598 1070 2640; baseline -0.001 -10"><span class='ocrx_word' id='word_1_316' title='bbox 358 2599 478 2638; x_wconf 78' lang='grc' dir='ltr'>ἐγγείους</span> <span class='ocrx_word' id='word_1_317' title='bbox 512 2599 671 2635; x_wconf 61' lang='grc' dir='ltr'>ὑποθήκας,</span> <span class='ocrx_word' id='word_1_318' title='bbox 708 2601 903 2640; x_wconf 87' lang='lat' dir='ltr'>opponebant</span> <span class='ocrx_word' id='word_1_319' title='bbox 939 2598 1070 2638; x_wconf 83' lang='lat' dir='ltr'>pignori.</span> 
     </span>
     <span class='ocr_line' id='line_1_56' title="bbox 358 2643 1070 2682; baseline -0.003 -8"><span class='ocrx_word' id='word_1_320' title='bbox 358 2644 441 2674; x_wconf 89' lang='lat' dir='ltr'>Olim</span> <span class='ocrx_word' id='word_1_321' title='bbox 467 2644 532 2673; x_wconf 77' lang='lat' dir='ltr'>haec</span> <span class='ocrx_word' id='word_1_322' title='bbox 556 2643 750 2682; x_wconf 67' lang='lat' dir='ltr'>sciipseram.</span> <span class='ocrx_word' id='word_1_323' title='bbox 779 2643 973 2682; x_wconf 86' lang='lat' dir='ltr'>postmodum</span> <span class='ocrx_word' id='word_1_324' title='bbox 989 2643 1070 2682; x_wconf 84' lang='lat' dir='ltr'>coepi</span> 
     </span>
     <span class='ocr_line' id='line_1_57' title="bbox 358 2685 1070 2726; baseline -0.004 -9"><span class='ocrx_word' id='word_1_325' title='bbox 358 2685 521 2726; x_wconf 82' lang='lat' dir='ltr'>suspicari,</span> <span class='ocrx_word' id='word_1_326' title='bbox 547 2687 695 2716; x_wconf 82' lang='lat' dir='ltr'>vocabulo</span> <span class='ocrx_word' id='word_1_327' title='bbox 722 2685 805 2726; x_wconf 68' lang='grc' dir='ltr'>ἑτέρα</span> <span class='ocrx_word' id='word_1_328' title='bbox 828 2685 1002 2716; x_wconf 81' lang='lat' dir='ltr'>tantundem</span> <span class='ocrx_word' id='word_1_329' title='bbox 1029 2686 1070 2715; x_wconf 82' lang='lat' dir='ltr'>si-</span> 
     </span>
     <span class='ocr_line' id='line_1_58' title="bbox 358 2727 1072 2769; baseline -0.003 -9"><span class='ocrx_word' id='word_1_330' title='bbox 358 2729 504 2769; x_wconf 81' lang='lat' dir='ltr'>gnificari,</span> <span class='ocrx_word' id='word_1_331' title='bbox 518 2733 607 2767; x_wconf 87' lang='lat' dir='ltr'>atque</span> <span class='ocrx_word' id='word_1_332' title='bbox 619 2729 643 2758; x_wconf 73' lang='lat' dir='ltr'>si</span> <span class='ocrx_word' id='word_1_333' title='bbox 656 2729 805 2759; x_wconf 84' lang='lat' dir='ltr'>dixisset:</span> <span class='ocrx_word' id='word_1_334' title='bbox 828 2727 907 2769; x_wconf 74' lang='grc' dir='ltr'>ὁποίᾳ.</span> <span class='ocrx_word' id='word_1_335' title='bbox 917 2728 946 2758; x_wconf 71' lang='grc' dir='ltr'>δή</span> <span class='ocrx_word' id='word_1_336' title='bbox 958 2739 1009 2758; x_wconf 86' lang='grc' dir='ltr'>τινι</span> <span class='ocrx_word' id='word_1_337' title='bbox 1020 2727 1072 2765; x_wconf 63' lang='grc' dir='ltr'>οὖν,</span> 
     </span>
     <span class='ocr_line' id='line_1_59' title="bbox 356 2771 1071 2812; baseline -0.001 -9"><span class='ocrx_word' id='word_1_338' title='bbox 356 2774 385 2804; x_wconf 67' lang='grc' dir='ltr'>ἢν</span> <span class='ocrx_word' id='word_1_339' title='bbox 406 2774 447 2803; x_wconf 77' lang='grc' dir='ltr'>νῦν</span> <span class='ocrx_word' id='word_1_340' title='bbox 469 2773 517 2802; x_wconf 82' lang='grc' dir='ltr'>οὒκ</span> <span class='ocrx_word' id='word_1_341' title='bbox 536 2771 629 2801; x_wconf 64' lang='grc' dir='ltr'>ἐθέλω</span> <span class='ocrx_word' id='word_1_342' title='bbox 655 2771 806 2812; x_wconf 75' lang='grc' dir='ltr'>ὀνομάζειν.</span> <span class='ocrx_word' id='word_1_343' title='bbox 822 2772 951 2812; x_wconf 81' lang='lat' dir='ltr'>pignore</span> <span class='ocrx_word' id='word_1_344' title='bbox 967 2772 1071 2802; x_wconf 86' lang='lat' dir='ltr'>nescio</span> 
     </span>
     <span class='ocr_line' id='line_1_60' title="bbox 359 2815 1071 2856; baseline -0.003 -9"><span class='ocrx_word' id='word_1_345' title='bbox 359 2827 429 2856; x_wconf 90' lang='lat' dir='ltr'>quo.</span> <span class='ocrx_word' id='word_1_346' title='bbox 445 2815 485 2845; x_wconf 91' lang='lat' dir='ltr'>nil</span> <span class='ocrx_word' id='word_1_347' title='bbox 503 2816 583 2845; x_wconf 88' lang='lat' dir='ltr'>enim</span> <span class='ocrx_word' id='word_1_348' title='bbox 594 2825 672 2844; x_wconf 90' lang='lat' dir='ltr'>nunc</span> <span class='ocrx_word' id='word_1_349' title='bbox 688 2826 784 2854; x_wconf 84' lang='lat' dir='ltr'>neque</span> <span class='ocrx_word' id='word_1_350' title='bbox 796 2817 896 2854; x_wconf 83' lang='lat' dir='ltr'>juvat,</span> <span class='ocrx_word' id='word_1_351' title='bbox 911 2825 1009 2854; x_wconf 84' lang='lat' dir='ltr'>neque</span> <span class='ocrx_word' id='word_1_352' title='bbox 1024 2827 1071 2845; x_wconf 89' lang='lat' dir='ltr'>re-</span> 
     </span>
     <span class='ocr_line' id='line_1_61' title="bbox 358 2858 1072 2890; baseline -0.003 0"><span class='ocrx_word' id='word_1_353' title='bbox 358 2861 418 2890; x_wconf 82' lang='lat' dir='ltr'>fert</span> <span class='ocrx_word' id='word_1_354' title='bbox 440 2871 458 2890; x_wconf 77' lang='lat' dir='ltr'>u</span> <span class='ocrx_word' id='word_1_355' title='bbox 479 2869 527 2889; x_wconf 89' lang='lat' dir='ltr'>me</span> <span class='ocrx_word' id='word_1_356' title='bbox 546 2859 578 2888; x_wconf 89' lang='lat' dir='ltr'>id</span> <span class='ocrx_word' id='word_1_357' title='bbox 600 2859 840 2888; x_wconf 87' lang='lat' dir='ltr'>commemorari.</span> <span class='ocrx_word' id='word_1_358' title='bbox 884 2858 1010 2888; x_wconf 83' lang='lat' dir='ltr'>lnduxit</span> <span class='ocrx_word' id='word_1_359' title='bbox 1025 2869 1072 2888; x_wconf 86' lang='lat' dir='ltr'>me</span> 
     </span>
     <span class='ocr_line' id='line_1_62' title="bbox 360 2901 1071 2953; baseline -0.001 -21"><span class='ocrx_word' id='word_1_360' title='bbox 360 2904 390 2933; x_wconf 88' lang='lat' dir='ltr'>in</span> <span class='ocrx_word' id='word_1_361' title='bbox 407 2904 483 2932; x_wconf 88' lang='lat' dir='ltr'>hanc</span> <span class='ocrx_word' id='word_1_362' title='bbox 500 2901 705 2940; x_wconf 78' lang='lat' dir='ltr'>suspicionem</span> <span class='ocrx_word' id='word_1_363' title='bbox 730 2912 764 2953; x_wconf 80' lang='lat' dir='ltr'>p.</span> <span class='ocrx_word' id='word_1_364' title='bbox 781 2904 875 2933; x_wconf 68' lang='grc'><strong>1236.</strong></span> <span class='ocrx_word' id='word_1_365' title='bbox 892 2903 943 2931; x_wconf 64' lang='lat'>953.</span> <span class='ocrx_word' id='word_1_366' title='bbox 960 2901 1012 2930; x_wconf 86' lang='lat' dir='ltr'>ubi</span> <span class='ocrx_word' id='word_1_367' title='bbox 1029 2902 1071 2931; x_wconf 90' lang='lat' dir='ltr'>le-</span> 
     </span>
     <span class='ocr_line' id='line_1_63' title="bbox 360 2943 1071 2985; baseline -0.003 -10"><span class='ocrx_word' id='word_1_368' title='bbox 360 2951 472 2985; x_wconf 72' lang='lat' dir='ltr'>guntur</span> <span class='ocrx_word' id='word_1_369' title='bbox 484 2945 548 2975; x_wconf 81' lang='lat' dir='ltr'>haec</span> <span class='ocrx_word' id='word_1_370' title='bbox 566 2946 677 2974; x_wconf 85' lang='lat' dir='ltr'>verba:</span> <span class='ocrx_word' id='word_1_371' title='bbox 696 2944 740 2984; x_wconf 72' lang='grc' dir='ltr'>ἐφ</span> <span class='ocrx_word' id='word_1_372' title='bbox 756 2943 836 2985; x_wconf 70' lang='grc' dir='ltr'>ετὲρςι</span> <span class='ocrx_word' id='word_1_373' title='bbox 852 2943 1027 2983; x_wconf 74' lang='grc' dir='ltr'>ἀποδημῶν’</span> <span class='ocrx_word' id='word_1_374' title='bbox 1018 2956 1071 2983; x_wconf 79' lang='grc' dir='ltr'>εμ-</span> 
     </span>
     <span class='ocr_line' id='line_1_64' title="bbox 360 2988 1072 3037; baseline 0 -19"><span class='ocrx_word' id='word_1_375' title='bbox 360 2988 450 3029; x_wconf 71' lang='grc' dir='ltr'>πορίᾳ.</span> <span class='ocrx_word' id='word_1_376' title='bbox 474 2998 592 3028; x_wconf 63' lang='lat' dir='ltr'>pererro-e</span> <span class='ocrx_word' id='word_1_377' title='bbox 609 2998 711 3037; x_wconf 60' lang='lat' dir='ltr'>egens,</span> <span class='ocrx_word' id='word_1_378' title='bbox 730 2993 819 3018; x_wconf 67' lang='lat' dir='ltr'>extra</span> <span class='ocrx_word' id='word_1_379' title='bbox 836 2989 965 3018; x_wconf 80' lang='lat' dir='ltr'>Atticam</span> <span class='ocrx_word' id='word_1_380' title='bbox 990 2993 1072 3036; x_wconf 70' lang='lat' dir='ltr'>puta,</span> 
     </span>
     <span class='ocr_line' id='line_1_65' title="bbox 361 3032 693 3072; baseline -0.003 -10"><span class='ocrx_word' id='word_1_381' title='bbox 361 3034 450 3063; x_wconf 74' lang='lat' dir='ltr'>nescio</span> <span class='ocrx_word' id='word_1_382' title='bbox 464 3043 518 3072; x_wconf 83' lang='lat' dir='ltr'>quo</span> <span class='ocrx_word' id='word_1_383' title='bbox 534 3033 564 3062; x_wconf 79' lang='lat' dir='ltr'>in</span> <span class='ocrx_word' id='word_1_384' title='bbox 580 3032 693 3062; x_wconf 77' lang='lat' dir='ltr'>itincre.</span> 
     </span>
    </p>
   </div>
   <div class='ocr_carea' id='block_1_3' title="bbox 723 198 1440 244">
    <p class='ocr_par' dir='ltr' id='par_1_11' title="bbox 723 198 1440 244">
     <span class='ocr_line' id='line_1_66' title="bbox 723 198 1440 244; baseline -0.001 -2"><span class='ocrx_word' id='word_1_385' title='bbox 723 199 760 244; x_wconf 92' lang='lat' dir='ltr'>I.</span> <span class='ocrx_word' id='word_1_386' title='bbox 788 200 824 243; x_wconf 92' lang='grc' dir='ltr'>Ι.</span> <span class='ocrx_word' id='word_1_387' title='bbox 852 198 1078 243; x_wconf 85' lang='lat' dir='ltr'><strong>REISKE</strong></span> <span class='ocrx_word' id='word_1_388' title='bbox 1109 198 1440 242; x_wconf 89' lang='lat' dir='ltr'><strong>ANNOTATA</strong></span> 
     </span>
    </p>
   </div>
   <div class='ocr_carea' id='block_1_4' title="bbox 1094 306 1822 3068">
    <p class='ocr_par' dir='ltr' id='par_1_12' title="bbox 1094 306 1804 478">
     <span class='ocr_line' id='line_1_67' title="bbox 1136 306 1804 349; baseline 0.004 -13"><span class='ocrx_word' id='word_1_389' title='bbox 1136 324 1179 330; x_wconf 92' lang='lat'>—</span> <span class='ocrx_word' id='word_1_390' title='bbox 1194 317 1265 347; x_wconf 87' lang='lat' dir='ltr'>pen.</span> <span class='ocrx_word' id='word_1_391' title='bbox 1286 306 1386 349; x_wconf 80' lang='grc' dir='ltr'>χιλίας</span> <span class='ocrx_word' id='word_1_392' title='bbox 1400 306 1552 349; x_wconf 67' lang='grc' dir='ltr'>δραχμὰς]</span> <span class='ocrx_word' id='word_1_393' title='bbox 1566 306 1667 338; x_wconf 81' lang='lat' dir='ltr'>delevi</span> <span class='ocrx_word' id='word_1_394' title='bbox 1677 311 1804 347; x_wconf 81' lang='lat' dir='ltr'>postre-</span> 
     </span>
     <span class='ocr_line' id='line_1_68' title="bbox 1094 351 1803 390; baseline 0.001 -10"><span class='ocrx_word' id='word_1_395' title='bbox 1094 360 1172 380; x_wconf 87' lang='lat' dir='ltr'>mam</span> <span class='ocrx_word' id='word_1_396' title='bbox 1189 360 1308 381; x_wconf 89' lang='lat' dir='ltr'>vocem.</span> <span class='ocrx_word' id='word_1_397' title='bbox 1332 351 1418 390; x_wconf 84' lang='lat' dir='ltr'>prior</span> <span class='ocrx_word' id='word_1_398' title='bbox 1439 351 1520 380; x_wconf 86' lang='lat' dir='ltr'>enim</span> <span class='ocrx_word' id='word_1_399' title='bbox 1536 361 1592 389; x_wconf 85' lang='lat' dir='ltr'>per</span> <span class='ocrx_word' id='word_1_400' title='bbox 1607 361 1639 380; x_wconf 86' lang='lat' dir='ltr'>se</span> <span class='ocrx_word' id='word_1_401' title='bbox 1656 352 1701 381; x_wconf 89' lang='lat' dir='ltr'>rei</span> <span class='ocrx_word' id='word_1_402' title='bbox 1722 351 1803 381; x_wconf 86' lang='lat' dir='ltr'>desi-</span> 
     </span>
     <span class='ocr_line' id='line_1_69' title="bbox 1094 393 1804 434; baseline 0.003 -12"><span class='ocrx_word' id='word_1_403' title='bbox 1094 393 1222 432; x_wconf 87' lang='lat' dir='ltr'>gnandae</span> <span class='ocrx_word' id='word_1_404' title='bbox 1238 393 1361 430; x_wconf 88' lang='lat' dir='ltr'>sufficit,</span> <span class='ocrx_word' id='word_1_405' title='bbox 1376 398 1407 424; x_wconf 89' lang='lat' dir='ltr'>et</span> <span class='ocrx_word' id='word_1_406' title='bbox 1421 395 1513 423; x_wconf 87' lang='lat' dir='ltr'>modo</span> <span class='ocrx_word' id='word_1_407' title='bbox 1526 398 1725 434; x_wconf 66' lang='lat' dir='ltr'>praecesserat</span> <span class='ocrx_word' id='word_1_408' title='bbox 1740 394 1804 434; x_wconf 68' lang='grc' dir='ltr'>δρα-</span> 
     </span>
     <span class='ocr_line' id='line_1_70' title="bbox 1094 437 1802 478; baseline 0.003 -13"><span class='ocrx_word' id='word_1_409' title='bbox 1094 438 1192 478; x_wconf 76' lang='grc' dir='ltr'>χμὰς,</span> <span class='ocrx_word' id='word_1_410' title='bbox 1208 441 1242 466; x_wconf 93' lang='lat' dir='ltr'>ut</span> <span class='ocrx_word' id='word_1_411' title='bbox 1254 447 1356 466; x_wconf 87' lang='lat' dir='ltr'>errare</span> <span class='ocrx_word' id='word_1_412' title='bbox 1372 437 1470 466; x_wconf 85' lang='lat' dir='ltr'>lector</span> <span class='ocrx_word' id='word_1_413' title='bbox 1481 437 1564 467; x_wconf 88' lang='lat' dir='ltr'>nullo</span> <span class='ocrx_word' id='word_1_414' title='bbox 1579 438 1669 467; x_wconf 89' lang='lat' dir='ltr'>modo</span> <span class='ocrx_word' id='word_1_415' title='bbox 1685 441 1802 477; x_wconf 85' lang='lat' dir='ltr'>posset.</span> 
     </span>
    </p>

    <p class='ocr_par' dir='ltr' id='par_1_13' title="bbox 1094 480 1809 1288">
     <span class='ocr_line' id='line_1_71' title="bbox 1138 480 1804 522; baseline -0.002 -11"><span class='ocrx_word' id='word_1_416' title='bbox 1138 482 1211 511; x_wconf 85' lang='lat'>909.</span> <span class='ocrx_word' id='word_1_417' title='bbox 1229 482 1258 510; x_wconf 86' lang='lat'>1.</span> <span class='ocrx_word' id='word_1_418' title='bbox 1285 480 1344 513; x_wconf 80' lang='grc' dir='ltr'>τοῖς</span> <span class='ocrx_word' id='word_1_419' title='bbox 1364 480 1525 514; x_wconf 77' lang='grc' dir='ltr'>δανεισταῖς</span> <span class='ocrx_word' id='word_1_420' title='bbox 1541 481 1640 522; x_wconf 79' lang='grc' dir='ltr'>ποιεῖν]</span> <span class='ocrx_word' id='word_1_421' title='bbox 1657 481 1728 510; x_wconf 86' lang='lat' dir='ltr'>dedi</span> <span class='ocrx_word' id='word_1_422' title='bbox 1744 481 1804 514; x_wconf 78' lang='grc' dir='ltr'>τοῖς</span> 
     </span>
     <span class='ocr_line' id='line_1_72' title="bbox 1095 521 1805 560; baseline 0.003 -10"><span class='ocrx_word' id='word_1_423' title='bbox 1095 521 1252 557; x_wconf 68' lang='grc' dir='ltr'>δανεισταῖς</span> <span class='ocrx_word' id='word_1_424' title='bbox 1278 525 1354 554; x_wconf 70' lang='grc' dir='ltr'>πᾶσι</span> <span class='ocrx_word' id='word_1_425' title='bbox 1376 523 1508 554; x_wconf 75' lang='grc' dir='ltr'>ποιήσειν.</span> <span class='ocrx_word' id='word_1_426' title='bbox 1555 524 1616 554; x_wconf 81' lang='lat' dir='ltr'>Sed</span> <span class='ocrx_word' id='word_1_427' title='bbox 1638 534 1693 554; x_wconf 86' lang='lat' dir='ltr'>cur</span> <span class='ocrx_word' id='word_1_428' title='bbox 1711 523 1805 560; x_wconf 82' lang='lat' dir='ltr'>dicat,</span> 
     </span>
     <span class='ocr_line' id='line_1_73' title="bbox 1095 566 1804 605; baseline 0 -9"><span class='ocrx_word' id='word_1_429' title='bbox 1095 566 1310 597; x_wconf 88' lang='lat' dir='ltr'>Phormionem</span> <span class='ocrx_word' id='word_1_430' title='bbox 1326 567 1471 597; x_wconf 85' lang='lat' dir='ltr'>debuisse</span> <span class='ocrx_word' id='word_1_431' title='bbox 1485 577 1540 605; x_wconf 86' lang='lat' dir='ltr'>pro</span> <span class='ocrx_word' id='word_1_432' title='bbox 1552 568 1594 597; x_wconf 87' lang='lat'>&#39;75</span> <span class='ocrx_word' id='word_1_433' title='bbox 1611 567 1713 602; x_wconf 87' lang='lat' dir='ltr'>minis,</span> <span class='ocrx_word' id='word_1_434' title='bbox 1730 577 1804 605; x_wconf 85' lang='lat' dir='ltr'>quas</span> 
     </span>
     <span class='ocr_line' id='line_1_74' title="bbox 1094 615 1805 650; baseline 0.001 -11"><span class='ocrx_word' id='word_1_435' title='bbox 1094 615 1199 639; x_wconf 86' lang='lat' dir='ltr'>mutuo</span> <span class='ocrx_word' id='word_1_436' title='bbox 1216 615 1377 645; x_wconf 84' lang='lat' dir='ltr'>sumserat,</span> <span class='ocrx_word' id='word_1_437' title='bbox 1388 621 1507 640; x_wconf 85' lang='lat' dir='ltr'>merces</span> <span class='ocrx_word' id='word_1_438' title='bbox 1522 617 1687 648; x_wconf 77' lang='lat' dir='ltr'>exportare</span> <span class='ocrx_word' id='word_1_439' title='bbox 1703 621 1719 640; x_wconf 89' lang='lat' dir='ltr'>e</span> <span class='ocrx_word' id='word_1_440' title='bbox 1732 620 1805 650; x_wconf 87' lang='lat' dir='ltr'>por-</span> 
     </span>
     <span class='ocr_line' id='line_1_75' title="bbox 1095 653 1805 689; baseline 0 -7"><span class='ocrx_word' id='word_1_441' title='bbox 1095 658 1128 682; x_wconf 89' lang='lat' dir='ltr'>tu</span> <span class='ocrx_word' id='word_1_442' title='bbox 1148 653 1263 689; x_wconf 67' lang='lat' dir='ltr'>Attico,</span> <span class='ocrx_word' id='word_1_443' title='bbox 1280 654 1417 684; x_wconf 86' lang='lat' dir='ltr'>valentes</span> <span class='ocrx_word' id='word_1_444' title='bbox 1433 655 1495 684; x_wconf 85' lang='lat'>115</span> <span class='ocrx_word' id='word_1_445' title='bbox 1517 654 1625 689; x_wconf 85' lang='lat' dir='ltr'>minas,</span> <span class='ocrx_word' id='word_1_446' title='bbox 1645 653 1671 682; x_wconf 89' lang='lat' dir='ltr'>si</span> <span class='ocrx_word' id='word_1_447' title='bbox 1690 653 1805 683; x_wconf 86' lang='lat' dir='ltr'>voluis-</span> 
     </span>
     <span class='ocr_line' id='line_1_76' title="bbox 1096 696 1805 736; baseline 0.001 -11"><span class='ocrx_word' id='word_1_448' title='bbox 1096 701 1142 725; x_wconf 90' lang='lat' dir='ltr'>set</span> <span class='ocrx_word' id='word_1_449' title='bbox 1167 697 1265 736; x_wconf 80' lang='lat' dir='ltr'>pactis</span> <span class='ocrx_word' id='word_1_450' title='bbox 1289 697 1478 732; x_wconf 78' lang='lat' dir='ltr'>satisfacere,</span> <span class='ocrx_word' id='word_1_451' title='bbox 1500 697 1532 726; x_wconf 92' lang='lat' dir='ltr'>id</span> <span class='ocrx_word' id='word_1_452' title='bbox 1553 707 1627 726; x_wconf 90' lang='lat' dir='ltr'>vero</span> <span class='ocrx_word' id='word_1_453' title='bbox 1647 706 1705 726; x_wconf 89' lang='lat' dir='ltr'>non</span> <span class='ocrx_word' id='word_1_454' title='bbox 1730 696 1805 726; x_wconf 88' lang='lat' dir='ltr'>satis</span> 
     </span>
     <span class='ocr_line' id='line_1_77' title="bbox 1095 739 1805 780; baseline 0.001 -12"><span class='ocrx_word' id='word_1_455' title='bbox 1095 739 1247 779; x_wconf 85' lang='lat' dir='ltr'>intelligo,</span> <span class='ocrx_word' id='word_1_456' title='bbox 1264 740 1290 770; x_wconf 90' lang='lat' dir='ltr'>si</span> <span class='ocrx_word' id='word_1_457' title='bbox 1307 751 1377 770; x_wconf 88' lang='lat' dir='ltr'>vera</span> <span class='ocrx_word' id='word_1_458' title='bbox 1397 745 1468 770; x_wconf 89' lang='lat' dir='ltr'>sunt</span> <span class='ocrx_word' id='word_1_459' title='bbox 1483 750 1530 776; x_wconf 86' lang='lat' dir='ltr'>ea,</span> <span class='ocrx_word' id='word_1_460' title='bbox 1546 751 1614 780; x_wconf 85' lang='lat' dir='ltr'>quae</span> <span class='ocrx_word' id='word_1_461' title='bbox 1630 739 1721 779; x_wconf 88' lang='lat' dir='ltr'>paulo</span> <span class='ocrx_word' id='word_1_462' title='bbox 1737 743 1805 769; x_wconf 90' lang='lat' dir='ltr'>ante</span> 
     </span>
     <span class='ocr_line' id='line_1_78' title="bbox 1096 782 1805 824; baseline 0 -13"><span class='ocrx_word' id='word_1_463' title='bbox 1096 782 1135 812; x_wconf 89' lang='lat' dir='ltr'>de</span> <span class='ocrx_word' id='word_1_464' title='bbox 1166 783 1372 822; x_wconf 88' lang='lat' dir='ltr'>pignoratitiis</span> <span class='ocrx_word' id='word_1_465' title='bbox 1401 783 1489 814; x_wconf 90' lang='lat' dir='ltr'>bouis</span> <span class='ocrx_word' id='word_1_466' title='bbox 1520 783 1724 824; x_wconf 86' lang='lat' dir='ltr'>disputabam.</span> <span class='ocrx_word' id='word_1_467' title='bbox 1751 783 1805 812; x_wconf 88' lang='lat' dir='ltr'>de-</span> 
     </span>
     <span class='ocr_line' id='line_1_79' title="bbox 1095 825 1805 864; baseline 0 -9"><span class='ocrx_word' id='word_1_468' title='bbox 1095 825 1214 856; x_wconf 83' lang='lat' dir='ltr'>buisset</span> <span class='ocrx_word' id='word_1_469' title='bbox 1228 826 1310 856; x_wconf 90' lang='lat' dir='ltr'>enim</span> <span class='ocrx_word' id='word_1_470' title='bbox 1325 831 1389 857; x_wconf 87' lang='lat' dir='ltr'>tum</span> <span class='ocrx_word' id='word_1_471' title='bbox 1405 837 1524 857; x_wconf 86' lang='lat' dir='ltr'>merces</span> <span class='ocrx_word' id='word_1_472' title='bbox 1545 826 1617 857; x_wconf 78' lang='lat' dir='ltr'>navi</span> <span class='ocrx_word' id='word_1_473' title='bbox 1637 826 1805 864; x_wconf 85' lang='lat' dir='ltr'>imponere,</span> 
     </span>
     <span class='ocr_line' id='line_1_80' title="bbox 1095 869 1807 910; baseline 0.003 -13"><span class='ocrx_word' id='word_1_474' title='bbox 1095 869 1232 898; x_wconf 87' lang='lat' dir='ltr'>valentes</span> <span class='ocrx_word' id='word_1_475' title='bbox 1248 871 1310 900; x_wconf 81' lang='lat'>150</span> <span class='ocrx_word' id='word_1_476' title='bbox 1331 871 1438 900; x_wconf 85' lang='lat' dir='ltr'>minas.</span> <span class='ocrx_word' id='word_1_477' title='bbox 1482 871 1544 900; x_wconf 89' lang='lat' dir='ltr'>Sed</span> <span class='ocrx_word' id='word_1_478' title='bbox 1561 870 1625 900; x_wconf 82' lang='lat' dir='ltr'>fieri</span> <span class='ocrx_word' id='word_1_479' title='bbox 1643 875 1756 910; x_wconf 86' lang='lat' dir='ltr'>potest,</span> <span class='ocrx_word' id='word_1_480' title='bbox 1773 873 1807 899; x_wconf 88' lang='lat' dir='ltr'>ut</span> 
     </span>
     <span class='ocr_line' id='line_1_81' title="bbox 1096 911 1805 948; baseline 0.003 -8"><span class='ocrx_word' id='word_1_481' title='bbox 1096 911 1166 941; x_wconf 79' lang='lat' dir='ltr'>aliis</span> <span class='ocrx_word' id='word_1_482' title='bbox 1194 922 1263 942; x_wconf 89' lang='lat' dir='ltr'>cum</span> <span class='ocrx_word' id='word_1_483' title='bbox 1295 913 1498 944; x_wconf 86' lang='lat' dir='ltr'>creditoribus</span> <span class='ocrx_word' id='word_1_484' title='bbox 1523 913 1624 948; x_wconf 76' lang='lat' dir='ltr'>aliter,</span> <span class='ocrx_word' id='word_1_485' title='bbox 1650 923 1708 943; x_wconf 86' lang='lat' dir='ltr'>non</span> <span class='ocrx_word' id='word_1_486' title='bbox 1735 922 1805 942; x_wconf 90' lang='lat' dir='ltr'>cum</span> 
     </span>
     <span class='ocr_line' id='line_1_82' title="bbox 1096 955 1807 995; baseline 0.001 -11"><span class='ocrx_word' id='word_1_487' title='bbox 1096 955 1236 985; x_wconf 87' lang='lat' dir='ltr'>omuibus</span> <span class='ocrx_word' id='word_1_488' title='bbox 1261 956 1367 986; x_wconf 87' lang='lat' dir='ltr'>eadem</span> <span class='ocrx_word' id='word_1_489' title='bbox 1388 957 1517 986; x_wconf 83' lang='lat' dir='ltr'>formula</span> <span class='ocrx_word' id='word_1_490' title='bbox 1545 956 1711 995; x_wconf 85' lang='lat' dir='ltr'>pepigerit,</span> <span class='ocrx_word' id='word_1_491' title='bbox 1732 966 1807 985; x_wconf 91' lang='lat' dir='ltr'>non-</span> 
     </span>
     <span class='ocr_line' id='line_1_83' title="bbox 1095 998 1809 1039; baseline 0.001 -12"><span class='ocrx_word' id='word_1_492' title='bbox 1095 998 1188 1027; x_wconf 91' lang='lat' dir='ltr'>nullis</span> <span class='ocrx_word' id='word_1_493' title='bbox 1210 999 1248 1028; x_wconf 87' lang='lat' dir='ltr'>de</span> <span class='ocrx_word' id='word_1_494' title='bbox 1266 1000 1336 1038; x_wconf 89' lang='lat' dir='ltr'>jure</span> <span class='ocrx_word' id='word_1_495' title='bbox 1357 1010 1464 1030; x_wconf 84' lang='lat' dir='ltr'>severo</span> <span class='ocrx_word' id='word_1_496' title='bbox 1484 1009 1591 1039; x_wconf 81' lang='lat' dir='ltr'>parum</span> <span class='ocrx_word' id='word_1_497' title='bbox 1610 999 1682 1038; x_wconf 89' lang='lat' dir='ltr'>quid</span> <span class='ocrx_word' id='word_1_498' title='bbox 1704 999 1809 1029; x_wconf 86' lang='lat' dir='ltr'>remit-</span> 
     </span>
     <span class='ocr_line' id='line_1_84' title="bbox 1097 1041 1807 1073; baseline 0 -2"><span class='ocrx_word' id='word_1_499' title='bbox 1097 1041 1242 1072; x_wconf 79' lang='lat' dir='ltr'>tentibus.</span> <span class='ocrx_word' id='word_1_500' title='bbox 1259 1043 1307 1072; x_wconf 92' lang='lat' dir='ltr'>vel</span> <span class='ocrx_word' id='word_1_501' title='bbox 1326 1047 1411 1073; x_wconf 86' lang='lat' dir='ltr'>ortus</span> <span class='ocrx_word' id='word_1_502' title='bbox 1430 1046 1479 1073; x_wconf 89' lang='lat' dir='ltr'>est</span> <span class='ocrx_word' id='word_1_503' title='bbox 1500 1053 1584 1072; x_wconf 87' lang='lat' dir='ltr'>error</span> <span class='ocrx_word' id='word_1_504' title='bbox 1605 1042 1746 1072; x_wconf 89' lang='lat' dir='ltr'>lectionis</span> <span class='ocrx_word' id='word_1_505' title='bbox 1765 1052 1807 1072; x_wconf 83' lang='lat' dir='ltr'>ex</span> 
     </span>
     <span class='ocr_line' id='line_1_85' title="bbox 1097 1084 1806 1126; baseline 0.001 -12"><span class='ocrx_word' id='word_1_506' title='bbox 1097 1095 1198 1114; x_wconf 90' lang='lat' dir='ltr'>errore</span> <span class='ocrx_word' id='word_1_507' title='bbox 1216 1085 1346 1122; x_wconf 85' lang='lat' dir='ltr'>librarii,</span> <span class='ocrx_word' id='word_1_508' title='bbox 1363 1087 1415 1126; x_wconf 91' lang='lat' dir='ltr'>qui</span> <span class='ocrx_word' id='word_1_509' title='bbox 1433 1092 1498 1122; x_wconf 85' lang='grc' dir='ltr'>ΔΠ,</span> <span class='ocrx_word' id='word_1_510' title='bbox 1514 1085 1547 1115; x_wconf 87' lang='lat' dir='ltr'>id</span> <span class='ocrx_word' id='word_1_511' title='bbox 1559 1090 1619 1122; x_wconf 85' lang='lat' dir='ltr'>est,</span> <span class='ocrx_word' id='word_1_512' title='bbox 1631 1084 1698 1116; x_wconf 77' lang='grc' dir='ltr'>δέκα,</span> <span class='ocrx_word' id='word_1_513' title='bbox 1711 1084 1806 1120; x_wconf 84' lang='grc' dir='ltr'>πέντε,</span> 
     </span>
     <span class='ocr_line' id='line_1_86' title="bbox 1096 1127 1808 1168; baseline 0.001 -11"><span class='ocrx_word' id='word_1_514' title='bbox 1096 1128 1193 1164; x_wconf 85' lang='lat' dir='ltr'>dedit,</span> <span class='ocrx_word' id='word_1_515' title='bbox 1206 1138 1262 1168; x_wconf 85' lang='lat' dir='ltr'>pro</span> <span class='ocrx_word' id='word_1_516' title='bbox 1280 1131 1322 1166; x_wconf 61' lang='lat'>131</span> <span class='ocrx_word' id='word_1_517' title='bbox 1341 1129 1476 1165; x_wconf 73' lang='grc' dir='ltr'>πεντάκις</span> <span class='ocrx_word' id='word_1_518' title='bbox 1492 1127 1570 1165; x_wconf 76' lang='grc' dir='ltr'>δέκα,</span> <span class='ocrx_word' id='word_1_519' title='bbox 1586 1130 1619 1159; x_wconf 88' lang='lat' dir='ltr'>id</span> <span class='ocrx_word' id='word_1_520' title='bbox 1635 1133 1694 1165; x_wconf 82' lang='lat' dir='ltr'>est,</span> <span class='ocrx_word' id='word_1_521' title='bbox 1706 1128 1808 1159; x_wconf 76' lang='grc' dir='ltr'>πεντή-</span> 
     </span>
     <span class='ocr_line' id='line_1_87' title="bbox 1095 1170 1808 1210; baseline 0.003 -10"><span class='ocrx_word' id='word_1_522' title='bbox 1095 1182 1189 1201; x_wconf 81' lang='grc' dir='ltr'>κοντα.</span> <span class='ocrx_word' id='word_1_523' title='bbox 1205 1177 1352 1210; x_wconf 83' lang='lat' dir='ltr'>praeterea</span> <span class='ocrx_word' id='word_1_524' title='bbox 1367 1173 1431 1202; x_wconf 90' lang='lat' dir='ltr'>dici</span> <span class='ocrx_word' id='word_1_525' title='bbox 1450 1183 1508 1202; x_wconf 92' lang='lat' dir='ltr'>nou</span> <span class='ocrx_word' id='word_1_526' title='bbox 1525 1173 1604 1202; x_wconf 89' lang='lat' dir='ltr'>solet</span> <span class='ocrx_word' id='word_1_527' title='bbox 1625 1171 1693 1202; x_wconf 77' lang='grc' dir='ltr'>δέκα</span> <span class='ocrx_word' id='word_1_528' title='bbox 1711 1170 1808 1207; x_wconf 80' lang='grc' dir='ltr'>πέντε,</span> 
     </span>
     <span class='ocr_line' id='line_1_88' title="bbox 1096 1214 1809 1252; baseline 0 -8"><span class='ocrx_word' id='word_1_529' title='bbox 1096 1215 1152 1244; x_wconf 88' lang='lat' dir='ltr'>sed</span> <span class='ocrx_word' id='word_1_530' title='bbox 1168 1214 1252 1244; x_wconf 86' lang='grc' dir='ltr'>πέντε</span> <span class='ocrx_word' id='word_1_531' title='bbox 1267 1215 1315 1245; x_wconf 76' lang='grc' dir='ltr'>καὶ</span> <span class='ocrx_word' id='word_1_532' title='bbox 1330 1214 1410 1252; x_wconf 72' lang='grc' dir='ltr'>δέκα,</span> <span class='ocrx_word' id='word_1_533' title='bbox 1427 1216 1477 1246; x_wconf 86' lang='lat' dir='ltr'>vel</span> <span class='ocrx_word' id='word_1_534' title='bbox 1497 1226 1557 1245; x_wconf 90' lang='lat' dir='ltr'>uno</span> <span class='ocrx_word' id='word_1_535' title='bbox 1578 1215 1728 1246; x_wconf 88' lang='lat' dir='ltr'>vocabulo</span> <span class='ocrx_word' id='word_1_536' title='bbox 1745 1225 1809 1245; x_wconf 86' lang='grc' dir='ltr'>πεν-</span> 
     </span>
     <span class='ocr_line' id='line_1_89' title="bbox 1095 1257 1256 1288; baseline -0.006 0"><span class='ocrx_word' id='word_1_537' title='bbox 1095 1257 1256 1288; x_wconf 81' lang='grc' dir='ltr'>τεκαίδεκα.</span> 
     </span>
    </p>

    <p class='ocr_par' dir='ltr' id='par_1_14' title="bbox 1096 1301 1810 1467">
     <span class='ocr_line' id='line_1_90' title="bbox 1138 1301 1808 1342; baseline -0.003 -10"><span class='ocrx_word' id='word_1_538' title='bbox 1138 1320 1182 1325; x_wconf 84' lang='lat'>——-</span> <span class='ocrx_word' id='word_1_539' title='bbox 1196 1305 1226 1332; x_wconf 80' lang='lat'>4.</span> <span class='ocrx_word' id='word_1_540' title='bbox 1243 1301 1451 1342; x_wconf 72' lang='grc' dir='ltr'>ἑβδομήκοντα]</span> <span class='ocrx_word' id='word_1_541' title='bbox 1467 1302 1510 1332; x_wconf 88' lang='lat'>55</span> <span class='ocrx_word' id='word_1_542' title='bbox 1521 1301 1610 1331; x_wconf 85' lang='lat' dir='ltr'>minae</span> <span class='ocrx_word' id='word_1_543' title='bbox 1619 1307 1651 1331; x_wconf 88' lang='lat' dir='ltr'>et</span> <span class='ocrx_word' id='word_1_544' title='bbox 1662 1301 1704 1332; x_wconf 82' lang='lat'>75</span> <span class='ocrx_word' id='word_1_545' title='bbox 1719 1301 1808 1331; x_wconf 86' lang='lat' dir='ltr'>minae</span> 
     </span>
     <span class='ocr_line' id='line_1_91' title="bbox 1096 1344 1808 1383; baseline 0 -9"><span class='ocrx_word' id='word_1_546' title='bbox 1096 1355 1154 1374; x_wconf 90' lang='lat' dir='ltr'>non</span> <span class='ocrx_word' id='word_1_547' title='bbox 1170 1345 1346 1381; x_wconf 80' lang='lat' dir='ltr'>conficiunt,</span> <span class='ocrx_word' id='word_1_548' title='bbox 1362 1345 1422 1375; x_wconf 88' lang='lat' dir='ltr'>nisi</span> <span class='ocrx_word' id='word_1_549' title='bbox 1438 1347 1501 1375; x_wconf 80' lang='lat'>130</span> <span class='ocrx_word' id='word_1_550' title='bbox 1517 1344 1624 1375; x_wconf 88' lang='lat' dir='ltr'>minas.</span> <span class='ocrx_word' id='word_1_551' title='bbox 1644 1349 1692 1375; x_wconf 87' lang='lat' dir='ltr'>est</span> <span class='ocrx_word' id='word_1_552' title='bbox 1712 1345 1808 1383; x_wconf 85' lang='lat' dir='ltr'>igitur</span> 
     </span>
     <span class='ocr_line' id='line_1_92' title="bbox 1096 1386 1810 1428; baseline -0.001 -10"><span class='ocrx_word' id='word_1_553' title='bbox 1096 1399 1183 1418; x_wconf 87' lang='lat' dir='ltr'>error</span> <span class='ocrx_word' id='word_1_554' title='bbox 1197 1389 1226 1418; x_wconf 91' lang='lat' dir='ltr'>iu</span> <span class='ocrx_word' id='word_1_555' title='bbox 1240 1388 1374 1418; x_wconf 86' lang='lat' dir='ltr'>numeris</span> <span class='ocrx_word' id='word_1_556' title='bbox 1393 1388 1580 1424; x_wconf 77' lang='lat' dir='ltr'>manifestus,</span> <span class='ocrx_word' id='word_1_557' title='bbox 1597 1392 1628 1418; x_wconf 84' lang='lat' dir='ltr'>et</span> <span class='ocrx_word' id='word_1_558' title='bbox 1641 1388 1701 1428; x_wconf 79' lang='lat' dir='ltr'>leg.</span> <span class='ocrx_word' id='word_1_559' title='bbox 1715 1386 1810 1418; x_wconf 79' lang='grc' dir='ltr'>ἔννενή·</span> 
     </span>
     <span class='ocr_line' id='line_1_93' title="bbox 1097 1430 1422 1467; baseline 0 -5"><span class='ocrx_word' id='word_1_560' title='bbox 1097 1442 1181 1462; x_wconf 87' lang='grc' dir='ltr'>κοντα</span> <span class='ocrx_word' id='word_1_561' title='bbox 1196 1442 1243 1461; x_wconf 80' lang='grc' dir='ltr'>και</span> <span class='ocrx_word' id='word_1_562' title='bbox 1261 1430 1356 1467; x_wconf 84' lang='grc' dir='ltr'>πέντε,</span> <span class='ocrx_word' id='word_1_563' title='bbox 1369 1433 1422 1462; x_wconf 80' lang='lat'>95.</span> 
     </span>
    </p>

    <p class='ocr_par' dir='ltr' id='par_1_15' title="bbox 1098 1471 1814 1990">
     <span class='ocr_line' id='line_1_94' title="bbox 1140 1471 1810 1522; baseline -0.008 -16"><span class='ocrx_word' id='word_1_564' title='bbox 1140 1491 1183 1498; x_wconf 84' lang='lat'>--</span> <span class='ocrx_word' id='word_1_565' title='bbox 1198 1477 1250 1506; x_wconf 88' lang='lat'>18.</span> <span class='ocrx_word' id='word_1_566' title='bbox 1266 1473 1477 1517; x_wconf 73' lang='grc' dir='ltr'>ἐπακολουθεῖν]</span> <span class='ocrx_word' id='word_1_567' title='bbox 1492 1474 1564 1505; x_wconf 90' lang='lat' dir='ltr'>dedi</span> <span class='ocrx_word' id='word_1_568' title='bbox 1579 1471 1810 1522; x_wconf 76' lang='grc' dir='ltr'>ωαρακολουθειν.</span> 
     </span>
     <span class='ocr_line' id='line_1_95' title="bbox 1098 1515 1810 1559; baseline -0.003 -12"><span class='ocrx_word' id='word_1_569' title='bbox 1098 1518 1219 1548; x_wconf 88' lang='lat' dir='ltr'>tametsi</span> <span class='ocrx_word' id='word_1_570' title='bbox 1243 1528 1350 1559; x_wconf 88' lang='lat' dir='ltr'>parum</span> <span class='ocrx_word' id='word_1_571' title='bbox 1373 1519 1477 1549; x_wconf 83' lang='lat' dir='ltr'>refert.</span> <span class='ocrx_word' id='word_1_572' title='bbox 1521 1518 1681 1548; x_wconf 86' lang='lat' dir='ltr'>Sententia</span> <span class='ocrx_word' id='word_1_573' title='bbox 1701 1521 1760 1552; x_wconf 89' lang='lat' dir='ltr'>est,</span> <span class='ocrx_word' id='word_1_574' title='bbox 1779 1515 1810 1545; x_wconf 84' lang='lat' dir='ltr'>in</span> 
     </span>
     <span class='ocr_line' id='line_1_96' title="bbox 1098 1561 1810 1602; baseline -0.006 -10"><span class='ocrx_word' id='word_1_575' title='bbox 1098 1566 1227 1602; x_wconf 83' lang='lat' dir='ltr'>utraque</span> <span class='ocrx_word' id='word_1_576' title='bbox 1249 1561 1392 1598; x_wconf 87' lang='lat' dir='ltr'>lectione,</span> <span class='ocrx_word' id='word_1_577' title='bbox 1419 1562 1504 1592; x_wconf 82' lang='lat' dir='ltr'>haec:</span> <span class='ocrx_word' id='word_1_578' title='bbox 1527 1561 1579 1602; x_wconf 89' lang='lat' dir='ltr'>qui</span> <span class='ocrx_word' id='word_1_579' title='bbox 1602 1563 1810 1592; x_wconf 82' lang='lat' dir='ltr'>scrutarentur</span> 
     </span>
     <span class='ocr_line' id='line_1_97' title="bbox 1099 1605 1812 1644; baseline -0.006 -9"><span class='ocrx_word' id='word_1_580' title='bbox 1099 1609 1131 1635; x_wconf 87' lang='lat' dir='ltr'>et</span> <span class='ocrx_word' id='word_1_581' title='bbox 1146 1605 1343 1644; x_wconf 86' lang='lat' dir='ltr'>vestigarent,</span> <span class='ocrx_word' id='word_1_582' title='bbox 1360 1606 1547 1636; x_wconf 73' lang='lat' dir='ltr'>vendex-etue</span> <span class='ocrx_word' id='word_1_583' title='bbox 1567 1605 1713 1635; x_wconf 88' lang='lat' dir='ltr'>Phormio</span> <span class='ocrx_word' id='word_1_584' title='bbox 1734 1612 1812 1633; x_wconf 88' lang='lat' dir='ltr'>mer-</span> 
     </span>
     <span class='ocr_line' id='line_1_98' title="bbox 1099 1647 1812 1688; baseline -0.003 -11"><span class='ocrx_word' id='word_1_585' title='bbox 1099 1659 1151 1678; x_wconf 86' lang='lat' dir='ltr'>ces</span> <span class='ocrx_word' id='word_1_586' title='bbox 1167 1648 1198 1678; x_wconf 91' lang='lat' dir='ltr'>in</span> <span class='ocrx_word' id='word_1_587' title='bbox 1215 1650 1347 1679; x_wconf 90' lang='lat' dir='ltr'>Pontum</span> <span class='ocrx_word' id='word_1_588' title='bbox 1364 1648 1555 1688; x_wconf 86' lang='lat' dir='ltr'>importatas,</span> <span class='ocrx_word' id='word_1_589' title='bbox 1566 1648 1632 1684; x_wconf 84' lang='lat' dir='ltr'>ubi,</span> <span class='ocrx_word' id='word_1_590' title='bbox 1643 1647 1706 1683; x_wconf 85' lang='lat' dir='ltr'>eui,</span> <span class='ocrx_word' id='word_1_591' title='bbox 1717 1656 1812 1686; x_wconf 87' lang='lat' dir='ltr'>qnan-</span> 
     </span>
     <span class='ocr_line' id='line_1_99' title="bbox 1099 1690 1812 1721; baseline -0.003 -1"><span class='ocrx_word' id='word_1_592' title='bbox 1099 1691 1141 1721; x_wconf 87' lang='lat' dir='ltr'>ti?</span> <span class='ocrx_word' id='word_1_593' title='bbox 1157 1696 1189 1721; x_wconf 86' lang='lat' dir='ltr'>et</span> <span class='ocrx_word' id='word_1_594' title='bbox 1201 1702 1270 1721; x_wconf 90' lang='lat' dir='ltr'>num</span> <span class='ocrx_word' id='word_1_595' title='bbox 1282 1692 1357 1721; x_wconf 90' lang='lat' dir='ltr'>alias</span> <span class='ocrx_word' id='word_1_596' title='bbox 1370 1702 1490 1721; x_wconf 85' lang='lat' dir='ltr'>merces</span> <span class='ocrx_word' id='word_1_597' title='bbox 1501 1696 1616 1721; x_wconf 87' lang='lat' dir='ltr'>emeret</span> <span class='ocrx_word' id='word_1_598' title='bbox 1624 1690 1755 1721; x_wconf 85' lang='lat' dir='ltr'>nummis</span> <span class='ocrx_word' id='word_1_599' title='bbox 1770 1699 1812 1718; x_wconf 85' lang='lat' dir='ltr'>ex</span> 
     </span>
     <span class='ocr_line' id='line_1_100' title="bbox 1099 1734 1812 1773; baseline -0.003 -10"><span class='ocrx_word' id='word_1_600' title='bbox 1099 1734 1217 1764; x_wconf 84' lang='lat' dir='ltr'>illarum</span> <span class='ocrx_word' id='word_1_601' title='bbox 1242 1734 1380 1773; x_wconf 87' lang='lat' dir='ltr'>priorum</span> <span class='ocrx_word' id='word_1_602' title='bbox 1404 1735 1549 1764; x_wconf 85' lang='lat' dir='ltr'>mercium</span> <span class='ocrx_word' id='word_1_603' title='bbox 1566 1734 1743 1765; x_wconf 88' lang='lat' dir='ltr'>venditione</span> <span class='ocrx_word' id='word_1_604' title='bbox 1762 1742 1812 1769; x_wconf 80' lang='lat' dir='ltr'>re-</span> 
     </span>
     <span class='ocr_line' id='line_1_101' title="bbox 1099 1777 1814 1817; baseline -0.004 -10"><span class='ocrx_word' id='word_1_605' title='bbox 1099 1777 1209 1812; x_wconf 83' lang='lat' dir='ltr'>dactis,</span> <span class='ocrx_word' id='word_1_606' title='bbox 1231 1788 1307 1817; x_wconf 88' lang='lat' dir='ltr'>quas</span> <span class='ocrx_word' id='word_1_607' title='bbox 1335 1777 1420 1807; x_wconf 89' lang='lat' dir='ltr'>illinc</span> <span class='ocrx_word' id='word_1_608' title='bbox 1450 1777 1585 1807; x_wconf 85' lang='lat' dir='ltr'>Athenas</span> <span class='ocrx_word' id='word_1_609' title='bbox 1611 1778 1752 1811; x_wconf 87' lang='lat' dir='ltr'>referret,</span> <span class='ocrx_word' id='word_1_610' title='bbox 1779 1779 1814 1805; x_wconf 89' lang='lat' dir='ltr'>ut</span> 
     </span>
     <span class='ocr_line' id='line_1_102' title="bbox 1098 1820 1811 1859; baseline -0.003 -9"><span class='ocrx_word' id='word_1_611' title='bbox 1098 1827 1220 1850; x_wconf 83' lang='lat' dir='ltr'>cautum</span> <span class='ocrx_word' id='word_1_612' title='bbox 1232 1825 1296 1850; x_wconf 89' lang='lat' dir='ltr'>erat</span> <span class='ocrx_word' id='word_1_613' title='bbox 1313 1820 1340 1850; x_wconf 90' lang='lat' dir='ltr'>in</span> <span class='ocrx_word' id='word_1_614' title='bbox 1352 1820 1477 1856; x_wconf 89' lang='lat' dir='ltr'>tabulis,</span> <span class='ocrx_word' id='word_1_615' title='bbox 1491 1821 1661 1850; x_wconf 87' lang='lat' dir='ltr'>fideliterne</span> <span class='ocrx_word' id='word_1_616' title='bbox 1673 1825 1704 1849; x_wconf 88' lang='lat' dir='ltr'>et</span> <span class='ocrx_word' id='word_1_617' title='bbox 1716 1820 1811 1859; x_wconf 87' lang='lat' dir='ltr'>probe</span> 
     </span>
     <span class='ocr_line' id='line_1_103' title="bbox 1099 1864 1811 1903; baseline -0.004 -10"><span class='ocrx_word' id='word_1_618' title='bbox 1099 1864 1323 1894; x_wconf 83' lang='lat' dir='ltr'>administraret</span> <span class='ocrx_word' id='word_1_619' title='bbox 1347 1864 1494 1902; x_wconf 83' lang='lat' dir='ltr'>pecunias</span> <span class='ocrx_word' id='word_1_620' title='bbox 1515 1873 1531 1892; x_wconf 88' lang='lat' dir='ltr'>a</span> <span class='ocrx_word' id='word_1_621' title='bbox 1548 1864 1724 1903; x_wconf 81' lang='lat' dir='ltr'>Chrysippo</span> <span class='ocrx_word' id='word_1_622' title='bbox 1744 1872 1811 1891; x_wconf 83' lang='lat' dir='ltr'>ere-</span> 
     </span>
     <span class='ocr_line' id='line_1_104' title="bbox 1099 1905 1812 1946; baseline -0.003 -9"><span class='ocrx_word' id='word_1_623' title='bbox 1099 1907 1191 1943; x_wconf 86' lang='lat' dir='ltr'>ditas,</span> <span class='ocrx_word' id='word_1_624' title='bbox 1205 1909 1310 1942; x_wconf 87' lang='lat' dir='ltr'>verbo,</span> <span class='ocrx_word' id='word_1_625' title='bbox 1326 1907 1378 1945; x_wconf 89' lang='lat' dir='ltr'>qui</span> <span class='ocrx_word' id='word_1_626' title='bbox 1393 1910 1497 1946; x_wconf 82' lang='lat' dir='ltr'>coepta</span> <span class='ocrx_word' id='word_1_627' title='bbox 1508 1910 1539 1936; x_wconf 87' lang='lat' dir='ltr'>et</span> <span class='ocrx_word' id='word_1_628' title='bbox 1553 1911 1638 1945; x_wconf 77' lang='lat' dir='ltr'>gesta</span> <span class='ocrx_word' id='word_1_629' title='bbox 1653 1908 1719 1946; x_wconf 87' lang='lat' dir='ltr'>ejus</span> <span class='ocrx_word' id='word_1_630' title='bbox 1735 1905 1812 1936; x_wconf 81' lang='lat' dir='ltr'>acri-</span> 
     </span>
     <span class='ocr_line' id='line_1_105' title="bbox 1099 1951 1652 1990; baseline 0 -9"><span class='ocrx_word' id='word_1_631' title='bbox 1099 1955 1145 1981; x_wconf 86' lang='lat' dir='ltr'>ter</span> <span class='ocrx_word' id='word_1_632' title='bbox 1161 1951 1402 1990; x_wconf 87' lang='lat' dir='ltr'>specularentur.</span> <span class='ocrx_word' id='word_1_633' title='bbox 1419 1961 1448 1980; x_wconf 81' lang='grc' dir='ltr'><strong>ν.</strong></span> <span class='ocrx_word' id='word_1_634' title='bbox 1460 1961 1491 1989; x_wconf 87' lang='lat' dir='ltr'>p.</span> <span class='ocrx_word' id='word_1_635' title='bbox 1509 1952 1582 1981; x_wconf 90' lang='lat'>915.</span> <span class='ocrx_word' id='word_1_636' title='bbox 1601 1953 1652 1981; x_wconf 87' lang='lat'>18.</span> 
     </span>
    </p>

    <p class='ocr_par' dir='ltr' id='par_1_16' title="bbox 1099 1991 1813 2327">
     <span class='ocr_line' id='line_1_106' title="bbox 1142 1991 1811 2036; baseline -0.006 -11"><span class='ocrx_word' id='word_1_637' title='bbox 1142 2012 1185 2017; x_wconf 89' lang='lat'>—</span> <span class='ocrx_word' id='word_1_638' title='bbox 1200 1995 1252 2025; x_wconf 64' lang='lat'>25.</span> <span class='ocrx_word' id='word_1_639' title='bbox 1267 1992 1444 2036; x_wconf 78' lang='grc' dir='ltr'>ἑτερόπλοια]</span> <span class='ocrx_word' id='word_1_640' title='bbox 1457 1993 1609 2023; x_wconf 81' lang='lat' dir='ltr'>consentit</span> <span class='ocrx_word' id='word_1_641' title='bbox 1624 1993 1673 2023; x_wconf 85' lang='lat' dir='ltr'>hic</span> <span class='ocrx_word' id='word_1_642' title='bbox 1688 1991 1811 2031; x_wconf 86' lang='lat' dir='ltr'>quidem</span> 
     </span>
     <span class='ocr_line' id='line_1_107' title="bbox 1100 2034 1812 2078; baseline -0.006 -11"><span class='ocrx_word' id='word_1_643' title='bbox 1100 2038 1295 2078; x_wconf 84' lang='lat' dir='ltr'>Augustanus</span> <span class='ocrx_word' id='word_1_644' title='bbox 1319 2038 1461 2077; x_wconf 82' lang='lat' dir='ltr'>vulgatae,</span> <span class='ocrx_word' id='word_1_645' title='bbox 1485 2043 1706 2072; x_wconf 79' lang='lat' dir='ltr'>verumtamen,</span> <span class='ocrx_word' id='word_1_646' title='bbox 1729 2034 1812 2075; x_wconf 92' lang='lat' dir='ltr'>quod</span> 
     </span>
     <span class='ocr_line' id='line_1_108' title="bbox 1099 2061 1812 2121; baseline -0.004 -11"><span class='ocrx_word' id='word_1_647' title='bbox 1099 2081 1152 2112; x_wconf 90' lang='lat' dir='ltr'>ille</span> <span class='ocrx_word' id='word_1_648' title='bbox 1182 2081 1362 2121; x_wconf 88' lang='lat' dir='ltr'>plerumque</span> <span class='ocrx_word' id='word_1_649' title='bbox 1373 2061 1538 2110; x_wconf 69' lang='lat' dir='ltr'>⁰vocabu1a</span> <span class='ocrx_word' id='word_1_650' title='bbox 1564 2080 1629 2109; x_wconf 84' lang='lat' dir='ltr'>haec</span> <span class='ocrx_word' id='word_1_651' title='bbox 1657 2078 1812 2118; x_wconf 79' lang='lat' dir='ltr'>adjectiva</span> 
     </span>
     <span class='ocr_line' id='line_1_109' title="bbox 1100 2121 1812 2165; baseline -0.006 -12"><span class='ocrx_word' id='word_1_652' title='bbox 1100 2123 1336 2165; x_wconf 77' lang='grc' dir='ltr'>ἀμφοτερόπλους</span> <span class='ocrx_word' id='word_1_653' title='bbox 1349 2129 1381 2154; x_wconf 82' lang='lat' dir='ltr'>et</span> <span class='ocrx_word' id='word_1_654' title='bbox 1398 2122 1574 2163; x_wconf 73' lang='grc' dir='ltr'>ἑτορόπλους,</span> <span class='ocrx_word' id='word_1_655' title='bbox 1588 2123 1732 2153; x_wconf 71' lang='lat' dir='ltr'>exhibeat</span> <span class='ocrx_word' id='word_1_656' title='bbox 1748 2121 1812 2151; x_wconf 86' lang='lat' dir='ltr'>sine</span> 
     </span>
     <span class='ocr_line' id='line_1_110' title="bbox 1101 2163 1812 2207; baseline -0.004 -11"><span class='ocrx_word' id='word_1_657' title='bbox 1101 2179 1122 2203; x_wconf 83' lang='grc' dir='ltr'>ι,</span> <span class='ocrx_word' id='word_1_658' title='bbox 1146 2178 1241 2207; x_wconf 87' lang='lat' dir='ltr'>eaque</span> <span class='ocrx_word' id='word_1_659' title='bbox 1263 2167 1416 2197; x_wconf 76' lang='lat' dir='ltr'>formandi</span> <span class='ocrx_word' id='word_1_660' title='bbox 1435 2167 1511 2196; x_wconf 82' lang='lat' dir='ltr'>ratio</span> <span class='ocrx_word' id='word_1_661' title='bbox 1526 2166 1625 2205; x_wconf 84' lang='lat' dir='ltr'>magis</span> <span class='ocrx_word' id='word_1_662' title='bbox 1646 2163 1812 2195; x_wconf 88' lang='lat' dir='ltr'>convenire</span> 
     </span>
     <span class='ocr_line' id='line_1_111' title="bbox 1102 2207 1813 2249; baseline -0.006 -9"><span class='ocrx_word' id='word_1_663' title='bbox 1102 2211 1243 2241; x_wconf 88' lang='lat' dir='ltr'>videatur</span> <span class='ocrx_word' id='word_1_664' title='bbox 1271 2209 1429 2249; x_wconf 77' lang='lat' dir='ltr'>analogiae,</span> <span class='ocrx_word' id='word_1_665' title='bbox 1456 2209 1528 2239; x_wconf 89' lang='lat' dir='ltr'>ideo</span> <span class='ocrx_word' id='word_1_666' title='bbox 1555 2210 1646 2240; x_wconf 82' lang='lat' dir='ltr'>etiam</span> <span class='ocrx_word' id='word_1_667' title='bbox 1672 2208 1723 2238; x_wconf 78' lang='lat' dir='ltr'>hio</span> <span class='ocrx_word' id='word_1_668' title='bbox 1750 2207 1813 2237; x_wconf 80' lang='grc' dir='ltr'>ἑτε-</span> 
     </span>
     <span class='ocr_line' id='line_1_112' title="bbox 1100 2251 1812 2295; baseline -0.006 -11"><span class='ocrx_word' id='word_1_669' title='bbox 1100 2254 1217 2295; x_wconf 81' lang='grc' dir='ltr'>ρόπλοα,</span> <span class='ocrx_word' id='word_1_670' title='bbox 1241 2253 1306 2283; x_wconf 86' lang='lat' dir='ltr'>sine</span> <span class='ocrx_word' id='word_1_671' title='bbox 1332 2254 1407 2290; x_wconf 83' lang='lat' dir='ltr'>iota,</span> <span class='ocrx_word' id='word_1_672' title='bbox 1430 2253 1515 2288; x_wconf 85' lang='lat' dir='ltr'>dedi,</span> <span class='ocrx_word' id='word_1_673' title='bbox 1542 2256 1573 2282; x_wconf 88' lang='lat' dir='ltr'>et</span> <span class='ocrx_word' id='word_1_674' title='bbox 1598 2252 1631 2282; x_wconf 91' lang='lat' dir='ltr'>in</span> <span class='ocrx_word' id='word_1_675' title='bbox 1658 2251 1812 2282; x_wconf 88' lang='lat' dir='ltr'>similibus</span> 
     </span>
     <span class='ocr_line' id='line_1_113' title="bbox 1101 2297 1274 2327; baseline 0 0"><span class='ocrx_word' id='word_1_676' title='bbox 1101 2298 1168 2327; x_wconf 87' lang='lat' dir='ltr'>aliis</span> <span class='ocrx_word' id='word_1_677' title='bbox 1186 2297 1274 2327; x_wconf 82' lang='lat' dir='ltr'>locis.</span> 
     </span>
    </p>

    <p class='ocr_par' dir='ltr' id='par_1_17' title="bbox 1100 2335 1822 3068">
     <span class='ocr_line' id='line_1_114' title="bbox 1144 2335 1812 2379; baseline -0.007 -8"><span class='ocrx_word' id='word_1_678' title='bbox 1144 2343 1217 2371; x_wconf 82' lang='lat'>910.</span> <span class='ocrx_word' id='word_1_679' title='bbox 1235 2343 1264 2370; x_wconf 93' lang='lat'>1.</span> <span class='ocrx_word' id='word_1_680' title='bbox 1290 2340 1416 2379; x_wconf 75' lang='grc' dir='ltr'>ἄπρατον</span> <span class='ocrx_word' id='word_1_681' title='bbox 1432 2340 1486 2378; x_wconf 70' lang='grc' dir='ltr'>γὰρ</span> <span class='ocrx_word' id='word_1_682' title='bbox 1505 2337 1572 2370; x_wconf 72' lang='grc' dir='ltr'>εἶναι</span> <span class='ocrx_word' id='word_1_683' title='bbox 1588 2337 1634 2368; x_wconf 77' lang='grc' dir='ltr'>τὸν</span> <span class='ocrx_word' id='word_1_684' title='bbox 1653 2335 1812 2379; x_wconf 71' lang='grc' dir='ltr'>ἄνθρωπον]</span> 
     </span>
     <span class='ocr_line' id='line_1_115' title="bbox 1101 2382 1812 2423; baseline -0.006 -10"><span class='ocrx_word' id='word_1_685' title='bbox 1101 2384 1172 2414; x_wconf 90' lang='lat' dir='ltr'>dedi</span> <span class='ocrx_word' id='word_1_686' title='bbox 1190 2394 1244 2422; x_wconf 88' lang='lat' dir='ltr'>pro</span> <span class='ocrx_word' id='word_1_687' title='bbox 1260 2390 1416 2423; x_wconf 86' lang='lat' dir='ltr'>postrema</span> <span class='ocrx_word' id='word_1_688' title='bbox 1432 2393 1508 2412; x_wconf 84' lang='lat' dir='ltr'>voce</span> <span class='ocrx_word' id='word_1_689' title='bbox 1528 2382 1624 2422; x_wconf 72' lang='grc' dir='ltr'>ῥῶπον,</span> <span class='ocrx_word' id='word_1_690' title='bbox 1645 2382 1812 2411; x_wconf 88' lang='lat' dir='ltr'>obsecutus</span> 
     </span>
     <span class='ocr_line' id='line_1_116' title="bbox 1100 2424 1813 2465; baseline -0.004 -9"><span class='ocrx_word' id='word_1_691' title='bbox 1100 2426 1236 2463; x_wconf 87' lang='lat' dir='ltr'>Valesio,</span> <span class='ocrx_word' id='word_1_692' title='bbox 1258 2427 1309 2465; x_wconf 85' lang='lat' dir='ltr'>qui</span> <span class='ocrx_word' id='word_1_693' title='bbox 1332 2436 1364 2465; x_wconf 85' lang='lat' dir='ltr'>p.</span> <span class='ocrx_word' id='word_1_694' title='bbox 1389 2427 1418 2456; x_wconf 80' lang='lat'>4.</span> <span class='ocrx_word' id='word_1_695' title='bbox 1442 2425 1606 2455; x_wconf 86' lang='lat' dir='ltr'>Emendat.</span> <span class='ocrx_word' id='word_1_696' title='bbox 1633 2424 1813 2455; x_wconf 90' lang='lat' dir='ltr'>mendosum</span> 
     </span>
     <span class='ocr_line' id='line_1_117' title="bbox 1101 2467 1814 2500; baseline -0.006 0"><span class='ocrx_word' id='word_1_697' title='bbox 1101 2470 1182 2500; x_wconf 85' lang='lat' dir='ltr'>hunc</span> <span class='ocrx_word' id='word_1_698' title='bbox 1197 2470 1298 2499; x_wconf 87' lang='lat' dir='ltr'>locum</span> <span class='ocrx_word' id='word_1_699' title='bbox 1312 2469 1396 2499; x_wconf 83' lang='lat' dir='ltr'>felici</span> <span class='ocrx_word' id='word_1_700' title='bbox 1412 2468 1538 2498; x_wconf 84' lang='lat' dir='ltr'>solertia</span> <span class='ocrx_word' id='word_1_701' title='bbox 1552 2468 1682 2498; x_wconf 83' lang='lat' dir='ltr'>sanavit.</span> <span class='ocrx_word' id='word_1_702' title='bbox 1712 2467 1814 2497; x_wconf 87' lang='lat' dir='ltr'>Causa</span> 
     </span>
     <span class='ocr_line' id='line_1_118' title="bbox 1102 2511 1822 2552; baseline -0.006 -9"><span class='ocrx_word' id='word_1_703' title='bbox 1102 2513 1170 2552; x_wconf 86' lang='lat' dir='ltr'>ipsa</span> <span class='ocrx_word' id='word_1_704' title='bbox 1187 2513 1275 2543; x_wconf 85' lang='lat' dir='ltr'>salva</span> <span class='ocrx_word' id='word_1_705' title='bbox 1288 2516 1351 2550; x_wconf 87' lang='lat' dir='ltr'>est;</span> <span class='ocrx_word' id='word_1_706' title='bbox 1377 2512 1433 2542; x_wconf 86' lang='lat' dir='ltr'>sed</span> <span class='ocrx_word' id='word_1_707' title='bbox 1449 2517 1745 2551; x_wconf 78' lang='lat' dir='ltr'>argumentum,quo</span> <span class='ocrx_word' id='word_1_708' title='bbox 1763 2511 1822 2540; x_wconf 87' lang='lat' dir='ltr'>vir·</span> 
     </span>
     <span class='ocr_line' id='line_1_119' title="bbox 1102 2553 1813 2593; baseline -0.006 -7"><span class='ocrx_word' id='word_1_709' title='bbox 1102 2556 1299 2586; x_wconf 85' lang='lat' dir='ltr'>doctissimus</span> <span class='ocrx_word' id='word_1_710' title='bbox 1321 2555 1429 2590; x_wconf 87' lang='lat' dir='ltr'>utitur,</span> <span class='ocrx_word' id='word_1_711' title='bbox 1445 2564 1552 2585; x_wconf 87' lang='lat' dir='ltr'>vereor</span> <span class='ocrx_word' id='word_1_712' title='bbox 1577 2565 1614 2584; x_wconf 88' lang='lat' dir='ltr'>ne</span> <span class='ocrx_word' id='word_1_713' title='bbox 1633 2564 1738 2593; x_wconf 86' lang='lat' dir='ltr'>parum</span> <span class='ocrx_word' id='word_1_714' title='bbox 1765 2553 1813 2582; x_wconf 87' lang='lat' dir='ltr'>fir-</span> 
     </span>
     <span class='ocr_line' id='line_1_120' title="bbox 1103 2597 1814 2632; baseline -0.006 -2"><span class='ocrx_word' id='word_1_715' title='bbox 1103 2611 1184 2630; x_wconf 89' lang='lat' dir='ltr'>mum</span> <span class='ocrx_word' id='word_1_716' title='bbox 1205 2599 1252 2629; x_wconf 86' lang='lat' dir='ltr'>sit.</span> <span class='ocrx_word' id='word_1_717' title='bbox 1297 2598 1518 2629; x_wconf 85' lang='lat' dir='ltr'>Grammaticos</span> <span class='ocrx_word' id='word_1_718' title='bbox 1539 2598 1582 2627; x_wconf 82' lang='lat' dir='ltr'>ait</span> <span class='ocrx_word' id='word_1_719' title='bbox 1606 2597 1725 2632; x_wconf 83' lang='lat' dir='ltr'>testari,</span> <span class='ocrx_word' id='word_1_720' title='bbox 1751 2597 1814 2626; x_wconf 90' lang='lat' dir='ltr'>De-</span> 
     </span>
     <span class='ocr_line' id='line_1_121' title="bbox 1103 2640 1814 2682; baseline -0.006 -9"><span class='ocrx_word' id='word_1_721' title='bbox 1103 2643 1322 2673; x_wconf 83' lang='lat' dir='ltr'>mosthenicum</span> <span class='ocrx_word' id='word_1_722' title='bbox 1334 2652 1404 2671; x_wconf 87' lang='lat' dir='ltr'>esse</span> <span class='ocrx_word' id='word_1_723' title='bbox 1418 2641 1599 2671; x_wconf 82' lang='lat' dir='ltr'>vocabulum</span> <span class='ocrx_word' id='word_1_724' title='bbox 1616 2641 1723 2682; x_wconf 74' lang='grc' dir='ltr'>ῥῶανος.</span> <span class='ocrx_word' id='word_1_725' title='bbox 1746 2640 1814 2670; x_wconf 88' lang='lat' dir='ltr'>Jam</span> 
     </span>
     <span class='ocr_line' id='line_1_122' title="bbox 1102 2684 1816 2724; baseline -0.007 -7"><span class='ocrx_word' id='word_1_726' title='bbox 1102 2687 1133 2716; x_wconf 90' lang='lat' dir='ltr'>in</span> <span class='ocrx_word' id='word_1_727' title='bbox 1149 2690 1215 2717; x_wconf 90' lang='lat' dir='ltr'>toto</span> <span class='ocrx_word' id='word_1_728' title='bbox 1239 2685 1455 2720; x_wconf 85' lang='lat' dir='ltr'>Demosthene,</span> <span class='ocrx_word' id='word_1_729' title='bbox 1471 2684 1523 2724; x_wconf 87' lang='lat' dir='ltr'>qui</span> <span class='ocrx_word' id='word_1_730' title='bbox 1539 2684 1577 2713; x_wconf 86' lang='lat' dir='ltr'>ad</span> <span class='ocrx_word' id='word_1_731' title='bbox 1594 2694 1648 2714; x_wconf 91' lang='lat' dir='ltr'>nos</span> <span class='ocrx_word' id='word_1_732' title='bbox 1664 2692 1816 2722; x_wconf 86' lang='lat' dir='ltr'>pervene-</span> 
     </span>
     <span class='ocr_line' id='line_1_123' title="bbox 1103 2725 1815 2765; baseline -0.008 -5"><span class='ocrx_word' id='word_1_733' title='bbox 1103 2730 1155 2765; x_wconf 86' lang='lat' dir='ltr'>rit,</span> <span class='ocrx_word' id='word_1_734' title='bbox 1183 2730 1299 2760; x_wconf 88' lang='lat' dir='ltr'>uullum</span> <span class='ocrx_word' id='word_1_735' title='bbox 1328 2727 1452 2758; x_wconf 88' lang='lat' dir='ltr'>memini</span> <span class='ocrx_word' id='word_1_736' title='bbox 1481 2736 1550 2756; x_wconf 89' lang='lat' dir='ltr'>esse</span> <span class='ocrx_word' id='word_1_737' title='bbox 1580 2727 1673 2756; x_wconf 86' lang='lat' dir='ltr'>alium</span> <span class='ocrx_word' id='word_1_738' title='bbox 1702 2725 1815 2761; x_wconf 88' lang='lat' dir='ltr'>locum,</span> 
     </span>
     <span class='ocr_line' id='line_1_124' title="bbox 1104 2769 1819 2812; baseline -0.007 -9"><span class='ocrx_word' id='word_1_739' title='bbox 1104 2778 1217 2812; x_wconf 75' lang='lat' dir='ltr'>praeter</span> <span class='ocrx_word' id='word_1_740' title='bbox 1246 2773 1336 2808; x_wconf 87' lang='lat' dir='ltr'>hunc,</span> <span class='ocrx_word' id='word_1_741' title='bbox 1359 2771 1409 2800; x_wconf 89' lang='lat' dir='ltr'>cui</span> <span class='ocrx_word' id='word_1_742' title='bbox 1437 2770 1620 2800; x_wconf 80' lang='lat' dir='ltr'>vocabulum</span> <span class='ocrx_word' id='word_1_743' title='bbox 1644 2769 1819 2799; x_wconf 84' lang='lat' dir='ltr'>conveniat.</span> 
     </span>
     <span class='ocr_line' id='line_1_125' title="bbox 1106 2812 1815 2852; baseline -0.007 -5"><span class='ocrx_word' id='word_1_744' title='bbox 1106 2817 1216 2846; x_wconf 82' lang='lat' dir='ltr'>Potest</span> <span class='ocrx_word' id='word_1_745' title='bbox 1230 2815 1305 2846; x_wconf 83' lang='lat' dir='ltr'>fieri.</span> <span class='ocrx_word' id='word_1_746' title='bbox 1349 2814 1410 2843; x_wconf 87' lang='lat' dir='ltr'>Sed</span> <span class='ocrx_word' id='word_1_747' title='bbox 1428 2817 1520 2852; x_wconf 86' lang='lat' dir='ltr'>quota</span> <span class='ocrx_word' id='word_1_748' title='bbox 1542 2823 1615 2852; x_wconf 84' lang='lat' dir='ltr'>pars</span> <span class='ocrx_word' id='word_1_749' title='bbox 1630 2812 1815 2842; x_wconf 71' lang='lat' dir='ltr'>Demosffie-</span> 
     </span>
     <span class='ocr_line' id='line_1_126' title="bbox 1104 2855 1817 2898; baseline -0.008 -8"><span class='ocrx_word' id='word_1_750' title='bbox 1104 2860 1151 2889; x_wconf 85' lang='lat' dir='ltr'>nis</span> <span class='ocrx_word' id='word_1_751' title='bbox 1166 2859 1284 2898; x_wconf 87' lang='lat' dir='ltr'>reliqua</span> <span class='ocrx_word' id='word_1_752' title='bbox 1298 2857 1386 2888; x_wconf 87' lang='lat' dir='ltr'>nohis</span> <span class='ocrx_word' id='word_1_753' title='bbox 1406 2857 1486 2886; x_wconf 86' lang='lat' dir='ltr'>facta</span> <span class='ocrx_word' id='word_1_754' title='bbox 1501 2861 1560 2893; x_wconf 89' lang='lat' dir='ltr'>est,</span> <span class='ocrx_word' id='word_1_755' title='bbox 1579 2861 1611 2886; x_wconf 89' lang='lat' dir='ltr'>et</span> <span class='ocrx_word' id='word_1_756' title='bbox 1626 2855 1817 2895; x_wconf 82' lang='lat' dir='ltr'>grammatici</span> 
     </span>
     <span class='ocr_line' id='line_1_127' title="bbox 1106 2898 1816 2942; baseline -0.009 -9"><span class='ocrx_word' id='word_1_757' title='bbox 1106 2913 1189 2942; x_wconf 73' lang='lat' dir='ltr'>smpc</span> <span class='ocrx_word' id='word_1_758' title='bbox 1219 2902 1305 2931; x_wconf 88' lang='lat' dir='ltr'>locos</span> <span class='ocrx_word' id='word_1_759' title='bbox 1333 2910 1349 2929; x_wconf 88' lang='lat' dir='ltr'>e</span> <span class='ocrx_word' id='word_1_760' title='bbox 1374 2899 1543 2938; x_wconf 84' lang='lat' dir='ltr'>deperditis</span> <span class='ocrx_word' id='word_1_761' title='bbox 1568 2898 1655 2930; x_wconf 90' lang='lat' dir='ltr'>libris</span> <span class='ocrx_word' id='word_1_762' title='bbox 1678 2899 1816 2929; x_wconf 78' lang='lat' dir='ltr'>afferunt.</span> 
     </span>
     <span class='ocr_line' id='line_1_128' title="bbox 1107 2941 1817 2975; baseline -0.007 0"><span class='ocrx_word' id='word_1_763' title='bbox 1107 2952 1249 2975; x_wconf 70' lang='lat' dir='ltr'>caeterum</span> <span class='ocrx_word' id='word_1_764' title='bbox 1268 2944 1449 2974; x_wconf 81' lang='lat' dir='ltr'>vocabulum</span> <span class='ocrx_word' id='word_1_765' title='bbox 1467 2941 1581 2972; x_wconf 82' lang='lat' dir='ltr'>fastidii</span> <span class='ocrx_word' id='word_1_766' title='bbox 1598 2947 1630 2972; x_wconf 83' lang='lat' dir='ltr'>et</span> <span class='ocrx_word' id='word_1_767' title='bbox 1646 2945 1817 2972; x_wconf 80' lang='lat' dir='ltr'>contemtus</span> 
     </span>
     <span class='ocr_line' id='line_1_129' title="bbox 1106 2985 1815 3027; baseline -0.007 -9"><span class='ocrx_word' id='word_1_768' title='bbox 1106 2993 1196 3027; x_wconf 78' lang='lat' dir='ltr'>atque</span> <span class='ocrx_word' id='word_1_769' title='bbox 1217 2986 1407 3017; x_wconf 71' lang='lat' dir='ltr'>contumelia:</span> <span class='ocrx_word' id='word_1_770' title='bbox 1426 2987 1548 3026; x_wconf 85' lang='lat' dir='ltr'>plenum</span> <span class='ocrx_word' id='word_1_771' title='bbox 1568 2987 1613 3016; x_wconf 85' lang='lat' dir='ltr'>sic</span> <span class='ocrx_word' id='word_1_772' title='bbox 1634 2986 1708 3015; x_wconf 82' lang='lat' dir='ltr'>satis</span> <span class='ocrx_word' id='word_1_773' title='bbox 1726 2985 1815 3014; x_wconf 85' lang='lat' dir='ltr'>decet</span> 
     </span>
     <span class='ocr_line' id='line_1_130' title="bbox 1107 3027 1816 3068; baseline -0.008 -6"><span class='ocrx_word' id='word_1_774' title='bbox 1107 3032 1297 3062; x_wconf 84' lang='lat' dir='ltr'>stomachum</span> <span class='ocrx_word' id='word_1_775' title='bbox 1313 3029 1503 3065; x_wconf 81' lang='lat' dir='ltr'>mercatoris,</span> <span class='ocrx_word' id='word_1_776' title='bbox 1517 3039 1533 3059; x_wconf 86' lang='lat' dir='ltr'>a</span> <span class='ocrx_word' id='word_1_777' title='bbox 1546 3029 1658 3068; x_wconf 77' lang='lat' dir='ltr'>frigore</span> <span class='ocrx_word' id='word_1_778' title='bbox 1672 3027 1816 3059; x_wconf 86' lang='lat' dir='ltr'>mercium</span> 
     </span>
    </p>
   </div>
  </div>
 </body>
</html>
