1997 3323
325 194 381 235 38

367 317 408 323 —-
423 302 454 330 7.
477 299 576 329 ἐνθάδε
592 299 722 340 οῖκήσας]
746 299 862 329 dicitur
886 298 966 329 enim
991 298 1044 328 uli-

324 343 469 383 quamdiu
486 343 642 373 Platoncm
662 343 883 382 frequentasse.

368 404 410 408 —-
426 388 479 416 14.
505 384 752 427 πρυτανευόμενοι]
776 386 859 415 Citat
873 385 903 414 h.
921 385 944 414 l.
962 385 1044 414 Har-

324 439 410 468 poer.
435 440 466 460 v.
492 429 710 470 πρυτανεύοντα.
733 428 785 458 ubi
814 426 1044 468 πρυτανευόμενοι

324 474 542 512 interpretatur
561 484 617 512 per
634 471 807 510 διοικούμενοι
826 471 875 500 καὶ
898 470 1044 511 διατξεφό-

324 526 413 553 μενοι.
434 526 502 546 nam
521 517 566 546 sic
582 515 623 545 ibi
646 516 707 553 leg.
725 520 783 550 est,
799 525 859 544 non
879 518 911 544 ut
931 514 1045 544 vitiose

324 559 369 589 ibi
386 559 481 599 vulgo
495 560 709 589 circumfertur
721 558 873 598 Scaeoegess.
888 557 1042 587 alimentis

326 602 458 642 aliisque
491 603 563 632 vitae
592 601 780 641 quotidianis
805 601 1044 631 necessitatibus

324 646 468 676 instructi
484 657 501 675 a
518 645 675 684 Philippu.

365 707 410 712 —-
424 693 474 721 18.
492 687 641 730 ὠργίζετο]
666 688 762 718 citat.
780 687 810 717 h.
828 688 849 717 l.
866 687 1044 717 Alexander

323 733 363 762 de
384 732 487 771 figuris
504 743 536 771 p.
552 733 604 761 66.
631 731 681 761 uhi
703 742 760 771 pro
781 731 883 761 verbis
907 732 968 764 τοῖς
989 730 1045 771 μὲν

323 776 372 806 οὐκ
387 774 516 815 ὠργίζετο
531 775 585 804 dat
600 774 698 805 editio
715 774 828 804 Aldina
843 773 891 803 καὶ
909 775 969 807 τοῖς
989 774 1045 813 μὲν

322 818 402 859 ὅμως
422 819 487 857 ὢργ.
513 818 595 848 unde
612 818 796 856 suspiceris,
820 817 850 846 in
874 817 962 846 libris
977 819 1044 857 qui-

326 862 454 891 busdam
474 863 564 891 Dem.
576 861 649 891 olim
663 862 758 891 fuisse
775 861 835 894 τοῖς
846 859 901 900 μὲν
914 860 1045 900 οὐδαμῶς

324 904 390 945 [vel
408 904 462 934 οὐδ’
476 904 561 945 δ’λως]
578 903 721 944 ὠργίζετο.

370 950 442 977 127.
459 950 512 978 25.
533 948 740 988 δυσωποῧμαι]
770 946 853 976 Citat
875 945 905 975 h.
921 945 944 975 l.
961 946 1044 976 Har-

322 1001 411 1030 pocr.
426 1002 458 1021 v.
474 992 675 1031 δυσωποῦμαι.
690 991 897 1029 interpretans
915 999 973 1027 per
993 997 1045 1029 φο-

324 1033 444 1074 Βοῦμαι.
462 1034 549 1074 atqui
565 1035 609 1064 sic
625 1033 814 1064 discriminis
832 1033 874 1062 nil
889 1032 982 1062 video
999 1034 1046 1062 in-

322 1083 369 1107 ter
379 1077 481 1118 ὂῤῥωδῶ
491 1084 523 1108 et
534 1077 734 1117 δυσωποῧμαι.
745 1076 896 1107 sententia
908 1081 954 1106 est
965 1086 972 1105 :
985 1086 1044 1106 non

324 1125 427 1151 metuo
450 1121 576 1160 quidem
604 1121 690 1161 iilos,
713 1125 926 1152 verumtamen
954 1131 1045 1150 reve-

323 1164 424 1194 rentia
439 1169 470 1193 et
486 1165 605 1203 pudore
626 1175 731 1194 eorum
751 1164 948 1203 comprimor,
973 1174 1046 1193 con·

326 1208 453 1237 ticesco.

368 1268 410 1273 —-
424 1253 475 1281 27.
488 1251 656 1292 ὑπάγουσι]
674 1250 758 1280 Citat
768 1251 798 1280 h.
811 1250 832 1280 l.
846 1250 1001 1289 Harpocr.
1016 1260 1045 1280 v.

326 1294 453 1332 ὑπάγειν.

365 1354 409 1360 --
424 1336 499 1367 ibid.
521 1335 615 1366 καίτοι
630 1336 672 1375 μὲ
688 1335 808 1376 γένοιτο]
833 1335 989 1367 Aristides
1005 1336 1044 1365 (le

324 1381 365 1410 D.
382 1380 418 1409 C.
433 1390 466 1420 p.
483 1383 557 1410 200.
574 1379 732 1420 βαρύτητος
746 1379 774 1409 δὲ
789 1379 837 1409 καὶ
852 1378 886 1409 τὸ
907 1379 1044 1421 ἀπεύχε-

323 1421 392 1453 σθαι
407 1426 447 1454 τὰ
463 1423 581 1453 ἄτοπα.
596 1423 687 1453 καίτοι
703 1425 747 1464 μὴ
761 1422 920 1461 γένοιτο-
931 1424 967 1453 ad
982 1433 1045 1453 ποι·

324 1469 391 1497 ἧσαι
408 1466 555 1506 Φιλίππῳ,
566 1466 699 1496 subaudi
713 1465 787 1507 ‘cv-25:
798 1466 891 1507 250¹th-

368 1513 442 1540 128.
459 1513 489 1540 2.
508 1509 594 1540 καλήν
609 1509 638 1548 γ’
651 1510 672 1539 οἱ
692 1509 792 1539 πολλοὶ
803 1510 860 1551 --]
886 1508 1045 1540 Aristides

324 1554 363 1582 de
382 1553 423 1583 D.
438 1555 472 1583 G.
487 1563 518 1591 p.
530 1555 603 1583 ⁶200.
619 1563 690 1592 pen.
706 1556 787 1583 κατὰ,
802 1552 830 1583 δὲ
846 1554 958 1595 σχῆμα
970 1551 1044 1582 οὕτω

323 1596 446 1638 βαρύτης
458 1594 577 1635 γίνεται,
589 1595 656 1627 ὅταν
670 1608 717 1630 τις
728 1596 772 1637 τῷ
782 1597 834 1632 τῆς
842 1594 957 1632 διανοίας
969 1595 1046 1637 σχή-

707 190 742 231 Ι.
766 190 801 232 Ι.
826 190 1052 232 REISKE
1084 191 1416 235 ANNOTATA

1077 308 1157 337 ματι
1173 301 1289 339 χρῆται.
1303 298 1360 330 οἷον
1375 300 1468 341 ὅμοιός
1481 312 1525 340 γε,
1541 302 1570 332 οὐ
1583 304 1637 343 γὰς
1654 301 1743 333 Σόλων
1756 314 1797 333 νο·-

1077 338 1202 379 μοθέτης
1217 343 1265 372 καὶ
1280 346 1473 384 Τιμοκράτης.
1490 345 1538 375 καὶ
1551 346 1650 376 πάλιν·
1663 346 1751 377 καλήν
1762 357 1795 386 γε

1078 383 1100 412 οἳ
1117 384 1219 413 πολλοὶ
1235 386 1432 426 ἀπειλήφασιν
1445 386 1578 429 Ὠςειτῶν
1591 390 1675 430 χάριν
1690 393 1750 420 etc.

1121 444 1165 449 —
1176 430 1227 458 16.
1242 430 1269 459 νὴ
1284 428 1331 458 τὸν
1347 429 1414 466 Δία,
1429 430 1480 461 ἐ’δει
1492 432 1612 473 >vap—J
1630 433 1714 463 citat
1727 432 1758 462 h.
1772 432 1795 462 l.

1079 469 1295 511 Hermogenes
1314 483 1346 512 p.
1365 476 1439 505 264.
1457 478 1487 504 et
1506 477 1578 506 348.
1598 477 1648 506 nbi
1667 476 1713 506 sic
1734 476 1794 506 ait:

1076 513 1204 544 καθόλου
1228 513 1262 544 τὸ
1287 516 1374 556 χωξῖς
1402 519 1615 552 καταστάσεως
1643 519 1682 553 εἷς
1708 519 1798 560 ἆςχῆν

1078 556 1236 592 ἀσυνδέτους
1260 559 1371 598 ἀνάγειν
1393 559 1439 589 τὸν
1461 559 1552 599 λόγον,
1571 560 1727 592 ἐνδιάθετον
1749 563 1799 592 καὶ

1077 599 1216 631 ἀληθινόν.
1232 597 1290 631 οἷον·
1309 605 1336 634 νὴ
1352 602 1399 633 τᾶν
1419 601 1484 639 Δία,
1504 603 1557 634 ἔδει
1578 606 1634 644 γὰρ
1649 604 1682 634 τδ
1698 605 1748 634 καὶ
1763 604 1797 635 τὸ

1078 645 1206 680 ποιῆσαι,
1223 644 1273 674 καὶ
1289 643 1322 674 τό
1335 648 1379 684 μὴ
1397 648 1526 677 ποιῆσαι.
1539 645 1605 677 εἶτα
1620 646 1653 686 ἐξ
1666 646 1796 688 ἐπεμβο-

1078 688 1140 722 λῆς,
1154 688 1183 716 οὐ
1198 688 1404 725 καταστήσας,
1421 687 1562 729 ἐπήγαγεν
1574 690 1733 724 ἀσυνδέτους
1747 691 1796 720 καὶ

1078 730 1186 771 σφόδρα
1209 730 1388 766 ἐνδιαθέτως·
1414 735 1512 762 πολλοὶ
1538 732 1572 763 ἂν
1598 732 1688 774 ἔχοιεν
1710 733 1799 764 εἰπεῖν

1078 771 1231 803 Ὀλύνθιοι·
1246 792 1290 797 —-
1301 775 1350 804 καὶ
1366 773 1401 804 τὸ
1413 774 1513 816 ἐφεξῆς
1528 775 1558 806 δὲ
1573 775 1694 806 τοιοῦτόν
1707 775 1798 807 ἐστιν·

1077 817 1159 846 ἀλλὰ
1174 814 1207 846 τί
1219 817 1326 848 τούτων
1342 817 1440 858 ὄφελος
1451 829 1461 857 3
1476 817 1532 850 εἶτ’
1542 818 1683 857 ἒπῆγαγεν
1697 819 1799 859 ὁμοίως

1077 858 1109 899 ἐξ
1125 858 1287 897 ἀσυνδέτου,
1301 863 1344 901 μὴ
1360 862 1567 899 καταστησας,
1589 862 1696 903 σφόδξα
1711 861 1800 894 ἐνδια-

1078 901 1177 938 θὲτως·
1190 901 1240 937 ἕως
1255 903 1288 934 ἂν
1302 903 1432 944 σώζηται
1449 904 1483 935 τὸ
1503 907 1668 945 σκάφος-
1682 907 1719 936 ad
1733 908 1797 947 μά-

1078 957 1157 980 ταιος
1184 947 1199 976 ἦ
1227 947 1347 978 σπουδή.
1391 948 1476 979 Gitat
1501 949 1575 979 item
1598 950 1741 980 Stobaeus
1764 960 1798 990 p.

1079 990 1154 1020 377.
1169 991 1223 1020 48.
1344 1006 1349 1009 -

1124 1034 1197 1063 129.
1215 1034 1266 1063 18.
1294 1032 1492 1076 Ἡγήσιππος]
1515 1034 1608 1065 Citat.
1630 1035 1660 1065 h.
1676 1035 1697 1065 l.
1714 1035 1798 1066 Har-

1078 1081 1199 1116 pocrat.
1215 1086 1246 1105 v.
1263 1075 1464 1114 Ἣγῆσιτσπος.

1125 1120 1198 1149 130.
1215 1121 1244 1149 6.
1261 1119 1427 1160 ἀγαπητὸν]
1450 1121 1513 1151 imo
1528 1131 1604 1151 vero
1619 1121 1667 1151 οὒκ
1681 1122 1800 1160 dyam-

1079 1160 1136 1191 τόν.
1158 1173 1217 1192 uon
1241 1163 1332 1192 decet
1356 1173 1412 1193 vos
1434 1164 1493 1194 hoc
1519 1163 1596 1194 satis
1617 1164 1742 1201 habere,
1765 1165 1797 1195 in

1080 1215 1178 1244 eoque
1193 1210 1351 1244 gratanter
1369 1208 1580 1246 acquiescere,
1599 1206 1626 1237 si
1643 1208 1675 1238 hi
1690 1208 1798 1249 populi

1079 1248 1140 1288 ipsi
1157 1259 1214 1279 suo
1231 1250 1331 1279 Marte
1348 1249 1424 1280 salvi
1440 1251 1638 1290 sospitesque
1654 1252 1798 1288 evadant,

1079 1291 1170 1322 nullis
1183 1292 1292 1322 alienis
1307 1293 1420 1332 opibus
1434 1293 1552 1333 adjuti3
1568 1294 1622 1324 sed
1639 1295 1698 1325 hoc
1707 1295 1797 1326 vobis

1079 1336 1231 1374 agendum
1255 1340 1315 1372 est,
1330 1337 1388 1366 hoc
1403 1341 1537 1367 vestram
1558 1347 1722 1376 personam
1743 1339 1799 1368 de-

1080 1383 1140 1414 cet,
1157 1383 1190 1408 nt
1201 1389 1254 1408 eos
1268 1379 1406 1418 periculo
1422 1380 1560 1420 eripiatis
1576 1381 1688 1412 vestris
1704 1381 1798 1412 armis

1080 1425 1111 1452 et
1125 1422 1238 1461 opibus
1251 1422 1436 1463 studiisque.

1122 1482 1164 1487 —
1183 1468 1234 1496 11.
1249 1464 1308 1496 οὐδὲ
1322 1466 1366 1505 μή
1380 1465 1460 1507 ποθ’]
1476 1466 1599 1506 praetuli
1612 1467 1641 1497 οὗ
1654 1467 1698 1507 μή
1715 1467 1798 1499 ποθ’.

1079 1507 1199 1545 nescio,
1218 1519 1256 1538 an
1274 1518 1429 1549 nunquam
1452 1510 1634 1540 inventurus
1653 1510 1695 1540 sit
1717 1521 1798 1547 eum,

1080 1551 1133 1591 qui
1148 1552 1234 1582 vices
1249 1554 1316 1591 eJ'us
1329 1553 1426 1590 obire,
1440 1554 1508 1594 ejus
1521 1553 1662 1594 partibus
1670 1555 1797 1595 defungi

1080 1595 1161 1624 haud
1179 1601 1312 1626 recuset.

616 1733 704 1774 AD
738 1731 1152 1773 PHILIPPICAM
1186 1729 1508 1781 QUARTAM.

370 1852 443 1880 131.
461 1853 490 1878 1.
515 1849 563 1878 καὶ
581 1849 734 1879 σπουδαῖα
745 1848 802 1889 --]
828 1849 1044 1889 Hermogenes

324 1903 355 1932 p.
366 1895 440 1922 509.
451 1892 480 1921 αἱ
493 1893 614 1934 ταχεῖαι
626 1893 673 1922 καὶ
687 1891 721 1922 δι’
735 1890 895 1934 ἐλαχίστου
907 1898 1046 1932 συμπλο-

325 1933 385 1965 καί.
399 1934 458 1966 οἷον·
475 1935 524 1965 καὶ
546 1936 692 1966 σπουδαῖα
709 1935 1045 1975 νομίζων-Ατίείίᾱθε

325 1979 365 2008 de
382 1979 424 2008 D.
441 1978 476 2009 C.
492 1990 525 2018 p.
540 1981 614 2010 310.
630 1980 644 2010 ἦ
660 1979 689 2009 δὲ
706 1982 785 2009 κατὰ
809 1977 933 2019 ’ωεςίοδον
958 1978 1043 2019 [scil.

326 2021 474 2063 σύνθεσις]
489 2021 552 2057 ἥτις
567 2021 633 2052 ἐστὶ
648 2022 781 2061 συντάξει
797 2022 894 2052 κώλων
909 2022 957 2052 καὶ
973 2034 1045 2061 κομ-

326 2065 431 2104 μάτων
446 2066 484 2100 εἷς
505 2066 620 2095 διάνοιαν
634 2065 835 2107 ἀπηρτισμένη
855 2066 970 2106 φράσις.
986 2064 1044 2097 oiou·

327 2108 376 2137 καὶ
403 2109 558 2138 σπουδαῖα
585 2109 757 2150 νομίζων-
770 2110 875 2139 Schol.
894 2111 1044 2148 Hermog.

328 2162 360 2191 p.
377 2153 452 2182 384.
473 2151 615 2182 ποιότητα
638 2153 826 2192 πράγματος.
841 2150 890 2182 οἷον
904 2151 930 2182 ἓν
945 2151 1044 2191 ἐκείνῳ·

327 2193 375 2224 καῖ
390 2194 536 2224 σπουδαῖα
547 2206 570 2224 ν.
581 2200 612 2225 et
624 2195 715 2234 paulo
727 2200 800 2235 post
813 2194 992 2235 συμπλέξας
1006 2194 1044 2226 δέ.

330 2234 389 2267 οῖον·
405 2237 459 2267 Καὶ
476 2249 532 2268 σπ.
544 2249 566 2268 ν.
584 2243 644 2268 etc.

373 2282 446 2312 132.
464 2283 495 2311 4.
517 2283 601 2321 μετὰ
621 2282 738 2323 ταῦτα]
755 2281 871 2316 nescio,
885 2282 937 2321 qui
953 2282 995 2317 fit,
1011 2286 1046 2311 ut

327 2323 451 2363 placere
475 2325 564 2355 nolit.
581 2336 653 2355 nuni
675 2324 758 2365 μέγα
773 2327 882 2365 φξονῶν.
898 2336 935 2354 an
951 2335 1046 2364 μεγα-

329 2370 458 2408 λαυχῶν.
473 2378 510 2398 an
526 2371 610 2408 μετὰ
624 2371 730 2410 χαςᾶς.
746 2379 782 2399 an
804 2370 887 2408 μετοὶ
910 2368 1046 2410 γαυρότη-

328 2422 389 2445 τος.
402 2421 437 2440 an
452 2414 535 2451 μετα
551 2412 671 2453 τάχους.

371 2471 413 2476 -
429 2456 460 2484 7.
484 2456 523 2485 τὰ
538 2455 622 2496 ἔργα]
649 2454 790 2494 Philippi
809 2453 959 2485 facinora.

371 2514 414 2519 —-
430 2498 506 2528 ibid.
523 2500 587 2532 τοὺς
602 2497 714 2539 λόγους]
739 2498 848 2528 titulos
859 2498 941 2538 juris
958 2508 976 2528 a
993 2508 1046 2528 no-

329 2539 376 2570 bis
389 2541 534 2579 jactatos.

370 2601 414 2606 --
432 2587 446 2614 1
456 2588 483 2614 1.
506 2583 579 2614 οὖδέν
593 2586 647 2624 γᾶς
658 2584 763 2625 δεῖ-]
773 2586 863 2624 juvat
873 2583 954 2614 enim
965 2589 1047 2614 atro-

328 2625 414 2656 citati
427 2627 573 2657 orationis
590 2634 774 2667 temperare.
786 2638 967 2667 quamquam
981 2638 1047 2666 gra-

329 2669 399 2700 vius
412 2674 444 2703 et
454 2670 667 2700 vehementius
679 2682 732 2701 vos
746 2671 908 2711 increpare
921 2671 1047 2701 licebat.

372 2731 415 2736 —-
430 2716 481 2744 12.
504 2715 649 2753 τοιγάρτοι
671 2714 871 2755 διεστηκότων]
890 2714 964 2744 citat
981 2715 1010 2744 h.
1027 2715 1048 2744 l.

329 2757 472 2787 Stobaeus
487 2767 519 2796 p.
537 2759 611 2787 ‘244-
629 2759 678 2787 10.

371 2817 415 2823 ·—
432 2802 484 2830 18.
506 2801 528 2830 οἳ
553 2802 608 2829 τῶν
631 2800 788 2840 τυξαννίδων
811 2800 860 2831 καὶ
884 2801 1049 2830 δυναστειῶν

328 2842 552 2884 ἐπιθυμοῦντες]
572 2843 671 2873 sintne
686 2844 752 2873 haec
773 2845 864 2873 verba
882 2855 935 2884 pro
951 2854 1047 2882 epex-

329 2887 414 2925 egesi
438 2897 491 2916 sen
509 2887 795 2926 superenarratione
826 2888 863 2916 ab
887 2886 956 2926 ipso
981 2897 1048 2916 ora-

329 2935 397 2960 tore
420 2930 538 2966 addita,
554 2941 590 2960 an
607 2941 623 2959 e
640 2930 769 2959 scholiis
790 2929 818 2958 in
841 2935 956 2960 textum
973 2930 1048 2959 irre-

329 2973 459 3012 pserint,
477 2974 505 3002 in
524 2974 619 3003 dubio
637 2973 817 3012 relinquam.

374 3019 445 3047 133.
466 3020 493 3045 1.
518 3018 598 3046 ἄλλα
610 3016 862 3057 μανδξαγόςαν-]
877 3017 962 3046 citat.
980 3017 1008 3045 h.
1028 3017 1045 3045 l.

1081 1850 1231 1888 Hermog.
1249 1859 1280 1888 p.
1297 1848 1372 1879 250.
1389 1849 1419 1878 9.
1439 1847 1574 1877 referens
1597 1847 1636 1877 ad
1655 1848 1710 1881 τὰς
1727 1858 1798 1887 τρα·

1079 1891 1286 1934 χείαςώἐννοίας.
1308 1896 1338 1921 et
1355 1890 1510 1921 Aristides
1526 1891 1565 1920 ad
1580 1891 1648 1923 τοὺς
1668 1890 1799 1924 ἀτόπους

1080 1936 1251 1976 εἶκασμοῠς,
1276 1946 1308 1974 p.
1333 1935 1408 1965 266.
1431 1933 1600 1964 orationem
1629 1934 1796 1963 reddentes

1081 1979 1292 2010 vehementem
1306 1982 1337 2007 et
1351 1976 1545 2007 concitatam.

1124 2040 1167 2045 ·—
1184 2025 1235 2052 11.
1260 2021 1329 2051 ἀλλ’
1350 2018 1383 2050 ἵν’
1405 2021 1484 2060 ὑμῶν
1507 2018 1632 2053 ἕκαστος
1640 2020 1698 2061 -]
1722 2020 1798 2050 citat

1081 2065 1110 2095 h.
1127 2066 1149 2096 l.
1167 2065 1311 2095 Stobaeus
1327 2075 1360 2104 p.
1378 2065 1452 2094 246.
1468 2066 1521 2094 26.

1124 2126 1166 2131 —-
1183 2111 1235 2139 14.
1257 2111 1306 2140 τὴν
1327 2105 1473 2147 αἴσθησιν]
1497 2106 1562 2137 scil.
1578 2106 1630 2141 τῗίς
1644 2105 1797 2147 ἀμελείας,

1081 2151 1131 2181 vel
1147 2152 1250 2191 potius
1265 2153 1316 2186 τῆς
1331 2148 1449 2190 ζημίας.

1123 2213 1166 2217 -
1182 2197 1234 2226 16.
1259 2192 1402 2235 Δορίσκον]
1425 2192 1501 2223 citat
1512 2193 1543 2223 h.
1556 2192 1578 2223 l.
1595 2192 1752 2232 Harpocr.
1766 2203 1798 2223 v.

1082 2236 1225 2278 Δορίσκος,
1240 2243 1271 2268 et
1287 2247 1381 2268 versu
1394 2238 1447 2267 26.
1464 2247 1493 2266 v.
1505 2234 1666 2276 Ἀντρῶνας.

1125 2284 1200 2312 134.
1214 2283 1245 2312 4.
1269 2279 1313 2311 ὅτι
1327 2279 1356 2310 οὗ
1367 2279 1528 2321 στήσεται]
1546 2289 1606 2309 non
1617 2279 1702 2314 ideo,
1712 2279 1797 2318 quod

1081 2324 1146 2354 haec
1161 2325 1273 2365 rapiat,
1286 2335 1304 2354 a
1313 2323 1404 2353 nobis
1416 2323 1656 2353 conniventibus
1667 2326 1798 2361 praeter-

1081 2369 1151 2398 visa
1174 2373 1206 2398 et
1227 2367 1435 2403 dissimulata,
1452 2367 1586 2402 insistet,
1609 2375 1708 2405 neque
1731 2376 1798 2395 mo-

1081 2412 1152 2441 dum
1170 2416 1266 2451 ponet
1281 2409 1447 2450 cupiditati
1461 2420 1538 2446 suae,
1549 2409 1728 2440 uuiversum
1744 2419 1797 2449 ge-

1082 2465 1139 2484 nus
1156 2455 1320 2485 humanum
1334 2453 1472 2484 vexanti.

1124 2516 1167 2521 -—
1182 2501 1235 2529 22.
1258 2495 1297 2532 οῖς
1317 2497 1371 2537 γὰς
1394 2494 1469 2527 οὖσιν
1492 2493 1704 2538 ὑμετέροις-Ἰ
1721 2497 1798 2527 citat

1081 2542 1112 2571 h.
1124 2543 1145 2572 l.
1166 2542 1318 2581 Hermog.
1336 2551 1367 2579 p.
1387 2543 1459 2572 179.
1475 2542 1506 2571 3.
1524 2540 1564 2569 de
1581 2538 1643 2581 ἔχει
1665 2540 1798 2582 χρῆσθαι

1082 2585 1290 2623 suspicionem
1299 2585 1362 2624 jam
1379 2593 1473 2623 supra
1487 2583 1635 2623 proposui
1645 2584 1685 2613 ad
1698 2594 1730 2622 p.
1741 2585 1796 2614 70.

1083 2631 1113 2658 8.
1130 2630 1197 2660 Jam
1207 2626 1360 2658 succurrit
1369 2627 1429 2657 alia
1440 2627 1561 2666 planior
1571 2629 1603 2655 et
1612 2627 1734 2656 mollior
1742 2638 1798 2656 ex-

1082 2671 1218 2710 plicandi
1232 2671 1322 2702 ratio.
1334 2674 1439 2709 potest
1453 2669 1514 2711 ἔχει
1525 2667 1649 2710 χρῆσθαι
1663 2669 1778 2709 exponi
1794 2682 1800 2700 :

1082 2715 1155 2745 licet
1171 2715 1200 2744 ei
1223 2725 1278 2754 per
1300 2724 1357 2744 vos
1376 2713 1417 2743 iis
1441 2714 1498 2748 uti,
1518 2711 1586 2741 ἐᾶτε
1603 2712 1686 2742 αὐτὸν
1699 2714 1800 2743 ταῦτα

1083 2758 1169 2800 ἔχειν,
1183 2758 1284 2788 sinitis
1299 2767 1368 2787 eum
1384 2757 1444 2786 ista
1456 2763 1569 2786 tenere.

1128 2803 1201 2832 135.
1218 2802 1274 2831 ult.
1287 2799 1409 2839 τούτων]
1427 2799 1458 2829 id
1471 2805 1530 2835 est,
1544 2801 1600 2829 τῶν
1612 2796 1724 2835 ἐνθάδε,
1739 2809 1796 2838 po—

1084 2845 1186 2874 tentiae
1203 2849 1233 2874 et
1249 2854 1342 2884 opum
1359 2844 1434 2881 reip.
1447 2841 1557 2872 Athen.
1571 2841 1653 2871 redit
1669 2842 1707 2871 ad
1724 2852 1796 2871 enu-

1082 2892 1197 2918 mes-ata
1212 2897 1303 2918 versu
1317 2888 1368 2917 22.
1383 2891 1414 2915 et
1430 2888 1482 2916 23.

1129 2933 1200 2961 136.
1218 2934 1248 2961 4.
1274 2929 1329 2967 δ’τῳ
1354 2930 1397 2969 μὴ
1424 2927 1615 2967 ’πολεμήσετε
1643 2927 1742 2960 λαβεῖν
1769 2929 1798 2957 οἱ,

1083 2972 1271 3013 ζουλομὲνων]
1295 2972 1433 3011 expunxi
1451 2973 1556 3001 ambas
1571 2971 1737 3009 particulas
1754 2972 1798 3000 in—

1087 3018 1228 3046 titiantcs.
1247 3026 1312 3046 nam
1325 3017 1381 3045 lioc
1393 3015 1548 3045 hominum
1565 3015 1645 3044 soret
1662 3025 1798 3052 qua-ren-
