1997 3323
404 203 485 244 126
772 202 807 244 Ι.
830 202 865 246 Ι.
889 203 1112 247 REISKE
1144 204 1475 249 ANNOTATA

391 305 492 337 verbis
508 306 607 346 legem
634 307 692 338 hoc
717 311 928 348 pronunciare.
946 312 1020 350 jam,
1044 322 1100 351 ego

391 359 466 378 vero
482 350 551 386 hoe,
568 350 621 386 ait,
636 351 784 388 omittam,
806 363 843 383 ne
868 354 934 393 quis
957 365 1048 392 super
1063 365 1100 384 eo

389 402 508 422 mecum
521 394 693 424 contendat.
707 395 759 434 qui
772 402 892 434 poterat
905 398 1100 433 contendere,

390 435 414 463 si
431 435 480 465 lex
498 435 589 466 claris
602 437 703 467 verbis
715 440 915 478 pronuncians
924 446 1099 471 coutrover-

388 478 463 507 siam
479 488 596 509 omnem
611 484 792 520 amputaret.

428 537 471 544 ——
489 523 539 552 19.
563 522 638 563 πῶς]
663 524 814 554 sententia
837 526 971 565 postulat
991 526 1026 563 εἰ,
1051 527 1098 557 vel

387 563 516 604 νωίτεςον.
520 563 707 606 futurumne
720 568 768 602 sit,
784 574 818 597 ut
833 578 866 598 ea
881 569 926 598 lex
941 575 1071 609 rogetur.

428 624 472 629 --
486 610 540 638 21.
562 608 595 638 ἒιν
616 610 658 648 μὴ
684 609 836 650 Βούληται]
860 611 927 641 scil.
947 611 1038 642 θεῖναι
1055 611 1100 642 ‘rav

384 647 471 689 νόμον.
483 651 583 681 codex
595 652 793 692 Augustanus
804 654 918 684 omittit
927 655 981 695 μή.
995 661 1098 694 potest

383 697 416 721 et
435 693 493 723 hoc
518 695 653 733 probari,
669 697 722 726 sed
740 696 895 733 hactenus,
919 702 953 727 ut
972 699 1098 736 ἀναγκά-

382 734 438 774 ζειν
453 738 661 769 subaudiatur.
677 740 732 768 sed
746 744 870 778 praestat
884 741 1019 780 vulgata.

425 796 469 802 ——
483 782 533 811 22.
551 779 605 818 ἐγὼ
621 780 757 822 Φορμίων]
784 783 863 812 haud
881 788 1011 820 constat,
1027 784 1096 824 quis

381 820 435 852 ille
450 821 504 861 ἐγὼ
515 823 615 854 fuerit.
628 835 684 854 nec
698 827 826 857 multum
841 826 872 855 id
890 826 927 855 ad
943 837 997 856 nos
1009 827 1096 866 igno-

382 874 484 896 remus
506 876 562 896 nec
586 877 635 898 ne.
678 871 873 907 Augustanus
898 868 1096 900 distinetione

383 907 434 937 hic
452 913 546 939 earet.
561 909 620 940 erit
635 921 708 950 ergo
725 911 870 942 Phormio
886 911 913 942 is
933 911 1026 949 idem,
1043 912 1094 952 qui

385 960 417 980 se
430 949 485 988 ἐγὼ
501 953 646 992 appellat.
662 964 714 995 ego
724 955 874 985 Phormio.

426 1011 468 1017 —-
494 997 547 1026 23.
577 995 677 1037 ἄλλον]
708 1002 858 1038 quotquot
889 996 957 1028 vidi
988 998 1095 1036 libros,

383 1036 474 1067 etiam
496 1038 593 1068 editio
614 1041 778 1077 Wolfiam,
799 1051 889 1081 quam
911 1041 1027 1081 Taylor
1047 1053 1094 1072 re-

382 1080 454 1109 cudi
471 1081 602 1118 curavit‚
618 1082 661 1112 sic
676 1084 751 1114 dant
760 1095 872 1115 omnes.
885 1095 978 1124 quare
989 1085 1094 1121 mirer,

382 1122 433 1160 qui
450 1122 620 1163 Anglicana
633 1126 686 1156 det
699 1127 806 1158 ἄλλων.
830 1129 905 1158 bene
921 1128 1012 1158 habet
1028 1129 1096 1159 vul-

380 1170 460 1203 gata.
473 1172 520 1196 est
535 1167 616 1197 idem
633 1178 668 1198 ac
684 1171 709 1200 si
725 1170 856 1201 dixisset
870 1181 877 1200 ι
893 1170 940 1200 καὶ
953 1171 1051 1207 ἄλλος,
1071 1172 1094 1203 εἰ

380 1207 466 1237 ἄλλον
480 1211 544 1240 τινὰ
563 1210 699 1244 βούλεσθε
714 1212 893 1252 ἐγγυᾶσθαι,
905 1212 950 1243 τὸν
963 1213 1042 1254 νόμον
1050 1213 1095 1246 Θή-

377 1261 446 1281 σειν.

421 1311 463 1316 —
479 1297 531 1326 26.
550 1295 729 1339 ἐγγυώμεθα,
754 1299 1001 1343 ὑπισχνούμεθα]
1026 1301 1094 1332 scil.

379 1337 457 1377 ἦμῖἰς
471 1339 578 1370 τοῦτον.

422 1382 497 1411 488.
516 1384 566 1423 19.
585 1385 723 1426 ποιοῦσιν]
749 1391 819 1424 post
834 1386 957 1417 ποιοῦσιν
973 1385 1094 1416 videtur

379 1422 461 1453 αὐτὶν
475 1424 597 1456 deesse.

420 1484 464 1489 —
480 1469 530 1498 922.
547 1468 646 1511 ἀκούῃ]
663 1470 793 1501 subaudi
808 1474 914 1506 κακῶς.

419 1527 462 1532 -
477 1512 529 1541 24.
545 1512 678 1554 φάσκων]
702 1518 771 1552 post
794 1513 910 1552 φάσκων
920 1515 1031 1544 deesse
1049 1514 1093 1544 vi-

377 1553 468 1582 detur
480 1556 649 1596 κατηγορῶν,
669 1561 721 1586 aut
736 1557 885 1596 ejusmodi
902 1558 984 1595 quod
1000 1557 1091 1596 parti-

378 1595 504 1635 cipium.
521 1597 592 1627 vitio
606 1599 674 1638 ipsis
685 1600 757 1629 dans
771 1609 816 1635 eu,
832 1600 882 1629 vel
898 1601 1035 1629 incusans
1050 1610 1093 1629 eos

377 1649 487 1674 eorum,
505 1649 629 1679 qnorum
641 1641 719 1672 nihil
733 1643 765 1672 in
780 1644 850 1681 ipsos
864 1643 955 1672 cadit.
969 1653 1092 1681 κατηγο-

375 1684 424 1721 ρῶν
443 1680 491 1719 ὧν,
506 1687 553 1713 est
572 1683 653 1714 idem
676 1688 777 1725 atque,
802 1687 959 1726 κατηγορῶν
981 1686 1090 1722 ταῦτα,

375 1723 413 1754 οἷν
426 1742 479 1754 -.

418 1770 494 1799 489.
510 1772 539 1800 6.
556 1770 584 1799 οὗ
595 1768 648 1812 γὰρ
664 1771 765 1812 ἀγνοῶ]
791 1770 939 1801 sententia
956 1772 1091 1810 postulat

375 1810 404 1840 οὗ
418 1812 473 1851 γὰρ
487 1812 624 1850 ἀγνοεῖτε,
638 1824 699 1843 non
717 1816 793 1845 enim
813 1815 967 1855 ignoratis,
983 1819 1033 1845 aut
1047 1815 1089 1844 οὖ-

375 1852 427 1886 δεὶς
438 1856 493 1894 γᾶς
508 1856 610 1894 ἀγνοεῖ,
622 1866 704 1886 nemo
713 1858 790 1887 enim
804 1858 931 1897 ignorat.

417 1913 460 1919 —
475 1897 556 1929 11.ἢ
575 1897 708 1941 ἐπαινεῖν]
734 1899 749 1931 ἢ
773 1900 933 1931 delendum
956 1911 1035 1936 esse,
1056 1905 1088 1931 ut

373 1942 477 1969 natum
495 1950 512 1970 e
526 1940 670 1980 proximo
693 1954 716 1973 ν.
739 1943 854 1972 dudum
879 1948 948 1973 ante
972 1944 1087 1974 fueram

373 1983 558 2021 suspicatus,
573 1994 662 2023 quam
681 1986 719 2014 ab
733 1986 913 2025 Augustano
929 1986 961 2016 id
978 1988 1087 2017 abesse

371 2025 548 2064 reperirem.
565 2027 655 2066 hujus
666 2027 768 2067 itaque
779 2029 895 2059 codicis
908 2030 1087 2060 auctoritate

371 2069 479 2104 fretus,
505 2073 536 2099 et
560 2080 593 2099 re
619 2071 687 2109 ipsa
717 2071 761 2101 sic
790 2072 948 2112 exigente,
973 2073 1085 2102 delevi.

371 2110 528 2141 Sententia
544 2116 607 2142 est:
632 2114 715 2152 apud
728 2115 978 2145 Lacedaemonios
994 2115 1026 2144 id
1043 2116 1086 2144 fa-

371 2163 441 2183 cere
456 2153 615 2191 nonlicet,
638 2157 719 2195 quod
739 2156 770 2186 hi
792 2157 916 2193 sacient,
939 2167 1006 2186 cum
1031 2158 1086 2187 bac

371 2197 508 2226 oratione
525 2201 656 2228 utentur.
681 2199 747 2229 scil.
760 2209 818 2228 non
833 2200 908 2229 licet
922 2199 1086 2229 Athenien-

371 2238 449 2269 sium
475 2239 614 2271 instituta
643 2241 723 2282 apud
748 2242 1002 2272 Lacedaemonios
1023 2243 1086 2272 lan-

369 2282 455 2319 dare,
470 2287 523 2313 aut
534 2294 794 2324 quorumcumque
810 2286 943 2315 tandem.
981 2285 1085 2315 Mark-

370 2325 479 2355 landus
492 2326 556 2363 hie,
578 2332 612 2357 ut
636 2338 720 2368 saepe
745 2328 832 2365 alias,
848 2328 972 2358 nimium
996 2338 1086 2368 argu-

367 2372 461 2399 tatur.

411 2428 455 2434 -—-
471 2415 522 2443 12.
537 2410 608 2443 ἀλλ’
623 2413 659 2455 ἃ]
683 2413 824 2453 suspicor
845 2415 1084 2444 Demosthenem

368 2452 412 2483 sic
428 2454 591 2494 reliquisse
606 2467 613 2486 ε
636 2458 716 2487 ἀλλὰ
736 2456 774 2497 τῇ
789 2456 864 2498 ’παρ’
877 2455 981 2491 ἐκείνοις
996 2463 1085 2487 wom-

368 2495 433 2537 τείᾳ.
452 2498 589 2539 συμφὲξει
612 2499 698 2530 ταῦτ’
724 2498 856 2538 ἐπαινεῖν,
870 2499 890 2529 ἃ
910 2500 1015 2538 ἀνάγκη
1036 2501 1083 2530 καὶ

368 2541 466 2570 ποιεῖν.
490 2542 539 2571 sed
553 2549 670 2582 receptae
691 2543 771 2582 apud
786 2552 830 2574 eos
844 2542 955 2584 for-mre
974 2544 1084 2584 guber-

367 2584 496 2614 nationis
517 2585 610 2615 civz'lis
632 2588 775 2622 convenit,
798 2591 834 2616 ‘nt
857 2597 890 2616 ca
913 2587 1085 2622 laudentur,

367 2635 431 2664 quae
443 2626 566 2667 utfiant
575 2638 695 2668 prorsus
707 2638 813 2659 necesse
827 2635 877 2666 est,
892 2636 978 2671 atquc
993 2631 1083 2661 inevi-

367 2669 465 2700 labile.

411 2729 454 2735 —
468 2715 520 2743 14.
535 2712 662 2745 τοιούτων
681 2712 769 2756 ἐθῶν]
794 2716 906 2755 quibus
933 2726 989 2746 nos
1015 2715 1083 2746 scil.

368 2753 482 2786 utimur
496 2755 527 2785 in
543 2757 687 2787 ornandis
702 2758 776 2788 viris
792 2760 870 2788 bene
885 2760 922 2788 de
938 2769 1003 2798 rep.
1022 2770 1083 2789 me-

367 2797 447 2828 ritis.
491 2799 521 2829 A
544 2799 652 2830 codice
676 2800 755 2840 Aug.
779 2802 865 2831 abest
889 2800 962 2831 ἐθῶν.
984 2812 1083 2841 neque

367 2839 426 2870 hoc
447 2842 536 2872 male.
581 2843 768 2874 Subauditur
790 2848 853 2874 tum
869 2847 964 2884 τιμῶν
979 2856 994 2874 e
1011 2856 1082 2884 pro-

368 2893 463 2914 xrmo.

411 2945 453 2949 —
471 2930 523 2958 16.
538 2927 634 2969 ἅπαξ]
650 2930 727 2960 bene
742 2930 843 2960 habet.
859 2940 894 2960 ne
912 2931 997 2960 semel
1016 2931 1080 2971 qui-

369 2969 442 2999 dem.
456 2971 540 3000 nullo
552 2982 682 3012 unquam
698 2978 831 3012 tempore.

412 3029 453 3036 ·--
469 3016 521 3046 23.
542 3015 647 3057 ἀρχαὶ]
670 3016 792 3049 correxi
806 3016 883 3057 ἀραὶ,
897 3016 939 3048 nii
955 3016 1080 3047 territus

1134 310 1172 339 ab
1188 310 1249 340 illis
1270 311 1365 342 veluti
1389 313 1476 349 diris,
1491 312 1602 353 quibus
1617 312 1719 343 Simon
1733 312 1843 344 Fabri-

1133 351 1198 383 cius
1209 354 1278 395 (aut
1288 355 1437 396 Wolfius)
1447 361 1479 386 et
1486 357 1636 396 Taylorus
1648 357 1724 386 hanc
1736 357 1847 386 lectio-

1134 406 1201 426 nem
1225 397 1313 435 quasi
1337 398 1550 437 devoverunt3
1575 410 1703 439 quorum
1723 399 1774 429 hio
1794 401 1842 429 in-

1131 439 1209 474 scite,
1226 439 1277 469 ille
1299 449 1391 481 apage
1411 441 1577 482 inscripsit.
1596 453 1654 481 ego
1675 452 1747 472 vero
1765 441 1845 472 Bene

1133 483 1241 512 veneris
1257 483 1437 513 adscribam.
1468 485 1689 516 Demosthenes
1706 483 1782 525 ἁμὶ,
1795 485 1846 514 di«

1132 535 1183 560 rae,
1198 525 1294 555 dedit.
1311 526 1400 567 ἀρχαὶ
1414 526 1509 566 inepti
1529 533 1560 558 et
1575 528 1654 558 tardi
1670 527 1843 568 grammati-

1133 568 1238 604 castri,
1259 574 1388 599 mentem
1405 570 1535 600 oratoris
1550 580 1609 601 non
1632 574 1841 610 assequentes.

1132 611 1250 647 Quavis
1276 612 1308 642 in
1334 613 1479 642 concione
1508 613 1586 643 diris
1614 614 1844 644 devovebantur

1132 654 1327 685 insidiatores
1337 655 1487 686 libertatis
1502 656 1671 696 popularis.

1174 714 1216 720 —
1231 697 1305 728 ibid.
1327 698 1375 728 καὶ
1397 699 1540 740 φυλακαὶ]
1564 699 1595 729 id
1613 703 1670 735 est,
1685 698 1842 738 magistra-

1131 743 1192 775 tus,
1217 741 1326 779 quibus
1348 741 1515 780 injunctum
1539 748 1630 779 esset,
1652 746 1687 772 ut
1708 741 1844 777 videant,

1130 792 1168 811 ne
1199 784 1271 822 quid
1301 784 1476 815 detrimenti
1504 785 1631 816 libertas
1661 784 1764 815 civilis
1792 794 1842 816 ca-

1130 830 1229 864 peret.

1173 870 1249 899 490.
1264 871 1317 900 2²3.
1332 873 1418 912 παρὰ
1438 872 1550 913 πάντα]
1567 875 1620 902 aut
1634 876 1738 910 potest
1761 880 1846 905 esse,

1131 911 1245 948 tacitis,
1272 915 1450 950 praeteritis,
1472 914 1594 944 omissis
1617 914 1664 944 his
1687 913 1846 947 omnibus,

1131 952 1251 984 etiamsi
1266 954 1318 985 illa
1335 957 1435 988 omnia
1450 961 1616 987 taceantur.
1635 961 1696 993 aut,
1716 957 1754 986 ad
1775 956 1841 985 haee

1131 997 1243 1032 omnia,
1264 997 1294 1027 in
1318 998 1365 1029 his
1387 999 1538 1030 omnibus.
1564 1004 1598 1030 ut
1614 999 1654 1029 sit
1674 999 1822 1029 sententia
1835 1009 1846 1027 ι

1131 1038 1163 1069 Si
1177 1049 1222 1069 me
1231 1046 1352 1080 oportet,
1367 1044 1438 1083 qnid
1453 1042 1498 1072 his
1508 1044 1540 1073 in
1554 1043 1639 1073 rebus
1652 1042 1842 1082 omnibusjn-

1129 1087 1206 1112 stum
1221 1087 1250 1113 et
1263 1095 1376 1124 aequum
1387 1095 1442 1116 esse
1459 1096 1598 1121 censeam,
1618 1085 1762 1126 proloqui.
1779 1094 1842 1114 ma-

1128 1125 1180 1155 lim
1208 1130 1307 1158 tamen
1335 1128 1533 1168 παροιλιπόντοι
1557 1129 1666 1159 ταῦτα..
1695 1129 1726 1158 ἱη
1752 1137 1842 1168 quam

1129 1170 1334 1208 conjecturam
1350 1170 1463 1202 Wolfii
1487 1182 1535 1202 me
1551 1172 1589 1201 ad
1605 1171 1634 1202 h.
1651 1172 1672 1202 l.
1688 1182 1747 1201 non
1770 1181 1842 1200 con-

1130 1214 1291 1243 temnenda
1302 1214 1427 1245 induxit
1440 1214 1603 1245 annotatio.

1170 1272 1214 1278 -——
1230 1259 1281 1287 27.
1297 1258 1423 1297 μεγάλοι
1432 1259 1484 1293 τῆς
1493 1255 1662 1299 ὃλιγαξχίας
1675 1256 1723 1287 καὶ
1739 1256 1842 1287 δεσπο-

1127 1296 1218 1340 τείας]
1235 1300 1314 1330 bene
1330 1301 1431 1337 habet,
1454 1301 1574 1331 tametsi
1595 1311 1612 1329 a
1636 1299 1787 1330 Lambino
1810 1304 1843 1328 et

1126 1341 1260 1380 Tayloro
1296 1343 1513 1382 improbatum.
1549 1343 1631 1373 idem
1665 1347 1715 1372 est
1749 1346 1841 1381 atque

1126 1386 1206 1414 κατὰ
1221 1386 1271 1416 ’τήν
1285 1384 1450 1428 ὄλιγαρχίαν
1472 1386 1519 1415 καὶ
1543 1384 1716 1416 δυναστείαν.
1760 1385 1840 1415 sub-

1127 1426 1249 1457 auditur
1283 1429 1385 1466 aliqua
1414 1439 1468 1458 seu
1492 1428 1683 1469 praepositio,
1706 1437 1758 1458 seu
1782 1427 1842 1457 alia

1126 1478 1201 1504 vox,
1214 1469 1381 1509 genitivum
1398 1481 1520 1509 regens,
1537 1481 1564 1500 e.
1580 1482 1607 1500 c.
1622 1469 1682 1507 ἐπὶ,
1698 1471 1798 1510 magni
1809 1471 1841 1500 in

1122 1512 1297 1551 principatu
1319 1523 1379 1543 suo.
1403 1514 1452 1543 vel
1476 1512 1567 1553 λόγῳ,’
1582 1513 1632 1543 vel
1652 1515 1732 1543 κατὰ
1750 1512 1841 1550 λόγον,

1122 1563 1176 1592 per
1190 1565 1252 1594 quae
1273 1557 1375 1597 magni
1391 1556 1438 1586 illi
1453 1564 1520 1587 sunt
1541 1557 1655 1586 ratione
1670 1556 1838 1596 oligarchiae

1125 1596 1208 1626 —id
1227 1601 1285 1634 est,
1300 1609 1375 1638 quas
1389 1609 1447 1639 per
1458 1603 1540 1629 artes
1559 1599 1679 1629 illorum
1702 1599 1842 1638 potentia

1126 1641 1238 1670 crescit
1252 1645 1342 1680 atque
1358 1642 1561 1672 confirmatur.
1607 1641 1711 1672 Latini
1726 1642 1840 1680 pariter

1124 1692 1250 1723 magnus
1262 1684 1477 1715 dominationis.
1522 1684 1679 1715 Sententia
1699 1685 1763 1714 haec
1779 1689 1842 1715 est:

1124 1735 1216 1766 neque
1227 1727 1294 1757 item
1309 1726 1362 1758 hoc
1383 1737 1496 1768 aeqnum
1516 1737 1622 1764 censeo,
1637 1732 1684 1764 ut,
1697 1738 1765 1757 cum
1780 1737 1841 1764 vos,

1125 1777 1158 1798 ex
1173 1768 1228 1799 hac
1236 1775 1333 1809 parte,
1341 1771 1393 1802 vel
1404 1771 1530 1801 occidere
1540 1781 1606 1801 eum
1616 1771 1661 1800 nil
1674 1771 1736 1800 sitis
1750 1771 1840 1801 dubi-

1124 1813 1231 1849 taturi,
1252 1814 1277 1843 si
1299 1814 1364 1854 quis
1381 1814 1463 1853 apud
1478 1824 1525 1845 vos
1538 1824 1638 1844 eorum
1661 1814 1733 1854 quid
1754 1819 1838 1852 paret

1123 1860 1209 1895 atque
1235 1856 1387 1893 moliatur,
1407 1866 1462 1896 per
1483 1867 1545 1897 quae
1561 1858 1680 1888 illorum
1696 1857 1839 1895 potentia,

1120 1903 1209 1937 atque
1232 1900 1388 1938 imperinm
1408 1910 1570 1939 paucorum
1591 1901 1622 1930 in
1648 1900 1767 1935 multos,
1778 1905 1840 1930 tara

1121 1942 1273 1972 attollitur
1299 1949 1388 1984 atque
1410 1943 1575 1980 invalescit,
1594 1948 1658 1972 tum
1686 1952 1719 1972 ex
1743 1942 1839 1973 altera

1119 1993 1225 2014 rursus
1237 1991 1333 2024 parte,
1343 1987 1388 2016 nil
1398 1987 1533 2017 recusetis
1545 1995 1634 2017 aures
1647 1985 1718 2015 dare
1733 1991 1841 2016 vestras

1119 2027 1190 2063 illis,
1206 2029 1229 2058 si
1242 2029 1292 2068 qui
1306 2035 1440 2060 auctores
1452 2029 1528 2059 vobis
1540 2030 1614 2065 sint,
1628 2034 1663 2058 ut
1673 2038 1706 2058 ea
1716 2027 1838 2064 tollatis,

1117 2080 1170 2108 per
1185 2080 1249 2109 quae
1262 2070 1381 2102 libertas
1389 2071 1492 2110 populi
1507 2072 1594 2102 vestri
1607 2069 1768 2111 efflorescit.

1164 2114 1240 2143 491.
1255 2115 1287 2143 3.
1301 2113 1441 2153 τοιούτου]
1456 2114 1557 2152 qualia
1581 2123 1691 2152 nempe
1712 2113 1836 2144 virtutis

1121 2155 1247 2193 praemia
1263 2156 1354 2186 hodie
1365 2160 1560 2196 usurpantur,
1573 2161 1606 2186 ut
1617 2155 1837 2194 immunitates,

1122 2201 1240 2233 statuae,
1253 2203 1314 2228 etc.

1164 2257 1208 2263 --
1231 2241 1264 2271 5.
1286 2239 1489 2281 ἐπίγραμμα]
1513 2251 1572 2271 non
1597 2240 1706 2271 dubito
1726 2240 1838 2273 inscri-

1120 2283 1256 2323 ptionem
1280 2284 1432 2324 designari
1456 2285 1551 2320 illam,
1566 2294 1655 2324 quam
1671 2284 1838 2316 AEschines

1122 2337 1151 2365 p.
1168 2329 1220 2357 80.
1235 2327 1411 2366 attulit,qui
1427 2327 1514 2357 locus
1530 2327 1625 2357 nostri
1642 2328 1732 2367 liujus
1748 2329 1837 2359 velut

1120 2369 1273 2409 interpres
1293 2374 1351 2400 cst.
1367 2370 1561 2409 ἀναγνώσεται
1575 2371 1657 2400 redit
1671 2371 1708 2400 ad
1732 2371 1836 2410 Lepti-

1121 2423 1200 2441 nem.
1249 2413 1425 2443 Marklandi
1455 2414 1493 2443 ad
1522 2414 1552 2444 h.
1580 2413 1602 2443 1.
1627 2415 1835 2454 conjecturam

1119 2455 1199 2485 hand
1211 2457 1320 2495 probo.

1162 2515 1205 2521 —-
1221 2502 1251 2530 8.
1265 2497 1414 2541 κᾴκείνους]
1438 2498 1506 2530 scil.
1525 2499 1590 2533 τοὺς
1604 2497 1652 2530 ἐπὶ
1666 2501 1722 2529 τῶν
1736 2499 1836 2539 προγό-

1119 2552 1177 2573 νων.
1192 2542 1263 2572 illos
1276 2543 1371 2573 fortes
1384 2545 1479 2579 viros,
1490 2542 1542 2582 qui
1558 2544 1705 2581 majorum
1721 2552 1835 2572 memo-

1119 2585 1166 2615 ria
1180 2585 1257 2615 bene
1270 2585 1308 2615 de
1324 2595 1391 2624 rep.
1408 2586 1507 2616 meriti
1524 2590 1604 2615 sunt.

1160 2645 1204 2651 —-
1221 2630 1270 2658 10.
1287 2628 1401 2668 μηδεὶς]
1418 2629 1486 2658 scil.
1510 2627 1584 2666 ἄξιός
1607 2626 1684 2656 ἐστι.
1708 2627 1834 2657 demon-

1119 2675 1214 2701 strare
1238 2672 1304 2701 vult
1329 2671 1450 2701 mentiri
1479 2670 1654 2709 Leptinem,
1679 2680 1733 2700 eos
1754 2671 1835 2700 affir-

1118 2718 1248 2744 mantem
1265 2715 1348 2745 nullo
1372 2714 1481 2753 dignos
1503 2714 1618 2743 honore
1633 2723 1651 2742 a
1667 2723 1732 2751 rep.
1748 2713 1836 2744 habi-

1119 2762 1167 2787 tos
1181 2768 1262 2788 esse.
1294 2757 1460 2788 Concludit
1477 2756 1537 2786 sic:
1559 2759 1610 2785 aut
1622 2755 1707 2795 digni
1717 2756 1832 2786 honore

1117 2801 1239 2830 fuerunt
1255 2800 1301 2830 illi
1319 2805 1440 2830 veteres
1463 2799 1519 2828 viri
1547 2799 1652 2833 sortes,
1677 2802 1730 2828 aut
1750 2798 1834 2828 indi-

1118 2843 1178 2882 gni.
1224 2844 1257 2873 Si
1273 2842 1402 2881 indigni,
1413 2852 1501 2872 nemo
1517 2851 1646 2880 unquam
1665 2850 1759 2880 penes
1773 2851 1832 2872 nos

1116 2887 1171 2916 fuit
1185 2887 1298 2916 honore
1315 2886 1438 2924 dignus.
1453 2895 1546 2923 negas
1560 2884 1638 2914 enim
1656 2889 1688 2912 tu
1706 2883 1832 2919 diserte,

1115 2929 1185 2959 illos
1215 2929 1338 2969 quidem
1368 2928 1481 2958 honore
1508 2927 1603 2957 fuisse
1626 2926 1751 2966 dignoS,
1775 2927 1833 2966 qui

1115 2982 1212 3011 nuper
1227 2976 1330 3002 essent
1352 2969 1501 3001 honorati.
1518 2970 1572 3000 sed
1588 2969 1698 2999 infelix
1720 2974 1752 2999 et
1775 2969 1832 2999 mi·

1115 3025 1183 3046 sera
1199 3019 1246 3046 cst
1262 3024 1344 3054 resp.
1361 3025 1427 3054 quae
1451 3018 1535 3047 curet
1554 3012 1629 3043 viris
1645 3012 1759 3043 honore
1780 3011 1829 3042 di-
