1997 3323
383 204 463 245 122

374 310 452 339 riam
474 310 685 341 immunitatem
704 312 838 351 appellat
857 323 934 349 eam,
951 324 1008 352 qua
1024 315 1085 343 fru-

375 354 467 383 untur
490 363 653 392 pauperes,
676 355 727 394 qui
751 365 821 385 cum
845 356 920 386 nihil
943 357 1086 391 habeant,

374 395 449 425 nihil
468 402 595 434 possunt
616 397 655 427 ad
678 408 771 428 onera
792 399 870 437 reip.
896 399 1086 428 sublevanda

376 439 524 469 conferre.
558 450 654 479 neque
680 446 784 481 potest
806 442 966 480 quicquam
986 443 1025 471 ab
1047 441 1085 470 iis

375 481 425 511 vel
440 481 471 511 vi
490 482 600 522 redigi.
624 493 716 522 quare
733 484 912 514 connivetur
927 485 965 514 iis
981 494 1085 514 neces-

377 524 470 555 sario.
503 525 700 556 Marklandus
717 532 831 556 temere
848 527 900 556 hic
917 532 1086 567 argutatur.

420 569 495 598 463.
508 570 537 598 2.
554 567 568 600 ἢ
585 569 747 609 τοσούτους]
763 569 866 600 malim
892 569 906 601 ’ἡ
928 571 968 605 δὶς
988 570 1087 600 τοσού-

376 621 451 644 τους.
474 612 515 641 bis
537 613 662 651 quinque
679 619 749 643 sunt
764 614 870 644 decem.
884 619 915 643 et
930 614 988 643 hoc
1004 623 1087 643 rece-

378 652 409 692 pi
425 654 464 684 de
479 664 547 684 meo
562 656 699 685 arbitrio

418 715 459 720 —-
476 698 507 728 5.
521 696 767 740 σκεψωμεΘα-]
792 699 875 730 Citat
896 700 925 730 h.
937 700 958 730 1.
976 698 1087 730 Aristi-

376 739 431 770 des
448 750 528 782 τεχν.
544 752 574 780 p.
592 742 666 772 252.

418 784 552 814 —ibid.
568 783 598 813 τί
620 783 700 815 τοῦτ’
714 784 801 816 ἔσται
827 785 867 827 τῇ
888 784 992 826 ιπόλει]
1019 784 1088 815 scil.

375 824 458 866 μέγα
473 826 574 868 κὲςδος.

419 886 461 892 -
475 872 507 899 7.
524 870 582 911 δεῖ]
598 870 700 901 malim
716 871 780 901 δεῖν.
824 871 921 901 Plena
937 871 1089 902 sententia

374 912 439 942 haec
453 914 548 942 soret:
572 913 731 953 φανήσεται
743 916 799 954 γὰρ
809 911 844 944 τὸ
856 912 945 955 κέρδος
957 914 1005 944 οὐκ
1015 913 1090 953 ἄξιον

374 956 427 988 τῆς
452 955 632 994 γενησομένης
653 957 801 997 αἰσχύνης,
823 956 882 986 οῦδὲ
904 958 1010 987 πολλοῦ
1033 957 1090 987 δεῖν

375 997 426 1036 [id
443 1003 501 1034 est,
528 998 583 1037 οὐχ
605 998 679 1026 ὥστε
703 999 811 1028 πολλοῦ
833 999 912 1037 δεῖνῙ,
934 1002 1015 1028 ἀλλὰ
1037 1000 1088 1027 τοῦ

375 1039 489 1073 παντός.
534 1039 695 1069 Constabit
710 1038 791 1069 enim
808 1039 865 1075 sic,
879 1040 997 1069 lucrum
1015 1039 1088 1069 inde

374 1086 594 1121 proventurum
610 1092 679 1112 cum
692 1082 883 1121 turpitudine
897 1082 968 1112 inde
980 1082 1019 1112 ad
1032 1092 1088 1112 nos

374 1125 510 1154 reditura
525 1135 583 1154 non
596 1135 667 1155 esse
683 1126 931 1164 comparandum,
947 1135 1017 1160 non,
1033 1125 1087 1154 ali-

374 1177 443 1207 qua,
465 1167 607 1207 quamvis
633 1178 741 1207 parva,
763 1167 892 1203 ratione,
919 1168 973 1198 sed
996 1168 1087 1208 plane

373 1210 466 1241 nulla.
497 1211 564 1240 Nos
578 1210 693 1241 dicturi
708 1211 804 1241 simus
820 1221 876 1251 pro
891 1216 1007 1248 nostra,
1020 1222 1087 1251 quae

374 1253 465 1283 hodie
495 1253 670 1284 dominatur
692 1254 722 1284 in
747 1255 872 1291 scholis,
910 1255 1085 1285 Latinitate.

374 1296 613 1327 emolumentum
626 1307 696 1327 cum
711 1298 864 1328 dedecore
880 1308 1005 1337 prorsus
1018 1299 1088 1328 nul·

375 1339 434 1369 lam
460 1341 690 1379 proportionem
712 1341 814 1371 habet.
838 1341 914 1371 illud
939 1351 1006 1371 cum
1029 1341 1087 1371 hoc

373 1382 465 1421 plane
480 1384 648 1423 comparari
668 1384 783 1424 nequit.
807 1384 994 1415 contentioni
1008 1383 1087 1415 inter

374 1425 440 1455 haec
457 1426 519 1455 duo
534 1426 622 1457 locus
637 1427 725 1466 plane
742 1427 843 1457 nullus
859 1432 915 1457 est.

417 1485 461 1491 —-
476 1472 528 1500 16.
553 1470 704 1510 τριάκοντα
732 1470 884 1510 ἄνθρωποι,
915 1469 929 1501 ἢ
958 1467 1085 1511 πλείους]

374 1511 477 1541 malim
493 1516 523 1541 et
538 1522 656 1542 comma
672 1518 702 1543 et
718 1512 732 1545 ἢ
749 1514 815 1543 tolli
829 1524 838 1551 ;
860 1519 894 1543 ut
918 1513 983 1543 haeo
1004 1514 1088 1543 exsi-

375 1558 437 1584 stat
453 1555 621 1585 sententia:
644 1562 679 1586 ut
695 1557 794 1597 itaque
809 1557 839 1586 in
855 1562 1001 1596 posterum
1015 1566 1086 1587 sem-

369 1607 423 1636 per
450 1597 577 1628 homines
614 1600 742 1640 triginta
779 1598 934 1641 conferant
964 1609 1086 1630 numero

371 1640 479 1679 plures,
503 1652 590 1681 quam
606 1653 688 1673 nunc
702 1641 869 1682 conferunt.
893 1643 937 1672 sic
954 1642 1086 1682 scripse-

374 1693 450 1718 ram,
481 1689 642 1723 antequam
672 1686 861 1715 membranas
892 1686 1087 1725 Augustanas

374 1726 571 1765 inspicerem,
585 1739 603 1757 a
625 1729 735 1767 quibus
760 1733 791 1758 et
814 1728 972 1758 distinctio
991 1728 1086 1770 (pun-

375 1774 458 1798 ctum
482 1777 566 1808 puta,
584 1781 651 1801 nam
675 1781 793 1801 comma
815 1771 878 1801 illis
900 1771 1085 1801 membranis

374 1812 514 1851 ignotum
542 1812 604 1854 est)
628 1818 660 1844 et
685 1813 699 1845 ἢ
727 1815 826 1851 abest,
852 1824 944 1854 quare
975 1815 1086 1845 sustuli

374 1859 549 1894 utrumque.

417 1900 623 1941 -·18.ἧμῖν]
642 1899 779 1931 malim
768 1914 782 1932 η
804 1901 860 1937 ν’ὕν,
882 1900 1085 1942 εοί1.λειτουρ-

373 1941 479 1979 γοῧσιν.

418 2002 459 2007 -
486 1995 556 2023 pen.
585 1986 746 2036 λειτουςγξῖ]
778 1987 978 2017 necessariam
1009 1991 1085 2026 puto

374 2027 618 2059 emendationem
647 2029 676 2059 in
707 2030 844 2069 margine
882 2030 1083 2070 propositam,

373 2071 583 2111 cujuscunque
612 2078 665 2102 aut
693 2074 894 2113 undecunque
925 2075 1086 2113 depromta

374 2117 431 2149 est,
447 2114 475 2144 οὐ
492 2115 645 2157 λειτουςγη.
671 2126 727 2145 ιιοη
749 2116 894 2157 conferat.
918 2127 955 2146 ea
977 2127 1084 2156 nempe

372 2155 453 2194 lege,
477 2161 510 2186 nt
532 2157 639 2187 τούτων
658 2162 689 2187 et
710 2159 807 2193 αὐτοις
829 2159 867 2189 ad
890 2160 1016 2189 eosdem
1038 2171 1084 2189 re-

374 2198 457 2228 deat.
483 2199 578 2229 δίδωσι
595 2201 675 2230 redit
688 2202 727 2231 ad
742 2202 842 2240 legem
860 2202 1011 2241 Leptinis.
1034 2202 1084 2232 So-

373 2241 517 2272 lummodo
527 2243 559 2272 id
571 2248 681 2282 tempus
692 2245 798 2284 cuique
809 2245 931 2274 liberum
944 2245 1084 2285 relinquit

374 2284 417 2314 lex
445 2283 588 2324 Leptinis,
614 2297 670 2326 quo
696 2293 782 2316 vacat
809 2298 827 2317 a
849 2287 1012 2322 collatione,
1022 2257 1082 2317 qvel

364 2325 526 2367 junctione
547 2330 651 2359 oneris.
675 2335 778 2368 potest
799 2335 897 2360 tamen
916 2331 1085 2370 vulgata,a

373 2380 433 2408 qua
444 2371 577 2422 „negatio
598 2373 696 2408 abest,
719 2373 856 2409 defendi,
882 2373 907 2403 si
928 2374 1034 2403 τούτων
1055 2378 1086 2403 et

373 2412 470 2449 αυτοῖς
486 2424 545 2444 non
561 2415 599 2444 ad
615 2416 751 2451 eosdem,
766 2416 818 2446 sed
836 2417 874 2447 ad
886 2417 1026 2447 diversos
1039 2427 1085 2447 re·

371 2455 464 2492 feras,
482 2461 514 2487 et
528 2457 634 2489 τούτων
651 2439 784 2498 quidein,
802 2460 840 2489 ad
856 2470 921 2496 eos,
937 2460 1001 2499 qui,
1017 2470 1085 2490 cum

371 2498 479 2529 antea
470 2509 619 2530 immunes
632 2512 649 2531 a
662 2502 885 2532 contributione
896 2513 950 2542 per
963 2503 1086 2542 aliquod

371 2541 572 2582 privilegium
596 2550 710 2580 essent,
725 2556 803 2575 nuno
821 2556 837 2574 a
852 2546 921 2584 lege
937 2546 1087 2586 Leptinea

372 2590 522 2624 coguntur
551 2587 765 2626 contribuere3
798 2589 894 2622 αὐτοῖς
921 2593 1021 2618 autem
1047 2590 1085 2618 ad

372 2637 437 2662 eos,
449 2628 503 2667 qui
515 2638 668 2668 nunquam
684 2612 873 2661 immunitate
889 2632 990 2670 gavisi
1004 2637 1086 2668 sunt,

373 2671 429 2700 sed
461 2681 582 2710 semper
612 2683 739 2703 necesse
770 2674 942 2704 habuerunt
971 2675 1085 2704 contri-

373 2713 478 2743 buere.
524 2714 603 2744 Haec
619 2715 703 2746 olim.
747 2717 830 2746 Bene
847 2718 938 2747 habet
951 2718 1084 2757 vulgata.

372 2756 540 2787 ἀνάπαυσιν
561 2757 643 2787 redit
666 2760 705 2788 ad
729 2761 784 2788 τῶν
811 2763 999 2802 τςιηξαρχιῶν.
1024 2771 1084 2801 quo

372 2799 504 2839 quisque
531 2810 608 2830 anno
635 2802 800 2841 λειτουργεῖ,
828 2813 865 2832 eo
890 2804 970 2833 liber
993 2808 1041 2834 est
1068 2814 1086 2833 a

371 2842 561 2873 trierarchia.
591 2845 653 2874 Sed
669 2855 746 2874 anuo
762 2857 813 2879 της
829 2844 1001 2885 λειτουιγίας
1015 2857 1085 2886 per-

371 2891 452 2921 acto,
483 2885 567 2916 redit
588 2887 626 2916 ad
650 2887 789 2918 solennia
810 2888 913 2918 munia
935 2891 987 2923 τῆς
1008 2901 1085 2929 ‘rgen-

369 2939 498 2969 ραξχίας.

413 2974 557 3004 46412.
572 2972 752 3014 ›trumo-3021]
775 2974 825 3012 qui
849 2974 973 3004 codices
996 2975 1085 3004 omit-

367 3017 445 3050 tunt,
476 3014 523 3045 illi
554 3016 798 3048 subaudiendum
828 3027 844 3047 e
872 3017 1085 3057 superioribus

760 203 794 245 Ι.
817 204 851 247 Ι.
873 203 1096 247 REISKE
1129 204 1455 249 ANNOTATA

1118 314 1304 352 relinquunt,
1320 313 1395 355 ἔχειν
1410 313 1519 346 πολλά.

1121 367 1137 387 v
1143 357 1253 395 ulgata.

1160 416 1203 422 --
1219 401 1271 429 20.
1288 399 1434 441 ωλούτου]
1459 411 1518 431 non
1541 404 1690 441 repugnat
1712 400 1763 431 hio
1786 400 1833 431 lo-

1120 453 1175 472 cus
1204 442 1254 471 illi
1280 443 1444 480 superiori,
1468 445 1592 484 neganti
1618 444 1776 484 pecuniam
1799 443 1832 473 in

1120 484 1228 515 aerario
1255 495 1334 520 esse,
1356 495 1425 515 nam
1451 487 1575 517 tametsi
1597 488 1688 517 fiscus
1715 496 1834 527 pauper

1121 532 1180 563 est,
1192 531 1319 567 possunt
1335 531 1434 558 tamen
1447 529 1560 569 privati
1572 530 1708 560 homines
1721 529 1833 570 opibus

1121 571 1285 600 abundare.

1164 631 1206 636 ——
1222 615 1274 643 23.
1291 611 1382 654 ἔχειν]
1400 612 1483 643 idem
1500 617 1547 644 est
1566 618 1656 653 atque
1679 613 1732 644 δεῖν
1746 613 1833 656 ἔχειν,

1121 662 1250 696 oportere
1266 656 1380 686 habere.

1163 717 1206 722 —
1222 701 1274 730 27.
1291 697 1532 741 ἀναπαυομένους]
1554 698 1687 730 subaudi
1701 697 1767 729 ἀπὸ
1782 699 1835 732 τῆς

1121 741 1265 776 ἀτελείας.

1162 803 1206 809 -
1227 795 1299 826 pen.
1323 785 1362 819 εἷς
1386 783 1477 826 μέσον
1501 783 1685 825 γιγνομένας]
1714 787 1775 820 est,
1801 783 1833 813 in

1122 839 1282 859 commune
1297 827 1363 868 pari
1380 834 1410 858 et
1425 829 1520 868 quaeri
1532 828 1736 866 conferrique.
1759 828 1836 857 Sen-

1123 872 1217 902 tentia
1240 876 1308 901 est:
1337 871 1561 907 Emolumenta,
1583 881 1651 910 quae
1672 870 1705 900 hi
1728 879 1836 900 osores

1121 913 1320 944 immunitatis
1336 914 1422 943 aiunt
1435 924 1478 944 ex
1495 913 1665 953 aliquorum
1680 914 1718 943 ab
1735 913 1834 943 oneri-

1123 958 1179 986 bus
1195 956 1429 986 contributionis
1442 957 1630 988 relevatione
1649 957 1687 987 ad
1703 966 1766 985 rem
1784 966 1837 985 eo-

1121 1007 1188 1026 rum
1211 997 1392 1028 familiarem
1416 1009 1589 1035 accessura,
1606 1001 1685 1029 bono
1708 998 1837 1037 publico

1121 1040 1246 1076 cedere,
1261 1040 1394 1070 omnium
1410 1041 1539 1071 salutem
1559 1042 1749 1077 confirmare,
1773 1051 1837 1071 om-

1122 1082 1204 1112 nium
1220 1093 1295 1122 opes
1311 1093 1436 1122 augere.

1163 1142 1207 1148 -—
1221 1126 1279 1156 ult.
1295 1125 1392 1162 δήπου,
1408 1124 1468 1168 δ’τι]
1485 1126 1608 1158 correxi
1630 1126 1719 1158 δήπου
1740 1125 1837 1165 τοῦθ’,

1121 1166 1175 1199 ὅτι.
1191 1178 1222 1198 v.
1237 1179 1268 1209 p.
1281 1170 1356 1200 466.
1372 1172 1425 1200 21.

1165 1211 1240 1243 465.
1255 1213 1287 1242 7.
1309 1213 1369 1247 τοῖς
1391 1211 1544 1253 θεωμένοις
1567 1212 1660 1253 ἡμῶν]
1686 1223 1753 1244 nam
1776 1223 1836 1243 non

1122 1265 1228 1285 omnes
1244 1259 1415 1294 spectatum
1431 1256 1527 1286 ibant.

1164 1315 1207 1321 —
1222 1300 1253 1329 9.
1269 1297 1383 1350 ἐνθάδε]
1401 1298 1467 1329 scil.
1482 1298 1509 1329 ἐν
1523 1298 1591 1332 ταῖς
1585 1298 1773 1350 “xopnys'am

1163 1358 1207 1364 —-
1223 1344 1275 1372 10.
1297 1340 1373 1382 ἐκεῖ]
1399 1342 1467 1372 scii.
1494 1341 1522 1373 ἓν
1545 1342 1612 1376 ταῖς
1634 1340 1832 1383 τειηραρχίαις.

1121 1385 1203 1423 quod
1214 1394 1257 1414 aes
1270 1394 1396 1414 necesse
1408 1395 1469 1415 non
1480 1385 1592 1415 babent
1604 1384 1719 1415 divites
1731 1385 1834 1415 choris

1120 1427 1311 1466 impendere,
1328 1427 1411 1458 idem
1426 1438 1470 1458 aes
1490 1428 1650 1458 conferent
1673 1428 1712 1458 ad
1736 1437 1836 1468 remp.

1121 1471 1151 1499 in
1169 1471 1322 1500 obeundis
1338 1470 1604 1501 trierarchatibus.

1163 1530 1206 1536 —
1220 1515 1272 1544 16.
1288 1513 1402 1554 τοῦτον]
1418 1513 1491 1544 dedi
1507 1514 1546 1544 de
1562 1523 1631 1544 meo
1646 1513 1742 1551 τοῦτο,
1765 1513 1835 1544 scil.

1120 1554 1154 1585 τό
1167 1555 1251 1597 μέρος
1264 1558 1314 1587 τοῦ
1328 1555 1422 1597 νόμου.
1445 1558 1522 1587 hanc
1544 1555 1727 1597 particulam
1741 1557 1836 1596 legis,

1120 1610 1209 1640 quam
1225 1605 1326 1630 orator
1347 1600 1456 1630 scribae
1478 1599 1577 1640 digito
1602 1600 1832 1630 demonstrabat

1119 1643 1358 1682 praelegendam.

1162 1703 1205 1708 —
1220 1687 1272 1716 22.
1289 1684 1378 1726 ἔχειν]
1402 1689 1475 1725 post
1496 1684 1572 1727 ἔχειν
1593 1684 1736 1724 suspicor
1750 1685 1834 1715 desi-

1119 1728 1221 1758 derari
1236 1727 1330 1759 δοκεῖν.
1354 1739 1441 1769 quam
1457 1735 1492 1759 ut
1507 1728 1677 1764 videantur,
1699 1738 1834 1758 censean-

1120 1776 1184 1807 tur,
1220 1772 1361 1810 possidere
1391 1776 1520 1807 tantum,
1551 1776 1588 1801 ut
1617 1771 1833 1802 trierarchatus

1117 1823 1217 1854 gerere
1231 1814 1363 1844 debeant.

1161 1874 1205 1880 ——-
1216 1860 1268 1889 26.
1281 1855 1342 1888 ’τίνα
1354 1855 1396 1887 οῧν
1410 1856 1548 1899 ῥᾳστώνην
1556 1856 1615 1898 —]
1632 1855 1755 1887 videtur
1767 1857 1832 1887 baec

1119 1911 1189 1931 esse
1208 1900 1377 1932 sententia:
1403 1901 1471 1930 Non
1494 1900 1586 1936 video,
1604 1901 1757 1939 quomodo
1781 1904 1834 1930 tua

1118 1945 1184 1981 lex,
1205 1943 1347 1984 Leptine,
1369 1944 1435 1979 τοὺς
1454 1944 1587 1979 πολλοὺς,
1607 1942 1834 1973 multitudinem

1118 1986 1248 2027 popelli,
1266 1986 1420 2023 sublevet,
1436 1986 1576 2026 augendo
1595 1995 1722 2016 numero
1741 1985 1833 2016 ludos

1119 2029 1307 2066 facientium,
1335 2029 1512 2061 accessione
1539 2038 1685 2069 perquam
1709 2029 1834 2068 exigua.

1119 2084 1186 2103 nam
1200 2074 1238 2103 ab
1251 2073 1311 2104 ista
1321 2077 1372 2104 tna
1383 2073 1549 2104 severitate
1559 2082 1618 2103 non
1632 2072 1736 2111 plures
1746 2077 1834 2111 quot-

1119 2116 1218 2152 annis,
1235 2126 1325 2156 quam
1341 2116 1436 2156 quini,
1450 2125 1601 2146 summum
1617 2115 1702 2151 deni,
1718 2114 1833 2144 contri-

1120 2160 1242 2189 butione
1259 2160 1297 2189 ad
1312 2159 1402 2189 ludos
1416 2158 1556 2188 facienda
1565 2157 1751 2194 relevantur,
1767 2157 1834 2197 qui-

1119 2203 1175 2232 bus
1186 2212 1264 2232 nunc
1274 2202 1351 2232 illud
1361 2212 1438 2232 onus
1448 2199 1741 2236 incumbit,illorum
1750 2201 1833 2238 loco,

1118 2244 1229 2284 quibus
1246 2254 1326 2285 resp.
1341 2244 1563 2275 immunitatem
1577 2243 1741 2274 concessit.

1161 2289 1237 2318 466.
1248 2290 1281 2318 3.
1298 2290 1377 2328 arag&
1393 2286 1504 2327 τοῖσδε]
1521 2287 1553 2317 in
1566 2287 1626 2316 boc
1637 2286 1772 2326 judicio,
1783 2286 1832 2316 vel

1119 2335 1282 2367 conventu,
1315 2341 1418 2360 coram
1448 2330 1497 2360 his
1524 2328 1696 2368 judicibus,
1730 2333 1762 2359 et
1792 2329 1832 2359 ab

1120 2374 1193 2404 illis.

1163 2434 1204 2439 ——-
1230 2418 1262 2447 7.
1286 2415 1459 2456 διειςῆσθαι]
1490 2414 1615 2446 correxi
1641 2414 1789 2455 διῃςῧσθαι
1815 2425 1834 2445 a

1121 2461 1216 2490 verbo
1240 2459 1358 2500 &tunginu-
1382 2459 1459 2500 quod
1481 2469 1541 2489 non
1559 2463 1630 2489 esset
1649 2458 1832 2495 distinctum,

1119 2501 1282 2542 definitum.

1161 2563 1205 2569 —-
1221 2548 1273 2576 2.Ο
1285 2545 1334 2575 καὶ
1349 2544 1447 2575 ταῦτα
1462 2540 1512 2585 ων]
1526 2547 1635 2597 potest
1643 2543 1768 2582 exponi,
1784 2542 1834 2573 καὶ

1120 2600 1219 2618 ταυτα
1235 2587 1266 2619 ἐκ
1282 2588 1347 2630 [vel
1371 2587 1444 2629 ἀπὸ]
1470 2587 1587 2623 τούτων,
1612 2583 1658 2616 ων.
1682 2587 1737 2615 sed
1761 2585 1833 2626 qnia

1119 2632 1178 2662 hoc
1192 2632 1284 2671 paulo
1300 2631 1408 2661 durius
1425 2635 1483 2666 est,
1499 2629 1601 2660 malim
1616 2628 1665 2658 καὶ
1680 2628 1767 2658 ταῦτ’
1781 2627 1833 2668 ἀφ’

1118 2686 1163 2711 ων,
1187 2675 1221 2704 id
1236 2679 1294 2710 est,
1311 2673 1369 2705 ἀπὸ
1385 2673 1500 2708 τούτων,
1514 2669 1601 2702 ων-
1613 2671 1706 2711 idque
1722 2681 1758 2701 eo
1779 2682 1833 2711 ge-

1118 2728 1191 2748 nere
1214 2728 1327 2754 rerum,
1349 2727 1410 2756 quo
1432 2720 1537 2746 nostra
1558 2714 1668 2745 civitas
1691 2714 1833 2753 inprimis

1119 2761 1249 2800 indiget.

1162 2822 1204 2826 --
1215 2804 1269 2833 ult.
1278 2804 1328 2834 τὴν
1341 2800 1484 2837 ἀτέλειαν,
1501 2799 1607 2830 Ξίω-ασι
1622 2797 1737 2830 δέδωκεν
1747 2798 1830 2839 ὗμιν]

1119 2847 1265 2876 desidero
1288 2846 1338 2875 hic
1363 2843 1489 2883 aliquid.
1511 2842 1644 2897 planius„
1656 2841 1762 2880 utique
1785 2842 1832 2871 di-

1119 2894 1223 2919 cturus
1240 2892 1305 2919 erat
1319 2887 1385 2918 sic:
1410 2886 1484 2928 ’έχων
1506 2887 1560 2926 γὰρ
1582 2883 1681 2918 ἐκεῖνος
1700 2883 1750 2915 καὶ
1772 2885 1833 2919 ’τοῖς

1119 2932 1204 2962 παισὶ
1219 2934 1268 2964 τὴν
1282 2929 1414 2961 ἀτέλειαν
1435 2930 1485 2960 τὴν
1500 2927 1567 2969 παρ’
1580 2927 1659 2967 ὑμῖν,
1676 2927 1725 2957 καὶ
1747 2926 1832 2961 αὐτὸς

1118 2977 1167 3006 τήν
1182 2974 1248 3015 παρ’
1263 2972 1357 3012 ἑαυτῷ
1370 2970 1501 3002 ἀτέλειαν
1514 2970 1611 3002 απασι
1627 2968 1764 3001 δέδωκεν
1753 2971 1832 3010 υμῖν.

1118 3028 1186 3048 nam
1201 3028 1267 3048 cum
1280 3028 1298 3046 a
1314 3016 1388 3048 tobis
1398 3015 1611 3046 immunitatem
1626 3017 1701 3044 νοεῖν
1701 3023 1749 3044 am
1763 3013 1832 3043 ade-

1563 314 1625 344 sed
1649 314 1768 354 planior
1783 318 1830 347 est
