1948 3322
529 240 613 283 AD
647 239 762 281 SUA
798 237 1298 280 DEMOSTHENICA.
1626 237 1650 276 7

184 350 280 391 largis
292 347 491 382 administris,
507 357 568 377 non
583 348 656 378 licet
673 353 732 377 tam
749 347 841 377 lentis
858 351 889 376 et
906 345 1072 376 otiantibus
1090 346 1187 375 libros
1210 349 1331 374 nostros
1349 346 1451 381 edere,
1468 346 1522 376 sed
1538 356 1554 376 e
1573 355 1649 387 pau-

184 412 258 442 pere
280 399 405 441 peculio
429 403 535 429 nostro
562 404 680 429 sumtus
703 399 763 438 ipsi
787 402 948 437 erogantes
976 407 1102 427 necesse
1127 397 1275 426 babemus
1300 396 1471 427 accelerare
1493 403 1524 428 et
1540 408 1650 438 urgere

184 453 332 495 cujusque
355 451 520 482 voluminis
543 450 758 486 excusicnem,
786 454 818 479 et
843 450 962 479 chartas
988 448 1153 478 confestim
1177 458 1237 478 aere
1263 451 1394 477 mutare.
1437 448 1498 477 Sed
1516 449 1548 479 in
1564 449 1646 479 viam

181 504 287 536 redeo.
317 503 356 533 In
369 508 430 533 tam
445 503 568 532 immani
585 503 673 542 sylva
687 500 854 532 lectionum
870 500 959 531 facile
975 501 1057 530 sactu
1073 499 1144 534 fuit,
1160 509 1258 538 neque
1274 498 1369 528 debet
1382 497 1493 527 mirum
1508 499 1649 538 cuiquam

180 554 292 591 videri,
303 558 337 584 ut
353 564 370 583 a
386 563 434 583 me
450 554 580 584 subinde
596 560 750 583 erraretur
762 552 794 582 in
812 552 938 582 edendis
955 561 1009 582 seu
1025 551 1199 581 nominibus
1218 550 1370 585 codicum,
1385 560 1463 589 quos
1479 549 1554 586 cito,
1570 562 1649 590 prae·

181 605 287 636 sertim
302 605 354 641 iis,
371 615 447 644 quos
463 605 529 645 ipse
547 615 605 635 non
619 605 696 641 vidi,
712 610 747 634 ut
763 615 791 634 e.
807 615 833 634 c.
851 604 1075 644 Harleyanum‚
1089 614 1147 642 pro
1164 602 1398 637 Harrisoniano,
1415 612 1506 641 quam
1525 603 1648 642 culpam

179 662 216 687 ut
230 657 358 687 alienam
375 666 433 686 non
449 661 573 695 praesto,
587 667 656 687 cum
671 657 787 696 Taylcr
803 655 870 697 ipse
884 656 915 685 in
931 655 1054 685 schedis
1071 665 1130 684 non
1145 654 1220 684 satis
1235 653 1400 693 diligenter
1414 653 1474 683 ista
1489 652 1650 684 distinxis-

179 712 239 743 set,
255 707 351 737 autin
364 708 498 737 numeris
514 708 668 744 codicum,
682 712 714 737 ut
727 708 862 746 quintum
876 718 931 746 pro
946 712 1035 737 sexto
1050 718 1076 736 e.
1088 717 1115 736 c.
1127 706 1297 745 appellem3
1316 715 1384 745 quae
1402 706 1495 745 culpa
1510 706 1652 745 profecto

179 769 261 789 noxa
276 763 359 789 caret
375 769 382 787 :
407 763 520 798 quotus
532 759 615 789 enim
630 764 677 790 est
693 759 834 799 quisque,
851 759 899 789 cui
916 759 1010 789 liceat
1026 759 1103 788 istos
1120 759 1243 788 codices
1261 758 1346 788 adire
1370 763 1461 798 atque
1484 758 1628 789 evolvere
1638 755 1661 788 ‘i'

178 811 250 840 Non
264 811 377 850 ubique
394 821 411 840 a
425 821 474 840 me
498 815 677 841 annotatum
695 821 777 846 esse,
793 811 844 841 ubi
863 811 953 847 ἅπας,
976 821 1034 850 pro
1056 813 1126 847 πᾶς,
1144 815 1195 840 aut
1211 810 1311 840 simile
1329 810 1417 849 quid,
1433 815 1485 840 ant
1502 810 1652 841 voeabula

177 862 364 901 transposita
380 862 576 902 reper1ssem,
589 874 679 903 spero
698 863 817 893 laudem
834 863 939 903 potius
952 863 1162 899 inventurum,
1178 872 1268 902 quam
1282 862 1313 891 in
1332 862 1441 892 vitium
1457 862 1652 893 incursurum

178 923 258 944 esse.
304 914 402 944 Eccni
416 914 496 945 enim
509 915 672 955 prodesset
685 920 746 946 tam
762 916 890 951 infinita,
907 920 968 945 tam
986 914 1204 950 ineluctabilis,
1217 919 1278 944 tam
1293 913 1403 953 putida
1419 919 1449 944 et
1464 914 1606 951 molesta,
1620 919 1652 945 et

177 976 303 1007 prorsus
325 966 407 996 omni
427 977 485 997 usu
501 977 588 997 cassa
603 967 786 1007 diligentia?
830 967 931 997 Eccui
956 966 1036 996 enim
1061 971 1132 996 sunt
1146 966 1239 996 hodie
1257 975 1348 997 aures
1363 970 1426 996 tam
1441 970 1567 1003 teretes,
1587 971 1650 996 tam

178 1018 389 1056 subtiles‚tam
400 1030 459 1049 usu
470 1019 568 1050 multo
579 1020 715 1050 subactae
731 1024 762 1049 et
778 1023 887 1054 aentae,
898 1023 932 1048 ut
947 1019 1048 1048 statim
1065 1018 1218 1048 delectum
1237 1019 1413 1055 verborum,
1425 1023 1650 1048 constructum·

179 1080 217 1100 ve
236 1071 318 1102 hunc
332 1070 443 1107 minus,
457 1071 542 1101 illum
559 1071 669 1101 melius
684 1082 752 1101 cum
769 1070 934 1100 Atticismo
952 1069 1116 1099 convenire
1132 1069 1319 1109 dignoscat?
1363 1070 1407 1099 Et
1437 1070 1463 1100 si
1487 1069 1650 1109 dignoscat

177 1131 312 1161 quoque,
327 1121 401 1160 quid
415 1121 446 1151 id
461 1121 589 1151 multum
606 1122 645 1151 ad
657 1121 835 1151 felicitatem
852 1124 988 1150 nostram
1000 1119 1117 1149 faciet?
1141 1130 1250 1149 eumne
1267 1130 1325 1160 ego
1342 1120 1468 1160 dignum
1484 1124 1567 1151 tanta
1582 1131 1649 1151 mea

176 1182 272 1211 opera
290 1172 441 1211 judicem,
458 1183 548 1213 quem
560 1172 740 1203 universum
755 1171 847 1202 flocci
862 1181 922 1201 non
937 1170 1028 1207 facio,
1052 1171 1292 1202 commentitium
1310 1173 1461 1211 quendam
1477 1182 1601 1202 suavem
1619 1176 1650 1202 et

175 1228 354 1263 argenteum
365 1222 511 1254 tinnitum
524 1222 660 1254 Atticum
671 1222 683 1255 ?

217 1275 305 1306 Vitio
319 1275 379 1306 hoc
391 1286 512 1316 quoqne
523 1275 599 1306 mihi
611 1276 693 1307 haud
709 1276 801 1316 pauci
812 1280 942 1313 vertent,
952 1277 1035 1316 quod
1051 1276 1199 1307 lectiones
1211 1275 1472 1316 auctoritatesque
1490 1287 1506 1306 a
1515 1277 1649 1317 Tayloro

170 1326 237 1369 jam
251 1326 366 1357 relatas
379 1337 484 1357 rursus
497 1327 656 1357 retulerim
671 1338 678 1358 ε
695 1332 757 1358 tum
776 1328 856 1367 quod
874 1328 1069 1366 conjecturas
1087 1328 1205 1364 Wolfii,
1221 1327 1411 1363 Marklandi,
1428 1327 1565 1367 Taylori.
1596 1329 1649 1358 Sic

174 1379 284 1409 eadem
298 1378 349 1409 bis
364 1383 412 1409 ter
426 1383 550 1409 recocta
563 1379 684 1419 reponi.
728 1380 846 1409 Verum
861 1379 1028 1409 lectionum
1046 1379 1173 1419 Taylori
1188 1389 1298 1420 magna
1312 1389 1384 1418 pars
1402 1389 1418 1409 e
1434 1379 1578 1409 Parisina
1594 1389 1649 1410 seu

174 1433 342 1464 Motellina
353 1432 488 1463 editione
501 1433 663 1474 depromta
675 1438 751 1470 erat,
767 1444 856 1473 quam
868 1438 963 1463 totam
976 1433 1028 1463 hic
1043 1433 1176 1464 reddere
1190 1444 1207 1463 a
1216 1432 1371 1473 principio
1388 1433 1488 1463 statim
1503 1432 1651 1462 decreve-

174 1494 258 1514 ram:
282 1484 366 1524 quod
382 1484 408 1514 si
423 1494 499 1524 ergo
512 1484 647 1527 Tayloro
660 1485 797 1515 dedecus
811 1489 861 1514 est
875 1484 1038 1520 lectiones,
1056 1495 1124 1524 quae
1139 1484 1230 1515 facile
1244 1495 1262 1514 a
1277 1484 1388 1524 quovis
1405 1484 1490 1514 illinc
1506 1484 1572 1524 peti
1592 1494 1649 1524 po·

173 1536 320 1572 tuissent,
333 1536 417 1566 haud
433 1536 589 1576 defugiam
611 1536 881 1576 reprehensionem
906 1547 1010 1577 operae
1026 1536 1180 1566 incassum
1195 1536 1226 1566 in
1243 1547 1280 1566 eo
1294 1541 1426 1572 navatae,
1442 1537 1523 1576 quod
1539 1536 1651 1576 Taylo-

173 1598 262 1618 ranas
277 1587 428 1618 lectiones
442 1598 511 1618 cum
527 1589 605 1618 meis
621 1588 841 1628 conjunxerim,
854 1599 914 1628 quo
931 1589 990 1618 sub
1006 1598 1066 1618 uno
1084 1594 1266 1628 conspectu,
1282 1588 1368 1618 velut
1383 1589 1413 1618 in
1430 1588 1520 1619 brevi
1532 1589 1649 1624 tabula,

174 1649 278 1670 eoram
293 1640 392 1670 oculis
407 1640 534 1670 baberet
548 1641 659 1676 lector,
674 1640 823 1680 quicq-uid
845 1641 915 1680 opis
939 1640 978 1670 ad
994 1639 1233 1680 intelligendum
1250 1640 1473 1670 Demosthenis
1495 1651 1648 1680 quemque

173 1691 288 1728 locum,
311 1701 366 1721 sen
389 1690 537 1722 librorum
563 1692 654 1728 fides,
676 1703 731 1722 seu
752 1692 915 1722 doctorum
941 1691 1080 1722 virorum
1108 1691 1231 1731 ingenia
1253 1695 1444 1731 praestarent.
1491 1691 1646 1721 Chartulae

170 1744 293 1784 jactura
307 1753 384 1782 qnos
401 1743 502 1774 acrius
527 1748 604 1780 uret,
621 1754 712 1784 qnam
734 1744 812 1774 alios
839 1744 975 1774 studium
1000 1754 1102 1774 meum
1128 1745 1356 1774 commoditatis
1382 1755 1445 1774 sua:
1469 1744 1650 1781 delectabit,

173 1804 263 1834 aeqno
277 1794 378 1824 animo
393 1795 490 1825 feram
505 1795 561 1825 hos
577 1796 616 1825 de
631 1806 680 1825 me
696 1801 872 1836 querentes.
918 1795 1085 1826 permultis
1108 1795 1138 1825 in
1162 1795 1241 1826 locis
1264 1806 1350 1826 meos
1367 1806 1385 1825 a
1400 1796 1566 1826 Morellina
1586 1796 1650 1826 dis-

174 1857 282 1877 cessus
295 1846 327 1876 in
342 1847 599 1884 annotationibus,
613 1846 688 1877 item
704 1847 736 1877 in
752 1847 955 1883 variantibus,
969 1847 1110 1887 judicare
1129 1858 1180 1877 seu
1198 1847 1324 1887 insuper
1340 1847 1444 1884 habui,
1460 1858 1515 1877 seu
1532 1847 1648 1878 oblitus

172 1898 218 1929 fui
230 1909 237 1927 :
256 1897 310 1928 sed
323 1898 463 1938 profecto
475 1903 536 1929 tam
550 1897 668 1929 minuta
680 1898 740 1929 ista
754 1902 851 1935 erant,
866 1902 902 1929 ut
914 1899 975 1929 ista
991 1902 1137 1928 annotare
1153 1899 1332 1928 tantundem
1341 1898 1461 1934 fuisset,
1472 1903 1564 1938 atque
1574 1899 1651 1928 stul-

174 1949 273 1980 titiam
289 1960 375 1980 suam
392 1960 445 1980 ore
461 1961 518 1980 suo
533 1951 718 1990 praedicare,
734 1951 916 1990 testarique,
936 1960 1026 1989 quam
1042 1960 1149 1989 parum
1166 1950 1245 1980 scias
1263 1949 1326 1979 otio
1343 1949 1501 1989 sapienter
1515 1950 1571 1986 uti,
1587 1960 1647 1990 quo

173 2012 285 2032 vereor
299 2012 337 2031 ne
353 2001 442 2032 nimis
456 2003 561 2032 multis
577 2002 684 2033 videa'r
700 2003 753 2033 vel
771 2003 816 2032 sic
834 2003 870 2032 ad
888 2002 1023 2042 ineptias
1036 2003 1151 2032 abusus
1168 2013 1248 2032 esse.
1297 2001 1389 2038 Aliis,
1406 2002 1432 2032 si
1450 2013 1542 2032 secus
1556 2002 1649 2032 secis-

174 2063 251 2089 sem,
266 2052 375 2092 procul
390 2052 483 2082 dubio
500 2053 585 2083 visus
601 2053 731 2083 fuissem
749 2053 918 2092 diligentiae
933 2064 1009 2083 meae
1024 2053 1222 2084 acerbitatem
1238 2053 1348 2094 putide
1361 2053 1513 2095 jactatum
1529 2055 1603 2085 isse.

218 2103 435 2143 Disputationi
453 2104 525 2134 hnic
548 2114 626 2134 meae
649 2104 693 2134 nil
717 2108 861 2144 superest
885 2105 966 2143 quod
984 2104 1106 2141 addam,
1122 2110 1235 2144 praeter
1258 2105 1481 2136 admonitiones
1498 2107 1646 2146 quasdam

172 2165 270 2186 novas
284 2155 324 2185 de
344 2155 444 2185 Godd.
461 2154 563 2191 mstis,
579 2154 693 2194 quibus
717 2155 768 2184 usi
795 2165 911 2191 sumuS,
926 2155 1076 2194 Taylorus
1102 2160 1133 2186 ct
1157 2166 1227 2195 ego,
1251 2166 1434 2195 quamquam
1460 2157 1500 2187 de
1524 2156 1564 2187 iis
1585 2159 1648 2197 jam

174 2207 290 2237 dudum
307 2205 520 2246 exposuimus.
565 2207 645 2237 Nam
668 2206 836 2236 secundum
859 2206 972 2237 editam
989 2207 1200 2246 praefationem
1217 2218 1316 2237 meam
1338 2208 1376 2238 ad
1394 2209 1648 2246 Demosthenem,

172 2258 258 2289 misit
272 2257 311 2288 ad
326 2268 375 2287 me
390 2257 556 2288 Askewius
571 2258 610 2287 V.
627 2258 664 2289 C.
679 2258 731 2297 qui
747 2268 845 2297 nuper
861 2258 892 2288 in
910 2258 992 2288 vivis
1010 2268 1101 2298 agere
1117 2259 1222 2295 desiit,
1238 2260 1394 2299 ingentem
1411 2260 1524 2290 fascem
1542 2272 1649 2291 exem—

172 2309 306 2350 plarium
320 2309 551 2345 Demosthenis,
565 2309 700 2346 Aldinae,
714 2309 905 2340 Basileensis
922 2309 1042 2350 primae,
1058 2310 1251 2341 Basileensis
1269 2312 1425 2348 secundae,
1447 2323 1500 2342 seu
1515 2313 1647 2343 Wolfia-

172 2371 278 2391 narum
303 2360 436 2391 omnium
463 2360 582 2401 primae,
605 2360 782 2390 Morellinae
809 2360 942 2400 singula,
968 2362 1200 2391 Francfnrtanae
1223 2362 1292 2398 tria,
1315 2363 1497 2403 Tayloranae
1519 2363 1648 2404 aliquot,

173 2411 289 2442 chartis
312 2412 435 2442 mundis
455 2411 660 2448 interstincta,
676 2411 788 2451 quibus
812 2416 864 2441 aut
889 2422 1018 2452 prorsus
1044 2412 1120 2442 nihil
1145 2418 1227 2443 esset
1241 2412 1440 2453 inscriptum,
1461 2418 1515 2444 aut
1530 2414 1646 2445 dudum

174 2464 276 2496 edita:
303 2464 342 2494 ad
358 2463 560 2503 Philippicas,
575 2469 607 2494 et
620 2474 729 2494 causas
745 2463 882 2504 privatas
897 2465 1142 2503 adjumentorum
1157 2475 1262 2505 parum
1279 2476 1286 2501 3
1312 2465 1351 2495 de
1367 2476 1428 2505 quo
1440 2467 1503 2504 jam
1519 2472 1648 2506 questus

174 2526 242 2547 sum
257 2515 375 2546 dudum
390 2515 529 2555 publice,
546 2517 715 2555 superstite
736 2520 767 2546 et
782 2516 908 2546 conscio
923 2515 1084 2552 Askewio‚
1102 2520 1133 2546 et
1149 2517 1186 2546 ad
1202 2516 1283 2546 huuc
1299 2516 1401 2556 ipsum
1415 2517 1446 2546 in
1464 2517 1564 2548 literis
1585 2518 1650 2558 pri-

173 2567 267 2605 vatis,
281 2575 371 2608 quem
385 2567 515 2597 decebat
529 2566 684 2597 mendacii
706 2578 756 2597 me
773 2577 953 2607 coarguere,
970 2567 1098 2597 simulac
1123 2567 1240 2597 fraudis
1263 2568 1407 2598 conscius
1427 2568 1502 2598 mihi
1525 2569 1646 2600 fnisset.

173 2619 216 2650 Ut
229 2624 328 2649 tamen
346 2628 442 2659 nuper
456 2628 521 2648 rem
535 2618 714 2658 diligentius
727 2619 890 2658 explorare
905 2619 1000 2658 coepi,
1016 2619 1216 2659 deprehendi,
1232 2630 1280 2649 me
1296 2619 1443 2650 subitaria
1457 2621 1648 2660 inspectione

175 2675 206 2701 et
221 2669 398 2710 opinatione
413 2669 586 2699 verosimili
601 2670 779 2709 deceptum,
793 2680 810 2700 a
826 2671 957 2700 veritate
975 2670 1167 2701 discessisse.
1214 2671 1305 2708 Quod
1321 2681 1399 2701 nnnc
1414 2672 1648 2711 reprehendam,

174 2722 321 2762 religiose
335 2721 386 2752 hic
400 2721 604 2758 indicaturum
621 2721 696 2761 quid
713 2721 744 2751 in
761 2722 882 2752 illorum
900 2723 938 2752 ad
955 2732 1002 2751 me
1015 2722 1191 2758 missorum,
1210 2733 1286 2762 qnos
1302 2723 1393 2752 modo
1409 2723 1489 2759 dixi,
1507 2723 1646 2753 codicum

174 2784 359 2814 unoquoque
373 2773 487 2814 reperi,
503 2778 534 2803 et
549 2773 578 2803 in
594 2772 777 2803 collectione
795 2773 980 2804 variantium
997 2774 1152 2804 exhibebo
1167 2774 1319 2804 lectiones
1336 2774 1432 2814 ipsas,
1446 2785 1521 2813 quas
1533 2775 1562 2804 hi
1578 2775 1647 2803 libri

174 2825 339 2867 Taylorani
353 2825 615 2855 administrabant.
651 2825 686 2854 In
704 2824 751 2854 his
766 2824 862 2864 igitur
876 2829 941 2855 erat
956 2825 1055 2864 primo
1068 2825 1139 2855 loco
1151 2825 1275 2861 Aldina,
1286 2836 1376 2865 quam
1389 2826 1418 2855 iu
1433 2827 1470 2855 V.
1485 2827 1519 2856 L.
1532 2825 1648 2856 libellis

174 2877 300 2918 appello
310 2876 452 2908 Aldinam
469 2876 602 2917 Tamari,
619 2877 707 2916 cujus
723 2877 888 2915 margines,
905 2882 1040 2913 vetusta,
1056 2887 1114 2907 non
1131 2877 1220 2912 scita,
1235 2877 1291 2907 sed
1304 2877 1384 2907 lectu
1400 2877 1490 2917 plana
1506 2882 1536 2907 et
1553 2887 1648 2918 expe-

174 2929 241 2959 dita
261 2938 369 2959 manus
394 2928 491 2959 variis
516 2928 710 2963 lectionibus,
726 2928 807 2958 haud
830 2929 981 2959 constabit
1006 2929 1171 2968 aliquando
1197 2929 1277 2958 unde
1305 2929 1422 2968 petitis,
1448 2929 1645 2969 conscripsit.

174 2979 255 3010 Nam
270 2990 419 3020 nusquam
435 2979 600 3020 vestigium
617 2979 714 3009 ullum
731 2984 871 3019 apparet,
884 2981 965 3010 unde
983 2985 1114 3015 constet,
1131 2991 1191 3020 quo
1208 2991 1224 3010 e
1240 2981 1324 3010 fonte
1341 2981 1484 3011 lectionis
1499 2980 1567 3011 istae
1582 2991 1647 3012 ma-

174 3031 330 3068 narint‚ut
343 3030 431 3062 initio
444 3031 627 3068 dubitarem,
643 3036 785 3062 essentne
800 3042 815 3063 e
832 3032 940 3063 codice
957 3033 1087 3072 quodam
1104 3033 1189 3063 Msto
1206 3032 1388 3071 depromtae,
1402 3043 1437 3063 an
1454 3043 1471 3062 a
1488 3032 1554 3064 viro
1571 3043 1647 3074 quo-
