1948 3322
457 194 541 235 AD
578 190 985 232 PlllLIPPlCAM
1015 189 1333 237 QUARTAM.
1581 188 1636 228 39

173 301 249 331 tium
270 301 413 340 aliquem,
433 299 464 329 in
480 308 569 338 quem
586 307 670 327 arma
686 307 741 327 sua
758 306 888 327 conver-

172 349 250 374 tant.

216 404 259 410 —-
273 387 325 417 26.
349 384 480 438 ποιεῖτε]
486 388 556 424 post
572 385 679 415 ποιεῖτε
695 382 818 413 videtur
835 381 891 412 de-

174 440 244 460 esse
260 429 366 459 ποιεῖτε
393 428 423 459 δὲ
447 425 497 467 τί;
521 428 634 467 ecquid
655 432 759 457 autem
787 424 891 464 agitis,

173 470 311 513 paratis?
333 472 387 513 qui
410 482 510 502 mores
537 475 610 501 sunt
631 469 752 500 vestri?
775 474 842 499 tum
858 468 889 498 in

174 515 345 546 continenti
378 515 573 555 respondens
597 513 741 554 subjicit:
779 521 890 551 nempe

171 556 345 599 ὑστερίζετε.

217 619 263 624 --
277 603 330 632 27.
353 599 526 642 ὑστερίζετε,
542 598 730 641 ἀναλισκετε]
747 609 816 629 num
827 598 890 638 leg.

174 649 223 675 est
232 642 393 686 ὑστερίζετε
405 643 615 679 ἀναλίσκοντες.
627 642 752 673 tametsi
764 652 892 681 magnos

173 687 277 718 facitis
291 689 464 724 sumtus,in
480 698 599 718 cassum
615 690 718 717 tamen
731 686 892 716 effundun-

176 736 227 760 tur
242 735 275 760 et
290 742 360 762 sero
376 731 500 768 venitis,
516 729 800 770 opportunitatibus
816 733 893 759 tem-

174 783 286 813 porum
295 775 361 814 jam
377 774 510 805 amissis.
523 785 560 804 an
576 773 808 813 transponenda
823 775 893 802 sunt

174 817 336 848 vocabula.
350 815 533 849 ἀναλίσκετε.
549 816 720 858 ὑστερίζετε.

216 871 345 900 ——pen.
368 860 496 902 ζητεῖτε]
520 861 604 900 quod
628 860 753 890 omnino
774 869 892 900 expun-

175 905 311 943 gendum
325 904 463 940 videtur,
480 904 566 935 uncis
590 904 715 934 inclusi.
739 903 894 933 sententia

176 948 246 978 haec
261 952 309 978 est
323 958 330 977 :
355 948 528 988 cuicunque
542 958 643 987 remp.
660 951 796 977 vestram
810 957 894 977 com·

176 991 335 1026 miseritis,
351 991 379 1021 is
396 991 485 1021 vobis
502 1001 608 1031 parum
622 989 785 1027 satisfacit,
800 989 839 1019 de
856 999 893 1019 eo

176 1033 351 1074 querimini.

222 1078 295 1107 13⁷.
316 1079 347 1108 6.
368 1074 402 1106 τό
424 1075 447 1106 δ’
462 1076 518 1117 οὔχ
539 1074 627 1110 οὕτως
649 1076 728 1117 ἔχει]
750 1085 847 1115 prava
862 1080 899 1104 et

174 1129 322 1159 perversa
333 1119 400 1149 haec
416 1123 465 1149 est
479 1118 591 1158 agendi
602 1119 693 1148 ratio.
711 1118 894 1148 subauditur

174 1162 209 1202 τὸ
225 1165 370 1204 ωρᾶγμιι.
381 1160 416 1191 τδ
431 1163 561 1201 πρᾶγμα,
576 1161 631 1202 οὐχ
651 1159 739 1195 οὕτως
762 1160 836 1202 ἔχει,
858 1161 895 1195 ὡς

175 1206 259 1246 υμεῖς
281 1203 518 1245 ὑπολαμβάνετε.
534 1215 584 1235 res
602 1205 646 1235 ita
660 1215 720 1234 non
739 1205 842 1239 habet,
859 1207 893 1233 ut

176 1259 232 1279 vos
249 1248 428 1287 opinamini.

220 1294 294 1323 133.
306 1292 362 1322 ult.
378 1291 499 1332 ἀκούειν]
516 1291 631 1326 nescio,
643 1301 680 1321 an
694 1301 775 1330 pone
789 1288 894 1319 ἀκούειν

175 1335 279 1366 desint
307 1335 374 1365 baec
399 1345 500 1375 pauca
523 1333 599 1375 μηδὲ
625 1333 827 1368 βουλεύεσθαι.
853 1334 892 1363 ob

177 1379 337 1418 praemissa
348 1378 381 1409 in
397 1378 578 1409 continenti.

221 1424 296 1454 139.
311 1424 342 1452 5.
367 1422 453 1452 ποιεῖν
474 1421 575 1461 τοῦτο]
602 1426 675 1461 post
699 1422 784 1450 ποιεῖν
807 1421 894 1450 τοῦτο

177 1465 301 1496 videtur
316 1464 364 1496 ἐπ’
379 1464 462 1495 αὐτὸν
476 1465 598 1495 deesse.

220 1527 263 1532 —
278 1510 310 1539 6.
337 1506 382 1538 είιν
401 1520 433 1538 τι
456 1506 526 1550 λέγῃ
551 1507 612 1549 τις]
636 1506 770 1537 subaudi
785 1505 893 1536 ἐπητή-

177 1552 254 1588 senon,
269 1552 321 1582 vel
334 1551 488 1594 χξῆσιμον,
504 1552 554 1581 vel
570 1552 632 1581 tale
645 1550 730 1590 quid.

221 1613 263 1618 -—
279 1598 330 1625 17.
357 1594 492 1636 διαφέρει]
522 1593 648 1625 correxi
677 1592 830 1633 διαφεύγει.
854 1604 893 1624 ne

175 1648 255 1669 nuuc
270 1638 394 1678 quidem
405 1638 527 1678 effugit,
540 1639 568 1668 h.
580 1649 607 1668 e.
621 1648 658 1667 ne
672 1647 752 1667 nuuc
767 1636 893 1677 quidem

177 1681 242 1712 fieri
254 1687 409 1722 negatum,
424 1692 524 1721 neque
539 1691 642 1711 serum
659 1685 718 1711 est.

220 1743 263 1748 —
277 1727 330 1756 21.
354 1722 406 1765 οἷς]
429 1726 554 1756 videtur
568 1725 705 1755 Thracas
720 1723 895 1764 designare.

220 1786 265 1791 —-
279 1768 334 1799 ult.
358 1768 532 1810 διοικοῦντος]
550 1779 621 1798 num
638 1767 840 1802 διοικήσαντος,
854 1768 895 1797 ob

179 1812 370 1851 praemissum
387 1811 554 1852 πράξαντος.

225 1858 299 1887 140.
314 1857 344 1886 5.
356 1854 498 1897 πρότερος]
517 1854 639 1896 praetuli
653 1853 806 1895 πξοτέςοις,
824 1855 895 1884 sub-

177 1898 250 1928 audi
266 1897 281 1930 ἢ
297 1898 387 1937 αὐτῷ’.
413 1899 503 1939 prius
518 1898 618 1934 nobis,
634 1909 725 1938 quam
742 1898 813 1935 sibi,
827 1899 894 1938 regi

180 1941 357 1972 Persarum.

223 2002 266 2007 --
281 1987 334 2014 10.
355 1983 403 2014 καὶ
419 1984 465 2024 δὴ]
481 1985 606 2024 praetuli
622 1984 634 2014 ὅ
649 1985 691 2022 332,
707 1985 748 2015 ob
763 1995 895 2015 consen-

182 2038 249 2058 sum
265 2027 425 2058 librorum.
440 2037 509 2057 nam
526 2028 580 2058 illo
596 2038 656 2058 non
673 2029 815 2058 obstante
832 2038 895 2058 ma-

178 2070 305 2109 luissem
319 2071 392 2100 dare
408 2070 420 2100 ὅ
436 2069 464 2100 δὲ
478 2069 621 2111 Ε’ίιρξαρος.
640 2071 685 2101 sic
697 2071 781 2111 loqui
795 2071 897 2101 solent

179 2115 416 2149 stomachantes,
426 2124 485 2144 non
495 2127 507 2144 ο
499 2114 546 2144 ’δ’ν,
557 2114 588 2148 β.
609 2115 688 2145 Haec
696 2115 899 2145 materialiter

179 2157 364 2197 accipienda
392 2161 473 2205 sunt,
500 2157 710 2188 conviciorum
741 2158 898 2197 exempla,

179 2210 248 2240 quae
263 2190 495 2231 Athenienses'
486 2211 517 2230 ln
535 2201 715 2241 Philippum
725 2201 898 2240 jactabant.

221 2261 266 2267 —
278 2247 330 2276 12.
352 2243 434 2284 τινα]
450 2244 568 2275 addidi.
577 2245 632 2275 ubi
644 2245 737 2275 video
750 2244 897 2284 aliquem,

177 2297 282 2327 regem
290 2288 457 2319 Persarum
467 2288 730 2325 reformidantem,
739 2288 791 2318 cui
806 2289 898 2319 sedes

179 2336 251 2362 sunt
264 2336 326 2362 tam
341 2332 448 2372 procul
465 2342 483 2362 a
497 2331 612 2362 nostris
633 2332 767 2362 dissitae.

221 2392 266 2398 —
282 2376 334 2406 24.
359 2376 439 2415 reug&
453 2375 554 2416 τοῦτο]
577 2375 638 2406 nisi
651 2375 713 2405 hoc
725 2370 874 2405 obstaret.

222 2419 298 2448 141.
320 2421 352 2450 4
373 2416 419 2459 ου]
436 2418 462 2448 si
473 2419 511 2449 ad
521 2419 698 2458 proximum
711 2418 794 2458 φόβον
802 2419 896 2456 redit,

179 2471 309 2501 necesse
323 2461 394 2497 erit,
410 2467 444 2492 ut
456 2462 495 2492 ad
507 2461 582 2493 οῦδὲν
590 2463 792 2498 subaudiatur
802 2463 896 2493 κακόν.

180 2514 242 2543 quo
257 2509 341 2535 metu
360 2505 460 2545 majus
481 2505 563 2537 aliud
587 2505 701 2536 malum
724 2506 814 2536 facile
836 2516 895 2537 non

179 2547 343 2578 afferamus
360 2548 398 2578 ad
421 2558 520 2588 remp.
545 2548 591 2580 sin
617 2555 731 2585 autem,
757 2548 790 2579 id
813 2551 896 2589 quod

178 2591 371 2630 probabilius
398 2592 495 2621 multo
520 2597 580 2629 est,
602 2590 632 2622 οὗ
655 2593 695 2622 ad
720 2593 896 2623 universam

179 2644 257 2670 rem,
281 2635 321 2664 de
339 2645 399 2675 qua
421 2635 532 2674 agitur,
553 2636 697 2671 refertur,
721 2636 789 2666 scil.
808 2636 848 2667 ad
862 2635 896 2666 τὸ

180 2678 284 2708 ἀνελεῖν
302 2679 358 2712 τὰς
376 2676 570 2718 ἕλασφημίαις
589 2679 638 2708 καὶ
654 2678 702 2709 τὸν
714 2678 809 2718 φόβον,
831 2684 895 2710 tum

179 2721 219 2751 ad
238 2720 312 2752 οὐδὲν
333 2722 534 2752 subaudietur
557 2721 679 2760 ἀγαθόν.
725 2723 772 2753 Et
793 2728 897 2763 poste-

179 2764 293 2795 riorem
315 2765 534 2804 interpretandi
557 2767 682 2796 modum
707 2766 736 2795 h.
753 2766 774 2795 1.
796 2767 895 2796 solum

181 2807 319 2838 obtinere
341 2819 449 2848 posse,
465 2813 496 2839 et
510 2809 550 2839 de
567 2809 663 2849 priori
682 2809 820 2848 cogitare
836 2821 896 2840 non

181 2851 288 2888 licere,
297 2851 397 2890 liquet
408 2861 448 2882 ex
461 2852 587 2887 additis,
598 2851 680 2883 οὖ3““
663 2866 675 2882 o
679 2864 720 2890 ,τι
731 2863 800 2883 κοινη
811 2855 896 2894 μᾶλ-

178 2899 225 2924 λον
246 2892 310 2926 δ’λνν
322 2893 478 2936 ἐπιῤῥώσειε
492 2907 542 2927 την
556 2895 648 2927 πόλιν.

222 2941 382 2970 —11.·n),
396 2938 577 2980 καθήκοντα]
596 2940 681 2970 Citat
698 2939 726 2968 b.
738 2939 760 2969 1.
772 2940 896 2980 Harpo-

179 2981 295 3012 cration
301 2992 331 3012 v.
341 2981 518 3019 καθήκοντα,
525 2994 541 3014 e
550 2984 638 3022 cnjus
645 2983 897 3023 interpretatione

180 3028 312 3061 constat,
333 3024 435 3066 ipsum
457 3026 571 3067 legisse
589 3027 748 3057 nobiscum
763 3025 816 3066 ἀφ’
833 3027 897 3058 ἑαυ-

922 295 985 330 τοῦ,
1002 295 1094 329 ultro,
1115 305 1171 323 suo
1196 300 1303 330 marte,
1328 295 1382 325 sed
1408 293 1453 333 ἐφ’
1478 292 1586 330 ἑαυτὸν,
1608 293 1638 323 in

923 343 1034 374 semet,
1057 337 1088 366 iu
1106 342 1226 377 partem
1243 348 1327 366 suam
1344 337 1509 368 venientia.

966 399 1008 404 —
1026 383 1077 411 17.
1102 378 1396 421 πςοσλαμςανόντων]
1421 381 1488 410 scil.
1510 382 1565 410 τῶν
1584 382 1640 416 ’τὰς

923 422 1019 458 οὐσίας
1034 422 1167 465 ἐχόντων,
1191 423 1274 462 quod
1289 424 1381 453 modo
1396 424 1570 462 praecessit.
1584 434 1640 463 po-

924 467 1021 498 stulat
1043 472 1144 498 tamen
1164 468 1256 497 solita
1274 466 1423 505 loquendi
1451 468 1530 496 ratio
1558 467 1640 498 ἀλλὰ

924 510 1039 542 πάντων
1067 522 1116 541 και
1144 507 1428 550 προσλαμέανᾶντων.
1458 514 1490 538 et
1520 509 1643 541 videtui·

924 554 1033 594 utique
1048 554 1162 586 πάντων
1175 554 1298 584 deesse.

967 615 1012 620 -
1027 600 1078 628 19.
1103 597 1219 638 τουτου]
1245 597 1313 627 scil.
1334 597 1385 626 τοῦ
1405 593 1571 635 θεωςικοῦ’
1557 608 1641 636 αργυ-

924 641 986 682 ριόυ.
1003 642 1054 671 vel
1074 642 1123 671 τοῦ
1145 640 1296 681 πεςιὸντος,
1314 640 1362 669 vel
1387 639 1437 668 τοῦ
1457 637 1577 689 κέρδους,
1594 641 1643 669 vel

925 686 975 715 τοῦ
990 683 1178 725 φθονουμένου
1193 683 1241 713 καὶ
1256 680 1452 724 ὄνειδιζομένου
1465 680 1621 722 κέρματος.

969 746 1013 750 -
1028 730 1082 759 24.
1096 726 1155 758 οὔτ’
1171 726 1257 767 ἀξιῶ]
1281 727 1351 757 scil.
1366 725 1532 755 ἄλλοντινὰ
1547 725 1645 755 αἰτιᾶ-
1656 746 1661 751 .

926 770 1005 802 σθαι
1021 771 1123 805 aian-⁵314·
1136 782 1185 801 και
1202 769 1306 810 φθονεῖν
1325 770 1423 803 αυτοις
1442 767 1490 799 {tm
1507 768 1545 809 τῇ
1564 778 1646 807 γεγο-

927 815 986 855 νυίᾳ,
1003 814 1130 855 enneae.
1156 819 1188 844 et
1201 815 1286 845 nefas
1301 812 1444 848 arbitror,
1461 822 1644 852 quemquam

928 870 1011 894 esse,
1026 859 1079 898 qui
1095 868 1247 898 pauperes
1271 859 1312 887 ob
1333 857 1392 886 boc
1416 865 1513 895 genus
1528 855 1646 886 emolu-

928 902 1024 932 menti
1037 903 1170 938 incuset,
1186 901 1265 932 iisve
1284 900 1435 931 invideat.

970 963 1013 968 —
1027 945 1106 976 ibid.
1130 944 1176 975 τόν
1187 943 1229 987 ἒν]
1246 944 1321 975 dedi
1335 954 1385 974 me
1396 953 1466 973 meo
1483 952 1577 973 sensu
1593 944 1650 972 τῶν

927 987 1136 1028 {ir—regitur
1149 988 1200 1020 hic
1222 987 1378 1029 genitivus
1398 987 1439 1016 ab
1465 985 1649 1025 insequente

928 1031 1019 1062 ousta
1035 1042 1127 1062 versu
1144 1034 1198 1062 26.

972 1077 1045 1105 142.
1064 1077 1103 1106 ,5.
1131 1077 1197 1109 τοὺς
1217 1072 1419 1115 σύμπαντας]
1454 1072 1579 1103 correxi
1609 1072 1649 1102 de

927 1128 998 1148 meo
1014 1128 1106 1148 sensu
1124 1119 1191 1152 τοὺς
1205 1117 1340 1151 πένητας.
1363 1126 1545 1156 comparans
1569 1115 1650 1146 iuter

928 1171 963 1190 se
977 1171 1043 1190 rem
1060 1161 1213 1200 privatam
1231 1163 1383 1200 cujusque
1400 1170 1486 1190 suam
1502 1158 1652 1189 domesti-

928 1213 995 1233 cam
1018 1214 1089 1234 cum
1104 1214 1171 1244 rep.
1197 1215 1253 1234 seu
1266 1204 1408 1239 civitate,
1425 1206 1584 1242 comparat
1599 1203 1653 1241 ju-

928 1247 1063 1277 venilem
1081 1251 1203 1278 aetatem
1226 1248 1374 1278 domuum
1393 1246 1596 1285 privatarum,
1619 1252 1653 1276 ut

929 1290 1084 1320 valentem
1096 1291 1225 1326 viribus,
1233 1290 1393 1329 vigentem
1406 1290 1528 1326 robore,
1538 1300 1654 1326 acrem,

930 1338 1099 1369 strenuam,
1115 1344 1184 1364 cum
1201 1333 1356 1372 opulentis
1368 1332 1501 1367 civibus,
1519 1333 1572 1372 qui
1588 1343 1650 1362 am-

929 1376 1077 1416 plissimis
1091 1376 1291 1408 facultatibus
1305 1375 1429 1406 subnixi
1441 1386 1494 1405 res
1505 1375 1649 1415 ingentes

928 1430 1092 1461 peragere,
1109 1426 1140 1451 et
1163 1420 1332 1451 sumtuosis
1346 1419 1461 1450 muniis
1477 1419 1563 1459 fungi
1578 1430 1652 1459 pos-

930 1469 1024 1500 sunt3
1046 1464 1175 1495 senilem
1191 1469 1298 1494 contra
1311 1467 1435 1493 aetatem
1459 1463 1649 1502 privatarum

929 1509 1088 1544 domuum,
1111 1513 1146 1538 ut
1169 1507 1349 1543 marcidam,
1372 1506 1518 1542 effaetam,
1542 1506 1651 1537 decre-

929 1551 1037 1591 pitam,
1049 1551 1230 1588 invalidam,
1241 1552 1278 1581 ad
1293 1550 1397 1580 omnia
1410 1554 1598 1590 torpentem,
1611 1561 1650 1580 ne

929 1594 1065 1626 minimis
1088 1595 1214 1635 quidem
1236 1593 1406 1625 efficiendis
1429 1604 1548 1633 parem,
1574 1605 1591 1623 e
1616 1605 1651 1624 re

930 1642 1037 1669 nostra
1060 1638 1211 1674 alendam,
1236 1639 1340 1677 quiete
1363 1642 1396 1667 et
1418 1636 1484 1667 otio
1506 1647 1650 1668 recrean-

930 1683 1014 1718 dam,
1039 1687 1200 1722 comparat
1218 1692 1287 1711 cum
1314 1681 1516 1721 pauperibus,
1537 1681 1648 1720 quibus

929 1726 1014 1765 quod
1034 1725 1068 1756 in
1090 1725 1224 1756 fortunis
1246 1735 1374 1766 prorsus
1395 1723 1473 1755 nibil
1496 1729 1556 1760 est,
1578 1724 1652 1755 ideo

930 1780 1054 1809 quoque
1073 1768 1151 1800 nihil
1166 1770 1204 1800 ab
1220 1768 1259 1799 iis
1274 1768 1356 1808 exigi
1375 1772 1492 1808 potest.
1537 1769 1584 1799 Ut
1605 1768 1652 1798 lo-

930 1813 1072 1852 cupletes
1088 1812 1241 1844 universae
1256 1811 1394 1843 civitatis
1410 1811 1509 1842 veluti
1529 1811 1587 1842 filii
1606 1812 1652 1842 fa-

931 1856 1032 1887 milias
1047 1861 1131 1893 suut,
1150 1857 1192 1887 itu
1207 1867 1315 1887 rursus
1336 1865 1492 1896 pauperes
1514 1855 1653 1885 civitatis

931 1911 1110 1930 communes
1142 1900 1266 1940 quidam
1297 1899 1432 1930 habendi
1462 1904 1533 1929 sunt
1563 1898 1654 1938 quasi

931 1948 1036 1983 patres
1051 1943 1194 1973 familias.

975 2005 1018 2010 —-
1034 1989 1086 2017 14.
1109 1986 1142 2017 τὸ
1156 1987 1299 2028 πρῖγμα]
1324 1986 1355 2016 id
1375 1990 1432 2021 est,
1453 1987 1504 2016 τὴν
1523 1985 1652 2025 διανομὴν

932 2033 988 2059 τῶν
1008 2030 1156 2070 θεωρικῶν.
1202 2031 1338 2065 Rursus,
1365 2040 1405 2059 ex
1431 2029 1527 2059 altera
1552 2034 1653 2068 parte,

932 2073 1121 2112 pauperibus
1141 2077 1248 2103 auctor
1264 2084 1323 2112 ego
1340 2073 1421 2107 flam,
1438 2077 1472 2102 ut
1487 2082 1551 2102 rem
1568 2072 1652 2103 illam

931 2117 972 2146 de
993 2116 1096 2146 medio
1113 2117 1235 2152 tollant,
1257 2117 1296 2146 ob
1312 2127 1403 2156 quam
1418 2115 1566 2146 fortunati
1582 2118 1652 2155 jure

930 2159 1040 2190 merito
1050 2159 1302 2190 distributionem
1312 2159 1510 2200 pecuniarum
1521 2160 1652 2190 moleste

930 2203 1043 2238 ferunt,
1058 2208 1150 2242 atque
1166 2204 1408 2242 reprehendunt.

966 2264 1007 2269 —-
1019 2248 1071 2277 16.
1086 2247 1182 2288 ὥσπερ
1194 2246 1275 2302 ἄρτι]
1288 2247 1356 2277 scil.
1369 2244 1460 2288 διῇειν,
1471 2251 1524 2276 aut
1538 2244 1654 2277 εποίουν.

966 2308 1009 2312 -
1025 2292 1079 2322 23.
1096 2289 1163 2320 δ’ταν
1171 2290 1204 2321 τὸ
1217 2290 1275 2321 ἀπὸ
1288 2292 1343 2320 τῶν
1352 2293 1442 2321 κοινῶν
1457 2289 1490 2320 ἔ
1473 2289 1538 2330 ἧος]
1554 2290 1653 2320 visum

928 2333 990 2363 fuit
1010 2334 1162 2364 vocabula
1182 2335 1220 2364 ad
1246 2335 1327 2366 hunc
1347 2334 1473 2365 modum
1489 2333 1653 2373 trajicere:

931 2375 998 2415 ὅταν
1009 2377 1068 2408 ἀπὸ
1083 2379 1138 2408 τῶν
1151 2380 1242 2408 κοινῶν
1256 2377 1290 2407 τὸ
1305 2376 1381 2413 ἔθος.
1404 2388 1473 2407 cum
1488 2382 1654 2408 consuetu-

930 2420 1045 2458 dinem,
1059 2422 1204 2460 pecunias
1216 2422 1362 2462 publicas
1372 2421 1541 2457 diribendi,
1552 2425 1582 2451 et
1597 2431 1654 2460 pro

930 2465 1142 2495 communibus
1152 2470 1244 2505 atque
1255 2466 1293 2496 ad
1304 2475 1410 2495 omues
1422 2464 1655 2504 pertinentibus

929 2507 1075 2544 habendi,
1092 2509 1336 2548 usurpandique,
1351 2519 1368 2539 a
1384 2508 1518 2548 publicis
1533 2508 1572 2538 ad
1589 2509 1655 2548 pri-

931 2556 1017 2582 vatas
1033 2555 1182 2591 cujusque
1203 2562 1274 2583 snas
1297 2553 1436 2583 fortunas
1453 2552 1654 2587 transferunt,

931 2595 1159 2633 existimantes,
1187 2606 1240 2626 eas
1265 2595 1396 2635 perinde
1422 2595 1503 2635 juris
1531 2595 1651 2634 publici

931 2649 1012 2674 esse,
1035 2638 1150 2670 civium
1165 2639 1279 2670 nemini
1296 2650 1354 2670 non
1377 2639 1410 2669 in
1429 2649 1481 2669 eas
1502 2640 1554 2678 jus
1571 2650 1652 2674 esse,

931 2681 1032 2712 dividi
1051 2692 1106 2712 eas
1129 2682 1209 2712 inter
1232 2693 1338 2713 omnes
1361 2687 1515 2722 oportere,
1542 2693 1651 2721 rapere

931 2736 983 2755 eas
999 2730 1092 2765 atque
1111 2726 1291 2765 discerpere
1304 2726 1420 2756 nemini
1437 2736 1494 2756 non
1512 2726 1616 2755 licere.

974 2787 1017 2792 —-
1041 2771 1094 2800 25.
1116 2770 1165 2799 καὶ
1179 2769 1276 2809 μέγαν
1291 2769 1348 2810 μὲν
1365 2768 1491 2809 ὅντα-]
1517 2773 1569 2798 aut
1591 2779 1650 2798 nun

930 2812 1070 2850 intelligo
1086 2813 1189 2843 locum
1210 2813 1303 2849 hunc,
1322 2818 1375 2843 aut
1395 2813 1440 2842 sic
1456 2814 1536 2842 duco
1557 2812 1652 2841 inter-

931 2857 1125 2894 pretandum,
1148 2862 1182 2887 ut
1199 2857 1338 2886 wolfius
1361 2856 1455 2891 fecit3
1479 2860 1511 2884 ut
1529 2855 1593 2885 lime
1611 2856 1654 2886 sit

931 2900 1084 2929 sententia
1100 2911 1106 2929 ε
1131 2901 1277 2940 Pauper-e
1293 2910 1416 2930 causam
1430 2899 1576 2938 injustam
1598 2899 1652 2928 ad-

931 2953 1039 2973 versus
1066 2942 1254 2983 locupletem
1282 2945 1311 2973 in
1341 2944 1407 2972 soro
1433 2947 1553 2981 agento,
1581 2953 1650 2972 cum

931 2991 1034 3016 orator
1049 2987 1149 3025 palam
1167 2987 1276 3017 divitis
1291 2996 1414 3017 causam
1439 2986 1579 3024 adjuvat,
1599 2997 1651 3016 ac-

931 3029 1081 3060 clamante
1093 3035 1155 3061 tota
1171 3041 1293 3064 corona.
1306 3034 1423 3060 constat
1436 3034 1537 3059 tamen
1553 3034 1651 3060 testu-
