1931 3323
343 205 425 245 500

338 311 464 348 pecunia
493 311 596 339 scitum
628 320 681 339 seu
718 311 865 339 decretum
891 308 1047 349 fecerunt,

341 358 375 382 ut
399 354 449 392 qui
476 353 565 382 altero
591 357 707 382 tantum
733 358 851 391 parente
873 354 933 382 cive
961 356 1047 381 natus

340 401 419 430 esset,
435 396 458 424 si
476 397 515 425 30
531 397 624 424 minas
645 396 826 434 persolveret,
848 404 901 434 pro
922 395 982 424 ciue
995 394 1046 422 lm-

342 437 469 467 beretur.
493 438 619 467 Lucian.
641 443 715 478 Τοχ.
739 437 778 477 [§.
802 437 869 478 31.]
888 436 971 477 μέρος
992 436 1048 476 μὲν

344 482 393 509 τοῦ
424 480 535 520 μισθοῦ
565 480 608 519 τῷ
636 480 833 520 δεσμοφύλακι
863 480 1046 513 καταβαλών

343 532 410 552 cum
435 524 569 552 mercedis
588 529 701 561 partem
724 524 896 562 persolvisset
925 523 1048 552 carceris

343 566 464 595 custodi.
486 566 571 595 Idem
586 566 649 595 vit.
663 571 742 596 auct.
759 565 800 606 [ξ.
817 569 843 595 1.
848 565 895 607 ]εἶ
909 564 934 593 δέ
946 577 990 599 τις
1002 565 1048 594 οὐκ

341 606 404 649 ἔχει
431 607 630 647 τοπαξαυτίκα
650 609 790 649 τάργύξιον
813 607 1048 644 καταβαλέσθαι,

343 651 382 684 Εἲς
397 661 486 680 νὲωτῶ
507 650 625 687 enTl'fffil,
648 662 841 684 καταστήσας
863 661 1009 688 Εγγυητην-
1026 661 1048 680 Sl

342 694 406 733 quis
418 701 567 732 praesentes
585 695 722 733 pecunias
743 702 896 723 παντων-7778
915 698 1047 733 nequeat,

344 741 403 766 etc.
429 742 459 767 et
484 738 528 767 sie
549 738 620 767 alibi
644 738 726 775 apud
750 736 878 765 eundem
903 741 933 765 et
961 735 1048 765 alios.

343 780 546 819 Theophrast.
556 781 646 809 Char.
661 780 731 809 Em.
745 778 988 808 Characterismo
999 780 1048 807 τοῦ

344 821 488 853 dorica-ou:
513 823 654 853 κατάθου*
676 822 702 852 οὗ
729 822 782 863 γὲιξ
806 820 944 863 σχολάζω
967 820 1048 862 πέμ-

345 875 414 895 πειν.
454 866 559 904 depone
588 876 667 894 nunc
682 866 760 904 jam,
793 865 822 894 h.
847 875 874 894 e.
900 865 985 894 solve
1018 865 1048 894 in

343 918 463 938 manum
479 908 636 947 pecuniam
649 918 737 947 quam
754 918 771 936 a
783 918 830 937 me
842 911 946 937 mutuo
963 918 1047 937 acoe-

343 951 430 990 pisti,
446 961 502 980 non
522 952 597 981 enim
621 957 702 980 vacat
721 949 792 980 mihi
805 961 858 989 pro
873 960 905 980 ea
925 951 1047 981 mittere.

344 994 397 1023 ubi
420 995 596 1032 scrupulam
618 994 691 1023 mihi
707 993 836 1032 aliquam
858 993 952 1023 fuisse
973 994 1047 1033 inje-

344 1040 422 1066 ctam
446 1037 575 1072 fatebor,
590 1047 657 1066 cum
679 1047 714 1067 ea
731 1037 823 1066 verba
840 1047 1025 1076 exponerem
1039 1049 1045 1066 :

345 1078 416 1118 quia
432 1090 476 1109 sc.
491 1090 589 1119 neque
604 1079 799 1109 memineram
823 1091 870 1109 me
887 1080 998 1119 legisse
1015 1080 1047 1110 id

346 1123 471 1152 verbum
484 1122 514 1152 in
530 1133 566 1152 eo
583 1123 752 1161 significatu
765 1122 795 1151 in
813 1133 888 1152 voce
902 1124 982 1153 med.
995 1135 1047 1153 κα-

343 1162 530 1201 τατίθεσθαι,
542 1164 732 1202 καταθέσθαι,
748 1167 801 1196 sed
813 1171 927 1196 tantum
944 1166 974 1195 in
988 1172 1046 1196 act.

344 1207 548 1245 κατατιθέναι,
557 1208 738 1239 καταθεῖναι.
750 1209 781 1239 Si
793 1209 888 1249 igitur
899 1209 926 1239 is
940 1219 1047 1239 sensus

345 1251 408 1280 loci
431 1251 552 1288 fuisset,
576 1252 733 1282 debuisset
757 1263 826 1282 esse
846 1251 969 1287 κατάθες
990 1263 1048 1283 non

345 1292 487 1324 κατάθουι
503 1300 533 1325 et
544 1300 699 1334 permotus
712 1306 792 1326 eram
810 1296 988 1326 auctoritate
1006 1298 1049 1326 M.

346 1337 531 1374 Casauboni,
547 1340 632 1377 enjus
648 1339 713 1368 baec
731 1340 824 1370 verba
844 1343 912 1369 sunt
927 1339 964 1368 ad
981 1349 1049 1369 eum

346 1380 446 1410 locum
459 1381 659 1420 Theophrast.
685 1386 705 1400 “
717 1383 748 1412 Si
760 1383 912 1422 legeretur
927 1381 1050 1417 κατάθες

345 1433 405 1462 pro
420 1422 555 1458 κατάθου,
572 1430 651 1455 esset
665 1425 695 1454 id
709 1426 780 1456 solve
795 1436 887 1462 7777770,
900 1426 980 1464 quod
996 1427 1051 1455 Gr.

348 1467 454 1497 dicunt
465 1466 579 1497 αὐτόθεν
587 1467 791 1501 κατάβαλλε.”
807 1469 934 1508 Sedjam
943 1469 1050 1498 melius

349 1510 478 1540 edoctus
494 1521 560 1540 sum
581 1521 621 1540 ex
642 1522 678 1541 eo
701 1512 769 1541 loeo
785 1514 893 1551 Synes.
908 1513 971 1551 jam
988 1512 1051 1542 lau-

349 1553 431 1589 dato,
454 1553 507 1582 ubi
523 1553 649 1584 verbnm
671 1555 753 1584 istud
778 1555 867 1585 etiam
889 1555 990 1584 iubae
1012 1555 1051 1584 si-

351 1595 542 1634 gnificatione
555 1597 699 1627 occurrit:
716 1597 758 1628 ἔτι
769 1610 800 1629 αν
812 1597 888 1638 ὑπὲρ
897 1610 947 1631 της
962 1609 1052 1637 τιμης

349 1637 472 1670 κατάθη.
487 1641 624 1680 quicquid
634 1650 686 1680 pro
699 1643 790 1680 pretio
805 1641 927 1671 solveris.
944 1652 1007 1672 aor.
1021 1641 1051 1673 Β.

349 1682 428 1712 med.
443 1684 521 1721 subj
533 1683 614 1712 med.
628 1694 695 1714 voc.
702 1683 891 1724 κατάθωμαι,
899 1683 942 1726 θη,
956 1683 1051 1715 θηται.

349 1735 517 1764 quanquam
529 1736 636 1755 revera
646 1726 825 1757 καταθέσθαι
837 1728 867 1756 in
881 1728 962 1757 med.
977 1738 1051 1757 voce

349 1768 615 1807 diciturpotiusde
625 1770 824 1800 collocatione
833 1770 936 1810 gratiae
946 1771 1051 1799 autbe-

350 1811 462 1860 neficii3
474 1821 561 1850 quam
573 1812 611 1840 de
623 1813 822 1842 collocatione
836 1818 885 1842 aut
902 1813 1051 1843 solutione

350 1854 505 1892 pecuniae:
525 1858 554 1884 et
565 1854 758 1896 ἀὶοῑιηίχάξιν
769 1854 952 1885 καταθέσθαι
961 1856 1051 1895 longe

347 1897 534 1935 frequentius
573 1902 603 1927 et
635 1899 775 1928 usitatius
813 1910 899 1938 qnam
935 1897 1053 1939 ἀργύριον

348 1938 536 1969 καταθέσθαι.
571 1941 661 1970 Dem.
689 1942 802 1971 Noster
831 1953 891 1981 πεξι
921 1947 1052 1981 Παξαπξ.

350 1982 390 2022 [§.
417 1981 459 2020 {n-
487 1983 553 2023 fin.]
581 1995 630 2013 την
662 1985 754 2024 αφανη
782 1985 828 2014 καὶ
854 1985 951 2015 ἄδηλον
972 1985 1053 2026 χάςιν

349 2024 457 2059 τούτοις
470 2025 663 2056 καταθέσθαι.
684 2028 721 2056 ab
735 2029 794 2057 istis
809 2028 953 2057 occultam
968 2035 994 2058 et
1009 2029 1052 2057 in-

347 2074 456 2098 certam
466 2070 595 2109 gvatiam
612 2071 697 2100 inire.
721 2070 804 2100 Xen.
821 2077 854 2100 K.
868 2077 903 2100 Π.
922 2070 1040 2110 [viii.S

348 2111 417 2152 26]
434 2113 515 2151 χάριν
531 2111 558 2142 δὲ
571 2112 642 2153 ἀνδρὶ
657 2111 754 2152 ἀγαθῷ
772 2112 945 2144 καταθέσθαι
968 2112 1052 2154 δεξαί-

347 2166 404 2192 μην
424 2155 466 2184 ἄν.
488 2157 618 2195 gratiam
639 2161 690 2185 aut
710 2157 877 2197 benzficium
901 2159 933 2187 in
957 2158 1052 2186 virum

349 2197 453 2227 bonum
469 2197 602 2238 conferre
616 2209 672 2228 77077,
686 2210 858 2230 recusarem.
895 2200 955 2229 Sed
973 2204 1003 2229 et
1020 2201 1050 2230 S.

348 2240 458 2277 Lucas,
476 2242 525 2280 qui
551 2241 630 2271 inter
653 2252 755 2272 omnes
771 2245 808 2273 N.
829 2243 863 2272 F.
880 2243 1052 2282 Scriptores

347 2283 479 2313 maxime
493 2283 624 2324 ἑλληνίζει
639 2289 669 2314 et
684 2287 844 2324 purissime
858 2286 1002 2325 loquitur,
1021 2291 1053 2315 ul.

347 2326 455 2356 critici
472 2327 556 2357 Sacri
573 2327 691 2366 pridem
712 2333 903 2363 annotarunt,
918 2330 944 2358 is
959 2330 1053 2367 igitur

349 2370 446 2399 Lucas
462 2370 507 2399 bis
521 2371 578 2400 hoc
589 2371 679 2400 verbo
698 2372 800 2402 ulitur.
814 2373 882 2401 Aet.
897 2372 984 2401 xxiv.
1000 2375 1052 2402 ⁶27.

347 2410 432 2441 θέλων
446 2413 569 2453 χάριτας
584 2413 775 2444 καταθέσθαι
789 2416 847 2448 τοῖς
860 2413 1004 2448 Ἰουδαίοις.
1020 2418 1052 2444 et

347 2465 422 2486 xxv
441 2458 469 2486 9.
487 2457 546 2489 τοῖς
566 2455 699 2492 Ἰουδαίοις
717 2456 809 2488 θέλων
828 2458 910 2499 χάριν
929 2456 1052 2487 καταθέ-

348 2497 431 2527 σθαι.
456 2499 551 2528 volens
577 2501 707 2539 gratiam
731 2502 806 2530 inire
827 2513 844 2530 a
867 2500 978 2531 Judaeis
1000 2505 1052 2530 aut

348 2540 459 2571 Iudaeis
466 2541 642 2581 gvatificari.
652 2543 734 2584 χάξιν
742 2542 924 2573 καταθέσθαι
936 2544 1050 2573 locutio

347 2589 395 2613 est
418 2585 494 2613 bene
519 2585 636 2621 Graeea,
665 2587 824 2616 Demoslh.
849 2597 967 2626 quoque
991 2587 1050 2616 usi-

347 2630 409 2656 tata
439 2631 468 2656 et
493 2627 638 2666 Xenoph.
668 2630 779 2668 Magno
804 2629 931 2659 artificio
957 2629 1050 2659 utitur

347 2670 506 2700 Demostb.
522 2669 551 2699 iu
569 2674 632 2700 tota
655 2671 709 2701 hac
726 2672 864 2702 oratione
885 2673 922 2702 de
939 2673 1049 2702 bellico

346 2717 492 2752 apparatu
522 2713 669 2742 adversus
697 2714 813 2753 Regem
849 2717 932 2745 Pers.
974 2717 1049 2745 Cum

347 2756 423 2786 enim
442 2755 561 2785 videret
581 2766 614 2785 se
637 2756 668 2785 in
691 2757 809 2787 lubrico
829 2758 897 2787 loco
922 2760 1047 2794 versari,

346 2810 400 2828 neo
424 2803 528 2838 aperte
552 2800 679 2828 auderet
704 2800 881 2830 dissuadere
904 2811 960 2831 nec
979 2811 1048 2840 pro-

345 2842 449 2871 hibere
473 2842 608 2881 ineptum
629 2842 714 2872 illum
737 2843 888 2873 fervorem
903 2854 962 2882 quo
988 2845 1047 2874 Po-

345 2884 434 2925 pulus
452 2885 560 2914 Athen.
576 2885 607 2915 in
630 2896 762 2925 pugnam
780 2886 941 2922 ferebatur,
958 2888 1047 2917 adeo-

344 2938 403 2967 que
427 2938 553 2967 scopum
575 2929 654 2958 hunc
669 2929 768 2968 palam
792 2929 966 2968 pertingere
990 2940 1047 2959 non

345 2977 469 3009 posset;
504 2971 673 3001 clanculum
704 2976 734 3002 et
760 2982 814 3012 per
843 2973 987 3011 ambages
1017 2978 1047 3002 et

343 3014 496 3044 cuniculos
513 3015 547 3043 ad
574 3025 641 3045 eum
658 3014 756 3046 tendit
779 3019 809 3046 et
830 3015 974 3052 collimat,
990 3015 1044 3045 ita-

649 203 695 244 T.
728 201 1000 244 STANLEII
1034 200 1503 244 ANNOTATIONES

1082 318 1139 346 que
1171 308 1200 337 id
1232 307 1295 346 agit
1323 307 1405 346 quod
1437 317 1496 337 non
1535 315 1624 345 agere
1651 304 1786 341 videtur,

1081 352 1212 389 dumque
1299 360 1351 379 eos
1367 350 1490 380 videtur
1500 350 1537 379 ad
1551 349 1675 384 bellum,
1685 347 1785 387 iisque

1080 394 1239 427 assentire,
1263 392 1405 430 prohibet
1429 392 1549 423 interim
1575 402 1610 421 ao
1633 391 1786 429 retardat3

1081 434 1240 485 συντρέχειν
1265 435 1346 465 δοκῶν
1371 435 1410 476 τῇ
1433 435 1545 476 γνώμη,
1574 433 1684 464 κωλύει.
1706 433 1783 472 Ulp.

1083 478 1159 518 [vol
1173 480 1214 508 vi.
1227 489 1257 517 p.
1271 479 1322 510 65.
1325 477 1340 518 ]
1355 481 1414 512 πῶς
1430 479 1459 509 δὴ
1473 479 1556 507 τοῦτο
1566 477 1656 514 ποιεῖ’,
1672 475 1788 517 (inquit

1081 522 1151 561 ille)
1169 522 1227 551 viz.
1250 521 1427 561 προστάττει
1443 518 1741 572 παρασκευάζεσθαι,
1737 518 1788 547 και

1081 564 1142 594 ἄνευ
1157 567 1211 594 τῶν
1232 563 1368 594 Ελλήνων
1381 566 1423 604 μὴ
1440 562 1601 604 ἐπιχειρεῖν.
1624 561 1666 600 τῷ
1681 560 1708 591 δὲ
1723 560 1787 591 ἄνευ

1081 610 1135 636 τῶν
1152 607 1284 637 Ἐλλήνων
1297 609 1338 646 μὴ
1355 605 1487 637 κινεῖσθαι
1503 606 1644 646 λαμπρῶς
1659 602 1787 644 ἀποτρέ·

1082 661 1152 680 πειν.
1176 651 1290 680 Eodem
1302 650 1429 680 artificio
1439 649 1581 689 procedit
1595 648 1634 677 de
1646 657 1679 677 re
1690 657 1784 686 pecu-

1081 692 1185 728 niaria,
1208 692 1278 722 belli
1298 703 1414 723 nervo:
1441 698 1532 731 atque
1556 692 1621 721 haec
1642 695 1704 720 erat
1726 700 1782 729 po-

1082 739 1194 764 strema
1208 745 1280 774 pars
1295 747 1346 770 της
1367 746 1546 777 παρασκευης
1558 733 1649 776 [ibid
1663 744 1696 772 p.
1712 735 1763 764 69.
1766 732 1781 773 ]

1081 779 1165 807 τοῦτο
1185 777 1214 807 δέ
1236 776 1338 808 ἐστινὴ
1353 778 1468 818 εἰσφορὰ.
1492 778 1540 807 καὶ
1562 778 1574 807 ὁ
1597 775 1708 815 μισ-θος
1727 778 1784 806 τῶν

1081 820 1320 861 στρατευομένων
1334 820 1428 852 ἥντινα
1445 821 1572 861 εἶσφοραν
1594 819 1637 850 δεῖ
1647 818 1780 857 γενέσθαι

1081 865 1159 904 παρα
1183 865 1294 894 πάντων
1315 866 1370 893 τῶν
1389 863 1565 904 κεκτημένων
1587 861 1680 896 οὐσίας
1702 863 1781 892 κατὰ

1081 909 1129 939 τὴν
1144 906 1233 937 πόλιν.
1257 906 1311 937 Ait
1333 907 1427 946 igilur
1448 907 1589 947 pecunias
1613 915 1681 934 oum
1705 913 1780 943 opus

1081 950 1172 979 fuerit
1200 950 1231 979 in
1254 954 1397 989 promptu
1422 950 1498 984 fore,
1524 953 1558 979 ut
1578 948 1621 978 sio
1643 947 1782 977 videatur

1080 993 1194 1022 bellum
1220 1003 1418 1033 promovere;
1450 993 1504 1022 sed
1526 991 1573 1022 τὸν
1595 989 1665 1031 ὑπὲρ
1683 989 1783 1020 τούτου

1081 1036 1160 1074 λόγον
1174 1034 1352 1076 ὑπερτίθεται
1368 1036 1420 1071 νῦν,
1437 1041 1467 1065 et
1481 1035 1526 1065 sie
1539 1034 1682 1065 retardat.

1123 1080 1157 1109 P.
1175 1081 1247 1110 293.
1261 1082 1292 1109 3.
1313 1078 1339 1109 ἐν
1362 1077 1503 1118 καλλίονι]
1528 1078 1639 1112 melius,
1661 1086 1781 1107 commo-

1080 1122 1156 1151 dius.
1172 1121 1198 1151 ἓν
1213 1121 1303 1161 καλῷ,
1315 1122 1470 1162 eleganter
1484 1121 1591 1151 dicunt
1611 1119 1711 1150 Graeci
1727 1129 1783 1170 prp

1080 1167 1174 1199 καλῶς
1193 1166 1243 1195 vel
1263 1176 1304 1200 ευ,
1320 1166 1398 1200 bene,
1411 1164 1524 1204 pulcre,
1538 1163 1690 1200 commode,
1707 1166 1738 1192 et
1758 1160 1785 1191 ἐν

1081 1209 1203 1239 καλλίονι
1218 1219 1274 1248 pro
1288 1209 1412 1244 κάλλιον,
1428 1207 1540 1243 mettas,
1553 1207 1736 1237 commodius.
1752 1209 1786 1235 ut

1082 1251 1167 1281 τοῦτό
1188 1263 1232 1281 σοι
1254 1250 1332 1281 οὐκ’
1322 1263 1347 1281 εν
1361 1250 1442 1290 καλῷ
1460 1249 1556 1280 ἔσται.
1576 1250 1626 1279 hoc
1648 1249 1702 1279 tibi
1725 1258 1786 1278 77077.

1082 1295 1224 1325 commode
1234 1295 1373 1325 succedet.
1387 1294 1482 1333 Soph.
1495 1293 1627 1334 [Electr.
1638 1291 1728 1332 384]
1746 1301 1788 1321 νυν

1083 1339 1137 1378 γας
1151 1336 1176 1368 ἓν
1188 1338 1269 1377 καλῷ
1283 1338 1392 1378 φρονεῖν.
1406 1346 1485 1367 nuuc
1496 1337 1571 1366 enim
1580 1336 1655 1366 utile
1669 1340 1695 1364 et
1710 1344 1784 1364 com-

1083 1380 1308 1422 modumsuerit
1328 1390 1434 1421 sapere.
1450 1379 1475 1410 ἔν
1496 1378 1578 1418 καλῳ
1596 1377 1696 1412 ηλθες.
1710 1387 1785 1407 com-

1084 1425 1165 1454 mode
1192 1431 1220 1454 et
1247 1430 1406 1475 opportune
1434 1424 1547 1453 venisti.
1576 1421 1714 1461 Thucyd.
1744 1420 1785 1450 V.

1087 1466 1131 1507 [0.
1153 1468 1222 1509 59.]
1245 1466 1271 1497 ἐν
1295 1467 1375 1506 καλῷ
1396 1464 1480 1497 ἐδόκει
1504 1467 1517 1496 ἦ
1537 1465 1623 1506 μάχη
1650 1463 1785 1495 εον-εσθαι.

1083 1510 1218 1549 proelium
1241 1512 1278 1540 ii
1291 1520 1421 1549 prospere
1436 1515 1464 1539 et
1481 1510 1624 1540 commode
1640 1517 1786 1538 cessurum

1084 1554 1247 1583 videbatur.
1267 1554 1350 1583 Xen.
1368 1553 1492 1583 Hellen.
1508 1552 1551 1582 iv.
1569 1551 1616 1592 [3.
1632 1548 1786 1602 5.]οῖμὲν

1087 1597 1230 1626 Θετταλοι
1247 1595 1412 1636 νομίσαντες
1435 1595 1483 1626 οὔκ
1497 1593 1523 1625 ἒν
1537 1595 1618 1634 καλῷ
1638 1593 1704 1624 εῖναι
1721 1591 1787 1632 πρὸς

1085 1640 1150 1673 τοὺς
1164 1639 1293 1673 ὁπλίτας
1307 1640 1496 1680 ἱππομαχειν.
1507 1638 1716 1668 incommodum
1732 1645 1789 1665 esse

1085 1684 1287 1713 existimantes.
1310 1683 1396 1712 Idem
1416 1687 1447 1712 et
1463 1682 1513 1711 σὺν
1526 1680 1606 1720 καλῷ
1627 1685 1658 1710 et
1673 1679 1711 1713 εἷς
1732 1690 1786 1708 κα-

1086 1724 1139 1755 λόν.
1165 1726 1274 1764 Polyb.
1290 1725 1313 1755 i.
1331 1724 1398 1764 [81.
1414 1724 1460 1764 9.]
1476 1735 1525 1754 συν
1548 1722 1626 1762 καλῷ
1648 1721 1788 1763 τιθέμενοι

1086 1769 1134 1798 τῆν
1150 1769 1279 1799 τοιαύτην
1293 1767 1416 1807 τόλμαν.
1439 1767 1584 1797 honestam
1597 1767 1788 1797 existimantes

1085 1812 1171 1861 talem
1182 1812 1348 1841 audaciam.
1370 1811 1457 1841 Idem
1474 1810 1619 1862 [Polyb.
1611 1810 1644 1839 1i.
1654 1812 1705 1841 ⁶22.
1718 1807 1786 1848 10.]

1086 1851 1112 1882 ἐν
1133 1854 1214 1894 καλῳ
1234 1853 1374 1889 τίθεσθαι,
1390 1852 1466 1883 vel’
1457 1864 1482 1882 εν
1505 1851 1612 1892 ἐπαίνῳ
1634 1850 1787 1886 τίθεσθαι,

1086 1888 1234 1927 honestum
1265 1898 1380 1932 ducem,
1405 1898 1437 1926 in
1467 1896 1554 1926 laude
1581 1905 1707 1934 ροηενες
1737 1893 1789 1924 cui

1085 1940 1269 1970 contrarium
1295 1939 1320 1969 ἐν
1349 1939 1463 1980 αἶσχςῳ
1488 1937 1628 1974 τίθεσθαι,
1660 1940 1692 1968 in
1720 1938 1790 1967 vitio

1082 1993 1197 2020 ponere,
1212 1989 1298 2022 tmpe
1312 1987 1340 2013 et
1361 1983 1508 2013 molestum
1523 1983 1639 2012 duc-eie.
1661 1981 1789 2011 Aristot.

1086 2026 1157 2055 Etb.
1171 2026 1214 2056 ix.
1231 2026 1274 2066 [0.
1290 2028 1317 2055 8.
1322 2026 1362 2066 ]
1348 2037 1382 2059 ως
1393 2024 1419 2055 ἓν
1429 2026 1543 2075 αἶσχξῷ
1551 2024 1703 2065 φιλαύτους
1714 2025 1791 2055 ἀπἀ-

1084 2071 1215 2099 καλοῧσι.
1227 2068 1471 2109 philautiafere
1461 2080 1494 2098 777
1509 2070 1580 2098 vitio
1591 2067 1788 2107 7707711777,ἠο-

1085 2115 1174 2142 mines
1193 2111 1342 2151 philantos
1371 2111 1551 2151 appellamus
1575 2111 1674 2149 probri
1702 2116 1789 2150 atque

1086 2155 1266 2185 contumelia:
1280 2165 1378 2191 causa,
1395 2155 1423 2184 17.
1439 2165 1465 2184 e.
1481 2155 1519 2184 iis
1532 2154 1608 2184 vitio
1621 2157 1787 2184 vertentes.

1088 2199 1174 2227 Idem
1195 2198 1287 2228 Rhet.
1301 2198 1327 2228 I.
1346 2198 1391 2239 [e.
1411 2198 1457 2238 3.]
1478 2198 1557 2227 ἀλλὰ
1572 2196 1621 2226 καὶ
1640 2195 1666 2226 ἐν
1686 2195 1788 2236 ἐπαίνῳ

1086 2242 1233 2275 ’πολλάκις
1254 2239 1379 2270 τιθέασι-τ.
1403 2242 1473 2280 quin
1498 2246 1526 2270 et
1550 2249 1622 2278 sirpe
1644 2241 1731 2269 etiam
1756 2240 1788 2269 in

1085 2284 1174 2313 lande
1189 2289 1312 2322 ponunt.
1327 2284 1407 2313 idem
1424 2288 1472 2313 est
1486 2282 1511 2312 ἔν
1526 2283 1606 2322 καλῷ
1619 2281 1721 2312 τιθέναι
1738 2282 1788 2312 vel

1085 2325 1224 2363 τίθεσθαι,
1242 2327 1389 2357 honestum
1405 2332 1551 2366 reputare,
1570 2326 1653 2355 laudi
1666 2325 1786 2360 ducere,

1088 2371 1117 2398 in
1134 2370 1220 2399 lamle
1229 2380 1341 2408 ponere.
1357 2369 1490 2408 alioquin
1506 2368 1532 2398 ἐν
1543 2368 1624 2407 καλῷ
1638 2367 1703 2398 sine
1719 2379 1787 2398 ver-

1087 2413 1123 2441 bo
1149 2411 1291 2442 τίθεσὲαι
1315 2413 1442 2442 refertur
1472 2412 1578 2451 potius
1608 2412 1646 2440 ad
1675 2412 1787 2441 bonum

1084 2455 1171 2491 utile,
1183 2455 1452 2494 quarmhonestnm.
1477 2457 1609 2484 Notetur
1621 2453 1716 2493 igitur
1731 2455 1789 2484 hoe

1084 2499 1247 2528 discrimen
1262 2499 1292 2528 in
1317 2499 1439 2529 diverso
1456 2508 1510 2528 usu
1534 2498 1622 2536 hujus
1643 2499 1787 2536 phraseos

1084 2540 1109 2571 ἐν
1125 2541 1214 2581 καλῷ.
1239 2539 1281 2570 Ἐν
1296 2541 1376 2580 καλᾷἰ
1388 2540 1454 2571 εῖναι
1469 2545 1515 2570 est
1529 2541 1707 2570 commodum
1723 2550 1788 2576 esse,

1083 2585 1168 2621 utile,
1183 2584 1372 2620 conducibile,
1388 2584 1440 2625 (ut
1454 2584 1501 2614 οὐκ
1516 2582 1541 2613 ἓν
1555 2582 1634 2622 καλῷ
1647 2582 1726 2619 εῖναι,
1740 2585 1788 2612 in-

1082 2628 1259 2658 commodum
1279 2626 1348 2667 esse)
1355 2637 1367 2664 ς
1396 2631 1428 2656 at
1449 2626 1474 2656 ἐν
1498 2626 1579 2665 καλῷ
1600 2624 1708 2655 τιθέναι
1736 2626 1786 2656 vel

1083 2668 1217 2700 τίθεσθαι
1233 2674 1279 2700 est
1296 2671 1444 2700 honestum
1458 2674 1575 2708 putare,
1590 2669 1622 2698 in
1637 2669 1724 2698 laude
1736 2679 1786 2707 po-

1082 2723 1161 2743 nere.
1177 2713 1207 2743 in
1219 2713 1315 2753 priori
1330 2723 1387 2743 usu
1410 2713 1534 2742 denotat
1549 2713 1675 2742 ‘bonum
1691 2711 1788 2746 utile‚’

1082 2755 1112 2784 in
1142 2755 1306 2795 posteriori
1333 2757 1462 2786 ‘bonum
1497 2752 1679 2784 honestum?
1710 2755 1786 2784 Por-

1082 2800 1171 2838 phyr.
1192 2800 1231 2829 de
1254 2798 1374 2829 Abstin.
1392 2798 1411 2828 l.
1428 2799 1471 2828 iv.
1485 2797 1518 2827 τὸ
1536 2798 1589 2838 γὰρ
1610 2795 1736 2838 αὐχμεῖν
1760 2796 1786 2827 ἒν

1081 2842 1162 2881 καλᾷῐ
1175 2840 1307 2871 τίθενται.
1323 2841 1480 2881 squalorem
1498 2846 1526 2870 et
1543 2840 1672 2870 illuviem
1686 2850 1784 2879 corpo-

1082 2887 1124 2914 ris
1145 2887 1178 2914 in
1195 2885 1284 2915 laude
1305 2889 1430 2923 ponunt,
1456 2883 1604 2913 honestum
1631 2888 1787 2921 reputant.

1083 2927 1222 2962 ridicule,
1238 2937 1410 2967 perperam,
1430 2930 1461 2956 et
1482 2936 1537 2964 pro
1557 2935 1612 2955 suo
1631 2935 1726 2962 more,
1741 2925 1786 2955 ibi

1081 2970 1234 3009 interpres
1258 2970 1352 3000 vertit
1380 2968 1406 2999 ἒν
1428 2967 1511 3008 καλῷ
1537 2967 1679 3001 τίθενται,
1706 2969 1786 2998 inter

1078 3014 1292 3052 pulcritudinis
1312 3018 1394 3044 notas
1408 3011 1553 3053 referunt.
1571 3011 1623 3051 qui
1639 3010 1713 3041 nihil
1731 3011 1786 3042 mi-
