<?xml version="1.0" encoding="UTF-8"?>
<!DOCTYPE html PUBLIC "-//W3C//DTD XHTML 1.0 Transitional//EN"
    "http://www.w3.org/TR/xhtml1/DTD/xhtml1-transitional.dtd">
<html xmlns="http://www.w3.org/1999/xhtml" xml:lang="en" lang="en">
 <head>
  <title>
</title>
<meta http-equiv="Content-Type" content="text/html;charset=utf-8" />
  <meta name='ocr-system' content='tesseract 3.04.00' />
  <meta name='ocr-capabilities' content='ocr_page ocr_carea ocr_par ocr_line ocrx_word'/>
</head>
<body>
  <div class='ocr_page' id='page_1' title='image "./oratoresatticie09dobs/oratoresatticie09dobs_0039.png"; bbox 0 0 1948 3322; ppageno 0'>
   <div class='ocr_carea' id='block_1_1' title="bbox 456 194 1375 241">
    <p class='ocr_par' dir='ltr' id='par_1_1' title="bbox 456 194 1375 241">
     <span class='ocr_line' id='line_1_1' title="bbox 456 194 1375 241; baseline -0.007 1"><span class='ocrx_word' id='word_1_1' title='bbox 456 200 545 241; x_wconf 92' lang='lat' dir='ltr'><strong>AD</strong></span> <span class='ocrx_word' id='word_1_2' title='bbox 579 195 984 240; x_wconf 86' lang='lat' dir='ltr'><strong>PHILIPPICAM</strong></span> <span class='ocrx_word' id='word_1_3' title='bbox 1020 194 1375 237; x_wconf 83' lang='lat' dir='ltr'><strong>SECUNDAM.</strong></span> 
     </span>
    </p>
   </div>
   <div class='ocr_carea' id='block_1_2' title="bbox 182 302 898 3062">
    <p class='ocr_par' dir='ltr' id='par_1_2' title="bbox 186 302 896 679">
     <span class='ocr_line' id='line_1_2' title="bbox 190 302 895 347; baseline -0.007 -11"><span class='ocrx_word' id='word_1_4' title='bbox 190 304 337 347; x_wconf 75' lang='grc' dir='ltr'><strong>ἐγρήγορεν,</strong></span> <span class='ocrx_word' id='word_1_5' title='bbox 350 304 504 345; x_wconf 71' lang='grc' dir='ltr'><strong>ἐφέστηκεν</strong></span> <span class='ocrx_word' id='word_1_6' title='bbox 514 304 562 335; x_wconf 79' lang='grc' dir='ltr'><strong>ἐπὶ</strong></span> <span class='ocrx_word' id='word_1_7' title='bbox 579 303 616 345; x_wconf 64' lang='grc' dir='ltr'><strong>τῇ</strong></span> <span class='ocrx_word' id='word_1_8' title='bbox 630 303 727 334; x_wconf 60' lang='grc' dir='ltr'>πόλει.</span> <span class='ocrx_word' id='word_1_9' title='bbox 763 303 815 332; x_wconf 90' lang='lat' dir='ltr'><strong>Sic</strong></span> <span class='ocrx_word' id='word_1_10' title='bbox 829 302 895 339; x_wconf 88' lang='lat' dir='ltr'><strong>ille,</strong></span> 
     </span>
     <span class='ocr_line' id='line_1_3' title="bbox 190 346 894 388; baseline -0.006 -10"><span class='ocrx_word' id='word_1_11' title='bbox 190 355 225 379; x_wconf 90' lang='lat' dir='ltr'><strong>ut</strong></span> <span class='ocrx_word' id='word_1_12' title='bbox 239 348 412 388; x_wconf 78' lang='lat' dir='ltr'><strong>apparet,l.</strong></span> <span class='ocrx_word' id='word_1_13' title='bbox 433 350 461 378; x_wconf 89' lang='lat' dir='ltr'><strong>h.</strong></span> <span class='ocrx_word' id='word_1_14' title='bbox 477 348 693 386; x_wconf 75' lang='lat' dir='ltr'><strong>distinguebat.</strong></span> <span class='ocrx_word' id='word_1_15' title='bbox 710 347 764 376; x_wconf 90' lang='lat' dir='ltr'><strong>sed</strong></span> <span class='ocrx_word' id='word_1_16' title='bbox 781 346 894 375; x_wconf 85' lang='lat' dir='ltr'><strong>rectius</strong></span> 
     </span>
     <span class='ocr_line' id='line_1_4' title="bbox 189 387 895 427; baseline -0.004 -6"><span class='ocrx_word' id='word_1_17' title='bbox 189 391 220 422; x_wconf 90' lang='lat' dir='ltr'><strong>in</strong></span> <span class='ocrx_word' id='word_1_18' title='bbox 232 391 318 421; x_wconf 86' lang='lat' dir='ltr'><strong>libris</strong></span> <span class='ocrx_word' id='word_1_19' title='bbox 330 390 440 421; x_wconf 80' lang='lat' dir='ltr'><strong>nostris</strong></span> <span class='ocrx_word' id='word_1_20' title='bbox 451 391 616 421; x_wconf 87' lang='lat' dir='ltr'><strong>distinctus</strong></span> <span class='ocrx_word' id='word_1_21' title='bbox 631 390 776 420; x_wconf 84' lang='lat' dir='ltr'><strong>cernitur</strong></span> <span class='ocrx_word' id='word_1_22' title='bbox 789 389 819 418; x_wconf 89' lang='lat' dir='ltr'><strong>in</strong></span> <span class='ocrx_word' id='word_1_23' title='bbox 832 387 895 427; x_wconf 80' lang='grc' dir='ltr'>ἐφέ-</span> 
     </span>
     <span class='ocr_line' id='line_1_5' title="bbox 189 432 896 473; baseline -0.006 -9"><span class='ocrx_word' id='word_1_24' title='bbox 189 444 290 464; x_wconf 59' lang='grc' dir='ltr'>στηκεν</span> <span class='ocrx_word' id='word_1_25' title='bbox 304 434 488 464; x_wconf 77' lang='lat' dir='ltr'>subauditur</span> <span class='ocrx_word' id='word_1_26' title='bbox 499 435 557 467; x_wconf 86' lang='grc' dir='ltr'>τοῖς</span> <span class='ocrx_word' id='word_1_27' title='bbox 568 434 758 473; x_wconf 66' lang='grc' dir='ltr'>πξάγμασιν,</span> <span class='ocrx_word' id='word_1_28' title='bbox 770 437 822 461; x_wconf 88' lang='lat' dir='ltr'><strong>aut</strong></span> <span class='ocrx_word' id='word_1_29' title='bbox 836 432 896 465; x_wconf 80' lang='grc' dir='ltr'>τοῖς</span> 
     </span>
     <span class='ocr_line' id='line_1_6' title="bbox 187 476 896 516; baseline -0.004 -10"><span class='ocrx_word' id='word_1_30' title='bbox 187 478 266 506; x_wconf 58' lang='lat' dir='ltr'><strong>mvi</strong></span> <span class='ocrx_word' id='word_1_31' title='bbox 280 478 331 511; x_wconf 72' lang='grc' dir='ltr'><strong>τῆς</strong></span> <span class='ocrx_word' id='word_1_32' title='bbox 345 476 453 510; x_wconf 81' lang='grc' dir='ltr'>πόλεως</span> <span class='ocrx_word' id='word_1_33' title='bbox 466 478 579 516; x_wconf 68' lang='grc' dir='ltr'>καιςοῖς,</span> <span class='ocrx_word' id='word_1_34' title='bbox 599 482 651 506; x_wconf 85' lang='lat' dir='ltr'><strong>aut</strong></span> <span class='ocrx_word' id='word_1_35' title='bbox 666 477 733 509; x_wconf 81' lang='grc' dir='ltr'>ταῖς</span> <span class='ocrx_word' id='word_1_36' title='bbox 749 477 829 504; x_wconf 70' lang='grc' dir='ltr'>κατὰ</span> <span class='ocrx_word' id='word_1_37' title='bbox 844 476 896 508; x_wconf 71' lang='grc' dir='ltr'><strong>τῆς</strong></span> 
     </span>
     <span class='ocr_line' id='line_1_7' title="bbox 188 516 897 559; baseline -0.004 -10"><span class='ocrx_word' id='word_1_38' title='bbox 188 519 294 554; x_wconf 76' lang='grc' dir='ltr'>πόλεως</span> <span class='ocrx_word' id='word_1_39' title='bbox 310 520 464 559; x_wconf 76' lang='grc' dir='ltr'>ἀφορμαῖς,</span> <span class='ocrx_word' id='word_1_40' title='bbox 487 526 539 550; x_wconf 91' lang='lat' dir='ltr'><strong>aut</strong></span> <span class='ocrx_word' id='word_1_41' title='bbox 562 519 661 549; x_wconf 87' lang='lat' dir='ltr'><strong>simile</strong></span> <span class='ocrx_word' id='word_1_42' title='bbox 684 518 768 558; x_wconf 89' lang='lat' dir='ltr'><strong>quid.</strong></span> <span class='ocrx_word' id='word_1_43' title='bbox 791 516 838 547; x_wconf 75' lang='grc' dir='ltr'><strong>ἐπὶ</strong></span> <span class='ocrx_word' id='word_1_44' title='bbox 858 518 897 558; x_wconf 71' lang='grc' dir='ltr'><strong>τῇ</strong></span> 
     </span>
     <span class='ocr_line' id='line_1_8' title="bbox 188 561 895 603; baseline -0.004 -11"><span class='ocrx_word' id='word_1_45' title='bbox 188 561 269 592; x_wconf 83' lang='grc' dir='ltr'>πόλει</span> <span class='ocrx_word' id='word_1_46' title='bbox 283 561 442 603; x_wconf 67' lang='grc' dir='ltr'>θεξαπεύει.</span> <span class='ocrx_word' id='word_1_47' title='bbox 459 563 535 592; x_wconf 87' lang='lat' dir='ltr'><strong>alios</strong></span> <span class='ocrx_word' id='word_1_48' title='bbox 551 562 638 597; x_wconf 89' lang='lat' dir='ltr'><strong>colit,</strong></span> <span class='ocrx_word' id='word_1_49' title='bbox 653 562 758 596; x_wconf 82' lang='lat' dir='ltr'><strong>ambit,</strong></span> <span class='ocrx_word' id='word_1_50' title='bbox 775 571 895 599; x_wconf 89' lang='lat' dir='ltr'><strong>prome-</strong></span> 
     </span>
     <span class='ocr_line' id='line_1_9' title="bbox 186 604 894 645; baseline -0.003 -10"><span class='ocrx_word' id='word_1_51' title='bbox 186 610 282 641; x_wconf 81' lang='lat' dir='ltr'>retur,</span> <span class='ocrx_word' id='word_1_52' title='bbox 311 606 417 635; x_wconf 86' lang='lat' dir='ltr'><strong>officiis</strong></span> <span class='ocrx_word' id='word_1_53' title='bbox 448 606 506 636; x_wconf 89' lang='lat' dir='ltr'><strong>sibi</strong></span> <span class='ocrx_word' id='word_1_54' title='bbox 532 604 709 645; x_wconf 80' lang='lat' dir='ltr'>obstringit,</span> <span class='ocrx_word' id='word_1_55' title='bbox 735 614 796 644; x_wconf 92' lang='lat' dir='ltr'><strong>quo</strong></span> <span class='ocrx_word' id='word_1_56' title='bbox 817 604 894 643; x_wconf 88' lang='lat' dir='ltr'><strong>reip.</strong></span> 
     </span>
     <span class='ocr_line' id='line_1_10' title="bbox 187 653 452 679; baseline 0.004 -2"><span class='ocrx_word' id='word_1_57' title='bbox 187 653 299 679; x_wconf 84' lang='lat' dir='ltr'><strong>nostrae</strong></span> <span class='ocrx_word' id='word_1_58' title='bbox 315 654 452 678; x_wconf 84' lang='lat' dir='ltr'><strong>noceant.</strong></span> 
     </span>
    </p>

    <p class='ocr_par' dir='ltr' id='par_1_3' title="bbox 187 690 895 774">
     <span class='ocr_line' id='line_1_11' title="bbox 228 690 895 732; baseline -0.006 -8"><span class='ocrx_word' id='word_1_59' title='bbox 228 708 273 715; x_wconf 89' lang='lat'><strong>—-</strong></span> <span class='ocrx_word' id='word_1_60' title='bbox 288 695 339 724; x_wconf 74' lang='lat'><strong>27.</strong></span> <span class='ocrx_word' id='word_1_61' title='bbox 361 691 569 732; x_wconf 72' lang='grc' dir='ltr'>Ἀνθεμοῖὲντα]</span> <span class='ocrx_word' id='word_1_62' title='bbox 592 691 667 721; x_wconf 82' lang='lat' dir='ltr'><strong>citat</strong></span> <span class='ocrx_word' id='word_1_63' title='bbox 681 691 711 721; x_wconf 90' lang='lat' dir='ltr'><strong>h.</strong></span> <span class='ocrx_word' id='word_1_64' title='bbox 727 691 749 720; x_wconf 96' lang='lat' dir='ltr'><strong>l.</strong></span> <span class='ocrx_word' id='word_1_65' title='bbox 771 690 895 730; x_wconf 88' lang='lat' dir='ltr'><strong>Harpo</strong></span> 
     </span>
     <span class='ocr_line' id='line_1_12' title="bbox 187 733 496 774; baseline -0.003 -10"><span class='ocrx_word' id='word_1_66' title='bbox 187 740 264 765; x_wconf 87' lang='lat' dir='ltr'><strong>crat.</strong></span> <span class='ocrx_word' id='word_1_67' title='bbox 282 745 312 765; x_wconf 87' lang='lat' dir='ltr'><strong>v.</strong></span> <span class='ocrx_word' id='word_1_68' title='bbox 328 733 496 774; x_wconf 61' lang='grc' dir='ltr'>Ἀνθεμοῦς.</span> 
     </span>
    </p>

    <p class='ocr_par' dir='ltr' id='par_1_4' title="bbox 185 776 897 1420">
     <span class='ocr_line' id='line_1_13' title="bbox 228 776 896 817; baseline -0.004 -9"><span class='ocrx_word' id='word_1_69' title='bbox 228 780 280 808; x_wconf 81' lang='grc'><strong>71.</strong></span> <span class='ocrx_word' id='word_1_70' title='bbox 301 781 331 808; x_wconf 90' lang='grc'><strong>1.</strong></span> <span class='ocrx_word' id='word_1_71' title='bbox 361 777 452 817; x_wconf 70' lang='grc' dir='ltr'>ὑμᾶς]</span> <span class='ocrx_word' id='word_1_72' title='bbox 476 788 654 817; x_wconf 76' lang='lat' dir='ltr'><strong>quamquam</strong></span> <span class='ocrx_word' id='word_1_73' title='bbox 674 776 750 806; x_wconf 80' lang='lat' dir='ltr'><strong>alias</strong></span> <span class='ocrx_word' id='word_1_74' title='bbox 769 776 808 806; x_wconf 88' lang='lat' dir='ltr'><strong>de</strong></span> <span class='ocrx_word' id='word_1_75' title='bbox 829 776 896 811; x_wconf 88' lang='lat' dir='ltr'><strong>hac,</strong></span> 
     </span>
     <span class='ocr_line' id='line_1_14' title="bbox 186 819 895 861; baseline -0.004 -10"><span class='ocrx_word' id='word_1_76' title='bbox 186 831 255 861; x_wconf 85' lang='lat' dir='ltr'><strong>quae</strong></span> <span class='ocrx_word' id='word_1_77' title='bbox 270 826 318 851; x_wconf 83' lang='lat' dir='ltr'><strong>est</strong></span> <span class='ocrx_word' id='word_1_78' title='bbox 335 826 496 861; x_wconf 86' lang='lat' dir='ltr'><strong>perpetua,</strong></span> <span class='ocrx_word' id='word_1_79' title='bbox 514 820 725 860; x_wconf 83' lang='lat' dir='ltr'><strong>pronominum</strong></span> <span class='ocrx_word' id='word_1_80' title='bbox 742 819 849 858; x_wconf 85' lang='lat' dir='ltr'><strong>primae</strong></span> <span class='ocrx_word' id='word_1_81' title='bbox 865 823 895 848; x_wconf 86' lang='lat' dir='ltr'><strong>et</strong></span> 
     </span>
     <span class='ocr_line' id='line_1_15' title="bbox 186 862 896 903; baseline -0.004 -9"><span class='ocrx_word' id='word_1_82' title='bbox 186 864 330 894; x_wconf 85' lang='lat' dir='ltr'><strong>secundae</strong></span> <span class='ocrx_word' id='word_1_83' title='bbox 356 874 496 903; x_wconf 86' lang='lat' dir='ltr'><strong>personae</strong></span> <span class='ocrx_word' id='word_1_84' title='bbox 517 865 548 894; x_wconf 92' lang='lat' dir='ltr'><strong>in</strong></span> <span class='ocrx_word' id='word_1_85' title='bbox 573 864 652 903; x_wconf 91' lang='lat' dir='ltr'><strong>plur.</strong></span> <span class='ocrx_word' id='word_1_86' title='bbox 674 862 896 902; x_wconf 85' lang='lat' dir='ltr'><strong>permutatione</strong></span> 
     </span>
     <span class='ocr_line' id='line_1_16' title="bbox 186 906 897 946; baseline -0.004 -9"><span class='ocrx_word' id='word_1_87' title='bbox 186 912 288 938; x_wconf 81' lang='lat' dir='ltr'><strong>tacere</strong></span> <span class='ocrx_word' id='word_1_88' title='bbox 304 907 401 942; x_wconf 86' lang='lat' dir='ltr'><strong>soleo,</strong></span> <span class='ocrx_word' id='word_1_89' title='bbox 421 908 503 946; x_wconf 87' lang='lat' dir='ltr'><strong>quod</strong></span> <span class='ocrx_word' id='word_1_90' title='bbox 518 907 658 946; x_wconf 86' lang='lat' dir='ltr'><strong>putidum</strong></span> <span class='ocrx_word' id='word_1_91' title='bbox 680 911 710 935; x_wconf 93' lang='lat' dir='ltr'><strong>et</strong></span> <span class='ocrx_word' id='word_1_92' title='bbox 727 906 812 935; x_wconf 85' lang='lat' dir='ltr'><strong>taedii</strong></span> <span class='ocrx_word' id='word_1_93' title='bbox 829 906 897 945; x_wconf 82' lang='lat' dir='ltr'><strong>ple-</strong></span> 
     </span>
     <span class='ocr_line' id='line_1_17' title="bbox 186 949 896 988; baseline -0.003 -7"><span class='ocrx_word' id='word_1_94' title='bbox 186 961 258 980; x_wconf 88' lang='lat' dir='ltr'><strong>num</strong></span> <span class='ocrx_word' id='word_1_95' title='bbox 273 951 353 981; x_wconf 88' lang='lat' dir='ltr'><strong>foret</strong></span> <span class='ocrx_word' id='word_1_96' title='bbox 364 950 402 980; x_wconf 88' lang='lat' dir='ltr'><strong>de</strong></span> <span class='ocrx_word' id='word_1_97' title='bbox 414 951 521 980; x_wconf 85' lang='lat' dir='ltr'><strong>eodem</strong></span> <span class='ocrx_word' id='word_1_98' title='bbox 534 950 633 979; x_wconf 86' lang='lat' dir='ltr'><strong>tribus</strong></span> <span class='ocrx_word' id='word_1_99' title='bbox 645 949 814 988; x_wconf 79' lang='lat' dir='ltr'>quibusque</span> <span class='ocrx_word' id='word_1_100' title='bbox 828 959 896 979; x_wconf 85' lang='lat' dir='ltr'><strong>ver-</strong></span> 
     </span>
     <span class='ocr_line' id='line_1_18' title="bbox 187 992 895 1032; baseline 0 -9"><span class='ocrx_word' id='word_1_101' title='bbox 187 994 236 1025; x_wconf 90' lang='lat' dir='ltr'><strong>bis</strong></span> <span class='ocrx_word' id='word_1_102' title='bbox 249 993 418 1032; x_wconf 82' lang='lat' dir='ltr'><strong>interjectis</strong></span> <span class='ocrx_word' id='word_1_103' title='bbox 433 994 607 1028; x_wconf 87' lang='lat' dir='ltr'><strong>admonere,</strong></span> <span class='ocrx_word' id='word_1_104' title='bbox 618 992 668 1021; x_wconf 79' lang='lat' dir='ltr'><strong>hic</strong></span> <span class='ocrx_word' id='word_1_105' title='bbox 685 997 783 1021; x_wconf 88' lang='lat' dir='ltr'><strong>tamen</strong></span> <span class='ocrx_word' id='word_1_106' title='bbox 796 992 895 1023; x_wconf 83' lang='lat' dir='ltr'><strong>facere</strong></span> 
     </span>
     <span class='ocr_line' id='line_1_19' title="bbox 187 1036 896 1076; baseline -0.003 -10"><span class='ocrx_word' id='word_1_107' title='bbox 187 1047 246 1067; x_wconf 86' lang='lat' dir='ltr'><strong>non</strong></span> <span class='ocrx_word' id='word_1_108' title='bbox 268 1047 406 1076; x_wconf 87' lang='lat' dir='ltr'><strong>possum,</strong></span> <span class='ocrx_word' id='word_1_109' title='bbox 425 1036 497 1076; x_wconf 89' lang='lat' dir='ltr'><strong>quin</strong></span> <span class='ocrx_word' id='word_1_110' title='bbox 513 1037 702 1070; x_wconf 81' lang='lat' dir='ltr'><strong>admoneam,</strong></span> <span class='ocrx_word' id='word_1_111' title='bbox 721 1046 738 1064; x_wconf 85' lang='lat' dir='ltr'><strong>a</strong></span> <span class='ocrx_word' id='word_1_112' title='bbox 754 1045 802 1064; x_wconf 90' lang='lat' dir='ltr'><strong>me</strong></span> <span class='ocrx_word' id='word_1_113' title='bbox 819 1036 896 1074; x_wconf 74' lang='grc' dir='ltr'><strong>ἡμᾶς</strong></span> 
     </span>
     <span class='ocr_line' id='line_1_20' title="bbox 186 1078 894 1119; baseline -0.003 -9"><span class='ocrx_word' id='word_1_114' title='bbox 186 1079 237 1110; x_wconf 86' lang='lat' dir='ltr'><strong>hie</strong></span> <span class='ocrx_word' id='word_1_115' title='bbox 252 1080 410 1119; x_wconf 83' lang='lat' dir='ltr'><strong>praelatum</strong></span> <span class='ocrx_word' id='word_1_116' title='bbox 426 1090 505 1109; x_wconf 88' lang='lat' dir='ltr'><strong>esse.</strong></span> <span class='ocrx_word' id='word_1_117' title='bbox 528 1079 561 1108; x_wconf 88' lang='lat' dir='ltr'><strong>id</strong></span> <span class='ocrx_word' id='word_1_118' title='bbox 577 1079 658 1117; x_wconf 90' lang='lat' dir='ltr'><strong>quod</strong></span> <span class='ocrx_word' id='word_1_119' title='bbox 669 1078 750 1107; x_wconf 83' lang='lat' dir='ltr'><strong>factu</strong></span> <span class='ocrx_word' id='word_1_120' title='bbox 766 1084 830 1107; x_wconf 90' lang='lat' dir='ltr'><strong>erat</strong></span> <span class='ocrx_word' id='word_1_121' title='bbox 841 1088 894 1108; x_wconf 91' lang='lat' dir='ltr'><strong>ne-</strong></span> 
     </span>
     <span class='ocr_line' id='line_1_21' title="bbox 185 1120 895 1159; baseline -0.003 -6"><span class='ocrx_word' id='word_1_122' title='bbox 185 1124 364 1153; x_wconf 85' lang='lat' dir='ltr'><strong>cessarium.</strong></span> <span class='ocrx_word' id='word_1_123' title='bbox 387 1132 448 1151; x_wconf 91' lang='lat' dir='ltr'><strong>non</strong></span> <span class='ocrx_word' id='word_1_124' title='bbox 462 1121 543 1151; x_wconf 90' lang='lat' dir='ltr'><strong>enim</strong></span> <span class='ocrx_word' id='word_1_125' title='bbox 559 1121 608 1150; x_wconf 87' lang='lat' dir='ltr'><strong>hic</strong></span> <span class='ocrx_word' id='word_1_126' title='bbox 622 1120 786 1159; x_wconf 84' lang='lat' dir='ltr'>alloquitur</span> <span class='ocrx_word' id='word_1_127' title='bbox 799 1120 895 1151; x_wconf 92' lang='lat' dir='ltr'><strong>Athe-</strong></span> 
     </span>
     <span class='ocr_line' id='line_1_22' title="bbox 186 1163 894 1200; baseline -0.004 -5"><span class='ocrx_word' id='word_1_128' title='bbox 186 1166 309 1195; x_wconf 87' lang='lat' dir='ltr'><strong>nienses</strong></span> <span class='ocrx_word' id='word_1_129' title='bbox 326 1165 560 1200; x_wconf 83' lang='lat' dir='ltr'><strong>Demosthenes,</strong></span> <span class='ocrx_word' id='word_1_130' title='bbox 576 1165 629 1193; x_wconf 92' lang='lat' dir='ltr'><strong>sed</strong></span> <span class='ocrx_word' id='word_1_131' title='bbox 648 1163 831 1198; x_wconf 79' lang='lat' dir='ltr'><strong>Messenios,</strong></span> <span class='ocrx_word' id='word_1_132' title='bbox 846 1174 894 1195; x_wconf 87' lang='lat' dir='ltr'><strong>re-</strong></span> 
     </span>
     <span class='ocr_line' id='line_1_23' title="bbox 186 1206 896 1245; baseline -0.001 -7"><span class='ocrx_word' id='word_1_133' title='bbox 186 1210 286 1238; x_wconf 80' lang='lat' dir='ltr'><strong>serens</strong></span> <span class='ocrx_word' id='word_1_134' title='bbox 303 1208 332 1238; x_wconf 88' lang='lat' dir='ltr'><strong>in</strong></span> <span class='ocrx_word' id='word_1_135' title='bbox 349 1207 581 1238; x_wconf 75' lang='lat' dir='ltr'><strong>Atheniensium</strong></span> <span class='ocrx_word' id='word_1_136' title='bbox 597 1206 744 1236; x_wconf 78' lang='lat' dir='ltr'><strong>concione</strong></span> <span class='ocrx_word' id='word_1_137' title='bbox 761 1206 896 1245; x_wconf 83' lang='lat' dir='ltr'><strong>particu-</strong></span> 
     </span>
     <span class='ocr_line' id='line_1_24' title="bbox 187 1249 894 1290; baseline -0.001 -8"><span class='ocrx_word' id='word_1_138' title='bbox 187 1252 245 1282; x_wconf 89' lang='lat' dir='ltr'><strong>lam</strong></span> <span class='ocrx_word' id='word_1_139' title='bbox 257 1251 386 1290; x_wconf 86' lang='lat' dir='ltr'><strong>alicujus</strong></span> <span class='ocrx_word' id='word_1_140' title='bbox 397 1250 554 1285; x_wconf 83' lang='lat' dir='ltr'><strong>orationis,</strong></span> <span class='ocrx_word' id='word_1_141' title='bbox 567 1261 654 1290; x_wconf 88' lang='lat' dir='ltr'><strong>quam</strong></span> <span class='ocrx_word' id='word_1_142' title='bbox 669 1249 708 1278; x_wconf 87' lang='lat' dir='ltr'><strong>ad</strong></span> <span class='ocrx_word' id='word_1_143' title='bbox 721 1250 894 1281; x_wconf 69' lang='lat' dir='ltr'><strong>Messenios</strong></span> 
     </span>
     <span class='ocr_line' id='line_1_25' title="bbox 186 1292 894 1332; baseline 0 -8"><span class='ocrx_word' id='word_1_144' title='bbox 186 1305 205 1325; x_wconf 88' lang='lat' dir='ltr'><strong>a</strong></span> <span class='ocrx_word' id='word_1_145' title='bbox 220 1305 253 1324; x_wconf 89' lang='lat' dir='ltr'><strong>se</strong></span> <span class='ocrx_word' id='word_1_146' title='bbox 270 1295 314 1325; x_wconf 84' lang='lat' dir='ltr'><strong>ait</strong></span> <span class='ocrx_word' id='word_1_147' title='bbox 330 1293 460 1324; x_wconf 77' lang='lat' dir='ltr'><strong>habitam</strong></span> <span class='ocrx_word' id='word_1_148' title='bbox 480 1304 559 1323; x_wconf 86' lang='lat' dir='ltr'><strong>esse.</strong></span> <span class='ocrx_word' id='word_1_149' title='bbox 603 1294 652 1323; x_wconf 91' lang='lat' dir='ltr'><strong>Ad</strong></span> <span class='ocrx_word' id='word_1_150' title='bbox 669 1303 722 1322; x_wconf 86' lang='lat' dir='ltr'><strong>eos</strong></span> <span class='ocrx_word' id='word_1_151' title='bbox 739 1292 839 1332; x_wconf 85' lang='lat' dir='ltr'><strong>itaque</strong></span> <span class='ocrx_word' id='word_1_152' title='bbox 856 1294 894 1324; x_wconf 86' lang='lat' dir='ltr'><strong>de</strong></span> 
     </span>
     <span class='ocr_line' id='line_1_26' title="bbox 187 1337 894 1377; baseline -0.003 -9"><span class='ocrx_word' id='word_1_153' title='bbox 187 1337 425 1368; x_wconf 78' lang='lat' dir='ltr'><strong>Atheniensibus</strong></span> <span class='ocrx_word' id='word_1_154' title='bbox 436 1337 616 1377; x_wconf 84' lang='lat' dir='ltr'><strong>proedicans,</strong></span> <span class='ocrx_word' id='word_1_155' title='bbox 627 1337 894 1366; x_wconf 80' lang='lat' dir='ltr'><strong>inconsentaneum</strong></span> 
     </span>
     <span class='ocr_line' id='line_1_27' title="bbox 188 1379 828 1420; baseline -0.005 -9"><span class='ocrx_word' id='word_1_156' title='bbox 188 1381 230 1411; x_wconf 86' lang='lat' dir='ltr'><strong>sit</strong></span> <span class='ocrx_word' id='word_1_157' title='bbox 243 1390 289 1411; x_wconf 83' lang='lat' dir='ltr'><strong>vos</strong></span> <span class='ocrx_word' id='word_1_158' title='bbox 303 1391 470 1420; x_wconf 83' lang='lat' dir='ltr'><strong>usurpare;</strong></span> <span class='ocrx_word' id='word_1_159' title='bbox 494 1380 544 1409; x_wconf 91' lang='lat' dir='ltr'><strong>ubi</strong></span> <span class='ocrx_word' id='word_1_160' title='bbox 562 1390 610 1410; x_wconf 89' lang='lat' dir='ltr'><strong>res</strong></span> <span class='ocrx_word' id='word_1_161' title='bbox 626 1389 675 1409; x_wconf 83' lang='lat' dir='ltr'><strong>nos</strong></span> <span class='ocrx_word' id='word_1_162' title='bbox 691 1379 828 1418; x_wconf 82' lang='lat' dir='ltr'><strong>requirit.</strong></span> 
     </span>
    </p>

    <p class='ocr_par' dir='ltr' id='par_1_5' title="bbox 187 1421 894 1508">
     <span class='ocr_line' id='line_1_28' title="bbox 228 1421 894 1466; baseline -0.003 -11"><span class='ocrx_word' id='word_1_163' title='bbox 228 1442 273 1447; x_wconf 89' lang='lat'><strong>-—</strong></span> <span class='ocrx_word' id='word_1_164' title='bbox 287 1426 318 1455; x_wconf 84' lang='lat'><strong>3.</strong></span> <span class='ocrx_word' id='word_1_165' title='bbox 339 1421 394 1465; x_wconf 73' lang='grc' dir='ltr'>οἷςα</span> <span class='ocrx_word' id='word_1_166' title='bbox 416 1422 582 1466; x_wconf 74' lang='grc' dir='ltr'>προσ-δοκξίν]</span> <span class='ocrx_word' id='word_1_167' title='bbox 605 1423 736 1452; x_wconf 88' lang='lat' dir='ltr'><strong>subaudi</strong></span> <span class='ocrx_word' id='word_1_168' title='bbox 753 1422 859 1458; x_wconf 62' lang='grc' dir='ltr'>οἴεσθε,</span> <span class='ocrx_word' id='word_1_169' title='bbox 877 1433 894 1453; x_wconf 87' lang='lat' dir='ltr'><strong>e</strong></span> 
     </span>
     <span class='ocr_line' id='line_1_29' title="bbox 187 1469 357 1508; baseline 0.006 -11"><span class='ocrx_word' id='word_1_170' title='bbox 187 1478 218 1508; x_wconf 94' lang='lat' dir='ltr'><strong>p.</strong></span> <span class='ocrx_word' id='word_1_171' title='bbox 234 1469 287 1498; x_wconf 85' lang='lat'><strong>¹70.</strong></span> <span class='ocrx_word' id='word_1_172' title='bbox 305 1470 357 1498; x_wconf 71' lang='lat'><strong>⁰24.</strong></span> 
     </span>
    </p>

    <p class='ocr_par' dir='ltr' id='par_1_6' title="bbox 186 1509 895 1637">
     <span class='ocr_line' id='line_1_30' title="bbox 229 1509 895 1550; baseline -0.003 -8"><span class='ocrx_word' id='word_1_173' title='bbox 229 1528 272 1534; x_wconf 88' lang='lat'><strong>-—</strong></span> <span class='ocrx_word' id='word_1_174' title='bbox 295 1513 326 1542; x_wconf 92' lang='lat'><strong>9.</strong></span> <span class='ocrx_word' id='word_1_175' title='bbox 347 1509 435 1541; x_wconf 78' lang='grc' dir='ltr'>αὗται</span> <span class='ocrx_word' id='word_1_176' title='bbox 459 1509 535 1550; x_wconf 93' lang='grc' dir='ltr'>λίαν]</span> <span class='ocrx_word' id='word_1_177' title='bbox 565 1509 665 1540; x_wconf 86' lang='lat' dir='ltr'><strong>malim</strong></span> <span class='ocrx_word' id='word_1_178' title='bbox 683 1510 712 1539; x_wconf 78' lang='grc' dir='ltr'>αῖ</span> <span class='ocrx_word' id='word_1_179' title='bbox 733 1509 895 1549; x_wconf 88' lang='lat' dir='ltr'><strong>interponi.</strong></span> 
     </span>
     <span class='ocr_line' id='line_1_31' title="bbox 186 1552 895 1593; baseline 0 -9"><span class='ocrx_word' id='word_1_180' title='bbox 186 1554 248 1584; x_wconf 86' lang='lat' dir='ltr'><strong>duo</strong></span> <span class='ocrx_word' id='word_1_181' title='bbox 258 1554 407 1584; x_wconf 88' lang='lat' dir='ltr'><strong>vocabula</strong></span> <span class='ocrx_word' id='word_1_182' title='bbox 415 1553 476 1584; x_wconf 80' lang='grc' dir='ltr'>λίαν</span> <span class='ocrx_word' id='word_1_183' title='bbox 487 1552 597 1592; x_wconf 76' lang='grc' dir='ltr'>ὁμιλίαι</span> <span class='ocrx_word' id='word_1_184' title='bbox 607 1564 662 1593; x_wconf 85' lang='lat' dir='ltr'><strong>pro</strong></span> <span class='ocrx_word' id='word_1_185' title='bbox 677 1564 737 1583; x_wconf 93' lang='lat' dir='ltr'><strong>uno</strong></span> <span class='ocrx_word' id='word_1_186' title='bbox 753 1555 895 1592; x_wconf 85' lang='lat' dir='ltr'><strong>copulato</strong></span> 
     </span>
     <span class='ocr_line' id='line_1_32' title="bbox 186 1595 894 1637; baseline -0.001 -10"><span class='ocrx_word' id='word_1_187' title='bbox 186 1607 242 1637; x_wconf 87' lang='lat' dir='ltr'><strong>per</strong></span> <span class='ocrx_word' id='word_1_188' title='bbox 257 1597 376 1637; x_wconf 85' lang='lat' dir='ltr'><strong>signum</strong></span> <span class='ocrx_word' id='word_1_189' title='bbox 389 1595 435 1636; x_wconf 80' lang='grc' dir='ltr'><strong>ὑφ’</strong></span> <span class='ocrx_word' id='word_1_190' title='bbox 448 1595 474 1627; x_wconf 81' lang='grc' dir='ltr'>ἓν</span> <span class='ocrx_word' id='word_1_191' title='bbox 487 1597 601 1626; x_wconf 86' lang='lat' dir='ltr'><strong>dictum</strong></span> <span class='ocrx_word' id='word_1_192' title='bbox 619 1596 797 1635; x_wconf 82' lang='lat' dir='ltr'><strong>accipienda</strong></span> <span class='ocrx_word' id='word_1_193' title='bbox 813 1602 894 1626; x_wconf 88' lang='lat' dir='ltr'><strong>sunt.</strong></span> 
     </span>
    </p>

    <p class='ocr_par' dir='ltr' id='par_1_7' title="bbox 182 1637 896 2370">
     <span class='ocr_line' id='line_1_33' title="bbox 227 1637 896 1681; baseline -0.002 -11"><span class='ocrx_word' id='word_1_194' title='bbox 227 1657 271 1664; x_wconf 91' lang='lat'><strong>·—-</strong></span> <span class='ocrx_word' id='word_1_195' title='bbox 287 1643 338 1672; x_wconf 77' lang='lat'><strong>12.</strong></span> <span class='ocrx_word' id='word_1_196' title='bbox 359 1638 560 1681; x_wconf 55' lang='grc' dir='ltr'>δεκαδαρχίαν]</span> <span class='ocrx_word' id='word_1_197' title='bbox 578 1640 629 1670; x_wconf 86' lang='lat' dir='ltr'><strong>alii</strong></span> <span class='ocrx_word' id='word_1_198' title='bbox 645 1637 792 1680; x_wconf 84' lang='grc' dir='ltr'>δεκαρχίαν</span> <span class='ocrx_word' id='word_1_199' title='bbox 812 1640 896 1676; x_wconf 88' lang='lat' dir='ltr'><strong>dant,</strong></span> 
     </span>
     <span class='ocr_line' id='line_1_34' title="bbox 185 1683 896 1722; baseline -0.003 -7"><span class='ocrx_word' id='word_1_200' title='bbox 185 1688 217 1714; x_wconf 90' lang='lat' dir='ltr'><strong>et</strong></span> <span class='ocrx_word' id='word_1_201' title='bbox 239 1684 344 1714; x_wconf 83' lang='lat' dir='ltr'><strong>nescio</strong></span> <span class='ocrx_word' id='word_1_202' title='bbox 367 1694 403 1713; x_wconf 88' lang='lat' dir='ltr'><strong>an</strong></span> <span class='ocrx_word' id='word_1_203' title='bbox 427 1683 575 1722; x_wconf 83' lang='lat' dir='ltr'><strong>analogiae</strong></span> <span class='ocrx_word' id='word_1_204' title='bbox 592 1683 834 1713; x_wconf 82' lang='lat' dir='ltr'><strong>convenientius.</strong></span> <span class='ocrx_word' id='word_1_205' title='bbox 851 1683 896 1713; x_wconf 90' lang='lat' dir='ltr'><strong>ci-</strong></span> 
     </span>
     <span class='ocr_line' id='line_1_35' title="bbox 185 1725 896 1767; baseline -0.001 -10"><span class='ocrx_word' id='word_1_206' title='bbox 185 1732 253 1758; x_wconf 81' lang='lat' dir='ltr'><strong>tans</strong></span> <span class='ocrx_word' id='word_1_207' title='bbox 273 1727 303 1757; x_wconf 90' lang='lat' dir='ltr'><strong>h.</strong></span> <span class='ocrx_word' id='word_1_208' title='bbox 325 1727 346 1757; x_wconf 94' lang='lat' dir='ltr'><strong>l.</strong></span> <span class='ocrx_word' id='word_1_209' title='bbox 373 1727 576 1767; x_wconf 87' lang='lat' dir='ltr'><strong>Harpocratio</strong></span> <span class='ocrx_word' id='word_1_210' title='bbox 603 1725 801 1765; x_wconf 80' lang='lat' dir='ltr'><strong>reprehendit</strong></span> <span class='ocrx_word' id='word_1_211' title='bbox 828 1737 896 1756; x_wconf 90' lang='lat' dir='ltr'><strong>ora-</strong></span> 
     </span>
     <span class='ocr_line' id='line_1_36' title="bbox 185 1768 895 1810; baseline -0.003 -10"><span class='ocrx_word' id='word_1_212' title='bbox 185 1774 281 1801; x_wconf 86' lang='lat' dir='ltr'><strong>torem</strong></span> <span class='ocrx_word' id='word_1_213' title='bbox 293 1771 332 1800; x_wconf 89' lang='lat' dir='ltr'><strong>de</strong></span> <span class='ocrx_word' id='word_1_214' title='bbox 342 1769 605 1809; x_wconf 87' lang='lat' dir='ltr'><strong>memoriaelapsu,</strong></span> <span class='ocrx_word' id='word_1_215' title='bbox 615 1768 766 1799; x_wconf 89' lang='lat' dir='ltr'><strong>affirmans</strong></span> <span class='ocrx_word' id='word_1_216' title='bbox 779 1779 895 1810; x_wconf 61' lang='lat' dir='ltr'><strong>vergea?-</strong></span> 
     </span>
     <span class='ocr_line' id='line_1_37' title="bbox 184 1812 895 1856; baseline 0 -14"><span class='ocrx_word' id='word_1_217' title='bbox 184 1812 252 1856; x_wconf 85' lang='grc' dir='ltr'>χίαν</span> <span class='ocrx_word' id='word_1_218' title='bbox 266 1824 334 1844; x_wconf 86' lang='lat' dir='ltr'><strong>esse</strong></span> <span class='ocrx_word' id='word_1_219' title='bbox 349 1813 548 1844; x_wconf 80' lang='lat' dir='ltr'><strong>exarandum.</strong></span> <span class='ocrx_word' id='word_1_220' title='bbox 579 1813 689 1843; x_wconf 89' lang='lat' dir='ltr'><strong>Potest</strong></span> <span class='ocrx_word' id='word_1_221' title='bbox 701 1812 778 1847; x_wconf 89' lang='lat' dir='ltr'><strong>fieri,</strong></span> <span class='ocrx_word' id='word_1_222' title='bbox 790 1817 824 1842; x_wconf 84' lang='lat' dir='ltr'><strong>ut</strong></span> <span class='ocrx_word' id='word_1_223' title='bbox 835 1813 895 1842; x_wconf 91' lang='lat' dir='ltr'><strong>cri-</strong></span> 
     </span>
     <span class='ocr_line' id='line_1_38' title="bbox 186 1855 894 1894; baseline -0.001 -8"><span class='ocrx_word' id='word_1_224' title='bbox 186 1857 311 1887; x_wconf 88' lang='lat' dir='ltr'><strong>minatio</strong></span> <span class='ocrx_word' id='word_1_225' title='bbox 341 1857 407 1886; x_wconf 86' lang='lat' dir='ltr'><strong>haec</strong></span> <span class='ocrx_word' id='word_1_226' title='bbox 436 1856 578 1886; x_wconf 86' lang='lat' dir='ltr'><strong>librarios</strong></span> <span class='ocrx_word' id='word_1_227' title='bbox 606 1855 703 1894; x_wconf 85' lang='lat' dir='ltr'><strong>magis</strong></span> <span class='ocrx_word' id='word_1_228' title='bbox 734 1856 894 1894; x_wconf 89' lang='lat' dir='ltr'><strong>percellat.</strong></span> 
     </span>
     <span class='ocr_line' id='line_1_39' title="bbox 185 1897 893 1941; baseline 0 -12"><span class='ocrx_word' id='word_1_229' title='bbox 185 1899 307 1939; x_wconf 75' lang='lat' dir='ltr'><strong>&#39;Finge’</strong></span> <span class='ocrx_word' id='word_1_230' title='bbox 309 1897 438 1941; x_wconf 71' lang='grc' dir='ltr'>Δαςχίαν</span> <span class='ocrx_word' id='word_1_231' title='bbox 452 1905 608 1929; x_wconf 85' lang='lat' dir='ltr'><strong>exaratum</strong></span> <span class='ocrx_word' id='word_1_232' title='bbox 625 1909 704 1930; x_wconf 90' lang='lat' dir='ltr'><strong>esse.</strong></span> <span class='ocrx_word' id='word_1_233' title='bbox 721 1898 893 1929; x_wconf 73' lang='lat' dir='ltr'><strong>rectissime</strong></span> 
     </span>
     <span class='ocr_line' id='line_1_40' title="bbox 185 1942 895 1983; baseline 0 -10"><span class='ocrx_word' id='word_1_234' title='bbox 185 1943 305 1981; x_wconf 83' lang='lat' dir='ltr'><strong>legatur</strong></span> <span class='ocrx_word' id='word_1_235' title='bbox 319 1942 351 1972; x_wconf 90' lang='lat' dir='ltr'><strong>id</strong></span> <span class='ocrx_word' id='word_1_236' title='bbox 367 1942 549 1983; x_wconf 73' lang='grc' dir='ltr'>τετξαςχίαν.</span> <span class='ocrx_word' id='word_1_237' title='bbox 567 1953 666 1982; x_wconf 91' lang='lat' dir='ltr'><strong>neque</strong></span> <span class='ocrx_word' id='word_1_238' title='bbox 687 1942 778 1982; x_wconf 89' lang='lat' dir='ltr'><strong>culpa</strong></span> <span class='ocrx_word' id='word_1_239' title='bbox 797 1952 895 1982; x_wconf 84' lang='lat' dir='ltr'><strong>penes</strong></span> 
     </span>
     <span class='ocr_line' id='line_1_41' title="bbox 186 1985 894 2024; baseline -0.003 -8"><span class='ocrx_word' id='word_1_240' title='bbox 186 1989 334 2016; x_wconf 85' lang='lat' dir='ltr'><strong>oratorem</strong></span> <span class='ocrx_word' id='word_1_241' title='bbox 351 1985 419 2021; x_wconf 81' lang='lat' dir='ltr'><strong>fuit,</strong></span> <span class='ocrx_word' id='word_1_242' title='bbox 439 1985 466 2015; x_wconf 86' lang='lat' dir='ltr'><strong>si</strong></span> <span class='ocrx_word' id='word_1_243' title='bbox 482 1985 597 2024; x_wconf 81' lang='lat' dir='ltr'><strong>posteri</strong></span> <span class='ocrx_word' id='word_1_244' title='bbox 609 1985 640 2015; x_wconf 91' lang='lat' dir='ltr'><strong>in</strong></span> <span class='ocrx_word' id='word_1_245' title='bbox 656 1995 740 2014; x_wconf 89' lang='lat' dir='ltr'><strong>more</strong></span> <span class='ocrx_word' id='word_1_246' title='bbox 757 1990 894 2015; x_wconf 86' lang='lat' dir='ltr'><strong>veterum</strong></span> 
     </span>
     <span class='ocr_line' id='line_1_42' title="bbox 185 2028 894 2067; baseline -0.001 -8"><span class='ocrx_word' id='word_1_247' title='bbox 185 2039 329 2060; x_wconf 87' lang='lat' dir='ltr'><strong>numeros</strong></span> <span class='ocrx_word' id='word_1_248' title='bbox 340 2028 493 2058; x_wconf 85' lang='lat' dir='ltr'><strong>scribendi</strong></span> <span class='ocrx_word' id='word_1_249' title='bbox 504 2028 733 2067; x_wconf 85' lang='lat' dir='ltr'><strong>interpretando</strong></span> <span class='ocrx_word' id='word_1_250' title='bbox 746 2033 894 2058; x_wconf 88' lang='lat' dir='ltr'><strong>errarunt.</strong></span> 
     </span>
     <span class='ocr_line' id='line_1_43' title="bbox 186 2071 893 2111; baseline -0.001 -9"><span class='ocrx_word' id='word_1_251' title='bbox 186 2072 240 2102; x_wconf 87' lang='lat' dir='ltr'><strong>sed</strong></span> <span class='ocrx_word' id='word_1_252' title='bbox 257 2081 362 2101; x_wconf 89' lang='lat' dir='ltr'><strong>rursus</strong></span> <span class='ocrx_word' id='word_1_253' title='bbox 378 2081 434 2110; x_wconf 87' lang='lat' dir='ltr'><strong>pro</strong></span> <span class='ocrx_word' id='word_1_254' title='bbox 449 2071 576 2111; x_wconf 84' lang='lat' dir='ltr'><strong>vulgata</strong></span> <span class='ocrx_word' id='word_1_255' title='bbox 591 2071 653 2100; x_wconf 86' lang='lat' dir='ltr'><strong>dici</strong></span> <span class='ocrx_word' id='word_1_256' title='bbox 673 2075 803 2110; x_wconf 88' lang='lat' dir='ltr'><strong>possunt</strong></span> <span class='ocrx_word' id='word_1_257' title='bbox 817 2071 893 2101; x_wconf 88' lang='lat' dir='ltr'><strong>haec.</strong></span> 
     </span>
     <span class='ocr_line' id='line_1_44' title="bbox 183 2113 894 2153; baseline -0.001 -8"><span class='ocrx_word' id='word_1_258' title='bbox 183 2114 373 2145; x_wconf 80' lang='lat' dir='ltr'><strong>Thessaliam</strong></span> <span class='ocrx_word' id='word_1_259' title='bbox 383 2116 448 2153; x_wconf 84' lang='lat' dir='ltr'><strong>jam</strong></span> <span class='ocrx_word' id='word_1_260' title='bbox 463 2114 578 2144; x_wconf 86' lang='lat' dir='ltr'><strong>dudum</strong></span> <span class='ocrx_word' id='word_1_261' title='bbox 592 2119 659 2144; x_wconf 90' lang='lat' dir='ltr'><strong>ante</strong></span> <span class='ocrx_word' id='word_1_262' title='bbox 676 2113 852 2153; x_wconf 87' lang='lat' dir='ltr'><strong>Philippum</strong></span> <span class='ocrx_word' id='word_1_263' title='bbox 865 2115 894 2144; x_wconf 91' lang='lat' dir='ltr'><strong>in</strong></span> 
     </span>
     <span class='ocr_line' id='line_1_45' title="bbox 183 2156 894 2198; baseline -0.001 -11"><span class='ocrx_word' id='word_1_264' title='bbox 183 2162 315 2198; x_wconf 84' lang='lat' dir='ltr'><strong>quatuor</strong></span> <span class='ocrx_word' id='word_1_265' title='bbox 328 2156 521 2197; x_wconf 88' lang='lat' dir='ltr'><strong>principatus</strong></span> <span class='ocrx_word' id='word_1_266' title='bbox 542 2157 672 2187; x_wconf 83' lang='lat' dir='ltr'><strong>divisam</strong></span> <span class='ocrx_word' id='word_1_267' title='bbox 689 2156 796 2187; x_wconf 82' lang='lat' dir='ltr'><strong>fuisse.</strong></span> <span class='ocrx_word' id='word_1_268' title='bbox 841 2156 894 2187; x_wconf 87' lang='lat' dir='ltr'><strong>Nil</strong></span> 
     </span>
     <span class='ocr_line' id='line_1_46' title="bbox 183 2200 895 2241; baseline -0.003 -10"><span class='ocrx_word' id='word_1_269' title='bbox 183 2211 259 2241; x_wconf 82' lang='lat' dir='ltr'><strong>ergo</strong></span> <span class='ocrx_word' id='word_1_270' title='bbox 274 2201 440 2241; x_wconf 88' lang='lat' dir='ltr'><strong>Philippus</strong></span> <span class='ocrx_word' id='word_1_271' title='bbox 455 2200 485 2231; x_wconf 91' lang='lat' dir='ltr'><strong>in</strong></span> <span class='ocrx_word' id='word_1_272' title='bbox 497 2201 594 2231; x_wconf 87' lang='lat' dir='ltr'><strong>forma</strong></span> <span class='ocrx_word' id='word_1_273' title='bbox 604 2200 772 2230; x_wconf 82' lang='lat' dir='ltr'><strong>Thessaliae</strong></span> <span class='ocrx_word' id='word_1_274' title='bbox 785 2210 895 2239; x_wconf 89' lang='lat' dir='ltr'><strong>regun-</strong></span> 
     </span>
     <span class='ocr_line' id='line_1_47' title="bbox 183 2243 894 2275; baseline -0.003 0"><span class='ocrx_word' id='word_1_275' title='bbox 183 2245 232 2275; x_wconf 84' lang='lat' dir='ltr'><strong>dae</strong></span> <span class='ocrx_word' id='word_1_276' title='bbox 254 2244 380 2275; x_wconf 85' lang='lat' dir='ltr'><strong>novavit</strong></span> <span class='ocrx_word' id='word_1_277' title='bbox 399 2248 550 2274; x_wconf 86' lang='lat' dir='ltr'><strong>vetustam</strong></span> <span class='ocrx_word' id='word_1_278' title='bbox 571 2243 747 2274; x_wconf 84' lang='lat' dir='ltr'><strong>restituens.</strong></span> <span class='ocrx_word' id='word_1_279' title='bbox 771 2244 825 2274; x_wconf 88' lang='lat' dir='ltr'><strong>sed</strong></span> <span class='ocrx_word' id='word_1_280' title='bbox 839 2254 894 2274; x_wconf 92' lang='lat' dir='ltr'><strong>no-</strong></span> 
     </span>
     <span class='ocr_line' id='line_1_48' title="bbox 182 2287 893 2326; baseline 0 -8"><span class='ocrx_word' id='word_1_281' title='bbox 182 2298 274 2318; x_wconf 81' lang='lat' dir='ltr'><strong>vasse</strong></span> <span class='ocrx_word' id='word_1_282' title='bbox 297 2287 424 2323; x_wconf 86' lang='lat' dir='ltr'><strong>dicitur,</strong></span> <span class='ocrx_word' id='word_1_283' title='bbox 448 2293 481 2317; x_wconf 86' lang='lat' dir='ltr'><strong>et</strong></span> <span class='ocrx_word' id='word_1_284' title='bbox 507 2292 629 2317; x_wconf 90' lang='lat' dir='ltr'><strong>vetusta</strong></span> <span class='ocrx_word' id='word_1_285' title='bbox 651 2287 774 2326; x_wconf 85' lang='lat' dir='ltr'><strong>quidem</strong></span> <span class='ocrx_word' id='word_1_286' title='bbox 795 2287 893 2318; x_wconf 85' lang='lat' dir='ltr'><strong>multo</strong></span> 
     </span>
     <span class='ocr_line' id='line_1_49' title="bbox 182 2331 720 2370; baseline 0 -9"><span class='ocrx_word' id='word_1_287' title='bbox 182 2331 364 2370; x_wconf 87' lang='lat' dir='ltr'><strong>iniquiorem</strong></span> <span class='ocrx_word' id='word_1_288' title='bbox 380 2331 505 2360; x_wconf 80' lang='lat' dir='ltr'><strong>formam</strong></span> <span class='ocrx_word' id='word_1_289' title='bbox 521 2336 720 2361; x_wconf 83' lang='lat' dir='ltr'><strong>commentus.</strong></span> 
     </span>
    </p>

    <p class='ocr_par' dir='ltr' id='par_1_8' title="bbox 183 2372 894 2534">
     <span class='ocr_line' id='line_1_50' title="bbox 225 2372 894 2415; baseline 0 -12"><span class='ocrx_word' id='word_1_290' title='bbox 225 2392 269 2398; x_wconf 91' lang='lat'><strong>—-</strong></span> <span class='ocrx_word' id='word_1_291' title='bbox 290 2376 342 2405; x_wconf 83' lang='lat'><strong>18.</strong></span> <span class='ocrx_word' id='word_1_292' title='bbox 365 2372 557 2415; x_wconf 64' lang='grc' dir='ltr'>ἀπεύχεσθε]</span> <span class='ocrx_word' id='word_1_293' title='bbox 588 2373 656 2403; x_wconf 89' lang='lat' dir='ltr'><strong>aliis</strong></span> <span class='ocrx_word' id='word_1_294' title='bbox 677 2374 708 2404; x_wconf 91' lang='lat' dir='ltr'><strong>in</strong></span> <span class='ocrx_word' id='word_1_295' title='bbox 732 2372 819 2403; x_wconf 87' lang='lat' dir='ltr'><strong>libris</strong></span> <span class='ocrx_word' id='word_1_296' title='bbox 846 2378 894 2403; x_wconf 91' lang='lat' dir='ltr'><strong>est</strong></span> 
     </span>
     <span class='ocr_line' id='line_1_51' title="bbox 183 2415 894 2456; baseline -0.001 -9"><span class='ocrx_word' id='word_1_297' title='bbox 183 2416 364 2456; x_wconf 69' lang='grc' dir='ltr'>ἂπεύξασθε.</span> <span class='ocrx_word' id='word_1_298' title='bbox 380 2427 450 2446; x_wconf 89' lang='lat' dir='ltr'><strong>num</strong></span> <span class='ocrx_word' id='word_1_299' title='bbox 461 2417 503 2446; x_wconf 88' lang='lat' dir='ltr'><strong>ita</strong></span> <span class='ocrx_word' id='word_1_300' title='bbox 517 2417 604 2447; x_wconf 85' lang='lat' dir='ltr'><strong>dedit</strong></span> <span class='ocrx_word' id='word_1_301' title='bbox 615 2421 715 2447; x_wconf 89' lang='lat' dir='ltr'><strong>orator</strong></span> <span class='ocrx_word' id='word_1_302' title='bbox 724 2415 894 2456; x_wconf 79' lang='grc' dir='ltr'>ἀπεύξαισθ’</span> 
     </span>
     <span class='ocr_line' id='line_1_52' title="bbox 183 2459 894 2501; baseline 0 -11"><span class='ocrx_word' id='word_1_303' title='bbox 183 2460 227 2496; x_wconf 77' lang='grc' dir='ltr'>ἂν,</span> <span class='ocrx_word' id='word_1_304' title='bbox 242 2460 289 2501; x_wconf 91' lang='lat' dir='ltr'><strong>(in</strong></span> <span class='ocrx_word' id='word_1_305' title='bbox 303 2459 459 2500; x_wconf 84' lang='lat' dir='ltr'><strong>optativo)</strong></span> <span class='ocrx_word' id='word_1_306' title='bbox 469 2460 492 2491; x_wconf 83' lang='grc' dir='ltr'><strong>εἶ</strong></span> <span class='ocrx_word' id='word_1_307' title='bbox 505 2459 693 2501; x_wconf 70' lang='grc' dir='ltr'>ἐσωφρονεῖτε,</span> <span class='ocrx_word' id='word_1_308' title='bbox 711 2460 737 2490; x_wconf 88' lang='lat' dir='ltr'><strong>si</strong></span> <span class='ocrx_word' id='word_1_309' title='bbox 755 2461 894 2500; x_wconf 86' lang='lat' dir='ltr'><strong>sapiatis,</strong></span> 
     </span>
     <span class='ocr_line' id='line_1_53' title="bbox 185 2502 480 2534; baseline -0.007 0"><span class='ocrx_word' id='word_1_310' title='bbox 185 2504 254 2534; x_wconf 88' lang='lat' dir='ltr'><strong>sitis</strong></span> <span class='ocrx_word' id='word_1_311' title='bbox 269 2502 480 2534; x_wconf 79' lang='lat' dir='ltr'><strong>abominatur-i.</strong></span> 
     </span>
    </p>

    <p class='ocr_par' dir='ltr' id='par_1_9' title="bbox 184 2545 892 2630">
     <span class='ocr_line' id='line_1_54' title="bbox 227 2545 892 2586; baseline 0 -10"><span class='ocrx_word' id='word_1_312' title='bbox 227 2565 270 2569; x_wconf 97' lang='lat'><strong>—</strong></span> <span class='ocrx_word' id='word_1_313' title='bbox 286 2548 338 2577; x_wconf 86' lang='lat'><strong>19.</strong></span> <span class='ocrx_word' id='word_1_314' title='bbox 362 2545 558 2586; x_wconf 65' lang='grc' dir='ltr'>παντοδαπὰ]</span> <span class='ocrx_word' id='word_1_315' title='bbox 582 2546 658 2576; x_wconf 85' lang='lat' dir='ltr'><strong>citat</strong></span> <span class='ocrx_word' id='word_1_316' title='bbox 672 2546 703 2577; x_wconf 88' lang='lat' dir='ltr'><strong>h.</strong></span> <span class='ocrx_word' id='word_1_317' title='bbox 716 2547 737 2576; x_wconf 90' lang='lat' dir='ltr'><strong>l.</strong></span> <span class='ocrx_word' id='word_1_318' title='bbox 753 2547 892 2577; x_wconf 81' lang='lat' dir='ltr'><strong>Stobaeus</strong></span> 
     </span>
     <span class='ocr_line' id='line_1_55' title="bbox 184 2591 374 2630; baseline -0.011 -9"><span class='ocrx_word' id='word_1_319' title='bbox 184 2601 216 2630; x_wconf 85' lang='lat' dir='ltr'><strong>p.</strong></span> <span class='ocrx_word' id='word_1_320' title='bbox 231 2592 305 2620; x_wconf 82' lang='lat'><strong>244.</strong></span> <span class='ocrx_word' id='word_1_321' title='bbox 323 2591 374 2620; x_wconf 82' lang='lat'><strong>10.</strong></span> 
     </span>
    </p>

    <p class='ocr_par' dir='ltr' id='par_1_10' title="bbox 185 2631 895 2759">
     <span class='ocr_line' id='line_1_56' title="bbox 228 2631 893 2674; baseline -0.002 -10"><span class='ocrx_word' id='word_1_322' title='bbox 228 2636 332 2664; x_wconf 63' lang='lat'><strong>—22</strong></span> <span class='ocrx_word' id='word_1_323' title='bbox 346 2631 545 2674; x_wconf 77' lang='grc' dir='ltr'>χειροποίητα]</span> <span class='ocrx_word' id='word_1_324' title='bbox 562 2632 637 2662; x_wconf 87' lang='lat' dir='ltr'><strong>citat</strong></span> <span class='ocrx_word' id='word_1_325' title='bbox 646 2632 760 2663; x_wconf 87' lang='lat' dir='ltr'><strong>Pollux</strong></span> <span class='ocrx_word' id='word_1_326' title='bbox 777 2635 893 2664; x_wconf 57' lang='lat'><strong>2121.</strong></span> 
     </span>
     <span class='ocr_line' id='line_1_57' title="bbox 185 2675 895 2718; baseline -0.003 -11"><span class='ocrx_word' id='word_1_327' title='bbox 185 2687 214 2707; x_wconf 86' lang='lat' dir='ltr'><strong>v.</strong></span> <span class='ocrx_word' id='word_1_328' title='bbox 229 2675 428 2718; x_wconf 76' lang='grc' dir='ltr'><strong><em>χειροποίητος.</em></strong></span> <span class='ocrx_word' id='word_1_329' title='bbox 471 2676 613 2706; x_wconf 80' lang='lat' dir='ltr'><strong>Imitatus</strong></span> <span class='ocrx_word' id='word_1_330' title='bbox 633 2680 680 2706; x_wconf 91' lang='lat' dir='ltr'><strong>est</strong></span> <span class='ocrx_word' id='word_1_331' title='bbox 699 2676 731 2707; x_wconf 89' lang='lat' dir='ltr'><strong>h.</strong></span> <span class='ocrx_word' id='word_1_332' title='bbox 751 2676 771 2706; x_wconf 92' lang='lat' dir='ltr'><strong>l.</strong></span> <span class='ocrx_word' id='word_1_333' title='bbox 787 2676 895 2706; x_wconf 84' lang='lat' dir='ltr'><strong>Philo-</strong></span> 
     </span>
     <span class='ocr_line' id='line_1_58' title="bbox 186 2720 508 2759; baseline -0.003 -9"><span class='ocrx_word' id='word_1_334' title='bbox 186 2725 301 2750; x_wconf 81' lang='lat' dir='ltr'><strong>stratus</strong></span> <span class='ocrx_word' id='word_1_335' title='bbox 317 2730 349 2759; x_wconf 89' lang='lat' dir='ltr'><strong>p.</strong></span> <span class='ocrx_word' id='word_1_336' title='bbox 365 2722 439 2749; x_wconf 83' lang='lat'><strong>282.</strong></span> <span class='ocrx_word' id='word_1_337' title='bbox 456 2720 508 2750; x_wconf 72' lang='lat'><strong>26.</strong></span> 
     </span>
    </p>

    <p class='ocr_par' dir='ltr' id='par_1_11' title="bbox 186 2761 898 3062">
     <span class='ocr_line' id='line_1_59' title="bbox 228 2761 895 2803; baseline -0.004 -10"><span class='ocrx_word' id='word_1_338' title='bbox 228 2781 272 2786; x_wconf 92' lang='lat'><strong>——</strong></span> <span class='ocrx_word' id='word_1_339' title='bbox 285 2765 337 2793; x_wconf 83' lang='lat'><strong>23.</strong></span> <span class='ocrx_word' id='word_1_340' title='bbox 361 2761 387 2793; x_wconf 83' lang='grc' dir='ltr'>ἓν</span> <span class='ocrx_word' id='word_1_341' title='bbox 407 2761 435 2792; x_wconf 77' lang='grc' dir='ltr'><strong>δέ</strong></span> <span class='ocrx_word' id='word_1_342' title='bbox 460 2763 506 2803; x_wconf 84' lang='grc' dir='ltr'><strong>τι]</strong></span> <span class='ocrx_word' id='word_1_343' title='bbox 532 2761 684 2792; x_wconf 87' lang='lat' dir='ltr'><strong>Aristides</strong></span> <span class='ocrx_word' id='word_1_344' title='bbox 700 2762 738 2791; x_wconf 92' lang='lat' dir='ltr'><strong>de</strong></span> <span class='ocrx_word' id='word_1_345' title='bbox 756 2763 798 2791; x_wconf 89' lang='lat' dir='ltr'><strong>D.</strong></span> <span class='ocrx_word' id='word_1_346' title='bbox 812 2761 847 2791; x_wconf 89' lang='lat' dir='ltr'><strong>C.</strong></span> <span class='ocrx_word' id='word_1_347' title='bbox 865 2773 895 2801; x_wconf 89' lang='lat' dir='ltr'><strong>p.</strong></span> 
     </span>
     <span class='ocr_line' id='line_1_60' title="bbox 188 2803 894 2846; baseline -0.006 -8"><span class='ocrx_word' id='word_1_348' title='bbox 188 2809 260 2838; x_wconf 88' lang='grc'>188.</span> <span class='ocrx_word' id='word_1_349' title='bbox 284 2805 449 2845; x_wconf 79' lang='grc' dir='ltr'>σεμνότητα</span> <span class='ocrx_word' id='word_1_350' title='bbox 468 2804 524 2835; x_wconf 74' lang='grc' dir='ltr'><strong>δὲ’</strong></span> <span class='ocrx_word' id='word_1_351' title='bbox 512 2816 585 2846; x_wconf 83' lang='grc' dir='ltr'>εχει,</span> <span class='ocrx_word' id='word_1_352' title='bbox 601 2804 668 2835; x_wconf 77' lang='grc' dir='ltr'>δ’ταν</span> <span class='ocrx_word' id='word_1_353' title='bbox 683 2806 725 2845; x_wconf 73' lang='grc' dir='ltr'><strong>μὴ</strong></span> <span class='ocrx_word' id='word_1_354' title='bbox 741 2803 842 2838; x_wconf 80' lang='grc' dir='ltr'>ευθὺς’</span> <span class='ocrx_word' id='word_1_355' title='bbox 832 2815 894 2834; x_wconf 84' lang='grc' dir='ltr'>επι-</span> 
     </span>
     <span class='ocr_line' id='line_1_61' title="bbox 186 2847 897 2891; baseline -0.001 -12"><span class='ocrx_word' id='word_1_356' title='bbox 186 2848 291 2891; x_wconf 71' lang='grc' dir='ltr'>τςέχῃς</span> <span class='ocrx_word' id='word_1_357' title='bbox 315 2849 357 2888; x_wconf 67' lang='grc' dir='ltr'><strong>τῷ</strong></span> <span class='ocrx_word' id='word_1_358' title='bbox 380 2847 567 2888; x_wconf 71' lang='grc' dir='ltr'><strong>εἰσαγομένῳ,</strong></span> <span class='ocrx_word' id='word_1_359' title='bbox 591 2848 672 2878; x_wconf 63' lang='grc' dir='ltr'>ἀλλὰ</span> <span class='ocrx_word' id='word_1_360' title='bbox 692 2847 897 2888; x_wconf 59' lang='grc' dir='ltr'>προλαμβάνης</span> 
     </span>
     <span class='ocr_line' id='line_1_62' title="bbox 186 2889 895 2932; baseline -0.003 -11"><span class='ocrx_word' id='word_1_361' title='bbox 186 2895 241 2926; x_wconf 71' lang='grc' dir='ltr'><strong>τὰς</strong></span> <span class='ocrx_word' id='word_1_362' title='bbox 254 2892 383 2931; x_wconf 79' lang='grc' dir='ltr'>δυνάμεις</span> <span class='ocrx_word' id='word_1_363' title='bbox 398 2892 496 2927; x_wconf 80' lang='grc' dir='ltr'>αυτοῦ,</span> <span class='ocrx_word' id='word_1_364' title='bbox 507 2892 554 2920; x_wconf 81' lang='grc' dir='ltr'>καὶ</span> <span class='ocrx_word' id='word_1_365' title='bbox 568 2889 742 2932; x_wconf 74' lang='grc' dir='ltr'>πςοαναρτᾷς</span> <span class='ocrx_word' id='word_1_366' title='bbox 751 2890 797 2920; x_wconf 74' lang='grc' dir='ltr'>τὸν</span> <span class='ocrx_word' id='word_1_367' title='bbox 807 2890 895 2928; x_wconf 81' lang='grc' dir='ltr'>λόγον.</span> 
     </span>
     <span class='ocr_line' id='line_1_63' title="bbox 189 2933 896 2972; baseline -0.003 -7.997"><span class='ocrx_word' id='word_1_368' title='bbox 189 2934 215 2964; x_wconf 84' lang='grc' dir='ltr'>ἓν</span> <span class='ocrx_word' id='word_1_369' title='bbox 230 2934 258 2965; x_wconf 77' lang='grc' dir='ltr'><strong>δέ</strong></span> <span class='ocrx_word' id='word_1_370' title='bbox 275 2947 304 2965; x_wconf 82' lang='grc' dir='ltr'><strong>τι</strong></span> <span class='ocrx_word' id='word_1_371' title='bbox 326 2934 514 2964; x_wconf 74' lang='grc' dir='ltr'>κοινὸν-καὶ</span> <span class='ocrx_word' id='word_1_372' title='bbox 537 2935 584 2965; x_wconf 81' lang='grc' dir='ltr'><strong>οὐκ</strong></span> <span class='ocrx_word' id='word_1_373' title='bbox 600 2933 676 2969; x_wconf 76' lang='grc' dir='ltr'>εὐθυς</span> <span class='ocrx_word' id='word_1_374' title='bbox 697 2933 825 2972; x_wconf 66' lang='grc' dir='ltr'>ἐπήγαγε</span> <span class='ocrx_word' id='word_1_375' title='bbox 848 2933 896 2963; x_wconf 76' lang='grc' dir='ltr'>καὶ</span> 
     </span>
     <span class='ocr_line' id='line_1_64' title="bbox 188 2976 898 3017; baseline -0.001 -9"><span class='ocrx_word' id='word_1_376' title='bbox 188 2977 274 3008; x_wconf 71' lang='grc' dir='ltr'>εἶπεν·</span> <span class='ocrx_word' id='word_1_377' title='bbox 288 2977 438 3009; x_wconf 77' lang='grc' dir='ltr'>ἀπιστίαν·</span> <span class='ocrx_word' id='word_1_378' title='bbox 459 2979 539 3008; x_wconf 75' lang='grc' dir='ltr'>ἀλλὰ</span> <span class='ocrx_word' id='word_1_379' title='bbox 561 2977 710 3017; x_wconf 60' lang='grc' dir='ltr'>προλαβὼν</span> <span class='ocrx_word' id='word_1_380' title='bbox 728 2976 827 3007; x_wconf 82' lang='grc' dir='ltr'>τούτου</span> <span class='ocrx_word' id='word_1_381' title='bbox 842 2979 898 3011; x_wconf 78' lang='grc' dir='ltr'><strong>τὰς</strong></span> 
     </span>
     <span class='ocr_line' id='line_1_65' title="bbox 188 3019 896 3062; baseline -0.001 -12"><span class='ocrx_word' id='word_1_382' title='bbox 188 3021 327 3061; x_wconf 69' lang='grc' dir='ltr'>δυνάμεις,</span> <span class='ocrx_word' id='word_1_383' title='bbox 342 3022 389 3051; x_wconf 74' lang='grc' dir='ltr'>καὶ</span> <span class='ocrx_word' id='word_1_384' title='bbox 405 3020 556 3062; x_wconf 60' lang='grc' dir='ltr'>ἕνας-γήσας</span> <span class='ocrx_word' id='word_1_385' title='bbox 579 3020 663 3061; x_wconf 80' lang='lat' dir='ltr'><strong>[num</strong></span> <span class='ocrx_word' id='word_1_386' title='bbox 680 3019 857 3061; x_wconf 65' lang='grc' dir='ltr'>ἐναςθςίσας]</span> <span class='ocrx_word' id='word_1_387' title='bbox 881 3019 896 3050; x_wconf 67' lang='grc' dir='ltr'><strong>’ἢ</strong></span> 
     </span>
    </p>
   </div>
   <div class='ocr_carea' id='block_1_3' title="bbox 1586 189 1639 230">
    <p class='ocr_par' dir='ltr' id='par_1_12' title="bbox 1586 189 1639 230">
     <span class='ocr_line' id='line_1_66' title="bbox 1586 189 1639 230; baseline -0.038 0"><span class='ocrx_word' id='word_1_388' title='bbox 1586 189 1639 230; x_wconf 83' lang='grc'><strong>27</strong></span> 
     </span>
    </p>
   </div>
   <div class='ocr_carea' id='block_1_4' title="bbox 928 295 1665 3062">
    <p class='ocr_par' dir='ltr' id='par_1_13' title="bbox 928 295 1640 513">
     <span class='ocr_line' id='line_1_67' title="bbox 928 295 1638 340; baseline -0.008 -9"><span class='ocrx_word' id='word_1_389' title='bbox 928 302 1005 331; x_wconf 71' lang='grc' dir='ltr'>πᾶσι</span> <span class='ocrx_word' id='word_1_390' title='bbox 1019 300 1074 340; x_wconf 76' lang='grc' dir='ltr'>μέν</span> <span class='ocrx_word' id='word_1_391' title='bbox 1088 301 1166 332; x_wconf 78' lang='grc' dir='ltr'>ἐστιν</span> <span class='ocrx_word' id='word_1_392' title='bbox 1180 300 1351 338; x_wconf 62' lang='grc' dir='ltr'>αγαὲὂν-·</span> <span class='ocrx_word' id='word_1_393' title='bbox 1368 300 1415 330; x_wconf 75' lang='grc' dir='ltr'>καὶ</span> <span class='ocrx_word' id='word_1_394' title='bbox 1435 299 1465 329; x_wconf 75' lang='grc' dir='ltr'><em>ἄῖ</em></span> <span class='ocrx_word' id='word_1_395' title='bbox 1465 304 1510 329; x_wconf 84' lang='grc' dir='ltr'><strong>λη</strong></span> <span class='ocrx_word' id='word_1_396' title='bbox 1533 295 1638 326; x_wconf 80' lang='grc' dir='ltr'>επανά·</span> 
     </span>
     <span class='ocr_line' id='line_1_68' title="bbox 929 339 1639 382; baseline -0.006 -7"><span class='ocrx_word' id='word_1_397' title='bbox 929 343 1025 382; x_wconf 69' lang='grc' dir='ltr'>λῆψις</span> <span class='ocrx_word' id='word_1_398' title='bbox 1043 343 1075 375; x_wconf 79' lang='grc' dir='ltr'>τί</span> <span class='ocrx_word' id='word_1_399' title='bbox 1087 356 1128 374; x_wconf 87' lang='grc' dir='ltr'>ουν</span> <span class='ocrx_word' id='word_1_400' title='bbox 1144 343 1209 374; x_wconf 77' lang='grc' dir='ltr'><strong>ἐστὶ</strong></span> <span class='ocrx_word' id='word_1_401' title='bbox 1223 355 1327 381; x_wconf 82' lang='grc' dir='ltr'>τουτο;</span> <span class='ocrx_word' id='word_1_402' title='bbox 1349 344 1412 373; x_wconf 79' lang='grc' dir='ltr'>ειτα</span> <span class='ocrx_word' id='word_1_403' title='bbox 1435 342 1468 372; x_wconf 84' lang='grc' dir='ltr'><strong>τό</strong></span> <span class='ocrx_word' id='word_1_404' title='bbox 1488 339 1639 379; x_wconf 72' lang='grc' dir='ltr'>εἶσαγόμε·</span> 
     </span>
     <span class='ocr_line' id='line_1_69' title="bbox 928 382 1640 426; baseline -0.01 -9"><span class='ocrx_word' id='word_1_405' title='bbox 928 399 974 417; x_wconf 85' lang='grc' dir='ltr'>νον.</span> <span class='ocrx_word' id='word_1_406' title='bbox 999 388 1137 418; x_wconf 75' lang='grc' dir='ltr'><strong>ἀπιστία.</strong></span> <span class='ocrx_word' id='word_1_407' title='bbox 1169 387 1416 426; x_wconf 84' lang='lat' dir='ltr'><strong>Harpocration&#39;</strong></span> <span class='ocrx_word' id='word_1_408' title='bbox 1411 397 1438 415; x_wconf 87' lang='lat' dir='ltr'><strong>m</strong></span> <span class='ocrx_word' id='word_1_409' title='bbox 1457 396 1487 414; x_wconf 88' lang='lat' dir='ltr'><strong>v.</strong></span> <span class='ocrx_word' id='word_1_410' title='bbox 1503 382 1640 415; x_wconf 77' lang='grc' dir='ltr'>ἀπιστεῖν</span> 
     </span>
     <span class='ocr_line' id='line_1_70' title="bbox 929 423 1638 469; baseline -0.008 -8"><span class='ocrx_word' id='word_1_411' title='bbox 929 441 1000 460; x_wconf 90' lang='lat' dir='ltr'><strong>num</strong></span> <span class='ocrx_word' id='word_1_412' title='bbox 1022 431 1061 460; x_wconf 89' lang='lat' dir='ltr'><strong>ad</strong></span> <span class='ocrx_word' id='word_1_413' title='bbox 1085 431 1152 461; x_wconf 87' lang='lat' dir='ltr'><strong>h.1.</strong></span> <span class='ocrx_word' id='word_1_414' title='bbox 1174 429 1357 469; x_wconf 84' lang='lat' dir='ltr'><strong>respexerit,</strong></span> <span class='ocrx_word' id='word_1_415' title='bbox 1380 429 1410 457; x_wconf 91' lang='lat' dir='ltr'><strong>in</strong></span> <span class='ocrx_word' id='word_1_416' title='bbox 1433 428 1525 457; x_wconf 86' lang='lat' dir='ltr'><strong>dubio</strong></span> <span class='ocrx_word' id='word_1_417' title='bbox 1548 423 1638 456; x_wconf 89' lang='lat' dir='ltr'><strong>relin-</strong></span> 
     </span>
     <span class='ocr_line' id='line_1_71' title="bbox 929 484 1028 513; baseline 0 -9"><span class='ocrx_word' id='word_1_418' title='bbox 929 484 1028 513; x_wconf 90' lang='lat' dir='ltr'><strong>quam.</strong></span> 
     </span>
    </p>

    <p class='ocr_par' dir='ltr' id='par_1_14' title="bbox 928 511 1665 892">
     <span class='ocr_line' id='line_1_72' title="bbox 971 511 1639 556; baseline -0.012 -9"><span class='ocrx_word' id='word_1_419' title='bbox 971 534 1015 540; x_wconf 97' lang='lat'>—</span> <span class='ocrx_word' id='word_1_420' title='bbox 1031 527 1099 556; x_wconf 90' lang='lat' dir='ltr'><strong>pen.</strong></span> <span class='ocrx_word' id='word_1_421' title='bbox 1122 516 1193 546; x_wconf 81' lang='grc' dir='ltr'>ουδὲν</span> <span class='ocrx_word' id='word_1_422' title='bbox 1209 514 1284 545; x_wconf 70' lang='grc' dir='ltr'>δεινὸν</span> <span class='ocrx_word' id='word_1_423' title='bbox 1298 527 1341 555; x_wconf 85' lang='grc' dir='ltr'><strong>μη</strong></span> <span class='ocrx_word' id='word_1_424' title='bbox 1357 511 1482 551; x_wconf 77' lang='grc' dir='ltr'>πάθητε]</span> <span class='ocrx_word' id='word_1_425' title='bbox 1499 513 1639 541; x_wconf 84' lang='lat' dir='ltr'><strong>Stobaeus</strong></span> 
     </span>
     <span class='ocr_line' id='line_1_73' title="bbox 929 554 1639 597; baseline -0.011 -7"><span class='ocrx_word' id='word_1_426' title='bbox 929 560 973 590; x_wconf 85' lang='lat' dir='ltr'><strong>sic</strong></span> <span class='ocrx_word' id='word_1_427' title='bbox 995 561 1123 590; x_wconf 83' lang='lat' dir='ltr'><strong>recitat:</strong></span> <span class='ocrx_word' id='word_1_428' title='bbox 1148 558 1220 589; x_wconf 78' lang='grc' dir='ltr'>ουδὲν</span> <span class='ocrx_word' id='word_1_429' title='bbox 1247 571 1289 597; x_wconf 85' lang='grc' dir='ltr'><strong>μη</strong></span> <span class='ocrx_word' id='word_1_430' title='bbox 1315 556 1391 587; x_wconf 70' lang='grc' dir='ltr'>δεινὸν</span> <span class='ocrx_word' id='word_1_431' title='bbox 1407 554 1541 585; x_wconf 59' lang='grc' dir='ltr'>πάθητε.</span> <span class='ocrx_word' id='word_1_432' title='bbox 1560 555 1639 583; x_wconf 86' lang='lat' dir='ltr'><strong>unde</strong></span> 
     </span>
     <span class='ocr_line' id='line_1_74' title="bbox 929 595 1638 642; baseline -0.012 -9"><span class='ocrx_word' id='word_1_433' title='bbox 929 604 1095 642; x_wconf 83' lang='lat' dir='ltr'><strong>suspiceris</strong></span> <span class='ocrx_word' id='word_1_434' title='bbox 1110 603 1171 642; x_wconf 83' lang='lat' dir='ltr'><strong>leg.</strong></span> <span class='ocrx_word' id='word_1_435' title='bbox 1182 612 1271 632; x_wconf 88' lang='lat' dir='ltr'><strong>esse:</strong></span> <span class='ocrx_word' id='word_1_436' title='bbox 1292 601 1320 631; x_wconf 77' lang='grc' dir='ltr'><strong>οὔ</strong></span> <span class='ocrx_word' id='word_1_437' title='bbox 1332 599 1388 634; x_wconf 75' lang='grc' dir='ltr'>δέος</span> <span class='ocrx_word' id='word_1_438' title='bbox 1392 600 1450 638; x_wconf 71' lang='grc' dir='ltr'><strong>,μὴ</strong></span> <span class='ocrx_word' id='word_1_439' title='bbox 1460 596 1522 628; x_wconf 75' lang='grc' dir='ltr'>δεινέ</span> <span class='ocrx_word' id='word_1_440' title='bbox 1513 609 1536 626; x_wconf 90' lang='grc' dir='ltr'>ν</span> <span class='ocrx_word' id='word_1_441' title='bbox 1549 595 1638 626; x_wconf 74' lang='grc' dir='ltr'>πάθη-</span> 
     </span>
     <span class='ocr_line' id='line_1_75' title="bbox 928 639 1640 680; baseline -0.013 -4"><span class='ocrx_word' id='word_1_442' title='bbox 928 657 972 676; x_wconf 86' lang='grc' dir='ltr'><strong>τε.</strong></span> <span class='ocrx_word' id='word_1_443' title='bbox 984 647 1149 676; x_wconf 88' lang='lat' dir='ltr'><strong>verendum</strong></span> <span class='ocrx_word' id='word_1_444' title='bbox 1161 649 1289 680; x_wconf 79' lang='lat' dir='ltr'><strong>nonest,</strong></span> <span class='ocrx_word' id='word_1_445' title='bbox 1301 655 1336 674; x_wconf 85' lang='lat' dir='ltr'><strong>ne</strong></span> <span class='ocrx_word' id='word_1_446' title='bbox 1348 643 1459 672; x_wconf 83' lang='lat' dir='ltr'><strong>malum</strong></span> <span class='ocrx_word' id='word_1_447' title='bbox 1471 639 1640 678; x_wconf 83' lang='lat' dir='ltr'><strong>accipiatis</strong></span> 
     </span>
     <span class='ocr_line' id='line_1_76' title="bbox 930 682 1640 728; baseline -0.013 -9"><span class='ocrx_word' id='word_1_448' title='bbox 930 700 1035 719; x_wconf 89' lang='lat' dir='ltr'><strong>verum</strong></span> <span class='ocrx_word' id='word_1_449' title='bbox 1065 689 1109 719; x_wconf 86' lang='lat' dir='ltr'><strong>sic</strong></span> <span class='ocrx_word' id='word_1_450' title='bbox 1137 688 1241 728; x_wconf 87' lang='lat' dir='ltr'><strong>potius</strong></span> <span class='ocrx_word' id='word_1_451' title='bbox 1269 687 1392 717; x_wconf 86' lang='lat' dir='ltr'><strong>videtur</strong></span> <span class='ocrx_word' id='word_1_452' title='bbox 1419 682 1640 715; x_wconf 84' lang='lat' dir='ltr'><strong>emendandum</strong></span> 
     </span>
     <span class='ocr_line' id='line_1_77' title="bbox 929 726 1665 772; baseline -0.011 -9"><span class='ocrx_word' id='word_1_453' title='bbox 929 743 1014 763; x_wconf 87' lang='lat' dir='ltr'><strong>esse:</strong></span> <span class='ocrx_word' id='word_1_454' title='bbox 1038 731 1110 762; x_wconf 75' lang='grc' dir='ltr'>οὐδὲν</span> <span class='ocrx_word' id='word_1_455' title='bbox 1123 731 1210 768; x_wconf 70' lang='grc' dir='ltr'>δεινδν,</span> <span class='ocrx_word' id='word_1_456' title='bbox 1221 731 1279 772; x_wconf 91' lang='lat' dir='ltr'><strong>(nil</strong></span> <span class='ocrx_word' id='word_1_457' title='bbox 1292 735 1339 760; x_wconf 89' lang='lat' dir='ltr'><strong>est</strong></span> <span class='ocrx_word' id='word_1_458' title='bbox 1353 726 1536 766; x_wconf 86' lang='lat' dir='ltr'><strong>verendum)</strong></span> <span class='ocrx_word' id='word_1_459' title='bbox 1551 737 1593 765; x_wconf 83' lang='grc' dir='ltr'><strong>μη</strong></span> <span class='ocrx_word' id='word_1_460' title='bbox 1610 737 1640 754; x_wconf 84' lang='grc' dir='ltr'><strong>τι</strong></span> <span class='ocrx_word' id='word_1_461' title='bbox 1660 750 1665 755; x_wconf 84' lang='grc'><strong>,</strong></span> 
     </span>
     <span class='ocr_line' id='line_1_78' title="bbox 930 775 1640 807; baseline -0.013 -1"><span class='ocrx_word' id='word_1_462' title='bbox 930 775 1058 807; x_wconf 70' lang='grc' dir='ltr'>πάθητε.</span> <span class='ocrx_word' id='word_1_463' title='bbox 1073 775 1163 805; x_wconf 81' lang='lat' dir='ltr'><strong>facile</strong></span> <span class='ocrx_word' id='word_1_464' title='bbox 1182 787 1212 805; x_wconf 87' lang='grc' dir='ltr'><strong>τι</strong></span> <span class='ocrx_word' id='word_1_465' title='bbox 1235 775 1265 804; x_wconf 89' lang='lat' dir='ltr'><strong>in</strong></span> <span class='ocrx_word' id='word_1_466' title='bbox 1282 783 1433 803; x_wconf 87' lang='lat' dir='ltr'><strong>concursu</strong></span> <span class='ocrx_word' id='word_1_467' title='bbox 1455 780 1522 800; x_wconf 87' lang='lat' dir='ltr'><strong>cum</strong></span> <span class='ocrx_word' id='word_1_468' title='bbox 1543 780 1567 799; x_wconf 87' lang='grc' dir='ltr'>π</span> <span class='ocrx_word' id='word_1_469' title='bbox 1585 779 1640 807; x_wconf 86' lang='lat' dir='ltr'><strong>po-</strong></span> 
     </span>
     <span class='ocr_line' id='line_1_79' title="bbox 930 813 1639 858; baseline -0.013 -9"><span class='ocrx_word' id='word_1_470' title='bbox 930 819 988 849; x_wconf 91' lang='lat' dir='ltr'><strong>tuit</strong></span> <span class='ocrx_word' id='word_1_471' title='bbox 1009 819 1165 855; x_wconf 84' lang='lat' dir='ltr'><strong>excidere,</strong></span> <span class='ocrx_word' id='word_1_472' title='bbox 1183 818 1215 848; x_wconf 89' lang='lat' dir='ltr'><strong>id</strong></span> <span class='ocrx_word' id='word_1_473' title='bbox 1231 817 1312 858; x_wconf 90' lang='lat' dir='ltr'><strong>quod</strong></span> <span class='ocrx_word' id='word_1_474' title='bbox 1334 814 1503 855; x_wconf 76' lang='lat' dir='ltr'><strong>saepissime</strong></span> <span class='ocrx_word' id='word_1_475' title='bbox 1525 813 1639 842; x_wconf 81' lang='lat' dir='ltr'><strong>factum</strong></span> 
     </span>
     <span class='ocr_line' id='line_1_80' title="bbox 930 863 1104 892; baseline 0 -1"><span class='ocrx_word' id='word_1_476' title='bbox 930 863 1104 892; x_wconf 87' lang='lat' dir='ltr'><strong>observavi.</strong></span> 
     </span>
    </p>

    <p class='ocr_par' dir='ltr' id='par_1_15' title="bbox 929 900 1645 1074">
     <span class='ocr_line' id='line_1_81' title="bbox 972 900 1641 944; baseline -0.012 -10"><span class='ocrx_word' id='word_1_477' title='bbox 972 904 1144 936; x_wconf 69' lang='lat' dir='ltr'><strong>72.1.mt</strong></span> <span class='ocrx_word' id='word_1_478' title='bbox 1159 905 1214 939; x_wconf 78' lang='grc' dir='ltr'>τοὶς</span> <span class='ocrx_word' id='word_1_479' title='bbox 1227 900 1404 944; x_wconf 71' lang='grc' dir='ltr'>προσηγορίας</span> <span class='ocrx_word' id='word_1_480' title='bbox 1393 900 1420 941; x_wconf 74' lang='grc'><strong>,]</strong></span> <span class='ocrx_word' id='word_1_481' title='bbox 1443 901 1525 930; x_wconf 88' lang='lat' dir='ltr'><strong>idem</strong></span> <span class='ocrx_word' id='word_1_482' title='bbox 1540 901 1590 928; x_wconf 87' lang='lat' dir='ltr'><strong>est</strong></span> <span class='ocrx_word' id='word_1_483' title='bbox 1605 907 1641 927; x_wconf 91' lang='lat' dir='ltr'><strong>ac</strong></span> 
     </span>
     <span class='ocr_line' id='line_1_82' title="bbox 931 941 1640 983; baseline -0.013 -5"><span class='ocrx_word' id='word_1_484' title='bbox 931 947 956 977; x_wconf 87' lang='lat' dir='ltr'><strong>si</strong></span> <span class='ocrx_word' id='word_1_485' title='bbox 973 949 1121 978; x_wconf 85' lang='lat' dir='ltr'><strong>dixisset.</strong></span> <span class='ocrx_word' id='word_1_486' title='bbox 1138 947 1186 978; x_wconf 80' lang='grc' dir='ltr'>καὶ</span> <span class='ocrx_word' id='word_1_487' title='bbox 1200 947 1291 980; x_wconf 73' lang='grc' dir='ltr'>αὐτὰς</span> <span class='ocrx_word' id='word_1_488' title='bbox 1308 948 1362 978; x_wconf 74' lang='grc' dir='ltr'><strong>τὰς</strong></span> <span class='ocrx_word' id='word_1_489' title='bbox 1380 941 1571 983; x_wconf 69' lang='grc' dir='ltr'>πξοσηγοςίας.</span> <span class='ocrx_word' id='word_1_490' title='bbox 1588 945 1640 970; x_wconf 90' lang='lat' dir='ltr'><strong>ant</strong></span> 
     </span>
     <span class='ocr_line' id='line_1_83' title="bbox 930 988 1645 1031; baseline -0.011 -10"><span class='ocrx_word' id='word_1_491' title='bbox 930 991 992 1020; x_wconf 83' lang='lat' dir='ltr'><strong>sie:</strong></span> <span class='ocrx_word' id='word_1_492' title='bbox 1008 992 1036 1021; x_wconf 82' lang='grc' dir='ltr'><strong>οὐ</strong></span> <span class='ocrx_word' id='word_1_493' title='bbox 1045 991 1126 1031; x_wconf 84' lang='grc' dir='ltr'>μόνον</span> <span class='ocrx_word' id='word_1_494' title='bbox 1134 993 1190 1025; x_wconf 74' lang='grc' dir='ltr'><strong>τὰς</strong></span> <span class='ocrx_word' id='word_1_495' title='bbox 1201 990 1328 1031; x_wconf 70' lang='grc' dir='ltr'>γνώμας,</span> <span class='ocrx_word' id='word_1_496' title='bbox 1340 990 1419 1018; x_wconf 87' lang='grc' dir='ltr'>αλλα</span> <span class='ocrx_word' id='word_1_497' title='bbox 1429 998 1477 1017; x_wconf 83' lang='grc' dir='ltr'>και</span> <span class='ocrx_word' id='word_1_498' title='bbox 1492 988 1545 1019; x_wconf 73' lang='grc' dir='ltr'><strong>τὰς</strong></span> <span class='ocrx_word' id='word_1_499' title='bbox 1558 995 1645 1025; x_wconf 77' lang='grc' dir='ltr'>προσ·</span> 
     </span>
     <span class='ocr_line' id='line_1_84' title="bbox 929 1033 1046 1074; baseline -0.009 -10"><span class='ocrx_word' id='word_1_500' title='bbox 929 1033 1046 1074; x_wconf 76' lang='grc' dir='ltr'>ηγορίας.</span> 
     </span>
    </p>

    <p class='ocr_par' dir='ltr' id='par_1_16' title="bbox 929 1070 1641 1194">
     <span class='ocr_line' id='line_1_85' title="bbox 972 1070 1641 1116; baseline -0.014 -7"><span class='ocrx_word' id='word_1_501' title='bbox 972 1095 1014 1099; x_wconf 88' lang='lat'><strong>-—</strong></span> <span class='ocrx_word' id='word_1_502' title='bbox 1027 1079 1057 1108; x_wconf 86' lang='lat'><strong>6.</strong></span> <span class='ocrx_word' id='word_1_503' title='bbox 1079 1078 1202 1112; x_wconf 87' lang='grc' dir='ltr'>πολλους</span> <span class='ocrx_word' id='word_1_504' title='bbox 1215 1075 1335 1116; x_wconf 76' lang='grc' dir='ltr'>ἐτέρους]</span> <span class='ocrx_word' id='word_1_505' title='bbox 1360 1074 1431 1105; x_wconf 86' lang='lat' dir='ltr'><strong>addi</strong></span> <span class='ocrx_word' id='word_1_506' title='bbox 1447 1074 1540 1104; x_wconf 89' lang='lat' dir='ltr'><strong>velim</strong></span> <span class='ocrx_word' id='word_1_507' title='bbox 1552 1070 1641 1101; x_wconf 80' lang='grc' dir='ltr'>τοιού-</span> 
     </span>
     <span class='ocr_line' id='line_1_86' title="bbox 929 1116 1641 1160; baseline -0.007 -12"><span class='ocrx_word' id='word_1_508' title='bbox 929 1131 1003 1154; x_wconf 80' lang='grc' dir='ltr'>τους.</span> <span class='ocrx_word' id='word_1_509' title='bbox 1029 1120 1164 1160; x_wconf 86' lang='lat' dir='ltr'><strong>aliasque</strong></span> <span class='ocrx_word' id='word_1_510' title='bbox 1180 1120 1292 1150; x_wconf 81' lang='lat' dir='ltr'><strong>multas</strong></span> <span class='ocrx_word' id='word_1_511' title='bbox 1307 1118 1458 1160; x_wconf 89' lang='lat' dir='ltr'><strong>ejusmodi</strong></span> <span class='ocrx_word' id='word_1_512' title='bbox 1476 1116 1641 1148; x_wconf 87' lang='lat' dir='ltr'><strong>orationes,</strong></span> 
     </span>
     <span class='ocr_line' id='line_1_87' title="bbox 929 1163 1239 1194; baseline 0.003 -2"><span class='ocrx_word' id='word_1_513' title='bbox 929 1173 984 1192; x_wconf 90' lang='lat' dir='ltr'><strong>seu</strong></span> <span class='ocrx_word' id='word_1_514' title='bbox 1000 1163 1239 1194; x_wconf 86' lang='lat' dir='ltr'><strong>cohortationes.</strong></span> 
     </span>
    </p>

    <p class='ocr_par' dir='ltr' id='par_1_17' title="bbox 929 1200 1640 1409">
     <span class='ocr_line' id='line_1_88' title="bbox 970 1200 1640 1247; baseline -0.013 -9"><span class='ocrx_word' id='word_1_515' title='bbox 970 1224 1015 1229; x_wconf 88' lang='lat'><strong>—-</strong></span> <span class='ocrx_word' id='word_1_516' title='bbox 1029 1209 1061 1237; x_wconf 84' lang='lat'><strong>7.</strong></span> <span class='ocrx_word' id='word_1_517' title='bbox 1085 1218 1109 1237; x_wconf 86' lang='grc' dir='ltr'>π</span> <span class='ocrx_word' id='word_1_518' title='bbox 1110 1206 1243 1247; x_wconf 70' lang='grc' dir='ltr'>ςὲσβεων]</span> <span class='ocrx_word' id='word_1_519' title='bbox 1267 1205 1367 1235; x_wconf 86' lang='lat' dir='ltr'><strong>malim</strong></span> <span class='ocrx_word' id='word_1_520' title='bbox 1384 1200 1598 1244; x_wconf 66' lang='grc' dir='ltr'>συμπρὲσζεων.</span> <span class='ocrx_word' id='word_1_521' title='bbox 1623 1210 1640 1229; x_wconf 89' lang='lat' dir='ltr'><strong>a</strong></span> 
     </span>
     <span class='ocr_line' id='line_1_89' title="bbox 929 1245 1642 1289; baseline -0.007 -11"><span class='ocrx_word' id='word_1_522' title='bbox 929 1249 1056 1289; x_wconf 82' lang='lat' dir='ltr'><strong>collegis</strong></span> <span class='ocrx_word' id='word_1_523' title='bbox 1076 1251 1167 1289; x_wconf 90' lang='lat' dir='ltr'><strong>hujus</strong></span> <span class='ocrx_word' id='word_1_524' title='bbox 1191 1260 1267 1279; x_wconf 84' lang='lat' dir='ltr'><strong>meae</strong></span> <span class='ocrx_word' id='word_1_525' title='bbox 1291 1249 1321 1278; x_wconf 93' lang='lat' dir='ltr'><strong>in</strong></span> <span class='ocrx_word' id='word_1_526' title='bbox 1350 1247 1536 1278; x_wconf 85' lang='lat' dir='ltr'><strong>Messeniam</strong></span> <span class='ocrx_word' id='word_1_527' title='bbox 1561 1245 1642 1283; x_wconf 79' lang='lat' dir='ltr'><strong>lega-</strong></span> 
     </span>
     <span class='ocr_line' id='line_1_90' title="bbox 930 1286 1641 1332; baseline -0.003 -11"><span class='ocrx_word' id='word_1_528' title='bbox 930 1291 1034 1322; x_wconf 84' lang='lat' dir='ltr'><strong>tionis.</strong></span> <span class='ocrx_word' id='word_1_529' title='bbox 1056 1294 1105 1323; x_wconf 85' lang='lat' dir='ltr'><strong>Ad</strong></span> <span class='ocrx_word' id='word_1_530' title='bbox 1120 1293 1168 1322; x_wconf 78' lang='grc' dir='ltr'>καὶ</span> <span class='ocrx_word' id='word_1_531' title='bbox 1184 1293 1271 1323; x_wconf 79' lang='grc' dir='ltr'>πάλιν</span> <span class='ocrx_word' id='word_1_532' title='bbox 1284 1290 1396 1332; x_wconf 70' lang='grc' dir='ltr'>ὕστεςον</span> <span class='ocrx_word' id='word_1_533' title='bbox 1411 1289 1540 1321; x_wconf 85' lang='lat' dir='ltr'><strong>subaudi</strong></span> <span class='ocrx_word' id='word_1_534' title='bbox 1554 1286 1641 1317; x_wconf 67' lang='grc' dir='ltr'>ἀπόν-</span> 
     </span>
     <span class='ocr_line' id='line_1_91' title="bbox 929 1331 1640 1375; baseline -0.01 -9"><span class='ocrx_word' id='word_1_535' title='bbox 929 1347 978 1370; x_wconf 88' lang='grc' dir='ltr'><strong>τος</strong></span> <span class='ocrx_word' id='word_1_536' title='bbox 1000 1334 1083 1375; x_wconf 79' lang='grc' dir='ltr'>ἐμοῦ,</span> <span class='ocrx_word' id='word_1_537' title='bbox 1105 1347 1154 1366; x_wconf 89' lang='lat' dir='ltr'><strong>me</strong></span> <span class='ocrx_word' id='word_1_538' title='bbox 1177 1337 1316 1370; x_wconf 87' lang='lat' dir='ltr'><strong>ahsente,</strong></span> <span class='ocrx_word' id='word_1_539' title='bbox 1338 1345 1407 1364; x_wconf 90' lang='lat' dir='ltr'><strong>cum</strong></span> <span class='ocrx_word' id='word_1_540' title='bbox 1430 1343 1537 1363; x_wconf 85' lang='lat' dir='ltr'><strong>rursus</strong></span> <span class='ocrx_word' id='word_1_541' title='bbox 1554 1331 1640 1361; x_wconf 88' lang='lat' dir='ltr'><strong>illinc</strong></span> 
     </span>
     <span class='ocr_line' id='line_1_92' title="bbox 929 1379 1154 1409; baseline 0.005 -1"><span class='ocrx_word' id='word_1_542' title='bbox 929 1379 1154 1409; x_wconf 86' lang='lat' dir='ltr'><strong>discessissem.</strong></span> 
     </span>
    </p>

    <p class='ocr_par' dir='ltr' id='par_1_18' title="bbox 928 1419 1643 1842">
     <span class='ocr_line' id='line_1_93' title="bbox 973 1419 1642 1464; baseline -0.015 -9"><span class='ocrx_word' id='word_1_543' title='bbox 973 1440 1018 1445; x_wconf 93' lang='lat'><strong>—-</strong></span> <span class='ocrx_word' id='word_1_544' title='bbox 1042 1427 1093 1454; x_wconf 81' lang='lat'><strong>14.</strong></span> <span class='ocrx_word' id='word_1_545' title='bbox 1125 1419 1372 1464; x_wconf 61' lang='grc' dir='ltr'>περιτειχίζειν-δε]</span> <span class='ocrx_word' id='word_1_546' title='bbox 1407 1419 1529 1459; x_wconf 69' lang='lat' dir='ltr'><strong>praetuli</strong></span> <span class='ocrx_word' id='word_1_547' title='bbox 1565 1427 1642 1456; x_wconf 80' lang='grc' dir='ltr'>περι-</span> 
     </span>
     <span class='ocr_line' id='line_1_94' title="bbox 930 1462 1641 1507; baseline -0.007 -13"><span class='ocrx_word' id='word_1_548' title='bbox 930 1465 1131 1507; x_wconf 70' lang='grc' dir='ltr'>στοιχίζεσθε.</span> <span class='ocrx_word' id='word_1_549' title='bbox 1148 1477 1178 1496; x_wconf 72' lang='lat' dir='ltr'><strong>v.</strong></span> <span class='ocrx_word' id='word_1_550' title='bbox 1198 1477 1230 1505; x_wconf 91' lang='lat' dir='ltr'><strong>p.</strong></span> <span class='ocrx_word' id='word_1_551' title='bbox 1245 1467 1298 1496; x_wconf 81' lang='lat'><strong>43.</strong></span> <span class='ocrx_word' id='word_1_552' title='bbox 1318 1468 1347 1493; x_wconf 86' lang='lat'><strong>1.</strong></span> <span class='ocrx_word' id='word_1_553' title='bbox 1373 1464 1497 1502; x_wconf 80' lang='lat' dir='ltr'><strong>vulgata</strong></span> <span class='ocrx_word' id='word_1_554' title='bbox 1517 1462 1641 1492; x_wconf 79' lang='lat' dir='ltr'><strong>videtur</strong></span> 
     </span>
     <span class='ocr_line' id='line_1_95' title="bbox 931 1506 1641 1548; baseline -0.009 -9"><span class='ocrx_word' id='word_1_555' title='bbox 931 1519 948 1538; x_wconf 88' lang='lat' dir='ltr'><strong>e</strong></span> <span class='ocrx_word' id='word_1_556' title='bbox 972 1511 1093 1548; x_wconf 86' lang='lat' dir='ltr'><strong>gemina</strong></span> <span class='ocrx_word' id='word_1_557' title='bbox 1110 1509 1255 1544; x_wconf 88' lang='lat' dir='ltr'><strong>lectione,</strong></span> <span class='ocrx_word' id='word_1_558' title='bbox 1278 1507 1374 1537; x_wconf 89' lang='lat' dir='ltr'><strong>olim</strong></span> <span class='ocrx_word' id='word_1_559' title='bbox 1367 1518 1396 1537; x_wconf 77' lang='lat' dir='ltr'><strong>tn</strong></span> <span class='ocrx_word' id='word_1_560' title='bbox 1415 1506 1502 1537; x_wconf 83' lang='lat' dir='ltr'><strong>libris</strong></span> <span class='ocrx_word' id='word_1_561' title='bbox 1527 1507 1641 1535; x_wconf 88' lang='lat' dir='ltr'><strong>Demo-</strong></span> 
     </span>
     <span class='ocr_line' id='line_1_96' title="bbox 931 1550 1642 1587; baseline -0.009 -5"><span class='ocrx_word' id='word_1_562' title='bbox 931 1553 1076 1582; x_wconf 82' lang='lat' dir='ltr'><strong>sthenicis</strong></span> <span class='ocrx_word' id='word_1_563' title='bbox 1092 1557 1225 1587; x_wconf 80' lang='lat' dir='ltr'><strong>versata,</strong></span> <span class='ocrx_word' id='word_1_564' title='bbox 1242 1555 1312 1580; x_wconf 86' lang='lat' dir='ltr'><strong>nata</strong></span> <span class='ocrx_word' id='word_1_565' title='bbox 1326 1561 1410 1584; x_wconf 85' lang='lat' dir='ltr'><strong>esse,</strong></span> <span class='ocrx_word' id='word_1_566' title='bbox 1424 1561 1463 1579; x_wconf 84' lang='lat' dir='ltr'><strong>ex</strong></span> <span class='ocrx_word' id='word_1_567' title='bbox 1481 1550 1575 1578; x_wconf 84' lang='lat' dir='ltr'><strong>altera</strong></span> <span class='ocrx_word' id='word_1_568' title='bbox 1591 1557 1642 1577; x_wconf 86' lang='grc' dir='ltr'><strong>πε-</strong></span> 
     </span>
     <span class='ocr_line' id='line_1_97' title="bbox 929 1592 1642 1646; baseline -0.008 -21"><span class='ocrx_word' id='word_1_569' title='bbox 929 1594 1157 1646; x_wconf 61' lang='grc' dir='ltr'>ςιστοιχίζεσ-ἓε,</span> <span class='ocrx_word' id='word_1_570' title='bbox 1187 1606 1275 1634; x_wconf 88' lang='lat' dir='ltr'><strong>quam</strong></span> <span class='ocrx_word' id='word_1_571' title='bbox 1310 1593 1450 1634; x_wconf 82' lang='lat' dir='ltr'><strong>probavi,</strong></span> <span class='ocrx_word' id='word_1_572' title='bbox 1481 1598 1513 1623; x_wconf 78' lang='lat' dir='ltr'><strong>et</strong></span> <span class='ocrx_word' id='word_1_573' title='bbox 1548 1592 1642 1621; x_wconf 82' lang='lat' dir='ltr'><strong>altera</strong></span> 
     </span>
     <span class='ocr_line' id='line_1_98' title="bbox 930 1634 1642 1680; baseline -0.008 -12"><span class='ocrx_word' id='word_1_574' title='bbox 930 1637 1158 1680; x_wconf 65' lang='grc' dir='ltr'>ἔπιτειχίζεσὲνε,</span> <span class='ocrx_word' id='word_1_575' title='bbox 1178 1649 1266 1677; x_wconf 91' lang='lat' dir='ltr'><strong>quam</strong></span> <span class='ocrx_word' id='word_1_576' title='bbox 1282 1638 1313 1667; x_wconf 92' lang='lat' dir='ltr'><strong>in</strong></span> <span class='ocrx_word' id='word_1_577' title='bbox 1330 1638 1411 1675; x_wconf 87' lang='lat' dir='ltr'><strong>Aug.</strong></span> <span class='ocrx_word' id='word_1_578' title='bbox 1427 1636 1561 1666; x_wconf 88' lang='lat' dir='ltr'><strong>secundo</strong></span> <span class='ocrx_word' id='word_1_579' title='bbox 1577 1634 1642 1663; x_wconf 84' lang='lat' dir='ltr'><strong>solo</strong></span> 
     </span>
     <span class='ocr_line' id='line_1_99' title="bbox 929 1678 1643 1722; baseline -0.007 -12"><span class='ocrx_word' id='word_1_580' title='bbox 929 1684 1043 1721; x_wconf 89' lang='lat' dir='ltr'><strong>reperi.</strong></span> <span class='ocrx_word' id='word_1_581' title='bbox 1059 1692 1187 1722; x_wconf 83' lang='lat' dir='ltr'><strong>quarum</strong></span> <span class='ocrx_word' id='word_1_582' title='bbox 1200 1681 1255 1711; x_wconf 84' lang='lat' dir='ltr'><strong>illa</strong></span> <span class='ocrx_word' id='word_1_583' title='bbox 1268 1681 1428 1720; x_wconf 81' lang='lat' dir='ltr'><strong>significat.</strong></span> <span class='ocrx_word' id='word_1_584' title='bbox 1441 1678 1643 1713; x_wconf 78' lang='lat' dir='ltr'><strong>committitis,</strong></span> 
     </span>
     <span class='ocr_line' id='line_1_100' title="bbox 929 1721 1642 1766; baseline -0.006 -12"><span class='ocrx_word' id='word_1_585' title='bbox 929 1730 964 1754; x_wconf 91' lang='lat' dir='ltr'><strong>ut</strong></span> <span class='ocrx_word' id='word_1_586' title='bbox 983 1725 1067 1755; x_wconf 81' lang='lat' dir='ltr'><strong>velut</strong></span> <span class='ocrx_word' id='word_1_587' title='bbox 1088 1725 1230 1766; x_wconf 84' lang='lat' dir='ltr'><strong>indagine</strong></span> <span class='ocrx_word' id='word_1_588' title='bbox 1248 1723 1455 1761; x_wconf 81' lang='lat' dir='ltr'><strong>claudamini3</strong></span> <span class='ocrx_word' id='word_1_589' title='bbox 1480 1723 1543 1752; x_wconf 86' lang='lat' dir='ltr'><strong>haec</strong></span> <span class='ocrx_word' id='word_1_590' title='bbox 1565 1721 1642 1762; x_wconf 85' lang='lat' dir='ltr'><strong>pati-</strong></span> 
     </span>
     <span class='ocr_line' id='line_1_101' title="bbox 928 1764 1640 1807; baseline -0.006 -9"><span class='ocrx_word' id='word_1_591' title='bbox 928 1768 1003 1798; x_wconf 91' lang='lat' dir='ltr'><strong>mini</strong></span> <span class='ocrx_word' id='word_1_592' title='bbox 1020 1769 1108 1798; x_wconf 90' lang='lat' dir='ltr'><strong>vobis</strong></span> <span class='ocrx_word' id='word_1_593' title='bbox 1123 1779 1210 1798; x_wconf 84' lang='lat' dir='ltr'><strong>arces</strong></span> <span class='ocrx_word' id='word_1_594' title='bbox 1225 1767 1352 1807; x_wconf 78' lang='lat' dir='ltr'><strong>imponi,</strong></span> <span class='ocrx_word' id='word_1_595' title='bbox 1366 1777 1433 1806; x_wconf 86' lang='lat' dir='ltr'><strong>quae</strong></span> <span class='ocrx_word' id='word_1_596' title='bbox 1449 1777 1504 1796; x_wconf 88' lang='lat' dir='ltr'><strong>vos</strong></span> <span class='ocrx_word' id='word_1_597' title='bbox 1524 1766 1554 1795; x_wconf 92' lang='lat' dir='ltr'><strong>in</strong></span> <span class='ocrx_word' id='word_1_598' title='bbox 1576 1764 1640 1794; x_wconf 82' lang='lat' dir='ltr'><strong>offi</strong></span> 
     </span>
     <span class='ocr_line' id='line_1_102' title="bbox 929 1811 1182 1843; baseline 0.004 -3"><span class='ocrx_word' id='word_1_599' title='bbox 929 1811 978 1841; x_wconf 89' lang='lat' dir='ltr'><strong>cio</strong></span> <span class='ocrx_word' id='word_1_600' title='bbox 995 1812 1155 1842; x_wconf 79' lang='lat' dir='ltr'><strong>continear.</strong></span> <span class='ocrx_word' id='word_1_601' title='bbox 1160 1818 1182 1843; x_wconf 87' lang='lat' dir='ltr'><strong>t.</strong></span> 
     </span>
    </p>

    <p class='ocr_par' dir='ltr' id='par_1_19' title="bbox 929 1852 1642 2015">
     <span class='ocr_line' id='line_1_103' title="bbox 971 1852 1642 1893; baseline -0.003 -9"><span class='ocrx_word' id='word_1_602' title='bbox 971 1854 1097 1885; x_wconf 82' lang='lat' dir='ltr'><strong>-ibid.</strong></span> <span class='ocrx_word' id='word_1_603' title='bbox 1111 1866 1209 1885; x_wconf 85' lang='grc' dir='ltr'>παντα</span> <span class='ocrx_word' id='word_1_604' title='bbox 1218 1852 1307 1883; x_wconf 59' lang='lat' dir='ltr'><strong>rau&amp;</strong></span> <span class='ocrx_word' id='word_1_605' title='bbox 1316 1852 1536 1893; x_wconf 63' lang='grc' dir='ltr'>ὑπομείναντες]</span> <span class='ocrx_word' id='word_1_606' title='bbox 1546 1853 1642 1888; x_wconf 77' lang='lat' dir='ltr'><strong>idest,</strong></span> 
     </span>
     <span class='ocr_line' id='line_1_104' title="bbox 929 1896 1641 1939; baseline -0.003 -11"><span class='ocrx_word' id='word_1_607' title='bbox 929 1897 1085 1939; x_wconf 75' lang='grc' dir='ltr'>πράξαντες</span> <span class='ocrx_word' id='word_1_608' title='bbox 1099 1897 1167 1938; x_wconf 62' lang='grc' dir='ltr'>παρ’</span> <span class='ocrx_word' id='word_1_609' title='bbox 1190 1897 1209 1926; x_wconf 76' lang='grc' dir='ltr'><em>ἃ</em></span> <span class='ocrx_word' id='word_1_610' title='bbox 1229 1896 1366 1936; x_wconf 64' lang='grc' dir='ltr'><strong>λογισμῷ</strong></span> <span class='ocrx_word' id='word_1_611' title='bbox 1380 1896 1528 1930; x_wconf 76' lang='grc' dir='ltr'>Βέλτιστα</span> <span class='ocrx_word' id='word_1_612' title='bbox 1548 1897 1641 1937; x_wconf 68' lang='grc' dir='ltr'>ὁρᾶτε,</span> 
     </span>
     <span class='ocr_line' id='line_1_105' title="bbox 929 1940 1642 1980; baseline 0 -9"><span class='ocrx_word' id='word_1_613' title='bbox 929 1945 981 1971; x_wconf 87' lang='lat' dir='ltr'><strong>aut</strong></span> <span class='ocrx_word' id='word_1_614' title='bbox 996 1942 1094 1972; x_wconf 79' lang='grc' dir='ltr'>πάντα</span> <span class='ocrx_word' id='word_1_615' title='bbox 1115 1940 1170 1971; x_wconf 73' lang='grc' dir='ltr'>ὅσα</span> <span class='ocrx_word' id='word_1_616' title='bbox 1185 1941 1206 1970; x_wconf 82' lang='grc' dir='ltr'><strong>οἳ</strong></span> <span class='ocrx_word' id='word_1_617' title='bbox 1224 1940 1308 1970; x_wconf 81' lang='grc' dir='ltr'>ἄλλοι</span> <span class='ocrx_word' id='word_1_618' title='bbox 1329 1940 1400 1971; x_wconf 77' lang='grc' dir='ltr'>δεινοὶ</span> <span class='ocrx_word' id='word_1_619' title='bbox 1420 1940 1572 1980; x_wconf 78' lang='grc' dir='ltr'>ὑπέμειναν</span> <span class='ocrx_word' id='word_1_620' title='bbox 1589 1940 1642 1971; x_wconf 74' lang='grc' dir='ltr'><strong>ὑπὸ</strong></span> 
     </span>
     <span class='ocr_line' id='line_1_106' title="bbox 930 1982 1083 2015; baseline 0.013 -2"><span class='ocrx_word' id='word_1_621' title='bbox 930 1982 1083 2015; x_wconf 78' lang='grc' dir='ltr'>Φιλίππου.</span> 
     </span>
    </p>

    <p class='ocr_par' dir='ltr' id='par_1_20' title="bbox 929 2025 1643 2153">
     <span class='ocr_line' id='line_1_107' title="bbox 972 2025 1643 2067; baseline -0.001 -10"><span class='ocrx_word' id='word_1_622' title='bbox 972 2045 1015 2049; x_wconf 90' lang='grc'>-</span> <span class='ocrx_word' id='word_1_623' title='bbox 1030 2031 1082 2058; x_wconf 78' lang='lat'><strong>22.</strong></span> <span class='ocrx_word' id='word_1_624' title='bbox 1104 2028 1169 2061; x_wconf 68' lang='grc' dir='ltr'>τοὺς</span> <span class='ocrx_word' id='word_1_625' title='bbox 1191 2025 1363 2067; x_wconf 76' lang='grc' dir='ltr'>ἐνεγκόντας]</span> <span class='ocrx_word' id='word_1_626' title='bbox 1389 2026 1541 2065; x_wconf 75' lang='lat' dir='ltr'><strong>significat</strong></span> <span class='ocrx_word' id='word_1_627' title='bbox 1561 2027 1643 2064; x_wconf 77' lang='lat' dir='ltr'><strong>lega-</strong></span> 
     </span>
     <span class='ocr_line' id='line_1_108' title="bbox 930 2070 1643 2110; baseline -0.001 -10"><span class='ocrx_word' id='word_1_628' title='bbox 930 2074 979 2100; x_wconf 90' lang='lat' dir='ltr'><strong>tos</strong></span> <span class='ocrx_word' id='word_1_629' title='bbox 989 2070 1234 2105; x_wconf 84' lang='lat' dir='ltr'><strong>Atheniensium,</strong></span> <span class='ocrx_word' id='word_1_630' title='bbox 1245 2070 1343 2110; x_wconf 90' lang='lat' dir='ltr'><strong>prima</strong></span> <span class='ocrx_word' id='word_1_631' title='bbox 1355 2071 1506 2109; x_wconf 85' lang='lat' dir='ltr'><strong>legatione</strong></span> <span class='ocrx_word' id='word_1_632' title='bbox 1519 2071 1555 2099; x_wconf 89' lang='lat' dir='ltr'><strong>ad</strong></span> <span class='ocrx_word' id='word_1_633' title='bbox 1572 2071 1643 2100; x_wconf 90' lang='lat' dir='ltr'><strong>Phi-</strong></span> 
     </span>
     <span class='ocr_line' id='line_1_109' title="bbox 929 2113 1627 2153; baseline 0 -10"><span class='ocrx_word' id='word_1_634' title='bbox 929 2114 1047 2153; x_wconf 89' lang='lat' dir='ltr'><strong>lippum</strong></span> <span class='ocrx_word' id='word_1_635' title='bbox 1063 2113 1184 2144; x_wconf 89' lang='lat' dir='ltr'><strong>functos</strong></span> <span class='ocrx_word' id='word_1_636' title='bbox 1200 2113 1422 2143; x_wconf 81' lang='lat' dir='ltr'><strong>constituenda:</strong></span> <span class='ocrx_word' id='word_1_637' title='bbox 1439 2113 1526 2153; x_wconf 87' lang='lat' dir='ltr'><strong>pacis</strong></span> <span class='ocrx_word' id='word_1_638' title='bbox 1543 2124 1627 2153; x_wconf 88' lang='lat' dir='ltr'><strong>ergo.</strong></span> 
     </span>
    </p>

    <p class='ocr_par' dir='ltr' id='par_1_21' title="bbox 929 2155 1641 2327">
     <span class='ocr_line' id='line_1_110' title="bbox 972 2155 1641 2198; baseline -0.001 -11"><span class='ocrx_word' id='word_1_639' title='bbox 972 2174 1016 2179; x_wconf 91' lang='lat'><strong>——-</strong></span> <span class='ocrx_word' id='word_1_640' title='bbox 1038 2159 1090 2187; x_wconf 69' lang='lat'><strong>27.</strong></span> <span class='ocrx_word' id='word_1_641' title='bbox 1115 2156 1238 2198; x_wconf 70' lang='grc' dir='ltr'>ἑτέξους]</span> <span class='ocrx_word' id='word_1_642' title='bbox 1267 2155 1369 2186; x_wconf 78' lang='lat' dir='ltr'><strong>socios</strong></span> <span class='ocrx_word' id='word_1_643' title='bbox 1396 2156 1558 2195; x_wconf 79' lang='lat' dir='ltr'><strong>legationis</strong></span> <span class='ocrx_word' id='word_1_644' title='bbox 1585 2167 1641 2195; x_wconf 85' lang='lat' dir='ltr'><strong>po-</strong></span> 
     </span>
     <span class='ocr_line' id='line_1_111' title="bbox 930 2199 1641 2239; baseline 0 -9"><span class='ocrx_word' id='word_1_645' title='bbox 930 2200 1080 2235; x_wconf 85' lang='lat' dir='ltr'><strong>sterioris,</strong></span> <span class='ocrx_word' id='word_1_646' title='bbox 1101 2201 1150 2230; x_wconf 90' lang='lat' dir='ltr'><strong>cui</strong></span> <span class='ocrx_word' id='word_1_647' title='bbox 1167 2200 1390 2230; x_wconf 84' lang='lat' dir='ltr'><strong>Demosthenes</strong></span> <span class='ocrx_word' id='word_1_648' title='bbox 1407 2199 1474 2239; x_wconf 89' lang='lat' dir='ltr'><strong>ipse</strong></span> <span class='ocrx_word' id='word_1_649' title='bbox 1489 2200 1641 2236; x_wconf 82' lang='lat' dir='ltr'><strong>interfuit,</strong></span> 
     </span>
     <span class='ocr_line' id='line_1_112' title="bbox 929 2243 1640 2282; baseline 0.001 -10"><span class='ocrx_word' id='word_1_650' title='bbox 929 2243 1002 2273; x_wconf 89' lang='lat' dir='ltr'><strong>illuc</strong></span> <span class='ocrx_word' id='word_1_651' title='bbox 1016 2244 1130 2280; x_wconf 86' lang='lat' dir='ltr'><strong>missae,</strong></span> <span class='ocrx_word' id='word_1_652' title='bbox 1145 2248 1207 2274; x_wconf 91' lang='lat' dir='ltr'><strong>uta</strong></span> <span class='ocrx_word' id='word_1_653' title='bbox 1220 2243 1364 2282; x_wconf 89' lang='lat' dir='ltr'><strong>Philippo</strong></span> <span class='ocrx_word' id='word_1_654' title='bbox 1374 2243 1587 2282; x_wconf 89' lang='lat' dir='ltr'><strong>jusjurandum</strong></span> <span class='ocrx_word' id='word_1_655' title='bbox 1601 2245 1640 2273; x_wconf 85' lang='lat' dir='ltr'><strong>de</strong></span> 
     </span>
     <span class='ocr_line' id='line_1_113' title="bbox 929 2286 1339 2327; baseline -0.005 -10"><span class='ocrx_word' id='word_1_656' title='bbox 929 2297 1007 2327; x_wconf 85' lang='lat' dir='ltr'><strong>pace</strong></span> <span class='ocrx_word' id='word_1_657' title='bbox 1023 2287 1174 2317; x_wconf 88' lang='lat' dir='ltr'><strong>servanda</strong></span> <span class='ocrx_word' id='word_1_658' title='bbox 1189 2286 1339 2325; x_wconf 81' lang='lat' dir='ltr'><strong>exigeret.</strong></span> 
     </span>
    </p>

    <p class='ocr_par' dir='ltr' id='par_1_22' title="bbox 928 2327 1644 2577">
     <span class='ocr_line' id='line_1_114' title="bbox 972 2327 1640 2370; baseline -0.001 -9"><span class='ocrx_word' id='word_1_659' title='bbox 972 2332 1026 2361; x_wconf 83' lang='lat'><strong>73.</strong></span> <span class='ocrx_word' id='word_1_660' title='bbox 1043 2333 1093 2362; x_wconf 82' lang='lat'><strong>13.</strong></span> <span class='ocrx_word' id='word_1_661' title='bbox 1118 2329 1191 2370; x_wconf 62' lang='lat' dir='ltr'><strong>‘cv-354·</strong></span> <span class='ocrx_word' id='word_1_662' title='bbox 1210 2331 1264 2363; x_wconf 70' lang='grc' dir='ltr'><strong>τὰς</strong></span> <span class='ocrx_word' id='word_1_663' title='bbox 1287 2327 1422 2369; x_wconf 77' lang='grc' dir='ltr'>ἐλπίδας]</span> <span class='ocrx_word' id='word_1_664' title='bbox 1445 2329 1563 2368; x_wconf 89' lang='lat' dir='ltr'><strong>accipio</strong></span> <span class='ocrx_word' id='word_1_665' title='bbox 1584 2340 1640 2369; x_wconf 88' lang='lat' dir='ltr'><strong>pro</strong></span> 
     </span>
     <span class='ocr_line' id='line_1_115' title="bbox 930 2370 1641 2415; baseline -0.001 -11"><span class='ocrx_word' id='word_1_666' title='bbox 930 2372 996 2414; x_wconf 77' lang='grc' dir='ltr'>πρὸς</span> <span class='ocrx_word' id='word_1_667' title='bbox 1010 2373 1044 2403; x_wconf 75' lang='grc' dir='ltr'><strong>τὸ</strong></span> <span class='ocrx_word' id='word_1_668' title='bbox 1055 2375 1188 2415; x_wconf 70' lang='grc' dir='ltr'>χρηστὰς</span> <span class='ocrx_word' id='word_1_669' title='bbox 1202 2372 1269 2403; x_wconf 78' lang='grc' dir='ltr'>εῖναι</span> <span class='ocrx_word' id='word_1_670' title='bbox 1285 2375 1340 2406; x_wconf 70' lang='grc' dir='ltr'>τοὶς</span> <span class='ocrx_word' id='word_1_671' title='bbox 1354 2370 1492 2406; x_wconf 61' lang='grc' dir='ltr'>ἐλπίδας.</span> <span class='ocrx_word' id='word_1_672' title='bbox 1509 2373 1547 2401; x_wconf 86' lang='lat' dir='ltr'><strong>ad</strong></span> <span class='ocrx_word' id='word_1_673' title='bbox 1565 2373 1641 2403; x_wconf 87' lang='lat' dir='ltr'><strong>bene</strong></span> 
     </span>
     <span class='ocr_line' id='line_1_116' title="bbox 930 2415 1644 2456; baseline 0 -10"><span class='ocrx_word' id='word_1_674' title='bbox 930 2418 1126 2456; x_wconf 84' lang='lat' dir='ltr'><strong>sperandum,</strong></span> <span class='ocrx_word' id='word_1_675' title='bbox 1141 2422 1174 2445; x_wconf 85' lang='lat' dir='ltr'><strong>ut</strong></span> <span class='ocrx_word' id='word_1_676' title='bbox 1186 2416 1319 2456; x_wconf 84' lang='lat' dir='ltr'><strong>posteris</strong></span> <span class='ocrx_word' id='word_1_677' title='bbox 1336 2425 1457 2454; x_wconf 86' lang='lat' dir='ltr'><strong>qnoque</strong></span> <span class='ocrx_word' id='word_1_678' title='bbox 1472 2415 1559 2445; x_wconf 81' lang='lat' dir='ltr'><strong>bona:</strong></span> <span class='ocrx_word' id='word_1_679' title='bbox 1576 2417 1644 2456; x_wconf 78' lang='lat' dir='ltr'><strong>spei</strong></span> 
     </span>
     <span class='ocr_line' id='line_1_117' title="bbox 929 2459 1642 2498; baseline 0 -9"><span class='ocrx_word' id='word_1_680' title='bbox 929 2460 1065 2490; x_wconf 86' lang='lat' dir='ltr'><strong>nonnihil</strong></span> <span class='ocrx_word' id='word_1_681' title='bbox 1099 2464 1287 2498; x_wconf 89' lang='lat' dir='ltr'><strong>superesset.</strong></span> <span class='ocrx_word' id='word_1_682' title='bbox 1324 2469 1504 2498; x_wconf 89' lang='lat' dir='ltr'><strong>quamquam</strong></span> <span class='ocrx_word' id='word_1_683' title='bbox 1536 2459 1642 2498; x_wconf 79' lang='lat' dir='ltr'><strong>utique</strong></span> 
     </span>
     <span class='ocr_line' id='line_1_118' title="bbox 928 2502 1643 2543; baseline 0 -10"><span class='ocrx_word' id='word_1_684' title='bbox 928 2503 1049 2543; x_wconf 81' lang='lat' dir='ltr'><strong>planius</strong></span> <span class='ocrx_word' id='word_1_685' title='bbox 1066 2503 1155 2538; x_wconf 81' lang='lat' dir='ltr'><strong>foret,</strong></span> <span class='ocrx_word' id='word_1_686' title='bbox 1172 2503 1197 2532; x_wconf 90' lang='lat' dir='ltr'><strong>si</strong></span> <span class='ocrx_word' id='word_1_687' title='bbox 1215 2503 1260 2533; x_wconf 88' lang='lat' dir='ltr'><strong>sic</strong></span> <span class='ocrx_word' id='word_1_688' title='bbox 1276 2502 1426 2532; x_wconf 86' lang='lat' dir='ltr'><strong>dedisset.</strong></span> <span class='ocrx_word' id='word_1_689' title='bbox 1459 2502 1580 2532; x_wconf 86' lang='lat' dir='ltr'><strong>Ironica</strong></span> <span class='ocrx_word' id='word_1_690' title='bbox 1595 2508 1643 2533; x_wconf 82' lang='lat' dir='ltr'><strong>est</strong></span> 
     </span>
     <span class='ocr_line' id='line_1_119' title="bbox 928 2547 1258 2577; baseline -0.006 -1"><span class='ocrx_word' id='word_1_691' title='bbox 928 2547 1035 2577; x_wconf 74' lang='lat' dir='ltr'><strong>dictio.</strong></span> <span class='ocrx_word' id='word_1_692' title='bbox 1247 2558 1258 2563; x_wconf 69' lang='grc'><strong>“</strong></span> 
     </span>
    </p>

    <p class='ocr_par' dir='ltr' id='par_1_23' title="bbox 930 2587 1644 3018">
     <span class='ocr_line' id='line_1_120' title="bbox 972 2587 1644 2629; baseline -0.004 -10"><span class='ocrx_word' id='word_1_693' title='bbox 972 2608 1015 2612; x_wconf 88' lang='grc'>-</span> <span class='ocrx_word' id='word_1_694' title='bbox 1032 2591 1084 2619; x_wconf 86' lang='grc'><strong>18.</strong></span> <span class='ocrx_word' id='word_1_695' title='bbox 1109 2587 1232 2629; x_wconf 61' lang='grc' dir='ltr'>ἐμαυτῷ</span> <span class='ocrx_word' id='word_1_696' title='bbox 1252 2587 1309 2629; x_wconf 77' lang='grc' dir='ltr'>μὲν</span> <span class='ocrx_word' id='word_1_697' title='bbox 1332 2587 1362 2628; x_wconf 75' lang='grc' dir='ltr'><strong>ἐξ</strong></span> <span class='ocrx_word' id='word_1_698' title='bbox 1388 2588 1449 2618; x_wconf 74' lang='grc' dir='ltr'>ἴσου</span> <span class='ocrx_word' id='word_1_699' title='bbox 1475 2587 1553 2626; x_wconf 73' lang='grc' dir='ltr'>λόγον</span> <span class='ocrx_word' id='word_1_700' title='bbox 1576 2588 1644 2629; x_wconf 54' lang='grc' dir='ltr'>παρ’</span> 
     </span>
     <span class='ocr_line' id='line_1_121' title="bbox 930 2632 1643 2674; baseline -0.001 -12"><span class='ocrx_word' id='word_1_701' title='bbox 930 2633 997 2672; x_wconf 80' lang='grc' dir='ltr'>ὑμῖν</span> <span class='ocrx_word' id='word_1_702' title='bbox 1021 2632 1143 2674; x_wconf 71' lang='grc' dir='ltr'>ποιήσω]</span> <span class='ocrx_word' id='word_1_703' title='bbox 1168 2632 1242 2672; x_wconf 87' lang='lat' dir='ltr'><strong>quid</strong></span> <span class='ocrx_word' id='word_1_704' title='bbox 1267 2632 1333 2661; x_wconf 83' lang='lat' dir='ltr'><strong>haec</strong></span> <span class='ocrx_word' id='word_1_705' title='bbox 1358 2632 1453 2661; x_wconf 87' lang='lat' dir='ltr'><strong>verba</strong></span> <span class='ocrx_word' id='word_1_706' title='bbox 1473 2632 1643 2670; x_wconf 81' lang='lat' dir='ltr'><strong>significare</strong></span> 
     </span>
     <span class='ocr_line' id='line_1_122' title="bbox 930 2675 1643 2715; baseline -0.003 -9"><span class='ocrx_word' id='word_1_707' title='bbox 930 2676 1049 2715; x_wconf 84' lang='lat' dir='ltr'><strong>possint</strong></span> <span class='ocrx_word' id='word_1_708' title='bbox 1059 2676 1154 2711; x_wconf 86' lang='lat' dir='ltr'><strong>aliud,</strong></span> <span class='ocrx_word' id='word_1_709' title='bbox 1163 2675 1314 2705; x_wconf 76' lang='lat' dir='ltr'><strong>meditans</strong></span> <span class='ocrx_word' id='word_1_710' title='bbox 1323 2675 1401 2705; x_wconf 83' lang='lat' dir='ltr'><strong>haud</strong></span> <span class='ocrx_word' id='word_1_711' title='bbox 1412 2675 1544 2714; x_wconf 86' lang='lat' dir='ltr'><strong>reperio,</strong></span> <span class='ocrx_word' id='word_1_712' title='bbox 1554 2685 1643 2714; x_wconf 84' lang='lat' dir='ltr'><strong>quam</strong></span> 
     </span>
     <span class='ocr_line' id='line_1_123' title="bbox 931 2718 1643 2749; baseline -0.003 0"><span class='ocrx_word' id='word_1_713' title='bbox 931 2720 1006 2749; x_wconf 85' lang='lat' dir='ltr'><strong>hoc:</strong></span> <span class='ocrx_word' id='word_1_714' title='bbox 1031 2719 1157 2749; x_wconf 91' lang='lat' dir='ltr'><strong>Nullum</strong></span> <span class='ocrx_word' id='word_1_715' title='bbox 1174 2719 1256 2749; x_wconf 84' lang='lat' dir='ltr'><strong>aliud</strong></span> <span class='ocrx_word' id='word_1_716' title='bbox 1282 2719 1352 2748; x_wconf 90' lang='lat' dir='ltr'><strong>inde</strong></span> <span class='ocrx_word' id='word_1_717' title='bbox 1378 2718 1505 2748; x_wconf 79' lang='lat' dir='ltr'><strong>referam</strong></span> <span class='ocrx_word' id='word_1_718' title='bbox 1527 2718 1643 2748; x_wconf 86' lang='lat' dir='ltr'><strong>emolu-</strong></span> 
     </span>
     <span class='ocr_line' id='line_1_124' title="bbox 932 2761 1642 2803; baseline -0.004 -11"><span class='ocrx_word' id='word_1_719' title='bbox 932 2767 1078 2798; x_wconf 83' lang='lat' dir='ltr'><strong>mentum,</strong></span> <span class='ocrx_word' id='word_1_720' title='bbox 1089 2772 1179 2803; x_wconf 91' lang='lat' dir='ltr'><strong>quam</strong></span> <span class='ocrx_word' id='word_1_721' title='bbox 1195 2766 1227 2792; x_wconf 89' lang='lat' dir='ltr'><strong>ut</strong></span> <span class='ocrx_word' id='word_1_722' title='bbox 1238 2761 1314 2791; x_wconf 89' lang='lat' dir='ltr'><strong>mihi</strong></span> <span class='ocrx_word' id='word_1_723' title='bbox 1325 2761 1419 2791; x_wconf 88' lang='lat' dir='ltr'><strong>liceat</strong></span> <span class='ocrx_word' id='word_1_724' title='bbox 1436 2761 1593 2790; x_wconf 75' lang='lat' dir='ltr'><strong>vobiscum</strong></span> <span class='ocrx_word' id='word_1_725' title='bbox 1612 2761 1642 2789; x_wconf 94' lang='lat' dir='ltr'><strong>in</strong></span> 
     </span>
     <span class='ocr_line' id='line_1_125' title="bbox 932 2804 1644 2844; baseline -0.006 -8"><span class='ocrx_word' id='word_1_726' title='bbox 932 2806 1080 2836; x_wconf 86' lang='lat' dir='ltr'><strong>concione</strong></span> <span class='ocrx_word' id='word_1_727' title='bbox 1108 2806 1204 2836; x_wconf 85' lang='lat' dir='ltr'><strong>libere</strong></span> <span class='ocrx_word' id='word_1_728' title='bbox 1227 2815 1339 2844; x_wconf 84' lang='lat' dir='ltr'><strong>agere;</strong></span> <span class='ocrx_word' id='word_1_729' title='bbox 1359 2805 1389 2835; x_wconf 89' lang='lat' dir='ltr'><strong>in</strong></span> <span class='ocrx_word' id='word_1_730' title='bbox 1407 2815 1466 2843; x_wconf 89' lang='lat' dir='ltr'><strong>quo</strong></span> <span class='ocrx_word' id='word_1_731' title='bbox 1487 2804 1560 2833; x_wconf 86' lang='lat' dir='ltr'><strong>nihil</strong></span> <span class='ocrx_word' id='word_1_732' title='bbox 1582 2814 1644 2833; x_wconf 82' lang='lat' dir='ltr'><strong>am-</strong></span> 
     </span>
     <span class='ocr_line' id='line_1_126' title="bbox 932 2847 1644 2888; baseline -0.004 -10"><span class='ocrx_word' id='word_1_733' title='bbox 932 2849 1016 2888; x_wconf 91' lang='lat' dir='ltr'><strong>plnm</strong></span> <span class='ocrx_word' id='word_1_734' title='bbox 1040 2855 1131 2888; x_wconf 83' lang='lat' dir='ltr'><strong>atque</strong></span> <span class='ocrx_word' id='word_1_735' title='bbox 1156 2848 1350 2888; x_wconf 76' lang='lat' dir='ltr'><strong>splendidum</strong></span> <span class='ocrx_word' id='word_1_736' title='bbox 1378 2848 1508 2886; x_wconf 82' lang='lat' dir='ltr'><strong>adeptus</strong></span> <span class='ocrx_word' id='word_1_737' title='bbox 1536 2847 1644 2884; x_wconf 77' lang='lat' dir='ltr'><strong>l&#39;uero;</strong></span> 
     </span>
     <span class='ocr_line' id='line_1_127' title="bbox 932 2890 1643 2930; baseline -0.006 -8"><span class='ocrx_word' id='word_1_738' title='bbox 932 2893 1005 2922; x_wconf 85' lang='lat' dir='ltr'><strong>licet</strong></span> <span class='ocrx_word' id='word_1_739' title='bbox 1018 2893 1095 2922; x_wconf 81' lang='lat' dir='ltr'><strong>enirn</strong></span> <span class='ocrx_word' id='word_1_740' title='bbox 1113 2893 1170 2922; x_wconf 90' lang='lat' dir='ltr'><strong>hoc</strong></span> <span class='ocrx_word' id='word_1_741' title='bbox 1183 2892 1244 2921; x_wconf 84' lang='lat' dir='ltr'><strong>civi</strong></span> <span class='ocrx_word' id='word_1_742' title='bbox 1257 2891 1367 2930; x_wconf 84' lang='lat' dir='ltr'><strong>cuique</strong></span> <span class='ocrx_word' id='word_1_743' title='bbox 1380 2890 1559 2920; x_wconf 76' lang='lat' dir='ltr'><strong>Atheniensi</strong></span> <span class='ocrx_word' id='word_1_744' title='bbox 1575 2901 1643 2930; x_wconf 80' lang='lat' dir='ltr'><strong>per-</strong></span> 
     </span>
     <span class='ocr_line' id='line_1_128' title="bbox 934 2933 1644 2969; baseline -0.004 -4"><span class='ocrx_word' id='word_1_745' title='bbox 934 2935 1004 2965; x_wconf 81' lang='lat' dir='ltr'><strong>inde</strong></span> <span class='ocrx_word' id='word_1_746' title='bbox 1031 2936 1143 2965; x_wconf 77' lang='lat' dir='ltr'><strong>facere.</strong></span> <span class='ocrx_word' id='word_1_747' title='bbox 1170 2945 1228 2965; x_wconf 90' lang='lat' dir='ltr'><strong>non</strong></span> <span class='ocrx_word' id='word_1_748' title='bbox 1259 2935 1385 2964; x_wconf 85' lang='lat' dir='ltr'><strong>meliore</strong></span> <span class='ocrx_word' id='word_1_749' title='bbox 1414 2934 1481 2963; x_wconf 90' lang='lat' dir='ltr'><strong>loco</strong></span> <span class='ocrx_word' id='word_1_750' title='bbox 1510 2933 1554 2962; x_wconf 81' lang='lat' dir='ltr'><strong>sic</strong></span> <span class='ocrx_word' id='word_1_751' title='bbox 1581 2944 1644 2969; x_wconf 88' lang='lat' dir='ltr'><strong>ero,</strong></span> 
     </span>
     <span class='ocr_line' id='line_1_129' title="bbox 933 2976 1630 3018; baseline -0.006 -9"><span class='ocrx_word' id='word_1_752' title='bbox 933 2989 1021 3018; x_wconf 83' lang='lat' dir='ltr'><strong>quam</strong></span> <span class='ocrx_word' id='word_1_753' title='bbox 1039 2979 1160 3008; x_wconf 80' lang='lat' dir='ltr'><strong>intimus</strong></span> <span class='ocrx_word' id='word_1_754' title='bbox 1174 2979 1303 3017; x_wconf 85' lang='lat' dir='ltr'><strong>quisque</strong></span> <span class='ocrx_word' id='word_1_755' title='bbox 1321 2982 1489 3006; x_wconf 77' lang='lat' dir='ltr'><strong>vestrorum</strong></span> <span class='ocrx_word' id='word_1_756' title='bbox 1505 2976 1630 3006; x_wconf 80' lang='lat' dir='ltr'><strong>civium.</strong></span> 
     </span>
    </p>

    <p class='ocr_par' dir='ltr' id='par_1_24' title="bbox 976 3019 1644 3062">
     <span class='ocr_line' id='line_1_130' title="bbox 976 3019 1644 3062; baseline -0.007 -9"><span class='ocrx_word' id='word_1_757' title='bbox 976 3039 1017 3045; x_wconf 91' lang='lat'><strong>—·</strong></span> <span class='ocrx_word' id='word_1_758' title='bbox 1032 3024 1084 3053; x_wconf 73' lang='lat'><strong>23.</strong></span> <span class='ocrx_word' id='word_1_759' title='bbox 1108 3024 1147 3052; x_wconf 78' lang='grc' dir='ltr'><strong>τὰ</strong></span> <span class='ocrx_word' id='word_1_760' title='bbox 1163 3024 1216 3062; x_wconf 72' lang='grc' dir='ltr'><strong>γὰρ</strong></span> <span class='ocrx_word' id='word_1_761' title='bbox 1236 3021 1411 3061; x_wconf 61' lang='grc' dir='ltr'>πράγματα</span> <span class='ocrx_word' id='word_1_762' title='bbox 1428 3020 1475 3059; x_wconf 65' lang='grc' dir='ltr'><strong>ὁρῶ</strong></span> <span class='ocrx_word' id='word_1_763' title='bbox 1492 3019 1644 3058; x_wconf 70' lang='grc' dir='ltr'>προβαίνοι·-</span> 
     </span>
    </p>
   </div>
  </div>
 </body>
</html>
