<?xml version="1.0" encoding="UTF-8"?>
<!DOCTYPE html PUBLIC "-//W3C//DTD XHTML 1.0 Transitional//EN"
    "http://www.w3.org/TR/xhtml1/DTD/xhtml1-transitional.dtd">
<html xmlns="http://www.w3.org/1999/xhtml" xml:lang="en" lang="en">
 <head>
  <title>
</title>
<meta http-equiv="Content-Type" content="text/html;charset=utf-8" />
  <meta name='ocr-system' content='tesseract 3.04.00' />
  <meta name='ocr-capabilities' content='ocr_page ocr_carea ocr_par ocr_line ocrx_word'/>
</head>
<body>
  <div class='ocr_page' id='page_1' title='image "./oratoresatticie09dobs/oratoresatticie09dobs_0531.png"; bbox 0 0 1931 3322; ppageno 0'>
   <div class='ocr_carea' id='block_1_1' title="bbox 324 207 1442 251">
    <p class='ocr_par' dir='ltr' id='par_1_1' title="bbox 324 207 1442 251">
     <span class='ocr_line' id='line_1_1' title="bbox 324 207 1442 251; baseline -0.001 -1"><span class='ocrx_word' id='word_1_1' title='bbox 324 208 389 250; x_wconf 84' lang='lat' dir='ltr'><strong>IN</strong></span> <span class='ocrx_word' id='word_1_2' title='bbox 422 208 593 251; x_wconf 86' lang='lat' dir='ltr'><strong>ORAT.</strong></span> <span class='ocrx_word' id='word_1_3' title='bbox 629 208 711 251; x_wconf 91' lang='lat' dir='ltr'><strong>DE</strong></span> <span class='ocrx_word' id='word_1_4' title='bbox 743 208 1049 251; x_wconf 84' lang='lat' dir='ltr'><strong>RHODIOR.</strong></span> <span class='ocrx_word' id='word_1_5' title='bbox 1088 207 1442 250; x_wconf 86' lang='lat' dir='ltr'><strong>LIBERTATE.</strong></span> 
     </span>
    </p>
   </div>
   <div class='ocr_carea' id='block_1_2' title="bbox 139 317 868 3072">
    <p class='ocr_par' dir='ltr' id='par_1_2' title="bbox 139 317 868 3072">
     <span class='ocr_line' id='line_1_2' title="bbox 153 317 862 358; baseline 0 -10"><span class='ocrx_word' id='word_1_6' title='bbox 153 321 332 354; x_wconf 74' lang='lat' dir='ltr'><strong>contractus,</strong></span> <span class='ocrx_word' id='word_1_7' title='bbox 346 323 443 358; x_wconf 80' lang='lat' dir='ltr'><strong>pacta,</strong></span> <span class='ocrx_word' id='word_1_8' title='bbox 455 323 606 353; x_wconf 79' lang='lat' dir='ltr'><strong>conventa,</strong></span> <span class='ocrx_word' id='word_1_9' title='bbox 622 317 772 349; x_wconf 61' lang='grc' dir='ltr'><strong><em>συνθῆκαι.</em></strong></span> <span class='ocrx_word' id='word_1_10' title='bbox 805 319 862 348; x_wconf 83' lang='lat' dir='ltr'><strong>At-</strong></span> 
     </span>
     <span class='ocr_line' id='line_1_3' title="bbox 154 359 864 400; baseline 0.001 -11"><span class='ocrx_word' id='word_1_11' title='bbox 154 370 214 399; x_wconf 86' lang='lat' dir='ltr'><strong>que</strong></span> <span class='ocrx_word' id='word_1_12' title='bbox 232 359 303 389; x_wconf 80' lang='lat' dir='ltr'><strong>hinc</strong></span> <span class='ocrx_word' id='word_1_13' title='bbox 321 366 369 390; x_wconf 90' lang='lat' dir='ltr'><strong>est</strong></span> <span class='ocrx_word' id='word_1_14' title='bbox 390 361 472 400; x_wconf 83' lang='lat' dir='ltr'><strong>quod</strong></span> <span class='ocrx_word' id='word_1_15' title='bbox 494 361 578 390; x_wconf 83' lang='lat' dir='ltr'><strong>doct.</strong></span> <span class='ocrx_word' id='word_1_16' title='bbox 594 362 714 392; x_wconf 86' lang='lat' dir='ltr'><strong>Camer.</strong></span> <span class='ocrx_word' id='word_1_17' title='bbox 729 361 864 391; x_wconf 80' lang='lat' dir='ltr'><strong>solicitat</strong></span> 
     </span>
     <span class='ocr_line' id='line_1_4' title="bbox 154 402 862 442; baseline 0.001 -10"><span class='ocrx_word' id='word_1_18' title='bbox 154 402 255 432; x_wconf 87' lang='lat' dir='ltr'><strong>locum</strong></span> <span class='ocrx_word' id='word_1_19' title='bbox 279 403 430 442; x_wconf 85' lang='lat' dir='ltr'><strong>quendam</strong></span> <span class='ocrx_word' id='word_1_20' title='bbox 456 403 575 433; x_wconf 86' lang='lat' dir='ltr'><strong>Philos.</strong></span> <span class='ocrx_word' id='word_1_21' title='bbox 600 405 629 433; x_wconf 91' lang='lat' dir='ltr'><strong>in</strong></span> <span class='ocrx_word' id='word_1_22' title='bbox 654 404 740 433; x_wconf 86' lang='lat' dir='ltr'><strong>initio</strong></span> <span class='ocrx_word' id='word_1_23' title='bbox 766 404 862 433; x_wconf 87' lang='lat' dir='ltr'><strong>Polit.</strong></span> 
     </span>
     <span class='ocr_line' id='line_1_5' title="bbox 154 444 862 487; baseline 0.001 -12"><span class='ocrx_word' id='word_1_24' title='bbox 154 445 191 486; x_wconf 85' lang='lat' dir='ltr'><strong>[l.</strong></span> <span class='ocrx_word' id='word_1_25' title='bbox 203 446 248 476; x_wconf 87' lang='lat' dir='ltr'><strong>iii.</strong></span> <span class='ocrx_word' id='word_1_26' title='bbox 263 450 291 475; x_wconf 86' lang='lat'><strong>1.</strong></span> <span class='ocrx_word' id='word_1_27' title='bbox 294 446 372 487; x_wconf 89' lang='lat' dir='ltr'><strong>]ub1</strong></span> <span class='ocrx_word' id='word_1_28' title='bbox 383 457 440 486; x_wconf 85' lang='lat' dir='ltr'><strong>pro</strong></span> <span class='ocrx_word' id='word_1_29' title='bbox 450 444 673 486; x_wconf 66' lang='lat' dir='ltr'><strong>cup-Co‘mivleg.</strong></span> <span class='ocrx_word' id='word_1_30' title='bbox 685 451 772 485; x_wconf 87' lang='lat' dir='ltr'><strong>putat</strong></span> <span class='ocrx_word' id='word_1_31' title='bbox 783 458 862 486; x_wconf 86' lang='grc' dir='ltr'><strong><em>συμ-</em></strong></span> 
     </span>
     <span class='ocr_line' id='line_1_6' title="bbox 154 486 863 521; baseline 0.001 -4"><span class='ocrx_word' id='word_1_32' title='bbox 154 486 285 521; x_wconf 71' lang='grc' dir='ltr'><strong><em>Βολαίων.</em></strong></span> <span class='ocrx_word' id='word_1_33' title='bbox 323 490 424 519; x_wconf 88' lang='lat' dir='ltr'><strong>Verba</strong></span> <span class='ocrx_word' id='word_1_34' title='bbox 441 490 560 520; x_wconf 86' lang='lat' dir='ltr'><strong>Philos</strong></span> <span class='ocrx_word' id='word_1_35' title='bbox 581 496 670 520; x_wconf 86' lang='lat' dir='ltr'><strong>sunt.</strong></span> <span class='ocrx_word' id='word_1_36' title='bbox 694 488 748 520; x_wconf 68' lang='grc' dir='ltr'><strong><em>οὐδ’</em></strong></span> <span class='ocrx_word' id='word_1_37' title='bbox 769 489 790 518; x_wconf 83' lang='grc' dir='ltr'><strong><em>οἶ</em></strong></span> <span class='ocrx_word' id='word_1_38' title='bbox 809 491 863 518; x_wconf 74' lang='grc' dir='ltr'><strong>τῶν</strong></span> 
     </span>
     <span class='ocr_line' id='line_1_7' title="bbox 155 530 863 573; baseline 0 -13"><span class='ocrx_word' id='word_1_39' title='bbox 155 530 265 562; x_wconf 72' lang='grc' dir='ltr'><strong><em>δικαίων</em></strong></span> <span class='ocrx_word' id='word_1_40' title='bbox 274 531 451 573; x_wconf 80' lang='grc' dir='ltr'><strong><em>μετέχοντες</em></strong></span> <span class='ocrx_word' id='word_1_41' title='bbox 460 531 557 567; x_wconf 74' lang='grc' dir='ltr'><strong><em>οὕτως,</em></strong></span> <span class='ocrx_word' id='word_1_42' title='bbox 570 533 639 567; x_wconf 74' lang='grc' dir='ltr'><strong><em>ὥςτε</em></strong></span> <span class='ocrx_word' id='word_1_43' title='bbox 653 533 700 561; x_wconf 80' lang='grc' dir='ltr'><strong>καὶ</strong></span> <span class='ocrx_word' id='word_1_44' title='bbox 713 531 805 562; x_wconf 84' lang='grc' dir='ltr'><strong><em>δίκην</em></strong></span> <span class='ocrx_word' id='word_1_45' title='bbox 795 530 863 561; x_wconf 78' lang='grc' dir='ltr'><em>υπέ-</em></span> 
     </span>
     <span class='ocr_line' id='line_1_8' title="bbox 154 574 863 615; baseline -0.003 -10"><span class='ocrx_word' id='word_1_46' title='bbox 154 585 218 615; x_wconf 83' lang='grc' dir='ltr'><strong><em>χειν</em></strong></span> <span class='ocrx_word' id='word_1_47' title='bbox 237 575 287 604; x_wconf 79' lang='grc' dir='ltr'>καῖ</span> <span class='ocrx_word' id='word_1_48' title='bbox 303 574 485 615; x_wconf 66' lang='grc' dir='ltr'><strong><em>δικάζεσθαι·</em></strong></span> <span class='ocrx_word' id='word_1_49' title='bbox 501 577 585 605; x_wconf 76' lang='grc' dir='ltr'><strong><em>τοῦτο</em></strong></span> <span class='ocrx_word' id='word_1_50' title='bbox 600 578 654 614; x_wconf 58' lang='grc' dir='ltr'><strong>γὰρ</strong></span> <span class='ocrx_word' id='word_1_51' title='bbox 670 575 799 615; x_wconf 64' lang='grc' dir='ltr'><strong><em>ὑπάρχει</em></strong></span> <span class='ocrx_word' id='word_1_52' title='bbox 814 574 863 603; x_wconf 76' lang='grc' dir='ltr'><strong>καὶ</strong></span> 
     </span>
     <span class='ocr_line' id='line_1_9' title="bbox 153 616 864 658; baseline 0.001 -12"><span class='ocrx_word' id='word_1_53' title='bbox 153 619 215 651; x_wconf 80' lang='grc' dir='ltr'><strong><em>τοῖς</em></strong></span> <span class='ocrx_word' id='word_1_54' title='bbox 225 616 283 647; x_wconf 71' lang='grc' dir='ltr'><strong>ἀπὸ</strong></span> <span class='ocrx_word' id='word_1_55' title='bbox 295 618 451 658; x_wconf 75' lang='grc' dir='ltr'><strong><em>συμβόλων</em></strong></span> <span class='ocrx_word' id='word_1_56' title='bbox 460 619 622 648; x_wconf 70' lang='grc' dir='ltr'><strong><em>κοινωνοῦσι.</em></strong></span> <span class='ocrx_word' id='word_1_57' title='bbox 636 628 704 656; x_wconf 86' lang='lat' dir='ltr'><strong>quae</strong></span> <span class='ocrx_word' id='word_1_58' title='bbox 718 619 808 647; x_wconf 83' lang='lat' dir='ltr'><strong>verba</strong></span> <span class='ocrx_word' id='word_1_59' title='bbox 821 617 864 647; x_wconf 88' lang='lat' dir='ltr'><strong>ita</strong></span> 
     </span>
     <span class='ocr_line' id='line_1_10' title="bbox 155 658 863 700; baseline 0.001 -11"><span class='ocrx_word' id='word_1_60' title='bbox 155 661 250 690; x_wconf 81' lang='lat' dir='ltr'><strong>sumit</strong></span> <span class='ocrx_word' id='word_1_61' title='bbox 267 663 387 691; x_wconf 88' lang='lat' dir='ltr'><strong>Camer.</strong></span> <span class='ocrx_word' id='word_1_62' title='bbox 403 671 438 690; x_wconf 88' lang='lat' dir='ltr'><strong>ac</strong></span> <span class='ocrx_word' id='word_1_63' title='bbox 451 662 476 690; x_wconf 90' lang='lat' dir='ltr'><strong>si</strong></span> <span class='ocrx_word' id='word_1_64' title='bbox 496 671 551 700; x_wconf 83' lang='lat' dir='ltr'><strong>per</strong></span> <span class='ocrx_word' id='word_1_65' title='bbox 564 658 698 698; x_wconf 64' lang='grc' dir='ltr'><strong><em>σύμζολσ.</em></strong></span> <span class='ocrx_word' id='word_1_66' title='bbox 714 659 756 690; x_wconf 86' lang='lat' dir='ltr'><strong>ibi</strong></span> <span class='ocrx_word' id='word_1_67' title='bbox 773 660 863 690; x_wconf 86' lang='lat' dir='ltr'><strong>intel-</strong></span> 
     </span>
     <span class='ocr_line' id='line_1_11' title="bbox 153 703 863 741; baseline 0 -8"><span class='ocrx_word' id='word_1_68' title='bbox 153 703 266 741; x_wconf 82' lang='lat' dir='ltr'><strong>ligeret</strong></span> <span class='ocrx_word' id='word_1_69' title='bbox 287 703 403 733; x_wconf 81' lang='lat' dir='ltr'><strong>Philus.</strong></span> <span class='ocrx_word' id='word_1_70' title='bbox 421 709 536 732; x_wconf 80' lang='lat' dir='ltr'><strong>mutuos</strong></span> <span class='ocrx_word' id='word_1_71' title='bbox 555 710 746 734; x_wconf 79' lang='lat' dir='ltr'><strong>mercatorum</strong></span> <span class='ocrx_word' id='word_1_72' title='bbox 766 710 793 733; x_wconf 80' lang='lat' dir='ltr'><strong>et</strong></span> <span class='ocrx_word' id='word_1_73' title='bbox 813 714 863 733; x_wconf 86' lang='lat' dir='ltr'><strong>ne-</strong></span> 
     </span>
     <span class='ocr_line' id='line_1_12' title="bbox 151 745 863 786; baseline 0 -10"><span class='ocrx_word' id='word_1_74' title='bbox 151 747 331 786; x_wconf 75' lang='lat' dir='ltr'><strong>gotiatorum</strong></span> <span class='ocrx_word' id='word_1_75' title='bbox 342 750 522 782; x_wconf 82' lang='lat' dir='ltr'><strong>contractus,</strong></span> <span class='ocrx_word' id='word_1_76' title='bbox 536 751 566 776; x_wconf 84' lang='lat' dir='ltr'><strong>et</strong></span> <span class='ocrx_word' id='word_1_77' title='bbox 579 757 633 785; x_wconf 86' lang='lat' dir='ltr'><strong>per</strong></span> <span class='ocrx_word' id='word_1_78' title='bbox 641 746 705 780; x_wconf 71' lang='grc' dir='ltr'><strong><em>τοὺς</em></strong></span> <span class='ocrx_word' id='word_1_79' title='bbox 715 745 772 776; x_wconf 70' lang='grc' dir='ltr'><strong>ἀπὸ</strong></span> <span class='ocrx_word' id='word_1_80' title='bbox 783 758 863 786; x_wconf 85' lang='grc' dir='ltr'><strong><em>συμ-</em></strong></span> 
     </span>
     <span class='ocr_line' id='line_1_13' title="bbox 154 787 864 830; baseline 0.003 -13"><span class='ocrx_word' id='word_1_81' title='bbox 154 787 244 822; x_wconf 74' lang='grc' dir='ltr'><strong><em>Βόλων</em></strong></span> <span class='ocrx_word' id='word_1_82' title='bbox 256 790 456 825; x_wconf 76' lang='grc' dir='ltr'><strong><em>κοινωνοῦντας,</em></strong></span> <span class='ocrx_word' id='word_1_83' title='bbox 475 798 519 819; x_wconf 82' lang='lat' dir='ltr'><strong>eos</strong></span> <span class='ocrx_word' id='word_1_84' title='bbox 537 791 587 830; x_wconf 78' lang='lat' dir='ltr'><strong>qui</strong></span> <span class='ocrx_word' id='word_1_85' title='bbox 601 791 768 820; x_wconf 83' lang='lat' dir='ltr'><strong>commercia</strong></span> <span class='ocrx_word' id='word_1_86' title='bbox 787 791 864 819; x_wconf 82' lang='lat' dir='ltr'><strong>inter</strong></span> 
     </span>
     <span class='ocr_line' id='line_1_14' title="bbox 155 831 862 873; baseline 0 -11"><span class='ocrx_word' id='word_1_87' title='bbox 155 841 184 862; x_wconf 75' lang='lat' dir='ltr'><strong>se</strong></span> <span class='ocrx_word' id='word_1_88' title='bbox 200 831 317 868; x_wconf 73' lang='lat' dir='ltr'><strong>habent,</strong></span> <span class='ocrx_word' id='word_1_89' title='bbox 333 832 385 871; x_wconf 87' lang='lat' dir='ltr'><strong>qui</strong></span> <span class='ocrx_word' id='word_1_90' title='bbox 408 838 529 862; x_wconf 89' lang='lat' dir='ltr'><strong>mutuos</strong></span> <span class='ocrx_word' id='word_1_91' title='bbox 545 843 589 862; x_wconf 81' lang='lat' dir='ltr'><strong>sc.</strong></span> <span class='ocrx_word' id='word_1_92' title='bbox 604 837 780 862; x_wconf 74' lang='lat' dir='ltr'><strong>comractus</strong></span> <span class='ocrx_word' id='word_1_93' title='bbox 797 833 862 873; x_wconf 83' lang='lat' dir='ltr'><strong>agi-</strong></span> 
     </span>
     <span class='ocr_line' id='line_1_15' title="bbox 155 873 862 916; baseline 0.001 -12"><span class='ocrx_word' id='word_1_94' title='bbox 155 878 235 905; x_wconf 86' lang='lat' dir='ltr'><strong>tant:</strong></span> <span class='ocrx_word' id='word_1_95' title='bbox 259 874 392 914; x_wconf 84' lang='lat' dir='ltr'><strong>ideoque</strong></span> <span class='ocrx_word' id='word_1_96' title='bbox 408 886 463 916; x_wconf 88' lang='lat' dir='ltr'><strong>pro</strong></span> <span class='ocrx_word' id='word_1_97' title='bbox 477 873 631 914; x_wconf 68' lang='grc' dir='ltr'><strong><em>συμξόλων</em></strong></span> <span class='ocrx_word' id='word_1_98' title='bbox 645 876 707 914; x_wconf 75' lang='lat' dir='ltr'><strong>leg.</strong></span> <span class='ocrx_word' id='word_1_99' title='bbox 723 875 862 915; x_wconf 84' lang='lat' dir='ltr'>suspica-</span> 
     </span>
     <span class='ocr_line' id='line_1_16' title="bbox 156 917 862 958; baseline 0.003 -11"><span class='ocrx_word' id='word_1_100' title='bbox 156 921 206 948; x_wconf 87' lang='lat' dir='ltr'><strong>tur</strong></span> <span class='ocrx_word' id='word_1_101' title='bbox 220 917 417 958; x_wconf 73' lang='grc' dir='ltr'><strong>συμβολαίων.</strong></span> <span class='ocrx_word' id='word_1_102' title='bbox 442 917 612 957; x_wconf 76' lang='grc' dir='ltr'><strong><em>Συμβόλαια</em></strong></span> <span class='ocrx_word' id='word_1_103' title='bbox 629 919 707 948; x_wconf 84' lang='lat' dir='ltr'><strong>enim</strong></span> <span class='ocrx_word' id='word_1_104' title='bbox 722 920 777 949; x_wconf 91' lang='lat' dir='ltr'><strong>Gr.</strong></span> <span class='ocrx_word' id='word_1_105' title='bbox 794 928 862 949; x_wconf 84' lang='lat' dir='ltr'><strong>con-</strong></span> 
     </span>
     <span class='ocr_line' id='line_1_17' title="bbox 155 961 862 1000; baseline 0.001 -10"><span class='ocrx_word' id='word_1_106' title='bbox 155 966 268 991; x_wconf 80' lang='lat' dir='ltr'><strong>tractus</strong></span> <span class='ocrx_word' id='word_1_107' title='bbox 285 967 314 991; x_wconf 81' lang='lat' dir='ltr'><strong>et</strong></span> <span class='ocrx_word' id='word_1_108' title='bbox 328 963 507 997; x_wconf 81' lang='lat' dir='ltr'><strong>commercio,</strong></span> <span class='ocrx_word' id='word_1_109' title='bbox 524 972 582 991; x_wconf 91' lang='lat' dir='ltr'><strong>non</strong></span> <span class='ocrx_word' id='word_1_110' title='bbox 604 961 755 1000; x_wconf 76' lang='grc' dir='ltr'>σύμβολα.</span> <span class='ocrx_word' id='word_1_111' title='bbox 801 962 862 992; x_wconf 86' lang='lat' dir='ltr'><strong>Sed</strong></span> 
     </span>
     <span class='ocr_line' id='line_1_18' title="bbox 156 1004 862 1044; baseline 0.003 -11"><span class='ocrx_word' id='word_1_112' title='bbox 156 1004 234 1034; x_wconf 82' lang='lat' dir='ltr'><strong>alius</strong></span> <span class='ocrx_word' id='word_1_113' title='bbox 258 1005 395 1043; x_wconf 81' lang='lat' dir='ltr'><strong>profecto</strong></span> <span class='ocrx_word' id='word_1_114' title='bbox 416 1015 524 1034; x_wconf 85' lang='lat' dir='ltr'><strong>sensus</strong></span> <span class='ocrx_word' id='word_1_115' title='bbox 547 1007 613 1044; x_wconf 85' lang='lat' dir='ltr'><strong>ejus</strong></span> <span class='ocrx_word' id='word_1_116' title='bbox 634 1005 695 1034; x_wconf 90' lang='lat' dir='ltr'><strong>loci</strong></span> <span class='ocrx_word' id='word_1_117' title='bbox 718 1009 781 1034; x_wconf 89' lang='lat' dir='ltr'><strong>est:</strong></span> <span class='ocrx_word' id='word_1_118' title='bbox 806 1015 862 1035; x_wconf 83' lang='lat' dir='ltr'><strong>nec</strong></span> 
     </span>
     <span class='ocr_line' id='line_1_19' title="bbox 155 1047 863 1078; baseline 0.001 -2"><span class='ocrx_word' id='word_1_119' title='bbox 155 1047 229 1076; x_wconf 86' lang='lat' dir='ltr'><strong>satis</strong></span> <span class='ocrx_word' id='word_1_120' title='bbox 242 1047 315 1076; x_wconf 83' lang='lat' dir='ltr'><strong>mihi</strong></span> <span class='ocrx_word' id='word_1_121' title='bbox 331 1053 488 1077; x_wconf 83' lang='lat' dir='ltr'><strong>assecutus</strong></span> <span class='ocrx_word' id='word_1_122' title='bbox 505 1048 627 1078; x_wconf 87' lang='lat' dir='ltr'><strong>videtur</strong></span> <span class='ocrx_word' id='word_1_123' title='bbox 641 1053 771 1077; x_wconf 79' lang='lat' dir='ltr'><strong>mentem</strong></span> <span class='ocrx_word' id='word_1_124' title='bbox 789 1048 863 1078; x_wconf 87' lang='lat' dir='ltr'><strong>Phi·</strong></span> 
     </span>
     <span class='ocr_line' id='line_1_20' title="bbox 153 1090 862 1131; baseline 0.001 -11"><span class='ocrx_word' id='word_1_125' title='bbox 153 1090 213 1120; x_wconf 86' lang='lat' dir='ltr'><strong>los.</strong></span> <span class='ocrx_word' id='word_1_126' title='bbox 229 1090 368 1120; x_wconf 84' lang='lat' dir='ltr'><strong>eruditus</strong></span> <span class='ocrx_word' id='word_1_127' title='bbox 386 1091 554 1130; x_wconf 75' lang='lat' dir='ltr'><strong>interpres,</strong></span> <span class='ocrx_word' id='word_1_128' title='bbox 575 1101 629 1120; x_wconf 82' lang='lat' dir='ltr'><strong>seu</strong></span> <span class='ocrx_word' id='word_1_129' title='bbox 650 1091 753 1131; x_wconf 86' lang='lat' dir='ltr'><strong>potius</strong></span> <span class='ocrx_word' id='word_1_130' title='bbox 773 1101 862 1131; x_wconf 88' lang='lat' dir='ltr'><strong>para-</strong></span> 
     </span>
     <span class='ocr_line' id='line_1_21' title="bbox 152 1134 859 1174; baseline 0.001 -12"><span class='ocrx_word' id='word_1_131' title='bbox 152 1134 295 1172; x_wconf 83' lang='lat' dir='ltr'><strong>phrastes</strong></span> <span class='ocrx_word' id='word_1_132' title='bbox 323 1134 361 1164; x_wconf 91' lang='lat' dir='ltr'><strong>P.</strong></span> <span class='ocrx_word' id='word_1_133' title='bbox 389 1134 559 1170; x_wconf 89' lang='lat' dir='ltr'><strong>Romanus,</strong></span> <span class='ocrx_word' id='word_1_134' title='bbox 586 1134 638 1174; x_wconf 89' lang='lat' dir='ltr'><strong>qui</strong></span> <span class='ocrx_word' id='word_1_135' title='bbox 671 1134 724 1163; x_wconf 89' lang='lat' dir='ltr'><strong>illa</strong></span> <span class='ocrx_word' id='word_1_136' title='bbox 749 1135 859 1164; x_wconf 88' lang='lat' dir='ltr'><strong>verba:</strong></span> 
     </span>
     <span class='ocr_line' id='line_1_22' title="bbox 152 1175 863 1218; baseline 0.001 -12"><span class='ocrx_word' id='word_1_137' title='bbox 152 1177 236 1206; x_wconf 76' lang='grc' dir='ltr'><strong><em>τοῦτο</em></strong></span> <span class='ocrx_word' id='word_1_138' title='bbox 259 1179 313 1217; x_wconf 72' lang='grc' dir='ltr'><strong>γὰξ</strong></span> <span class='ocrx_word' id='word_1_139' title='bbox 335 1177 458 1218; x_wconf 73' lang='grc' dir='ltr'><strong><em>ὑπάρχει</em></strong></span> <span class='ocrx_word' id='word_1_140' title='bbox 480 1177 528 1206; x_wconf 77' lang='grc' dir='ltr'><strong>καὶ</strong></span> <span class='ocrx_word' id='word_1_141' title='bbox 551 1178 611 1211; x_wconf 79' lang='grc' dir='ltr'><strong><em>τοῖς</em></strong></span> <span class='ocrx_word' id='word_1_142' title='bbox 631 1177 688 1208; x_wconf 72' lang='grc' dir='ltr'><strong>ἀπὸ</strong></span> <span class='ocrx_word' id='word_1_143' title='bbox 711 1175 863 1215; x_wconf 63' lang='grc' dir='ltr'><strong><em>συμέόλων</em></strong></span> 
     </span>
     <span class='ocr_line' id='line_1_23' title="bbox 152 1220 863 1261; baseline 0 -11"><span class='ocrx_word' id='word_1_144' title='bbox 152 1221 321 1250; x_wconf 60' lang='grc' dir='ltr'><strong><em>κοινωνοῦσα</em></strong></span> <span class='ocrx_word' id='word_1_145' title='bbox 339 1220 383 1249; x_wconf 84' lang='lat' dir='ltr'><strong>sic</strong></span> <span class='ocrx_word' id='word_1_146' title='bbox 394 1221 550 1250; x_wconf 78' lang='lat' dir='ltr'>transfert:</span> <span class='ocrx_word' id='word_1_147' title='bbox 567 1221 626 1250; x_wconf 81' lang='lat' dir='ltr'><strong>hoec</strong></span> <span class='ocrx_word' id='word_1_148' title='bbox 639 1220 863 1261; x_wconf 81' lang='lat' dir='ltr'><strong>enimfacnlcas</strong></span> 
     </span>
     <span class='ocr_line' id='line_1_24' title="bbox 152 1263 862 1303; baseline 0.001 -11"><span class='ocrx_word' id='word_1_149' title='bbox 152 1263 240 1292; x_wconf 79' lang='lat' dir='ltr'><strong>etiam</strong></span> <span class='ocrx_word' id='word_1_150' title='bbox 262 1263 498 1303; x_wconf 79' lang='lat' dir='ltr'><strong><em>negotiatoribus,</em></strong></span> <span class='ocrx_word' id='word_1_151' title='bbox 521 1264 572 1303; x_wconf 80' lang='lat' dir='ltr'><strong>qui</strong></span> <span class='ocrx_word' id='word_1_152' title='bbox 595 1265 704 1293; x_wconf 75' lang='lat' dir='ltr'><strong><em>tesseris</em></strong></span> <span class='ocrx_word' id='word_1_153' title='bbox 733 1269 862 1294; x_wconf 79' lang='lat' dir='ltr'><strong>utuntur</strong></span> 
     </span>
     <span class='ocr_line' id='line_1_25' title="bbox 152 1307 861 1341; baseline 0.001 -5"><span class='ocrx_word' id='word_1_154' title='bbox 152 1307 231 1336; x_wconf 80' lang='lat' dir='ltr'><strong>inter</strong></span> <span class='ocrx_word' id='word_1_155' title='bbox 245 1316 272 1336; x_wconf 86' lang='lat' dir='ltr'><strong>se</strong></span> <span class='ocrx_word' id='word_1_156' title='bbox 286 1307 497 1341; x_wconf 83' lang='lat' dir='ltr'><strong>communibus,</strong></span> <span class='ocrx_word' id='word_1_157' title='bbox 511 1307 691 1337; x_wconf 80' lang='lat' dir='ltr'><em>conceditur.</em></span> <span class='ocrx_word' id='word_1_158' title='bbox 733 1308 804 1336; x_wconf 85' lang='lat' dir='ltr'><strong>Nun</strong></span> <span class='ocrx_word' id='word_1_159' title='bbox 822 1307 861 1337; x_wconf 89' lang='lat' dir='ltr'><strong>de</strong></span> 
     </span>
     <span class='ocr_line' id='line_1_26' title="bbox 152 1349 861 1387; baseline 0.003 -9"><span class='ocrx_word' id='word_1_160' title='bbox 152 1349 227 1379; x_wconf 80' lang='lat' dir='ltr'><strong>solis</strong></span> <span class='ocrx_word' id='word_1_161' title='bbox 241 1350 483 1387; x_wconf 69' lang='lat' dir='ltr'>negotiatoribus</span> <span class='ocrx_word' id='word_1_162' title='bbox 497 1360 549 1379; x_wconf 83' lang='lat' dir='ltr'><strong>seu</strong></span> <span class='ocrx_word' id='word_1_163' title='bbox 563 1350 782 1379; x_wconf 73' lang='lat' dir='ltr'>mercatoribus</span> <span class='ocrx_word' id='word_1_164' title='bbox 796 1351 861 1380; x_wconf 86' lang='lat' dir='ltr'><strong>haec</strong></span> 
     </span>
     <span class='ocr_line' id='line_1_27' title="bbox 152 1392 861 1433; baseline 0.001 -11"><span class='ocrx_word' id='word_1_165' title='bbox 152 1393 248 1422; x_wconf 84' lang='lat' dir='ltr'><strong>verba</strong></span> <span class='ocrx_word' id='word_1_166' title='bbox 263 1392 461 1431; x_wconf 78' lang='lat' dir='ltr'><strong>intelligenda</strong></span> <span class='ocrx_word' id='word_1_167' title='bbox 478 1399 559 1423; x_wconf 86' lang='lat' dir='ltr'><strong>sunt.</strong></span> <span class='ocrx_word' id='word_1_168' title='bbox 604 1393 722 1433; x_wconf 85' lang='lat' dir='ltr'><strong>Scopns</strong></span> <span class='ocrx_word' id='word_1_169' title='bbox 742 1394 861 1423; x_wconf 74' lang='lat' dir='ltr'><strong>Aristo-</strong></span> 
     </span>
     <span class='ocr_line' id='line_1_28' title="bbox 153 1436 859 1466; baseline 0.001 -1"><span class='ocrx_word' id='word_1_170' title='bbox 153 1436 224 1465; x_wconf 88' lang='lat' dir='ltr'><strong>telis</strong></span> <span class='ocrx_word' id='word_1_171' title='bbox 239 1440 286 1465; x_wconf 82' lang='lat' dir='ltr'><strong>est</strong></span> <span class='ocrx_word' id='word_1_172' title='bbox 303 1441 335 1465; x_wconf 92' lang='lat' dir='ltr'><strong>ut</strong></span> <span class='ocrx_word' id='word_1_173' title='bbox 347 1437 487 1466; x_wconf 84' lang='lat' dir='ltr'><strong>ostendat</strong></span> <span class='ocrx_word' id='word_1_174' title='bbox 501 1443 634 1465; x_wconf 89' lang='lat' dir='ltr'><strong>naturam</strong></span> <span class='ocrx_word' id='word_1_175' title='bbox 653 1442 683 1466; x_wconf 87' lang='lat' dir='ltr'><strong>et</strong></span> <span class='ocrx_word' id='word_1_176' title='bbox 698 1437 859 1466; x_wconf 73' lang='lat' dir='ltr'>essentiam</span> 
     </span>
     <span class='ocr_line' id='line_1_29' title="bbox 151 1478 861 1519; baseline 0.001 -11"><span class='ocrx_word' id='word_1_177' title='bbox 151 1478 242 1514; x_wconf 81' lang='lat' dir='ltr'><strong>civis,</strong></span> <span class='ocrx_word' id='word_1_178' title='bbox 254 1479 420 1518; x_wconf 77' lang='lat' dir='ltr'>doceatque</span> <span class='ocrx_word' id='word_1_179' title='bbox 434 1479 464 1508; x_wconf 92' lang='lat' dir='ltr'><strong>in</strong></span> <span class='ocrx_word' id='word_1_180' title='bbox 477 1490 537 1519; x_wconf 90' lang='lat' dir='ltr'><strong>quo</strong></span> <span class='ocrx_word' id='word_1_181' title='bbox 551 1479 698 1509; x_wconf 73' lang='lat' dir='ltr'><strong>consistat</strong></span> <span class='ocrx_word' id='word_1_182' title='bbox 713 1481 788 1510; x_wconf 84' lang='lat' dir='ltr'><strong>ratio</strong></span> <span class='ocrx_word' id='word_1_183' title='bbox 798 1480 861 1509; x_wconf 82' lang='lat' dir='ltr'><strong>for-</strong></span> 
     </span>
     <span class='ocr_line' id='line_1_30' title="bbox 153 1521 861 1562; baseline 0.001 -10"><span class='ocrx_word' id='word_1_184' title='bbox 153 1522 241 1552; x_wconf 82' lang='lat' dir='ltr'><strong>malis</strong></span> <span class='ocrx_word' id='word_1_185' title='bbox 260 1523 311 1551; x_wconf 78' lang='grc' dir='ltr'><strong><em>τοῦ</em></strong></span> <span class='ocrx_word' id='word_1_186' title='bbox 332 1521 460 1559; x_wconf 77' lang='grc' dir='ltr'><strong><em>πολίτου,</em></strong></span> <span class='ocrx_word' id='word_1_187' title='bbox 476 1528 507 1552; x_wconf 88' lang='lat' dir='ltr'><strong>et</strong></span> <span class='ocrx_word' id='word_1_188' title='bbox 527 1523 600 1562; x_wconf 90' lang='lat' dir='ltr'><strong>quid</strong></span> <span class='ocrx_word' id='word_1_189' title='bbox 626 1524 665 1552; x_wconf 78' lang='lat' dir='ltr'><strong>sit</strong></span> <span class='ocrx_word' id='word_1_190' title='bbox 690 1525 770 1562; x_wconf 90' lang='lat' dir='ltr'><strong>quod</strong></span> <span class='ocrx_word' id='word_1_191' title='bbox 791 1533 861 1562; x_wconf 87' lang='lat' dir='ltr'><strong>pro·</strong></span> 
     </span>
     <span class='ocr_line' id='line_1_31' title="bbox 152 1565 860 1605; baseline 0.001 -10"><span class='ocrx_word' id='word_1_192' title='bbox 152 1566 218 1604; x_wconf 90' lang='lat' dir='ltr'><strong>prie</strong></span> <span class='ocrx_word' id='word_1_193' title='bbox 234 1565 400 1595; x_wconf 82' lang='lat' dir='ltr'><strong>constituat</strong></span> <span class='ocrx_word' id='word_1_194' title='bbox 580 1577 588 1604; x_wconf 90' lang='lat'>;</span> <span class='ocrx_word' id='word_1_195' title='bbox 612 1571 642 1595; x_wconf 89' lang='lat' dir='ltr'><strong>et</strong></span> <span class='ocrx_word' id='word_1_196' title='bbox 657 1567 785 1605; x_wconf 89' lang='lat' dir='ltr'><strong>primum</strong></span> <span class='ocrx_word' id='word_1_197' title='bbox 805 1578 860 1605; x_wconf 83' lang='lat' dir='ltr'><strong>pro</strong></span> 
     </span>
     <span class='ocr_line' id='line_1_32' title="bbox 152 1608 860 1648; baseline 0.003 -11"><span class='ocrx_word' id='word_1_198' title='bbox 152 1619 237 1638; x_wconf 86' lang='lat' dir='ltr'><strong>more</strong></span> <span class='ocrx_word' id='word_1_199' title='bbox 249 1619 305 1638; x_wconf 88' lang='lat' dir='ltr'><strong>suo</strong></span> <span class='ocrx_word' id='word_1_200' title='bbox 322 1608 627 1648; x_wconf 80' lang='lat' dir='ltr'><strong>proceditnegative.</strong></span> <span class='ocrx_word' id='word_1_201' title='bbox 652 1610 860 1640; x_wconf 74' lang='lat' dir='ltr'><strong>communitas</strong></span> 
     </span>
     <span class='ocr_line' id='line_1_33' title="bbox 153 1651 861 1692; baseline 0.003 -12"><span class='ocrx_word' id='word_1_202' title='bbox 153 1651 287 1692; x_wconf 83' lang='lat' dir='ltr'><strong>(inquit)</strong></span> <span class='ocrx_word' id='word_1_203' title='bbox 300 1652 358 1681; x_wconf 84' lang='lat' dir='ltr'><strong>loci</strong></span> <span class='ocrx_word' id='word_1_204' title='bbox 371 1657 399 1681; x_wconf 90' lang='lat' dir='ltr'><strong>et</strong></span> <span class='ocrx_word' id='word_1_205' title='bbox 415 1652 610 1682; x_wconf 65' lang='lat' dir='ltr'>habitationis</span> <span class='ocrx_word' id='word_1_206' title='bbox 626 1663 681 1681; x_wconf 92' lang='lat' dir='ltr'><strong>non</strong></span> <span class='ocrx_word' id='word_1_207' title='bbox 699 1653 861 1683; x_wconf 80' lang='lat' dir='ltr'><strong>constituit</strong></span> 
     </span>
     <span class='ocr_line' id='line_1_34' title="bbox 151 1693 860 1733; baseline 0.001 -10"><span class='ocrx_word' id='word_1_208' title='bbox 151 1694 268 1724; x_wconf 84' lang='lat' dir='ltr'><strong>civem:</strong></span> <span class='ocrx_word' id='word_1_209' title='bbox 293 1695 305 1724; x_wconf 81' lang='grc' dir='ltr'>ὅ</span> <span class='ocrx_word' id='word_1_210' title='bbox 317 1693 345 1724; x_wconf 72' lang='grc' dir='ltr'><strong>δὲ</strong></span> <span class='ocrx_word' id='word_1_211' title='bbox 361 1694 479 1728; x_wconf 74' lang='grc' dir='ltr'><strong><em>πολίτης</em></strong></span> <span class='ocrx_word' id='word_1_212' title='bbox 490 1707 517 1724; x_wconf 87' lang='grc' dir='ltr'><strong><em>ου</em></strong></span> <span class='ocrx_word' id='word_1_213' title='bbox 530 1696 573 1733; x_wconf 81' lang='grc' dir='ltr'><strong>τῷ</strong></span> <span class='ocrx_word' id='word_1_214' title='bbox 587 1695 640 1724; x_wconf 74' lang='grc' dir='ltr'><strong><em>οἶκε</em></strong></span> <span class='ocrx_word' id='word_1_215' title='bbox 645 1708 666 1725; x_wconf 85' lang='grc' dir='ltr'><strong>ιν</strong></span> <span class='ocrx_word' id='word_1_216' title='bbox 678 1707 730 1725; x_wconf 75' lang='grc' dir='ltr'><strong>που</strong></span> <span class='ocrx_word' id='word_1_217' title='bbox 742 1696 860 1730; x_wconf 78' lang='grc' dir='ltr'><strong><em>πολίτνς</em></strong></span> 
     </span>
     <span class='ocr_line' id='line_1_35' title="bbox 152 1735 858 1779; baseline 0.003 -12"><span class='ocrx_word' id='word_1_218' title='bbox 152 1735 228 1768; x_wconf 79' lang='grc' dir='ltr'><strong><em>ἐστί.</em></strong></span> <span class='ocrx_word' id='word_1_219' title='bbox 257 1739 336 1768; x_wconf 82' lang='lat' dir='ltr'><strong>&#39;lum</strong></span> <span class='ocrx_word' id='word_1_220' title='bbox 349 1738 428 1767; x_wconf 91' lang='lat' dir='ltr'><strong>enim</strong></span> <span class='ocrx_word' id='word_1_221' title='bbox 445 1738 573 1778; x_wconf 80' lang='grc' dir='ltr'><strong><em>μέτοικοι</em></strong></span> <span class='ocrx_word' id='word_1_222' title='bbox 587 1739 635 1768; x_wconf 71' lang='grc' dir='ltr'><strong>καὶ</strong></span> <span class='ocrx_word' id='word_1_223' title='bbox 652 1739 751 1773; x_wconf 73' lang='grc' dir='ltr'><strong><em>δοῦλοι,</em></strong></span> <span class='ocrx_word' id='word_1_224' title='bbox 765 1741 858 1779; x_wconf 77' lang='lat' dir='ltr'><strong>inqui·</strong></span> 
     </span>
     <span class='ocr_line' id='line_1_36' title="bbox 154 1782 859 1821; baseline 0.001 -10"><span class='ocrx_word' id='word_1_225' title='bbox 154 1782 211 1811; x_wconf 80' lang='lat' dir='ltr'><strong>lini</strong></span> <span class='ocrx_word' id='word_1_226' title='bbox 234 1788 262 1812; x_wconf 84' lang='lat' dir='ltr'><strong>et</strong></span> <span class='ocrx_word' id='word_1_227' title='bbox 285 1782 371 1817; x_wconf 81' lang='lat' dir='ltr'><strong>servi,</strong></span> <span class='ocrx_word' id='word_1_228' title='bbox 395 1787 499 1811; x_wconf 85' lang='lat' dir='ltr'><strong>essent</strong></span> <span class='ocrx_word' id='word_1_229' title='bbox 526 1782 622 1812; x_wconf 77' lang='lat' dir='ltr'><strong>cives.</strong></span> <span class='ocrx_word' id='word_1_230' title='bbox 674 1783 735 1812; x_wconf 87' lang='lat' dir='ltr'><strong>Sed</strong></span> <span class='ocrx_word' id='word_1_231' title='bbox 761 1793 859 1821; x_wconf 85' lang='lat' dir='ltr'><strong>neque</strong></span> 
     </span>
     <span class='ocr_line' id='line_1_37' title="bbox 153 1824 859 1864; baseline 0.001 -10"><span class='ocrx_word' id='word_1_232' title='bbox 153 1824 354 1854; x_wconf 84' lang='lat' dir='ltr'><strong>communitas</strong></span> <span class='ocrx_word' id='word_1_233' title='bbox 384 1824 442 1854; x_wconf 80' lang='lat' dir='ltr'><strong>fori</strong></span> <span class='ocrx_word' id='word_1_234' title='bbox 472 1831 563 1863; x_wconf 83' lang='lat' dir='ltr'><strong>atque</strong></span> <span class='ocrx_word' id='word_1_235' title='bbox 590 1825 702 1864; x_wconf 86' lang='lat' dir='ltr'><strong>judicii</strong></span> <span class='ocrx_word' id='word_1_236' title='bbox 735 1826 859 1864; x_wconf 78' lang='lat' dir='ltr'>proprie</span> 
     </span>
     <span class='ocr_line' id='line_1_38' title="bbox 154 1864 861 1909; baseline 0.001 -13"><span class='ocrx_word' id='word_1_237' title='bbox 154 1867 252 1897; x_wconf 86' lang='lat' dir='ltr'><strong>civem</strong></span> <span class='ocrx_word' id='word_1_238' title='bbox 269 1868 357 1897; x_wconf 79' lang='lat' dir='ltr'><strong>facit:</strong></span> <span class='ocrx_word' id='word_1_239' title='bbox 375 1864 429 1896; x_wconf 72' lang='grc' dir='ltr'><strong><em>οὐδ’</em></strong></span> <span class='ocrx_word' id='word_1_240' title='bbox 439 1867 461 1896; x_wconf 77' lang='grc' dir='ltr'><strong><em>οἳ</em></strong></span> <span class='ocrx_word' id='word_1_241' title='bbox 476 1866 583 1897; x_wconf 72' lang='grc' dir='ltr'><strong><em>δικαίων</em></strong></span> <span class='ocrx_word' id='word_1_242' title='bbox 590 1868 765 1909; x_wconf 75' lang='grc' dir='ltr'><strong><em>μετέχοντες</em></strong></span> <span class='ocrx_word' id='word_1_243' title='bbox 776 1867 861 1902; x_wconf 64' lang='grc' dir='ltr'><strong><em>οὕτως</em></strong></span> 
     </span>
     <span class='ocr_line' id='line_1_39' title="bbox 152 1909 859 1951; baseline 0.003 -11"><span class='ocrx_word' id='word_1_244' title='bbox 152 1911 229 1941; x_wconf 69' lang='grc' dir='ltr'><strong><em>ὥστε</em></strong></span> <span class='ocrx_word' id='word_1_245' title='bbox 239 1911 287 1940; x_wconf 79' lang='grc' dir='ltr'><strong>καὶ</strong></span> <span class='ocrx_word' id='word_1_246' title='bbox 303 1909 374 1941; x_wconf 71' lang='grc' dir='ltr'><strong><em>δίκην</em></strong></span> <span class='ocrx_word' id='word_1_247' title='bbox 388 1909 506 1951; x_wconf 77' lang='grc' dir='ltr'><strong><em>ὑπέχειν</em></strong></span> <span class='ocrx_word' id='word_1_248' title='bbox 519 1911 566 1939; x_wconf 77' lang='grc' dir='ltr'><strong>καὶ</strong></span> <span class='ocrx_word' id='word_1_249' title='bbox 582 1910 675 1951; x_wconf 74' lang='grc' dir='ltr'><strong><em>δικάζε</em></strong></span> <span class='ocrx_word' id='word_1_250' title='bbox 665 1911 763 1941; x_wconf 72' lang='grc' dir='ltr'><strong><em>ε.σξ·αι</em></strong></span> <span class='ocrx_word' id='word_1_251' title='bbox 809 1918 859 1942; x_wconf 84' lang='grc' dir='ltr'><strong><em>Δι-</em></strong></span> 
     </span>
     <span class='ocr_line' id='line_1_40' title="bbox 151 1953 861 1994; baseline 0.001 -11"><span class='ocrx_word' id='word_1_252' title='bbox 151 1953 234 1983; x_wconf 67' lang='lat' dir='ltr'><strong>naim</strong></span> <span class='ocrx_word' id='word_1_253' title='bbox 247 1955 387 1994; x_wconf 81' lang='grc' dir='ltr'><strong><em>μετέχειν</em></strong></span> <span class='ocrx_word' id='word_1_254' title='bbox 402 1959 449 1983; x_wconf 80' lang='lat' dir='ltr'><strong>est</strong></span> <span class='ocrx_word' id='word_1_255' title='bbox 469 1954 550 1990; x_wconf 86' lang='lat' dir='ltr'><strong>qnod</strong></span> <span class='ocrx_word' id='word_1_256' title='bbox 568 1954 662 1991; x_wconf 76' lang='lat' dir='ltr'><strong>vulgo</strong></span> <span class='ocrx_word' id='word_1_257' title='bbox 682 1955 813 1984; x_wconf 82' lang='lat' dir='ltr'><strong>dicimus</strong></span> <span class='ocrx_word' id='word_1_258' title='bbox 834 1961 861 1984; x_wconf 80' lang='lat' dir='ltr'><strong>to</strong></span> 
     </span>
     <span class='ocr_line' id='line_1_41' title="bbox 153 1995 861 2037; baseline 0.001 -11"><span class='ocrx_word' id='word_1_259' title='bbox 153 1996 227 2027; x_wconf 75' lang='lat' dir='ltr'><strong>haue</strong></span> <span class='ocrx_word' id='word_1_260' title='bbox 238 1998 285 2027; x_wconf 68' lang='lat' dir='ltr'><strong>tlte</strong></span> <span class='ocrx_word' id='word_1_261' title='bbox 299 1997 402 2036; x_wconf 75' lang='lat' dir='ltr'><strong>beriejil</strong></span> <span class='ocrx_word' id='word_1_262' title='bbox 416 1995 508 2037; x_wconf 68' lang='lat' dir='ltr'><strong>ofthe</strong></span> <span class='ocrx_word' id='word_1_263' title='bbox 524 1997 597 2026; x_wconf 77' lang='lat' dir='ltr'><em>law:</em></span> <span class='ocrx_word' id='word_1_264' title='bbox 615 1999 694 2036; x_wconf 85' lang='lat' dir='ltr'><strong>qood</strong></span> <span class='ocrx_word' id='word_1_265' title='bbox 714 1998 752 2027; x_wconf 89' lang='lat' dir='ltr'><strong>iis</strong></span> <span class='ocrx_word' id='word_1_266' title='bbox 766 1998 861 2027; x_wconf 87' lang='lat' dir='ltr'><strong>omni-</strong></span> 
     </span>
     <span class='ocr_line' id='line_1_42' title="bbox 152 2039 862 2082; baseline 0.001 -12"><span class='ocrx_word' id='word_1_267' title='bbox 152 2040 210 2070; x_wconf 89' lang='lat' dir='ltr'><strong>bus</strong></span> <span class='ocrx_word' id='word_1_268' title='bbox 226 2039 387 2079; x_wconf 84' lang='lat' dir='ltr'><strong>contingit,</strong></span> <span class='ocrx_word' id='word_1_269' title='bbox 411 2040 522 2078; x_wconf 82' lang='lat' dir='ltr'><strong>quibus</strong></span> <span class='ocrx_word' id='word_1_270' title='bbox 543 2040 618 2070; x_wconf 87' lang='lat' dir='ltr'><strong>licet</strong></span> <span class='ocrx_word' id='word_1_271' title='bbox 640 2039 711 2071; x_wconf 74' lang='grc' dir='ltr'><strong><em>δίκην</em></strong></span> <span class='ocrx_word' id='word_1_272' title='bbox 726 2040 862 2082; x_wconf 64' lang='grc' dir='ltr'><strong><em>ὑπέχειν,</em></strong></span> 
     </span>
     <span class='ocr_line' id='line_1_43' title="bbox 139 2083 860 2124; baseline 0.003 -12"><span class='ocrx_word' id='word_1_273' title='bbox 139 2083 298 2122; x_wconf 81' lang='lat' dir='ltr'><strong>judicium</strong></span> <span class='ocrx_word' id='word_1_274' title='bbox 319 2083 429 2121; x_wconf 82' lang='lat' dir='ltr'><strong>subire,</strong></span> <span class='ocrx_word' id='word_1_275' title='bbox 442 2093 560 2113; x_wconf 80' lang='lat' dir='ltr'><strong>causum</strong></span> <span class='ocrx_word' id='word_1_276' title='bbox 582 2093 634 2122; x_wconf 85' lang='lat' dir='ltr'><strong>pro</strong></span> <span class='ocrx_word' id='word_1_277' title='bbox 657 2095 684 2114; x_wconf 87' lang='lat' dir='ltr'><strong>se</strong></span> <span class='ocrx_word' id='word_1_278' title='bbox 702 2085 860 2124; x_wconf 81' lang='lat' dir='ltr'><strong>postulare,</strong></span> 
     </span>
     <span class='ocr_line' id='line_1_44' title="bbox 152 2125 860 2168; baseline 0.001 -12"><span class='ocrx_word' id='word_1_279' title='bbox 152 2127 257 2161; x_wconf 77' lang='lat' dir='ltr'><strong>dicere,</strong></span> <span class='ocrx_word' id='word_1_280' title='bbox 274 2127 354 2165; x_wconf 92' lang='lat' dir='ltr'><strong>quod</strong></span> <span class='ocrx_word' id='word_1_281' title='bbox 377 2125 448 2155; x_wconf 77' lang='lat' dir='ltr'><strong>facit</strong></span> <span class='ocrx_word' id='word_1_282' title='bbox 467 2126 479 2155; x_wconf 76' lang='grc' dir='ltr'>ὅ</span> <span class='ocrx_word' id='word_1_283' title='bbox 493 2125 601 2165; x_wconf 69' lang='grc' dir='ltr'><strong><em>φεύγων</em></strong></span> <span class='ocrx_word' id='word_1_284' title='bbox 615 2137 692 2162; x_wconf 78' lang='lat' dir='ltr'><strong>reus,</strong></span> <span class='ocrx_word' id='word_1_285' title='bbox 707 2133 736 2157; x_wconf 91' lang='lat' dir='ltr'><strong>et</strong></span> <span class='ocrx_word' id='word_1_286' title='bbox 753 2127 860 2168; x_wconf 71' lang='grc' dir='ltr'><strong><em>δικάζε-</em></strong></span> 
     </span>
     <span class='ocr_line' id='line_1_45' title="bbox 152 2169 861 2210; baseline 0.001 -11"><span class='ocrx_word' id='word_1_287' title='bbox 152 2169 238 2206; x_wconf 72' lang='grc' dir='ltr'><strong><em>σθαι,</em></strong></span> <span class='ocrx_word' id='word_1_288' title='bbox 256 2170 287 2199; x_wconf 82' lang='lat' dir='ltr'><strong>in</strong></span> <span class='ocrx_word' id='word_1_289' title='bbox 299 2171 356 2208; x_wconf 82' lang='lat' dir='ltr'><strong>jus</strong></span> <span class='ocrx_word' id='word_1_290' title='bbox 377 2179 478 2199; x_wconf 80' lang='lat' dir='ltr'><strong>vocare</strong></span> <span class='ocrx_word' id='word_1_291' title='bbox 497 2171 634 2205; x_wconf 77' lang='lat' dir='ltr'><strong>alterum,</strong></span> <span class='ocrx_word' id='word_1_292' title='bbox 656 2172 737 2210; x_wconf 91' lang='lat' dir='ltr'><strong>quod</strong></span> <span class='ocrx_word' id='word_1_293' title='bbox 755 2171 827 2200; x_wconf 81' lang='lat' dir='ltr'><strong>facit</strong></span> <span class='ocrx_word' id='word_1_294' title='bbox 849 2171 861 2200; x_wconf 82' lang='grc' dir='ltr'>ὁ</span> 
     </span>
     <span class='ocr_line' id='line_1_46' title="bbox 152 2211 861 2255; baseline 0.003 -13"><span class='ocrx_word' id='word_1_295' title='bbox 152 2211 263 2244; x_wconf 71' lang='grc' dir='ltr'><strong><em>διώκων.</em></strong></span> <span class='ocrx_word' id='word_1_296' title='bbox 286 2213 348 2243; x_wconf 85' lang='lat' dir='ltr'><strong>Sed</strong></span> <span class='ocrx_word' id='word_1_297' title='bbox 365 2223 461 2251; x_wconf 86' lang='lat' dir='ltr'><strong>neque</strong></span> <span class='ocrx_word' id='word_1_298' title='bbox 475 2213 532 2242; x_wconf 87' lang='lat' dir='ltr'><strong>hoc</strong></span> <span class='ocrx_word' id='word_1_299' title='bbox 545 2214 635 2242; x_wconf 88' lang='lat' dir='ltr'><strong>rnodo</strong></span> <span class='ocrx_word' id='word_1_300' title='bbox 650 2212 756 2243; x_wconf 77' lang='grc' dir='ltr'><strong><em>δικαίων</em></strong></span> <span class='ocrx_word' id='word_1_301' title='bbox 770 2213 861 2255; x_wconf 85' lang='grc' dir='ltr'><strong><em>μετέ-</em></strong></span> 
     </span>
     <span class='ocr_line' id='line_1_47' title="bbox 153 2256 861 2298; baseline 0.003 -13"><span class='ocrx_word' id='word_1_302' title='bbox 153 2265 217 2298; x_wconf 85' lang='grc' dir='ltr'><strong><em>χειν</em></strong></span> <span class='ocrx_word' id='word_1_303' title='bbox 229 2256 303 2286; x_wconf 81' lang='lat' dir='ltr'><strong>satis</strong></span> <span class='ocrx_word' id='word_1_304' title='bbox 315 2257 414 2286; x_wconf 83' lang='lat' dir='ltr'><strong>estad</strong></span> <span class='ocrx_word' id='word_1_305' title='bbox 428 2256 672 2286; x_wconf 88' lang='lat' dir='ltr'><strong>constituendum</strong></span> <span class='ocrx_word' id='word_1_306' title='bbox 686 2257 784 2287; x_wconf 85' lang='lat' dir='ltr'><strong>civem</strong></span> <span class='ocrx_word' id='word_1_307' title='bbox 798 2257 861 2298; x_wconf 83' lang='lat' dir='ltr'><strong>(in-</strong></span> 
     </span>
     <span class='ocr_line' id='line_1_48' title="bbox 156 2296 862 2341; baseline 0.003 -13"><span class='ocrx_word' id='word_1_308' title='bbox 156 2299 224 2338; x_wconf 86' lang='lat' dir='ltr'><strong>quit</strong></span> <span class='ocrx_word' id='word_1_309' title='bbox 240 2296 359 2329; x_wconf 82' lang='lat' dir='ltr'><strong>Philus.</strong></span> <span class='ocrx_word' id='word_1_310' title='bbox 363 2298 391 2338; x_wconf 95' lang='grc'><strong><em>).</em></strong></span> <span class='ocrx_word' id='word_1_311' title='bbox 416 2300 501 2329; x_wconf 73' lang='grc' dir='ltr'><strong><em>τοῦτο</em></strong></span> <span class='ocrx_word' id='word_1_312' title='bbox 522 2302 576 2340; x_wconf 79' lang='grc' dir='ltr'><strong>γὰρ</strong></span> <span class='ocrx_word' id='word_1_313' title='bbox 598 2300 722 2341; x_wconf 60' lang='grc' dir='ltr'><strong><em>ὑπάρχει</em></strong></span> <span class='ocrx_word' id='word_1_314' title='bbox 737 2301 784 2330; x_wconf 77' lang='grc' dir='ltr'><strong>καῖ</strong></span> <span class='ocrx_word' id='word_1_315' title='bbox 801 2302 862 2330; x_wconf 68' lang='grc' dir='ltr'><strong><em>τοῖ’·</em></strong></span> <span class='ocrx_word' id='word_1_316' title='bbox 838 2322 859 2334; x_wconf 75' lang='grc'><strong>.,</strong></span> 
     </span>
     <span class='ocr_line' id='line_1_49' title="bbox 155 2339 862 2382; baseline 0.003 -10"><span class='ocrx_word' id='word_1_317' title='bbox 155 2341 214 2372; x_wconf 73' lang='grc' dir='ltr'><strong>ἀπὸ</strong></span> <span class='ocrx_word' id='word_1_318' title='bbox 239 2339 390 2382; x_wconf 67' lang='grc' dir='ltr'><strong><em>συμζόλων</em></strong></span> <span class='ocrx_word' id='word_1_319' title='bbox 416 2344 578 2373; x_wconf 77' lang='grc' dir='ltr'><strong><em>κοινωνοῦσι.</em></strong></span> <span class='ocrx_word' id='word_1_320' title='bbox 610 2343 661 2373; x_wconf 71' lang='lat' dir='ltr'><strong>hsc</strong></span> <span class='ocrx_word' id='word_1_321' title='bbox 689 2346 765 2373; x_wconf 85' lang='lat' dir='ltr'><strong>enim</strong></span> <span class='ocrx_word' id='word_1_322' title='bbox 796 2345 862 2374; x_wconf 82' lang='lat' dir='ltr'><strong>licet</strong></span> 
     </span>
     <span class='ocr_line' id='line_1_50' title="bbox 153 2385 862 2426; baseline 0.003 -11"><span class='ocrx_word' id='word_1_323' title='bbox 153 2387 254 2421; x_wconf 81' lang='lat' dir='ltr'><strong>etium,</strong></span> <span class='ocrx_word' id='word_1_324' title='bbox 269 2391 328 2415; x_wconf 85' lang='lat' dir='ltr'><strong>etc.</strong></span> <span class='ocrx_word' id='word_1_325' title='bbox 353 2385 524 2415; x_wconf 82' lang='lat' dir='ltr'><strong>Videndum</strong></span> <span class='ocrx_word' id='word_1_326' title='bbox 536 2386 632 2424; x_wconf 86' lang='lat' dir='ltr'><strong>igitur</strong></span> <span class='ocrx_word' id='word_1_327' title='bbox 645 2387 717 2425; x_wconf 84' lang='lat' dir='ltr'><strong>quid</strong></span> <span class='ocrx_word' id='word_1_328' title='bbox 732 2388 772 2418; x_wconf 87' lang='lat' dir='ltr'><strong>sit</strong></span> <span class='ocrx_word' id='word_1_329' title='bbox 783 2387 862 2426; x_wconf 82' lang='grc' dir='ltr'><strong><em>σύμ-</em></strong></span> 
     </span>
     <span class='ocr_line' id='line_1_51' title="bbox 155 2427 862 2468; baseline 0.004 -11"><span class='ocrx_word' id='word_1_330' title='bbox 155 2427 247 2464; x_wconf 79' lang='grc' dir='ltr'><strong><em>βολον,</em></strong></span> <span class='ocrx_word' id='word_1_331' title='bbox 263 2434 293 2458; x_wconf 91' lang='lat' dir='ltr'><strong>et</strong></span> <span class='ocrx_word' id='word_1_332' title='bbox 315 2428 366 2468; x_wconf 85' lang='lat' dir='ltr'><strong>qui</strong></span> <span class='ocrx_word' id='word_1_333' title='bbox 390 2428 450 2458; x_wconf 86' lang='lat' dir='ltr'><strong>sint</strong></span> <span class='ocrx_word' id='word_1_334' title='bbox 472 2429 494 2458; x_wconf 82' lang='grc' dir='ltr'><strong><em>οἱ</em></strong></span> <span class='ocrx_word' id='word_1_335' title='bbox 517 2429 574 2459; x_wconf 76' lang='grc' dir='ltr'><strong>ἀπὸ</strong></span> <span class='ocrx_word' id='word_1_336' title='bbox 596 2429 752 2467; x_wconf 78' lang='grc' dir='ltr'><strong><em>συμβόλων</em></strong></span> <span class='ocrx_word' id='word_1_337' title='bbox 772 2441 862 2461; x_wconf 82' lang='grc' dir='ltr'><strong><em>κοινω-</em></strong></span> 
     </span>
     <span class='ocr_line' id='line_1_52' title="bbox 155 2471 862 2512; baseline 0.004 -11"><span class='ocrx_word' id='word_1_338' title='bbox 155 2472 269 2506; x_wconf 73' lang='grc' dir='ltr'><strong><em>νοῦντες.</em></strong></span> <span class='ocrx_word' id='word_1_339' title='bbox 315 2471 455 2511; x_wconf 76' lang='grc' dir='ltr'><strong><em>Σύμβολα</em></strong></span> <span class='ocrx_word' id='word_1_340' title='bbox 485 2473 664 2502; x_wconf 78' lang='lat' dir='ltr'><strong>dicebantur</strong></span> <span class='ocrx_word' id='word_1_341' title='bbox 689 2480 778 2512; x_wconf 81' lang='lat' dir='ltr'><strong>pacta</strong></span> <span class='ocrx_word' id='word_1_342' title='bbox 808 2485 862 2504; x_wconf 88' lang='lat' dir='ltr'><strong>seu</strong></span> 
     </span>
     <span class='ocr_line' id='line_1_53' title="bbox 156 2515 862 2556; baseline 0.003 -11"><span class='ocrx_word' id='word_1_343' title='bbox 156 2522 300 2546; x_wconf 79' lang='lat' dir='ltr'><strong>conventa</strong></span> <span class='ocrx_word' id='word_1_344' title='bbox 316 2516 393 2544; x_wconf 78' lang='lat' dir='ltr'><strong>inter</strong></span> <span class='ocrx_word' id='word_1_345' title='bbox 411 2516 538 2545; x_wconf 76' lang='lat' dir='ltr'><strong>diversos</strong></span> <span class='ocrx_word' id='word_1_346' title='bbox 557 2515 686 2555; x_wconf 79' lang='lat' dir='ltr'><strong>populos,</strong></span> <span class='ocrx_word' id='word_1_347' title='bbox 703 2518 805 2556; x_wconf 77' lang='lat' dir='ltr'><strong>quibus</strong></span> <span class='ocrx_word' id='word_1_348' title='bbox 820 2524 862 2548; x_wconf 86' lang='lat' dir='ltr'><strong>to-</strong></span> 
     </span>
     <span class='ocr_line' id='line_1_54' title="bbox 158 2558 864 2597; baseline 0.003 -9"><span class='ocrx_word' id='word_1_349' title='bbox 158 2558 287 2596; x_wconf 80' lang='lat' dir='ltr'><strong>tumjus</strong></span> <span class='ocrx_word' id='word_1_350' title='bbox 296 2560 461 2588; x_wconf 77' lang='lat' dir='ltr'><strong>commercii</strong></span> <span class='ocrx_word' id='word_1_351' title='bbox 476 2559 553 2588; x_wconf 80' lang='lat' dir='ltr'><strong>inter</strong></span> <span class='ocrx_word' id='word_1_352' title='bbox 564 2560 636 2597; x_wconf 86' lang='lat' dir='ltr'><strong>ipsos</strong></span> <span class='ocrx_word' id='word_1_353' title='bbox 648 2561 864 2591; x_wconf 80' lang='lat' dir='ltr'><strong>continebatur.</strong></span> 
     </span>
     <span class='ocr_line' id='line_1_55' title="bbox 156 2600 863 2641; baseline 0.004 -11"><span class='ocrx_word' id='word_1_354' title='bbox 156 2601 277 2632; x_wconf 83' lang='lat' dir='ltr'><strong>Horum</strong></span> <span class='ocrx_word' id='word_1_355' title='bbox 292 2600 449 2640; x_wconf 71' lang='grc' dir='ltr'><strong><em>συμβόλων</em></strong></span> <span class='ocrx_word' id='word_1_356' title='bbox 463 2601 605 2641; x_wconf 81' lang='lat' dir='ltr'><strong>frequens</strong></span> <span class='ocrx_word' id='word_1_357' title='bbox 622 2603 736 2632; x_wconf 88' lang='lat' dir='ltr'><strong>mentio</strong></span> <span class='ocrx_word' id='word_1_358' title='bbox 753 2603 781 2632; x_wconf 92' lang='lat' dir='ltr'><strong>in</strong></span> <span class='ocrx_word' id='word_1_359' title='bbox 797 2614 863 2633; x_wconf 81' lang='lat' dir='ltr'><strong>ora-</strong></span> 
     </span>
     <span class='ocr_line' id='line_1_56' title="bbox 157 2644 864 2686; baseline 0.003 -12"><span class='ocrx_word' id='word_1_360' title='bbox 157 2644 240 2674; x_wconf 80' lang='lat' dir='ltr'><strong>tione</strong></span> <span class='ocrx_word' id='word_1_361' title='bbox 266 2644 427 2674; x_wconf 84' lang='lat' dir='ltr'><strong>Demosth.</strong></span> <span class='ocrx_word' id='word_1_362' title='bbox 451 2645 522 2685; x_wconf 85' lang='lat' dir='ltr'><strong>(seu</strong></span> <span class='ocrx_word' id='word_1_363' title='bbox 547 2646 649 2684; x_wconf 82' lang='lat' dir='ltr'><strong>potius</strong></span> <span class='ocrx_word' id='word_1_364' title='bbox 673 2646 864 2686; x_wconf 76' lang='lat' dir='ltr'><strong>Hegesippi)</strong></span> 
     </span>
     <span class='ocr_line' id='line_1_57' title="bbox 157 2687 865 2727; baseline -0.001 -9"><span class='ocrx_word' id='word_1_365' title='bbox 157 2688 197 2718; x_wconf 83' lang='lat' dir='ltr'><strong>de</strong></span> <span class='ocrx_word' id='word_1_366' title='bbox 211 2687 378 2718; x_wconf 84' lang='lat' dir='ltr'><strong>Haloneso.</strong></span> <span class='ocrx_word' id='word_1_367' title='bbox 393 2689 576 2727; x_wconf 86' lang='lat' dir='ltr'><strong>Harpocrat.</strong></span> <span class='ocrx_word' id='word_1_368' title='bbox 587 2693 617 2718; x_wconf 86' lang='lat' dir='ltr'><strong>et</strong></span> <span class='ocrx_word' id='word_1_369' title='bbox 628 2688 715 2718; x_wconf 87' lang='lat' dir='ltr'><strong>Suid.</strong></span> <span class='ocrx_word' id='word_1_370' title='bbox 725 2689 865 2727; x_wconf 70' lang='grc' dir='ltr'><strong><em>σύμβολα</em></strong></span> 
     </span>
     <span class='ocr_line' id='line_1_58' title="bbox 159 2729 865 2772; baseline 0.001 -11"><span class='ocrx_word' id='word_1_371' title='bbox 159 2741 272 2770; x_wconf 84' lang='lat' dir='ltr'><strong>expon.</strong></span> <span class='ocrx_word' id='word_1_372' title='bbox 288 2729 436 2766; x_wconf 72' lang='grc' dir='ltr'><strong><em>συνθήκας,</em></strong></span> <span class='ocrx_word' id='word_1_373' title='bbox 451 2731 484 2766; x_wconf 79' lang='grc' dir='ltr'><strong>ἃς</strong></span> <span class='ocrx_word' id='word_1_374' title='bbox 500 2732 532 2761; x_wconf 72' lang='grc' dir='ltr'><strong>ἂν</strong></span> <span class='ocrx_word' id='word_1_375' title='bbox 546 2731 612 2772; x_wconf 78' lang='grc' dir='ltr'>πρὸς</span> <span class='ocrx_word' id='word_1_376' title='bbox 626 2733 755 2766; x_wconf 68' lang='grc' dir='ltr'><strong><em>ἀλλήλας</em></strong></span> <span class='ocrx_word' id='word_1_377' title='bbox 768 2733 797 2761; x_wconf 71' lang='grc' dir='ltr'><strong>αἶ</strong></span> <span class='ocrx_word' id='word_1_378' title='bbox 813 2732 865 2762; x_wconf 73' lang='grc' dir='ltr'><strong>πό·</strong></span> 
     </span>
     <span class='ocr_line' id='line_1_59' title="bbox 159 2773 864 2813; baseline 0.004 -11"><span class='ocrx_word' id='word_1_379' title='bbox 159 2779 218 2807; x_wconf 68' lang='lat' dir='ltr'><strong>Mne</strong></span> <span class='ocrx_word' id='word_1_380' title='bbox 240 2773 362 2813; x_wconf 67' lang='grc' dir='ltr'><strong><em>θέμεναι</em></strong></span> <span class='ocrx_word' id='word_1_381' title='bbox 385 2775 521 2803; x_wconf 77' lang='grc' dir='ltr'><strong><em>τάττωσι</em></strong></span> <span class='ocrx_word' id='word_1_382' title='bbox 545 2776 606 2809; x_wconf 80' lang='grc' dir='ltr'><strong><em>τοῖς</em></strong></span> <span class='ocrx_word' id='word_1_383' title='bbox 629 2774 774 2809; x_wconf 78' lang='grc' dir='ltr'><strong><em>πολίταις.</em></strong></span> <span class='ocrx_word' id='word_1_384' title='bbox 796 2775 864 2809; x_wconf 62' lang='lat' dir='ltr'><strong>iiic-rs</strong></span> 
     </span>
     <span class='ocr_line' id='line_1_60' title="bbox 157 2816 865 2857; baseline 0.003 -11"><span class='ocrx_word' id='word_1_385' title='bbox 157 2816 255 2846; x_wconf 68' lang='grc' dir='ltr'><strong><em>διδόναι</em></strong></span> <span class='ocrx_word' id='word_1_386' title='bbox 277 2817 325 2847; x_wconf 74' lang='grc' dir='ltr'><strong>καὶ</strong></span> <span class='ocrx_word' id='word_1_387' title='bbox 346 2817 504 2855; x_wconf 76' lang='grc' dir='ltr'><strong><em>λαμβάνειν</em></strong></span> <span class='ocrx_word' id='word_1_388' title='bbox 525 2820 566 2847; x_wconf 74' lang='grc' dir='ltr'><strong><em>τὸ.</em></strong></span> <span class='ocrx_word' id='word_1_389' title='bbox 584 2816 688 2847; x_wconf 72' lang='grc' dir='ltr'><strong><em>δίκαια.</em></strong></span> <span class='ocrx_word' id='word_1_390' title='bbox 703 2825 788 2857; x_wconf 80' lang='lat' dir='ltr'><strong>pacta</strong></span> <span class='ocrx_word' id='word_1_391' title='bbox 811 2829 865 2848; x_wconf 85' lang='lat' dir='ltr'><strong>seu</strong></span> 
     </span>
     <span class='ocr_line' id='line_1_61' title="bbox 158 2861 864 2903; baseline 0 -13"><span class='ocrx_word' id='word_1_392' title='bbox 158 2866 295 2890; x_wconf 78' lang='lat' dir='ltr'><strong>conventu</strong></span> <span class='ocrx_word' id='word_1_393' title='bbox 309 2862 444 2898; x_wconf 75' lang='lat' dir='ltr'><strong>publiea,</strong></span> <span class='ocrx_word' id='word_1_394' title='bbox 459 2871 522 2901; x_wconf 76' lang='lat' dir='ltr'><em>‹111ae</em></span> <span class='ocrx_word' id='word_1_395' title='bbox 538 2862 671 2891; x_wconf 65' lang='lat' dir='ltr'><strong>cia-itates</strong></span> <span class='ocrx_word' id='word_1_396' title='bbox 684 2863 760 2891; x_wconf 80' lang='lat' dir='ltr'><strong>inter</strong></span> <span class='ocrx_word' id='word_1_397' title='bbox 774 2872 801 2892; x_wconf 84' lang='lat' dir='ltr'><strong>se</strong></span> <span class='ocrx_word' id='word_1_398' title='bbox 806 2861 864 2903; x_wconf 83' lang='lat' dir='ltr'><strong>fu-</strong></span> 
     </span>
     <span class='ocr_line' id='line_1_62' title="bbox 159 2903 866 2940; baseline 0.003 -7"><span class='ocrx_word' id='word_1_399' title='bbox 159 2904 245 2933; x_wconf 78' lang='lat' dir='ltr'><strong>eiunt</strong></span> <span class='ocrx_word' id='word_1_400' title='bbox 260 2903 426 2940; x_wconf 79' lang='lat' dir='ltr'><strong>dejuribus</strong></span> <span class='ocrx_word' id='word_1_401' title='bbox 440 2910 467 2933; x_wconf 81' lang='lat' dir='ltr'><strong>et</strong></span> <span class='ocrx_word' id='word_1_402' title='bbox 481 2905 657 2934; x_wconf 76' lang='lat' dir='ltr'><strong>commerciis</strong></span> <span class='ocrx_word' id='word_1_403' title='bbox 671 2910 775 2934; x_wconf 79' lang='lat' dir='ltr'><strong>mutuo</strong></span> <span class='ocrx_word' id='word_1_404' title='bbox 789 2906 866 2935; x_wconf 80' lang='lat' dir='ltr'><strong>inter</strong></span> 
     </span>
     <span class='ocr_line' id='line_1_63' title="bbox 161 2944 866 2987; baseline 0.003 -11"><span class='ocrx_word' id='word_1_405' title='bbox 161 2944 344 2986; x_wconf 72' lang='lat' dir='ltr'><strong>sefovendis.</strong></span> <span class='ocrx_word' id='word_1_406' title='bbox 369 2947 569 2977; x_wconf 76' lang='lat' dir='ltr'><strong>Diversarum</strong></span> <span class='ocrx_word' id='word_1_407' title='bbox 583 2947 676 2986; x_wconf 83' lang='lat' dir='ltr'><strong>igitur</strong></span> <span class='ocrx_word' id='word_1_408' title='bbox 686 2948 819 2987; x_wconf 84' lang='lat' dir='ltr'><strong>gentium</strong></span> <span class='ocrx_word' id='word_1_409' title='bbox 836 2953 866 2978; x_wconf 92' lang='lat' dir='ltr'><strong>et</strong></span> 
     </span>
     <span class='ocr_line' id='line_1_64' title="bbox 161 2989 868 3029; baseline 0.004 -11"><span class='ocrx_word' id='word_1_410' title='bbox 161 2989 320 3018; x_wconf 81' lang='lat' dir='ltr'><strong>civitatum</strong></span> <span class='ocrx_word' id='word_1_411' title='bbox 332 2989 427 3026; x_wconf 84' lang='lat' dir='ltr'><strong>cives,</strong></span> <span class='ocrx_word' id='word_1_412' title='bbox 440 2991 491 3029; x_wconf 90' lang='lat' dir='ltr'><strong>qui</strong></span> <span class='ocrx_word' id='word_1_413' title='bbox 505 2991 559 3020; x_wconf 78' lang='lat' dir='ltr'><strong>hoc</strong></span> <span class='ocrx_word' id='word_1_414' title='bbox 572 2991 663 3019; x_wconf 84' lang='lat' dir='ltr'><strong>modo</strong></span> <span class='ocrx_word' id='word_1_415' title='bbox 675 2996 777 3020; x_wconf 84' lang='lat' dir='ltr'><strong>mutua</strong></span> <span class='ocrx_word' id='word_1_416' title='bbox 788 2991 868 3021; x_wconf 89' lang='lat' dir='ltr'><strong>inter</strong></span> 
     </span>
     <span class='ocr_line' id='line_1_65' title="bbox 161 3033 868 3072; baseline 0.004 -11"><span class='ocrx_word' id='word_1_417' title='bbox 161 3042 195 3062; x_wconf 79' lang='lat' dir='ltr'><strong>se</strong></span> <span class='ocrx_word' id='word_1_418' title='bbox 202 3033 273 3071; x_wconf 82' lang='lat' dir='ltr'><strong>jura</strong></span> <span class='ocrx_word' id='word_1_419' title='bbox 282 3036 312 3062; x_wconf 83' lang='lat' dir='ltr'><strong>et</strong></span> <span class='ocrx_word' id='word_1_420' title='bbox 323 3033 508 3064; x_wconf 79' lang='lat' dir='ltr'><strong>commercia</strong></span> <span class='ocrx_word' id='word_1_421' title='bbox 517 3044 554 3064; x_wconf 86' lang='lat' dir='ltr'><strong>ex</strong></span> <span class='ocrx_word' id='word_1_422' title='bbox 563 3039 653 3072; x_wconf 84' lang='lat' dir='ltr'><strong>pacto</strong></span> <span class='ocrx_word' id='word_1_423' title='bbox 664 3034 868 3072; x_wconf 78' lang='lat' dir='ltr'><strong>agitant,sunt</strong></span> 
     </span>
    </p>
   </div>
   <div class='ocr_carea' id='block_1_3' title="bbox 1521 208 1604 250">
    <p class='ocr_par' dir='ltr' id='par_1_3' title="bbox 1521 208 1604 250">
     <span class='ocr_line' id='line_1_66' title="bbox 1521 208 1604 250; baseline -0.012 0"><span class='ocrx_word' id='word_1_424' title='bbox 1521 208 1604 250; x_wconf 80' lang='lat'><strong>519</strong></span> 
     </span>
    </p>
   </div>
   <div class='ocr_carea' id='block_1_4' title="bbox 893 313 1612 3077">
    <p class='ocr_par' dir='ltr' id='par_1_4' title="bbox 896 313 1608 483">
     <span class='ocr_line' id='line_1_67' title="bbox 896 313 1607 356; baseline 0 -11"><span class='ocrx_word' id='word_1_425' title='bbox 896 316 918 346; x_wconf 79' lang='grc' dir='ltr'><strong><em>οῖ</em></strong></span> <span class='ocrx_word' id='word_1_426' title='bbox 930 313 995 346; x_wconf 61' lang='lat' dir='ltr'><strong>clvi</strong></span> <span class='ocrx_word' id='word_1_427' title='bbox 1009 313 1161 355; x_wconf 66' lang='grc' dir='ltr'><strong><em>συμζόλων</em></strong></span> <span class='ocrx_word' id='word_1_428' title='bbox 1175 317 1363 351; x_wconf 74' lang='grc' dir='ltr'><strong><em>κοινωνοῦντες.</em></strong></span> <span class='ocrx_word' id='word_1_429' title='bbox 1377 315 1428 356; x_wconf 90' lang='lat' dir='ltr'><strong>qui</strong></span> <span class='ocrx_word' id='word_1_430' title='bbox 1439 320 1537 346; x_wconf 84' lang='lat' dir='ltr'><strong>tamen</strong></span> <span class='ocrx_word' id='word_1_431' title='bbox 1550 325 1607 346; x_wconf 87' lang='lat' dir='ltr'><strong>ex·</strong></span> 
     </span>
     <span class='ocr_line' id='line_1_68' title="bbox 898 359 1608 397; baseline -0.001 -8"><span class='ocrx_word' id='word_1_432' title='bbox 898 360 954 389; x_wconf 89' lang='lat' dir='ltr'><strong>teri</strong></span> <span class='ocrx_word' id='word_1_433' title='bbox 967 364 999 388; x_wconf 85' lang='lat' dir='ltr'><strong>et</strong></span> <span class='ocrx_word' id='word_1_434' title='bbox 1014 359 1166 397; x_wconf 85' lang='lat' dir='ltr'><strong>peregrini</strong></span> <span class='ocrx_word' id='word_1_435' title='bbox 1182 359 1241 389; x_wconf 85' lang='lat' dir='ltr'><strong>sibi</strong></span> <span class='ocrx_word' id='word_1_436' title='bbox 1258 363 1364 388; x_wconf 88' lang='lat' dir='ltr'><strong>mutuo</strong></span> <span class='ocrx_word' id='word_1_437' title='bbox 1382 364 1536 395; x_wconf 62' lang='lat' dir='ltr'><strong>suntfnon</strong></span> <span class='ocrx_word' id='word_1_438' title='bbox 1553 369 1608 389; x_wconf 81' lang='lat' dir='ltr'><strong>au·</strong></span> 
     </span>
     <span class='ocr_line' id='line_1_69' title="bbox 897 401 1607 443; baseline 0.003 -13"><span class='ocrx_word' id='word_1_439' title='bbox 897 408 956 431; x_wconf 91' lang='lat' dir='ltr'><strong>tem</strong></span> <span class='ocrx_word' id='word_1_440' title='bbox 966 402 1064 431; x_wconf 84' lang='lat' dir='ltr'><strong>cives:</strong></span> <span class='ocrx_word' id='word_1_441' title='bbox 1081 412 1154 439; x_wconf 74' lang='lat' dir='ltr'><strong>ergo</strong></span> <span class='ocrx_word' id='word_1_442' title='bbox 1161 401 1279 432; x_wconf 76' lang='grc' dir='ltr'><strong><em>κοινωνία</em></strong></span> <span class='ocrx_word' id='word_1_443' title='bbox 1289 405 1343 432; x_wconf 78' lang='grc' dir='ltr'><strong>τῶν</strong></span> <span class='ocrx_word' id='word_1_444' title='bbox 1351 401 1525 443; x_wconf 45' lang='lat' dir='ltr'><strong>&amp;andniman</strong></span> <span class='ocrx_word' id='word_1_445' title='bbox 1533 402 1607 432; x_wconf 91' lang='lat' dir='ltr'><strong>Phi-</strong></span> 
     </span>
     <span class='ocr_line' id='line_1_70' title="bbox 896 444 1605 483; baseline 0 -8"><span class='ocrx_word' id='word_1_446' title='bbox 896 444 974 483; x_wconf 85' lang='lat' dir='ltr'><strong>los.)</strong></span> <span class='ocrx_word' id='word_1_447' title='bbox 987 454 1043 473; x_wconf 90' lang='lat' dir='ltr'><strong>non</strong></span> <span class='ocrx_word' id='word_1_448' title='bbox 1057 445 1167 474; x_wconf 78' lang='lat' dir='ltr'><strong>sufficit</strong></span> <span class='ocrx_word' id='word_1_449' title='bbox 1178 446 1214 474; x_wconf 84' lang='lat' dir='ltr'><strong>ad</strong></span> <span class='ocrx_word' id='word_1_450' title='bbox 1232 446 1477 475; x_wconf 87' lang='lat' dir='ltr'><strong>constituendum</strong></span> <span class='ocrx_word' id='word_1_451' title='bbox 1493 445 1605 476; x_wconf 86' lang='lat' dir='ltr'><strong>civem.</strong></span> 
     </span>
    </p>

    <p class='ocr_par' dir='ltr' id='par_1_5' title="bbox 895 487 1608 1130">
     <span class='ocr_line' id='line_1_71' title="bbox 941 487 1605 530; baseline 0.002 -13"><span class='ocrx_word' id='word_1_452' title='bbox 941 488 978 517; x_wconf 85' lang='lat' dir='ltr'><strong>P.</strong></span> <span class='ocrx_word' id='word_1_453' title='bbox 999 489 1074 518; x_wconf 84' lang='lat'><strong>300.</strong></span> <span class='ocrx_word' id='word_1_454' title='bbox 1090 490 1122 518; x_wconf 85' lang='lat'><strong>5.</strong></span> <span class='ocrx_word' id='word_1_455' title='bbox 1138 488 1297 527; x_wconf 65' lang='grc' dir='ltr'><strong><em>ωαξελὲὢν</em></strong></span> <span class='ocrx_word' id='word_1_456' title='bbox 1312 487 1367 525; x_wconf 71' lang='grc' dir='ltr'><strong>ἐγὼ</strong></span> <span class='ocrx_word' id='word_1_457' title='bbox 1382 506 1425 511; x_wconf 92' lang='grc'><strong>--</strong></span> <span class='ocrx_word' id='word_1_458' title='bbox 1439 487 1605 530; x_wconf 46' lang='lat' dir='ltr'><strong>wapinco-J</strong></span> 
     </span>
     <span class='ocr_line' id='line_1_72' title="bbox 896 531 1605 571; baseline 0.003 -11"><span class='ocrx_word' id='word_1_459' title='bbox 896 540 948 570; x_wconf 84' lang='lat' dir='ltr'><strong>ego</strong></span> <span class='ocrx_word' id='word_1_460' title='bbox 969 540 1022 568; x_wconf 85' lang='lat' dir='ltr'><strong>pro</strong></span> <span class='ocrx_word' id='word_1_461' title='bbox 1044 531 1178 559; x_wconf 77' lang='lat' dir='ltr'><strong>concione</strong></span> <span class='ocrx_word' id='word_1_462' title='bbox 1201 532 1311 560; x_wconf 80' lang='lat' dir='ltr'><strong>monui.</strong></span> <span class='ocrx_word' id='word_1_463' title='bbox 1336 531 1380 560; x_wconf 91' lang='lat' dir='ltr'><strong>ita</strong></span> <span class='ocrx_word' id='word_1_464' title='bbox 1396 532 1463 561; x_wconf 86' lang='lat' dir='ltr'><strong>Lat.</strong></span> <span class='ocrx_word' id='word_1_465' title='bbox 1488 533 1605 571; x_wconf 78' lang='lat' dir='ltr'><strong>Interp-</strong></span> 
     </span>
     <span class='ocr_line' id='line_1_73' title="bbox 897 571 1607 614; baseline 0.003 -12"><span class='ocrx_word' id='word_1_466' title='bbox 897 571 1050 612; x_wconf 69' lang='grc' dir='ltr'><strong><em>παξελθῶν,</em></strong></span> <span class='ocrx_word' id='word_1_467' title='bbox 1063 582 1117 611; x_wconf 87' lang='lat' dir='ltr'><strong>pro</strong></span> <span class='ocrx_word' id='word_1_468' title='bbox 1130 574 1273 602; x_wconf 77' lang='lat' dir='ltr'><strong>concione.</strong></span> <span class='ocrx_word' id='word_1_469' title='bbox 1317 573 1468 613; x_wconf 67' lang='grc' dir='ltr'><strong><em>ΠαξελΘεῖν</em></strong></span> <span class='ocrx_word' id='word_1_470' title='bbox 1482 576 1607 614; x_wconf 86' lang='lat' dir='ltr'><strong>proprie</strong></span> 
     </span>
     <span class='ocr_line' id='line_1_74' title="bbox 897 616 1605 656; baseline 0.003 -11"><span class='ocrx_word' id='word_1_471' title='bbox 897 616 1042 646; x_wconf 89' lang='lat' dir='ltr'><strong>dicuntur</strong></span> <span class='ocrx_word' id='word_1_472' title='bbox 1067 617 1169 651; x_wconf 62' lang='lat' dir='ltr'><strong>Rhet„</strong></span> <span class='ocrx_word' id='word_1_473' title='bbox 1184 625 1253 644; x_wconf 88' lang='lat' dir='ltr'><strong>cum</strong></span> <span class='ocrx_word' id='word_1_474' title='bbox 1272 616 1309 644; x_wconf 86' lang='lat' dir='ltr'><strong>ad</strong></span> <span class='ocrx_word' id='word_1_475' title='bbox 1331 617 1492 646; x_wconf 83' lang='lat' dir='ltr'><strong>dicendum</strong></span> <span class='ocrx_word' id='word_1_476' title='bbox 1509 618 1605 656; x_wconf 88' lang='lat' dir='ltr'><strong>prod-</strong></span> 
     </span>
     <span class='ocr_line' id='line_1_75' title="bbox 898 656 1608 700; baseline 0.003 -12"><span class='ocrx_word' id='word_1_477' title='bbox 898 664 984 689; x_wconf 80' lang='lat' dir='ltr'><strong>eunt:</strong></span> <span class='ocrx_word' id='word_1_478' title='bbox 1011 664 1042 688; x_wconf 87' lang='lat' dir='ltr'><strong>et</strong></span> <span class='ocrx_word' id='word_1_479' title='bbox 1063 658 1247 699; x_wconf 55' lang='grc' dir='ltr'><strong><em>παρελθόντες</em></strong></span> <span class='ocrx_word' id='word_1_480' title='bbox 1271 656 1362 696; x_wconf 77' lang='grc' dir='ltr'><strong><em>λέγειν</em></strong></span> <span class='ocrx_word' id='word_1_481' title='bbox 1387 660 1433 688; x_wconf 88' lang='lat' dir='ltr'><strong>vel</strong></span> <span class='ocrx_word' id='word_1_482' title='bbox 1459 660 1608 700; x_wconf 71' lang='grc' dir='ltr'><strong><em>ἷᾶναςαινεῖν</em></strong></span> 
     </span>
     <span class='ocr_line' id='line_1_76' title="bbox 897 702 1605 744; baseline 0.001 -12"><span class='ocrx_word' id='word_1_483' title='bbox 897 702 1051 738; x_wconf 87' lang='lat' dir='ltr'><strong>dicuntur,</strong></span> <span class='ocrx_word' id='word_1_484' title='bbox 1075 712 1144 731; x_wconf 87' lang='lat' dir='ltr'><strong>cum</strong></span> <span class='ocrx_word' id='word_1_485' title='bbox 1169 702 1198 731; x_wconf 88' lang='lat' dir='ltr'><strong>in</strong></span> <span class='ocrx_word' id='word_1_486' title='bbox 1224 702 1332 731; x_wconf 83' lang='lat' dir='ltr'><strong>rostris</strong></span> <span class='ocrx_word' id='word_1_487' title='bbox 1354 702 1475 740; x_wconf 87' lang='lat' dir='ltr'><strong>publice</strong></span> <span class='ocrx_word' id='word_1_488' title='bbox 1497 709 1528 733; x_wconf 88' lang='lat' dir='ltr'><strong>et</strong></span> <span class='ocrx_word' id='word_1_489' title='bbox 1550 714 1605 744; x_wconf 86' lang='lat' dir='ltr'><strong>pro</strong></span> 
     </span>
     <span class='ocr_line' id='line_1_77' title="bbox 898 745 1606 785; baseline 0.001 -10"><span class='ocrx_word' id='word_1_490' title='bbox 898 746 1045 775; x_wconf 86' lang='lat' dir='ltr'><strong>concione</strong></span> <span class='ocrx_word' id='word_1_491' title='bbox 1060 745 1202 774; x_wconf 86' lang='lat' dir='ltr'><strong>suadent.</strong></span> <span class='ocrx_word' id='word_1_492' title='bbox 1250 745 1320 774; x_wconf 80' lang='lat' dir='ltr'><strong>Hoc</strong></span> <span class='ocrx_word' id='word_1_493' title='bbox 1335 746 1461 775; x_wconf 81' lang='lat' dir='ltr'><strong>verbum</strong></span> <span class='ocrx_word' id='word_1_494' title='bbox 1477 756 1606 785; x_wconf 89' lang='lat' dir='ltr'><strong>usurpa-</strong></span> 
     </span>
     <span class='ocr_line' id='line_1_78' title="bbox 898 787 1604 828; baseline 0 -10"><span class='ocrx_word' id='word_1_495' title='bbox 898 793 947 818; x_wconf 91' lang='lat' dir='ltr'><strong>tur</strong></span> <span class='ocrx_word' id='word_1_496' title='bbox 968 789 1058 828; x_wconf 81' lang='lat' dir='ltr'><strong>louge</strong></span> <span class='ocrx_word' id='word_1_497' title='bbox 1075 788 1178 827; x_wconf 84' lang='lat' dir='ltr'><strong>itaque</strong></span> <span class='ocrx_word' id='word_1_498' title='bbox 1194 787 1284 817; x_wconf 84' lang='lat' dir='ltr'><strong>aliter</strong></span> <span class='ocrx_word' id='word_1_499' title='bbox 1303 788 1385 827; x_wconf 86' lang='lat' dir='ltr'><strong>apud</strong></span> <span class='ocrx_word' id='word_1_500' title='bbox 1404 787 1604 828; x_wconf 66' lang='lat' dir='ltr'><strong>m&lt;0734&lt;pove,</strong></span> 
     </span>
     <span class='ocr_line' id='line_1_79' title="bbox 897 831 1605 872; baseline 0.001 -11"><span class='ocrx_word' id='word_1_501' title='bbox 897 842 985 872; x_wconf 81' lang='lat' dir='ltr'><strong>quarn</strong></span> <span class='ocrx_word' id='word_1_502' title='bbox 1001 831 1084 870; x_wconf 83' lang='lat' dir='ltr'><strong>apud</strong></span> <span class='ocrx_word' id='word_1_503' title='bbox 1100 836 1218 871; x_wconf 79' lang='lat' dir='ltr'><strong>poetas.</strong></span> <span class='ocrx_word' id='word_1_504' title='bbox 1261 831 1296 860; x_wconf 81' lang='lat' dir='ltr'><strong>ln</strong></span> <span class='ocrx_word' id='word_1_505' title='bbox 1313 841 1369 861; x_wconf 84' lang='lat' dir='ltr'><strong>usu</strong></span> <span class='ocrx_word' id='word_1_506' title='bbox 1386 831 1605 862; x_wconf 85' lang='lat' dir='ltr'><strong>vocabulorum</strong></span> 
     </span>
     <span class='ocr_line' id='line_1_80' title="bbox 897 872 1607 916; baseline -0.001 -11"><span class='ocrx_word' id='word_1_507' title='bbox 897 872 1093 916; x_wconf 73' lang='grc' dir='ltr'><strong><em>παρέςχεσθαι</em></strong></span> <span class='ocrx_word' id='word_1_508' title='bbox 1115 881 1144 905; x_wconf 86' lang='lat' dir='ltr'><strong>et</strong></span> <span class='ocrx_word' id='word_1_509' title='bbox 1165 872 1312 914; x_wconf 66' lang='grc' dir='ltr'><strong><em>παρελθεῖν</em></strong></span> <span class='ocrx_word' id='word_1_510' title='bbox 1329 874 1411 915; x_wconf 85' lang='lat' dir='ltr'><strong>(vid.</strong></span> <span class='ocrx_word' id='word_1_511' title='bbox 1433 873 1525 914; x_wconf 91' lang='lat' dir='ltr'><strong>alibi)</strong></span> <span class='ocrx_word' id='word_1_512' title='bbox 1547 875 1607 904; x_wconf 87' lang='lat' dir='ltr'><strong>tria</strong></span> 
     </span>
     <span class='ocr_line' id='line_1_81' title="bbox 896 917 1607 958; baseline 0.001 -11"><span class='ocrx_word' id='word_1_513' title='bbox 896 918 1092 958; x_wconf 81' lang='lat' dir='ltr'><strong>potissimum</strong></span> <span class='ocrx_word' id='word_1_514' title='bbox 1125 917 1294 957; x_wconf 87' lang='lat' dir='ltr'><strong>spectanda</strong></span> <span class='ocrx_word' id='word_1_515' title='bbox 1330 922 1416 953; x_wconf 86' lang='lat' dir='ltr'><strong>sunt,</strong></span> <span class='ocrx_word' id='word_1_516' title='bbox 1451 918 1607 957; x_wconf 89' lang='lat' dir='ltr'><strong>quomodo</strong></span> 
     </span>
     <span class='ocr_line' id='line_1_82' title="bbox 896 960 1607 1000; baseline 0 -9"><span class='ocrx_word' id='word_1_517' title='bbox 896 965 1082 1000; x_wconf 83' lang='lat' dir='ltr'><strong>usurpantur</strong></span> <span class='ocrx_word' id='word_1_518' title='bbox 1097 962 1136 990; x_wconf 89' lang='lat' dir='ltr'><strong>ab</strong></span> <span class='ocrx_word' id='word_1_519' title='bbox 1154 960 1245 990; x_wconf 88' lang='lat' dir='ltr'><strong>Hom.</strong></span> <span class='ocrx_word' id='word_1_520' title='bbox 1263 965 1294 990; x_wconf 85' lang='lat' dir='ltr'><strong>et</strong></span> <span class='ocrx_word' id='word_1_521' title='bbox 1310 961 1463 999; x_wconf 86' lang='lat' dir='ltr'><strong>quomodo</strong></span> <span class='ocrx_word' id='word_1_522' title='bbox 1481 971 1496 990; x_wconf 88' lang='lat' dir='ltr'><strong>a</strong></span> <span class='ocrx_word' id='word_1_523' title='bbox 1513 966 1607 1000; x_wconf 86' lang='lat' dir='ltr'><strong>post..</strong></span> 
     </span>
     <span class='ocr_line' id='line_1_83' title="bbox 896 1004 1607 1043; baseline 0.001 -10"><span class='ocrx_word' id='word_1_524' title='bbox 896 1005 1049 1043; x_wconf 90' lang='lat' dir='ltr'><strong>quomodo</strong></span> <span class='ocrx_word' id='word_1_525' title='bbox 1072 1005 1110 1033; x_wconf 91' lang='lat' dir='ltr'><strong>ab</strong></span> <span class='ocrx_word' id='word_1_526' title='bbox 1129 1004 1242 1034; x_wconf 84' lang='lat' dir='ltr'><strong>Atticis</strong></span> <span class='ocrx_word' id='word_1_527' title='bbox 1260 1008 1289 1033; x_wconf 87' lang='lat' dir='ltr'><strong>et</strong></span> <span class='ocrx_word' id='word_1_528' title='bbox 1313 1004 1464 1042; x_wconf 85' lang='lat' dir='ltr'><strong>quomodo</strong></span> <span class='ocrx_word' id='word_1_529' title='bbox 1481 1004 1518 1033; x_wconf 87' lang='lat' dir='ltr'><strong>ab</strong></span> <span class='ocrx_word' id='word_1_530' title='bbox 1539 1004 1607 1034; x_wconf 85' lang='lat' dir='ltr'><strong>aliis</strong></span> 
     </span>
     <span class='ocr_line' id='line_1_84' title="bbox 896 1047 1605 1088; baseline 0.001 -11"><span class='ocrx_word' id='word_1_531' title='bbox 896 1049 962 1083; x_wconf 81' lang='lat' dir='ltr'>G1.,</span> <span class='ocrx_word' id='word_1_532' title='bbox 974 1051 1005 1077; x_wconf 90' lang='lat' dir='ltr'><strong>et</strong></span> <span class='ocrx_word' id='word_1_533' title='bbox 1019 1047 1150 1086; x_wconf 89' lang='lat' dir='ltr'><strong>denique</strong></span> <span class='ocrx_word' id='word_1_534' title='bbox 1165 1048 1319 1086; x_wconf 85' lang='lat' dir='ltr'><strong>quomodo</strong></span> <span class='ocrx_word' id='word_1_535' title='bbox 1336 1057 1350 1076; x_wconf 86' lang='lat' dir='ltr'><strong>a</strong></span> <span class='ocrx_word' id='word_1_536' title='bbox 1367 1048 1468 1086; x_wconf 86' lang='lat' dir='ltr'><strong>poetis</strong></span> <span class='ocrx_word' id='word_1_537' title='bbox 1484 1052 1515 1077; x_wconf 87' lang='lat' dir='ltr'><strong>et</strong></span> <span class='ocrx_word' id='word_1_538' title='bbox 1530 1057 1605 1088; x_wconf 88' lang='lat' dir='ltr'><strong>quo-</strong></span> 
     </span>
     <span class='ocr_line' id='line_1_85' title="bbox 895 1089 1229 1143; baseline -0.006 -22"><span class='ocrx_word' id='word_1_539' title='bbox 895 1091 987 1121; x_wconf 90' lang='lat' dir='ltr'><strong>modo</strong></span> <span class='ocrx_word' id='word_1_540' title='bbox 1003 1100 1020 1119; x_wconf 87' lang='lat' dir='ltr'><strong>a</strong></span> <span class='ocrx_word' id='word_1_541' title='bbox 1035 1089 1229 1143; x_wconf 39' lang='grc' dir='ltr'><strong><em>πεζογςάίφοις.</em></strong></span> 
     </span>
    </p>

    <p class='ocr_par' dir='ltr' id='par_1_6' title="bbox 893 1132 1612 3077">
     <span class='ocr_line' id='line_1_86' title="bbox 938 1132 1605 1174; baseline -0.003 -9"><span class='ocrx_word' id='word_1_542' title='bbox 938 1151 981 1156; x_wconf 92' lang='lat'><strong>-—</strong></span> <span class='ocrx_word' id='word_1_543' title='bbox 999 1137 1028 1165; x_wconf 88' lang='lat'><strong>6.</strong></span> <span class='ocrx_word' id='word_1_544' title='bbox 1053 1133 1135 1173; x_wconf 76' lang='grc' dir='ltr'><strong><em>μένος</em></strong></span> <span class='ocrx_word' id='word_1_545' title='bbox 1155 1133 1169 1164; x_wconf 81' lang='grc' dir='ltr'>ἢ</span> <span class='ocrx_word' id='word_1_546' title='bbox 1191 1132 1269 1163; x_wconf 80' lang='grc' dir='ltr'><strong><em>δεύτε</em></strong></span> <span class='ocrx_word' id='word_1_547' title='bbox 1260 1145 1297 1172; x_wconf 86' lang='lat'><strong>=3</strong></span> <span class='ocrx_word' id='word_1_548' title='bbox 1287 1144 1313 1167; x_wconf 78' lang='grc' dir='ltr'><strong><em>ος</em></strong></span> <span class='ocrx_word' id='word_1_549' title='bbox 1334 1132 1432 1170; x_wconf 76' lang='grc' dir='ltr'><strong><em>εἰπεῖν,</em></strong></span> <span class='ocrx_word' id='word_1_550' title='bbox 1448 1133 1511 1174; x_wconf 86' lang='grc' dir='ltr'><strong><em>οτι]</em></strong></span> <span class='ocrx_word' id='word_1_551' title='bbox 1533 1132 1605 1164; x_wconf 73' lang='lat' dir='ltr'><strong>‘&#39;o-ra</strong></span> 
     </span>
     <span class='ocr_line' id='line_1_87' title="bbox 896 1175 1605 1217; baseline 0.004 -12"><span class='ocrx_word' id='word_1_552' title='bbox 896 1187 955 1206; x_wconf 89' lang='lat' dir='ltr'><strong>non</strong></span> <span class='ocrx_word' id='word_1_553' title='bbox 970 1177 1104 1206; x_wconf 85' lang='lat' dir='ltr'><strong>cohaeret</strong></span> <span class='ocrx_word' id='word_1_554' title='bbox 1117 1187 1183 1206; x_wconf 89' lang='lat' dir='ltr'><strong>cum</strong></span> <span class='ocrx_word' id='word_1_555' title='bbox 1193 1176 1291 1212; x_wconf 80' lang='grc' dir='ltr'><strong><em>εἷπειν,</em></strong></span> <span class='ocrx_word' id='word_1_556' title='bbox 1306 1178 1437 1206; x_wconf 81' lang='lat' dir='ltr'><strong>sedeam</strong></span> <span class='ocrx_word' id='word_1_557' title='bbox 1449 1175 1605 1217; x_wconf 73' lang='grc' dir='ltr'><strong><em>παςῇνεσα.</em></strong></span> 
     </span>
     <span class='ocr_line' id='line_1_88' title="bbox 895 1220 1604 1259; baseline 0.001 -10"><span class='ocrx_word' id='word_1_558' title='bbox 895 1220 1012 1250; x_wconf 83' lang='lat' dir='ltr'><strong>Infinit.</strong></span> <span class='ocrx_word' id='word_1_559' title='bbox 1029 1220 1107 1249; x_wconf 86' lang='lat' dir='ltr'><strong>enirn</strong></span> <span class='ocrx_word' id='word_1_560' title='bbox 1120 1220 1206 1250; x_wconf 78' lang='grc' dir='ltr'><strong><em>εἰπεῖν</em></strong></span> <span class='ocrx_word' id='word_1_561' title='bbox 1219 1221 1274 1249; x_wconf 83' lang='lat' dir='ltr'><strong>hoc</strong></span> <span class='ocrx_word' id='word_1_562' title='bbox 1288 1221 1316 1249; x_wconf 93' lang='lat' dir='ltr'><strong>in</strong></span> <span class='ocrx_word' id='word_1_563' title='bbox 1333 1220 1400 1249; x_wconf 88' lang='lat' dir='ltr'><strong>loco</strong></span> <span class='ocrx_word' id='word_1_564' title='bbox 1417 1220 1604 1259; x_wconf 80' lang='lat' dir='ltr'><strong>peculiarem</strong></span> 
     </span>
     <span class='ocr_line' id='line_1_89' title="bbox 895 1263 1607 1302; baseline 0.001 -10"><span class='ocrx_word' id='word_1_565' title='bbox 895 1263 1045 1302; x_wconf 87' lang='lat' dir='ltr'><strong>quendam</strong></span> <span class='ocrx_word' id='word_1_566' title='bbox 1068 1273 1155 1292; x_wconf 87' lang='lat' dir='ltr'><strong>usum</strong></span> <span class='ocrx_word' id='word_1_567' title='bbox 1179 1263 1273 1293; x_wconf 84' lang='lat' dir='ltr'><strong>habet</strong></span> <span class='ocrx_word' id='word_1_568' title='bbox 1295 1270 1325 1293; x_wconf 91' lang='lat' dir='ltr'><strong>et</strong></span> <span class='ocrx_word' id='word_1_569' title='bbox 1345 1263 1468 1293; x_wconf 77' lang='lat' dir='ltr'><strong>videtur</strong></span> <span class='ocrx_word' id='word_1_570' title='bbox 1488 1269 1607 1293; x_wconf 85' lang='lat' dir='ltr'><strong>tantum</strong></span> 
     </span>
     <span class='ocr_line' id='line_1_90' title="bbox 896 1305 1608 1347; baseline 0.001 -12"><span class='ocrx_word' id='word_1_571' title='bbox 896 1317 955 1336; x_wconf 91' lang='lat' dir='ltr'><strong>non</strong></span> <span class='ocrx_word' id='word_1_572' title='bbox 973 1305 1122 1347; x_wconf 79' lang='grc' dir='ltr'><strong><em>παρέλκειν</em></strong></span> <span class='ocrx_word' id='word_1_573' title='bbox 1143 1317 1196 1336; x_wconf 79' lang='lat' dir='ltr'><strong>seu</strong></span> <span class='ocrx_word' id='word_1_574' title='bbox 1218 1306 1404 1341; x_wconf 79' lang='lat' dir='ltr'><strong>redundare,</strong></span> <span class='ocrx_word' id='word_1_575' title='bbox 1421 1311 1451 1336; x_wconf 91' lang='lat' dir='ltr'><strong>et</strong></span> <span class='ocrx_word' id='word_1_576' title='bbox 1467 1307 1517 1336; x_wconf 91' lang='lat' dir='ltr'><strong>vel</strong></span> <span class='ocrx_word' id='word_1_577' title='bbox 1540 1308 1608 1336; x_wconf 87' lang='lat' dir='ltr'><strong>nul-</strong></span> 
     </span>
     <span class='ocr_line' id='line_1_91' title="bbox 895 1349 1608 1388; baseline 0.001 -9"><span class='ocrx_word' id='word_1_578' title='bbox 895 1349 954 1379; x_wconf 90' lang='lat' dir='ltr'><strong>lam</strong></span> <span class='ocrx_word' id='word_1_579' title='bbox 979 1349 1102 1379; x_wconf 86' lang='lat' dir='ltr'><strong>omniuo</strong></span> <span class='ocrx_word' id='word_1_580' title='bbox 1118 1350 1166 1380; x_wconf 88' lang='lat' dir='ltr'><strong>vel</strong></span> <span class='ocrx_word' id='word_1_581' title='bbox 1188 1350 1333 1387; x_wconf 69' lang='lat' dir='ltr'><strong>exiguam</strong></span> <span class='ocrx_word' id='word_1_582' title='bbox 1351 1350 1411 1379; x_wconf 88' lang='lat' dir='ltr'><strong>vim</strong></span> <span class='ocrx_word' id='word_1_583' title='bbox 1436 1355 1467 1378; x_wconf 78' lang='lat' dir='ltr'><strong>et</strong></span> <span class='ocrx_word' id='word_1_584' title='bbox 1491 1349 1608 1388; x_wconf 84' lang='lat' dir='ltr'><strong>signifi-</strong></span> 
     </span>
     <span class='ocr_line' id='line_1_92' title="bbox 895 1393 1608 1423; baseline 0.001 -1"><span class='ocrx_word' id='word_1_585' title='bbox 895 1393 1045 1423; x_wconf 83' lang='lat' dir='ltr'><strong>cationem</strong></span> <span class='ocrx_word' id='word_1_586' title='bbox 1071 1394 1195 1423; x_wconf 83' lang='lat' dir='ltr'><strong>habere.</strong></span> <span class='ocrx_word' id='word_1_587' title='bbox 1243 1395 1337 1422; x_wconf 79' lang='lat' dir='ltr'><strong>Recte</strong></span> <span class='ocrx_word' id='word_1_588' title='bbox 1359 1393 1482 1422; x_wconf 78' lang='lat' dir='ltr'><strong>observ.</strong></span> <span class='ocrx_word' id='word_1_589' title='bbox 1499 1398 1608 1423; x_wconf 86' lang='lat' dir='ltr'><strong>auctor</strong></span> 
     </span>
     <span class='ocr_line' id='line_1_93' title="bbox 896 1436 1606 1476; baseline 0.001 -11"><span class='ocrx_word' id='word_1_590' title='bbox 896 1436 1049 1466; x_wconf 84' lang='lat' dir='ltr'><strong>Idiotism.</strong></span> <span class='ocrx_word' id='word_1_591' title='bbox 1073 1436 1131 1466; x_wconf 87' lang='lat' dir='ltr'><strong>lot.</strong></span> <span class='ocrx_word' id='word_1_592' title='bbox 1155 1436 1241 1466; x_wconf 77' lang='grc' dir='ltr'><strong><em>εἰπεῖν</em></strong></span> <span class='ocrx_word' id='word_1_593' title='bbox 1254 1436 1425 1476; x_wconf 79' lang='lat' dir='ltr'><strong>saepissime</strong></span> <span class='ocrx_word' id='word_1_594' title='bbox 1441 1437 1523 1475; x_wconf 89' lang='lat' dir='ltr'><strong>apud</strong></span> <span class='ocrx_word' id='word_1_595' title='bbox 1541 1439 1606 1467; x_wconf 72' lang='lat' dir='ltr'><strong>Ati.</strong></span> 
     </span>
     <span class='ocr_line' id='line_1_94' title="bbox 896 1478 1606 1520; baseline 0 -12"><span class='ocrx_word' id='word_1_596' title='bbox 896 1478 1056 1520; x_wconf 70' lang='grc' dir='ltr'><strong><em>πιςὲλκειν,</em></strong></span> <span class='ocrx_word' id='word_1_597' title='bbox 1072 1485 1196 1509; x_wconf 88' lang='lat' dir='ltr'><strong>ornatus</strong></span> <span class='ocrx_word' id='word_1_598' title='bbox 1221 1479 1318 1509; x_wconf 87' lang='lat' dir='ltr'><strong>solum</strong></span> <span class='ocrx_word' id='word_1_599' title='bbox 1342 1490 1434 1509; x_wconf 87' lang='lat' dir='ltr'><strong>causa</strong></span> <span class='ocrx_word' id='word_1_600' title='bbox 1455 1480 1606 1516; x_wconf 86' lang='lat' dir='ltr'><strong>adhiberi,</strong></span> 
     </span>
     <span class='ocr_line' id='line_1_95' title="bbox 896 1523 1607 1564; baseline 0 -12"><span class='ocrx_word' id='word_1_601' title='bbox 896 1529 927 1552; x_wconf 92' lang='lat' dir='ltr'><strong>ut</strong></span> <span class='ocrx_word' id='word_1_602' title='bbox 945 1524 973 1552; x_wconf 90' lang='lat' dir='ltr'><strong>in</strong></span> <span class='ocrx_word' id='word_1_603' title='bbox 989 1523 1057 1552; x_wconf 87' lang='lat' dir='ltr'><strong>loco</strong></span> <span class='ocrx_word' id='word_1_604' title='bbox 1070 1523 1124 1552; x_wconf 85' lang='lat' dir='ltr'><strong>illo</strong></span> <span class='ocrx_word' id='word_1_605' title='bbox 1143 1524 1224 1553; x_wconf 81' lang='lat' dir='ltr'><strong>Xen.</strong></span> <span class='ocrx_word' id='word_1_606' title='bbox 1243 1523 1359 1563; x_wconf 74' lang='lat' dir='ltr'><strong>Cyrop.</strong></span> <span class='ocrx_word' id='word_1_607' title='bbox 1378 1523 1413 1563; x_wconf 84' lang='lat' dir='ltr'><strong>[i.</strong></span> <span class='ocrx_word' id='word_1_608' title='bbox 1431 1524 1461 1553; x_wconf 78' lang='lat'><strong>3.</strong></span> <span class='ocrx_word' id='word_1_609' title='bbox 1483 1523 1531 1564; x_wconf 86' lang='lat'><strong>8.]</strong></span> <span class='ocrx_word' id='word_1_610' title='bbox 1558 1523 1607 1552; x_wconf 75' lang='grc' dir='ltr'><strong>καὶ</strong></span> 
     </span>
     <span class='ocr_line' id='line_1_96' title="bbox 895 1565 1609 1607; baseline 0 -12"><span class='ocrx_word' id='word_1_611' title='bbox 895 1565 941 1595; x_wconf 61' lang='grc' dir='ltr'><strong>τὸν</strong></span> <span class='ocrx_word' id='word_1_612' title='bbox 954 1565 1119 1604; x_wconf 78' lang='grc' dir='ltr'><strong><em>Ἀστυάγην</em></strong></span> <span class='ocrx_word' id='word_1_613' title='bbox 1140 1565 1302 1603; x_wconf 68' lang='grc' dir='ltr'><strong><em>σκώψαντα</em></strong></span> <span class='ocrx_word' id='word_1_614' title='bbox 1325 1567 1422 1600; x_wconf 73' lang='grc' dir='ltr'><strong><em>εἰπεῖν,</em></strong></span> <span class='ocrx_word' id='word_1_615' title='bbox 1446 1566 1512 1607; x_wconf 66' lang='grc' dir='ltr'><strong>Οὐχ</strong></span> <span class='ocrx_word' id='word_1_616' title='bbox 1535 1566 1609 1606; x_wconf 72' lang='grc' dir='ltr'><strong><em>ὅξᾷἷς,</em></strong></span> 
     </span>
     <span class='ocr_line' id='line_1_97' title="bbox 894 1609 1607 1650; baseline 0.003 -13"><span class='ocrx_word' id='word_1_617' title='bbox 894 1610 993 1648; x_wconf 75' lang='grc' dir='ltr'><strong><em>φάναι,</em></strong></span> <span class='ocrx_word' id='word_1_618' title='bbox 1007 1610 1040 1643; x_wconf 79' lang='grc' dir='ltr'><strong>ὡς</strong></span> <span class='ocrx_word' id='word_1_619' title='bbox 1055 1612 1150 1643; x_wconf 72' lang='grc' dir='ltr'><strong><em>καλῶς</em></strong></span> <span class='ocrx_word' id='word_1_620' title='bbox 1162 1609 1286 1650; x_wconf 75' lang='grc' dir='ltr'><strong><em>οἰνοχοεῖ.</em></strong></span> <span class='ocrx_word' id='word_1_621' title='bbox 1300 1618 1400 1639; x_wconf 77' lang='lat' dir='ltr'><strong>nonne</strong></span> <span class='ocrx_word' id='word_1_622' title='bbox 1409 1609 1495 1642; x_wconf 76' lang='lat' dir='ltr'><strong>rides,</strong></span> <span class='ocrx_word' id='word_1_623' title='bbox 1509 1611 1607 1648; x_wconf 76' lang='lat' dir='ltr'><strong>inquit</strong></span> 
     </span>
     <span class='ocr_line' id='line_1_98' title="bbox 895 1652 1606 1694; baseline 0.001 -13"><span class='ocrx_word' id='word_1_624' title='bbox 895 1654 1047 1694; x_wconf 80' lang='lat' dir='ltr'><strong>Astyages,</strong></span> <span class='ocrx_word' id='word_1_625' title='bbox 1064 1652 1205 1682; x_wconf 73' lang='lat' dir='ltr'><strong>hominem</strong></span> <span class='ocrx_word' id='word_1_626' title='bbox 1221 1653 1358 1687; x_wconf 74' lang='lat' dir='ltr'><strong>irridens,</strong></span> <span class='ocrx_word' id='word_1_627' title='bbox 1382 1663 1469 1692; x_wconf 82' lang='lat' dir='ltr'><strong>qnam</strong></span> <span class='ocrx_word' id='word_1_628' title='bbox 1490 1653 1561 1682; x_wconf 82' lang='lat' dir='ltr'><strong>belle</strong></span> <span class='ocrx_word' id='word_1_629' title='bbox 1577 1658 1606 1682; x_wconf 73' lang='lat' dir='ltr'><strong>et</strong></span> 
     </span>
     <span class='ocr_line' id='line_1_99' title="bbox 893 1695 1603 1736; baseline 0.003 -12"><span class='ocrx_word' id='word_1_630' title='bbox 893 1707 980 1735; x_wconf 78' lang='lat' dir='ltr'><strong>qnam</strong></span> <span class='ocrx_word' id='word_1_631' title='bbox 1014 1700 1129 1725; x_wconf 78' lang='lat' dir='ltr'><strong>venuste</strong></span> <span class='ocrx_word' id='word_1_632' title='bbox 1159 1697 1330 1734; x_wconf 81' lang='lat' dir='ltr'><strong>pincernam</strong></span> <span class='ocrx_word' id='word_1_633' title='bbox 1364 1697 1438 1736; x_wconf 79' lang='lat' dir='ltr'><strong>agit.</strong></span> <span class='ocrx_word' id='word_1_634' title='bbox 1469 1695 1522 1724; x_wconf 91' lang='lat' dir='ltr'><strong>ubi</strong></span> <span class='ocrx_word' id='word_1_635' title='bbox 1553 1697 1603 1726; x_wconf 87' lang='lat' dir='ltr'><strong>vel</strong></span> 
     </span>
     <span class='ocr_line' id='line_1_100' title="bbox 893 1738 1605 1777; baseline 0.003 -10"><span class='ocrx_word' id='word_1_636' title='bbox 893 1738 988 1769; x_wconf 62' lang='grc' dir='ltr'><strong><em>εἰπεῖν</em></strong></span> <span class='ocrx_word' id='word_1_637' title='bbox 1016 1739 1062 1768; x_wconf 85' lang='lat' dir='ltr'><strong>vel</strong></span> <span class='ocrx_word' id='word_1_638' title='bbox 1091 1740 1176 1777; x_wconf 68' lang='grc' dir='ltr'><strong><em>φάναι</em></strong></span> <span class='ocrx_word' id='word_1_639' title='bbox 1207 1740 1365 1768; x_wconf 76' lang='lat' dir='ltr'><strong>manifeste</strong></span> <span class='ocrx_word' id='word_1_640' title='bbox 1392 1739 1545 1775; x_wconf 74' lang='lat' dir='ltr'><strong>abunclat3</strong></span> <span class='ocrx_word' id='word_1_641' title='bbox 1574 1744 1605 1769; x_wconf 88' lang='lat' dir='ltr'><strong>et</strong></span> 
     </span>
     <span class='ocr_line' id='line_1_101' title="bbox 893 1781 1606 1822; baseline 0.003 -12"><span class='ocrx_word' id='word_1_642' title='bbox 893 1782 1013 1811; x_wconf 84' lang='lat' dir='ltr'><strong>mallem</strong></span> <span class='ocrx_word' id='word_1_643' title='bbox 1043 1782 1129 1822; x_wconf 71' lang='grc' dir='ltr'><strong><em>φάναι</em></strong></span> <span class='ocrx_word' id='word_1_644' title='bbox 1158 1793 1245 1821; x_wconf 85' lang='lat' dir='ltr'><strong>quam</strong></span> <span class='ocrx_word' id='word_1_645' title='bbox 1283 1781 1379 1817; x_wconf 79' lang='grc' dir='ltr'><strong><em>εἶπεῖν,</em></strong></span> <span class='ocrx_word' id='word_1_646' title='bbox 1413 1782 1484 1820; x_wconf 88' lang='lat' dir='ltr'><strong>quia</strong></span> <span class='ocrx_word' id='word_1_647' title='bbox 1514 1782 1606 1812; x_wconf 74' lang='lat' dir='ltr'><strong>rideo</strong></span> 
     </span>
     <span class='ocr_line' id='line_1_102' title="bbox 894 1825 1605 1864; baseline 0.001 -10"><span class='ocrx_word' id='word_1_648' title='bbox 894 1825 1024 1854; x_wconf 83' lang='lat' dir='ltr'><strong>eundem</strong></span> <span class='ocrx_word' id='word_1_649' title='bbox 1050 1836 1119 1855; x_wconf 84' lang='lat' dir='ltr'><strong>esse</strong></span> <span class='ocrx_word' id='word_1_650' title='bbox 1143 1826 1352 1864; x_wconf 81' lang='lat' dir='ltr'><strong>pleonasmum</strong></span> <span class='ocrx_word' id='word_1_651' title='bbox 1381 1827 1468 1862; x_wconf 73' lang='lat' dir='ltr'><strong>liujus</strong></span> <span class='ocrx_word' id='word_1_652' title='bbox 1496 1825 1605 1856; x_wconf 75' lang='lat' dir='ltr'><strong>infinit.</strong></span> 
     </span>
     <span class='ocr_line' id='line_1_103' title="bbox 894 1868 1603 1907; baseline 0.003 -10"><span class='ocrx_word' id='word_1_653' title='bbox 894 1873 956 1897; x_wconf 85' lang='lat' dir='ltr'><strong>tum</strong></span> <span class='ocrx_word' id='word_1_654' title='bbox 976 1869 1054 1907; x_wconf 90' lang='lat' dir='ltr'><strong>apud</strong></span> <span class='ocrx_word' id='word_1_655' title='bbox 1077 1869 1206 1897; x_wconf 84' lang='lat' dir='ltr'><strong>eundem</strong></span> <span class='ocrx_word' id='word_1_656' title='bbox 1233 1870 1315 1898; x_wconf 78' lang='lat' dir='ltr'><strong>Xen.</strong></span> <span class='ocrx_word' id='word_1_657' title='bbox 1332 1873 1392 1897; x_wconf 88' lang='lat' dir='ltr'><strong>tum</strong></span> <span class='ocrx_word' id='word_1_658' title='bbox 1417 1869 1496 1906; x_wconf 82' lang='lat' dir='ltr'><strong>apud</strong></span> <span class='ocrx_word' id='word_1_659' title='bbox 1523 1868 1603 1899; x_wconf 73' lang='lat' dir='ltr'><strong>Ptat.</strong></span> 
     </span>
     <span class='ocr_line' id='line_1_104' title="bbox 894 1911 1604 1949; baseline 0.001 -9"><span class='ocrx_word' id='word_1_660' title='bbox 894 1911 932 1940; x_wconf 83' lang='lat' dir='ltr'><strong>At</strong></span> <span class='ocrx_word' id='word_1_661' title='bbox 949 1911 1151 1941; x_wconf 67' lang='lat' dir='ltr'><strong>infinit.ei¹tr÷i&#39;v</strong></span> <span class='ocrx_word' id='word_1_662' title='bbox 1163 1911 1265 1940; x_wconf 90' lang='lat' dir='ltr'><strong>multis</strong></span> <span class='ocrx_word' id='word_1_663' title='bbox 1282 1911 1309 1940; x_wconf 88' lang='lat' dir='ltr'><strong>in</strong></span> <span class='ocrx_word' id='word_1_664' title='bbox 1327 1911 1488 1949; x_wconf 82' lang='lat' dir='ltr'><strong>phrasibus</strong></span> <span class='ocrx_word' id='word_1_665' title='bbox 1503 1912 1604 1941; x_wconf 87' lang='lat' dir='ltr'><strong>locum</strong></span> 
     </span>
     <span class='ocr_line' id='line_1_105' title="bbox 894 1955 1605 1994; baseline 0.001 -11"><span class='ocrx_word' id='word_1_666' title='bbox 894 1955 998 1991; x_wconf 85' lang='lat' dir='ltr'><strong>habet,</strong></span> <span class='ocrx_word' id='word_1_667' title='bbox 1016 1955 1068 1983; x_wconf 89' lang='lat' dir='ltr'><strong>ubi</strong></span> <span class='ocrx_word' id='word_1_668' title='bbox 1085 1955 1169 1994; x_wconf 70' lang='grc' dir='ltr'><strong><em>φάναι</em></strong></span> <span class='ocrx_word' id='word_1_669' title='bbox 1185 1955 1352 1984; x_wconf 76' lang='lat' dir='ltr'><strong>consistere</strong></span> <span class='ocrx_word' id='word_1_670' title='bbox 1370 1965 1426 1983; x_wconf 92' lang='lat' dir='ltr'><strong>non</strong></span> <span class='ocrx_word' id='word_1_671' title='bbox 1443 1960 1556 1993; x_wconf 74' lang='lat' dir='ltr'><strong>potest,</strong></span> <span class='ocrx_word' id='word_1_672' title='bbox 1573 1961 1605 1984; x_wconf 87' lang='lat' dir='ltr'><strong>ut</strong></span> 
     </span>
     <span class='ocr_line' id='line_1_106' title="bbox 896 1997 1604 2037; baseline 0.003 -11"><span class='ocrx_word' id='word_1_673' title='bbox 896 1998 924 2026; x_wconf 88' lang='lat' dir='ltr'><strong>in</strong></span> <span class='ocrx_word' id='word_1_674' title='bbox 942 1998 977 2030; x_wconf 77' lang='grc' dir='ltr'><strong>ὡς</strong></span> <span class='ocrx_word' id='word_1_675' title='bbox 997 1997 1061 2030; x_wconf 79' lang='grc' dir='ltr'><strong><em>ἔπος</em></strong></span> <span class='ocrx_word' id='word_1_676' title='bbox 1085 1999 1182 2031; x_wconf 79' lang='grc' dir='ltr'><strong><em>εἰπεῖν,</em></strong></span> <span class='ocrx_word' id='word_1_677' title='bbox 1206 1999 1239 2031; x_wconf 79' lang='grc' dir='ltr'><strong>ὡς</strong></span> <span class='ocrx_word' id='word_1_678' title='bbox 1263 1997 1358 2033; x_wconf 80' lang='grc' dir='ltr'><strong><em>εἰπεῖν,</em></strong></span> <span class='ocrx_word' id='word_1_679' title='bbox 1387 2003 1415 2027; x_wconf 89' lang='lat' dir='ltr'><strong>et</strong></span> <span class='ocrx_word' id='word_1_680' title='bbox 1439 1998 1604 2037; x_wconf 87' lang='lat' dir='ltr'><strong>aliquando</strong></span> 
     </span>
     <span class='ocr_line' id='line_1_107' title="bbox 896 2041 1606 2081; baseline 0.003 -12"><span class='ocrx_word' id='word_1_681' title='bbox 896 2041 1078 2081; x_wconf 71' lang='lat' dir='ltr'><strong>simpliciter</strong></span> <span class='ocrx_word' id='word_1_682' title='bbox 1093 2041 1193 2076; x_wconf 77' lang='grc' dir='ltr'><strong><em>εἰπεῖν,</em></strong></span> <span class='ocrx_word' id='word_1_683' title='bbox 1219 2041 1262 2070; x_wconf 91' lang='lat' dir='ltr'><strong>uti</strong></span> <span class='ocrx_word' id='word_1_684' title='bbox 1280 2041 1328 2070; x_wconf 84' lang='lat' dir='ltr'><strong>hic</strong></span> <span class='ocrx_word' id='word_1_685' title='bbox 1344 2041 1423 2080; x_wconf 88' lang='lat' dir='ltr'><strong>apud</strong></span> <span class='ocrx_word' id='word_1_686' title='bbox 1443 2042 1606 2071; x_wconf 76' lang='lat' dir='ltr'><strong>Demosth-</strong></span> 
     </span>
     <span class='ocr_line' id='line_1_108' title="bbox 894 2084 1608 2124; baseline 0.001 -11"><span class='ocrx_word' id='word_1_687' title='bbox 894 2085 1086 2123; x_wconf 86' lang='lat' dir='ltr'><strong>Frequentes</strong></span> <span class='ocrx_word' id='word_1_688' title='bbox 1104 2095 1176 2114; x_wconf 85' lang='lat' dir='ltr'><strong>vero</strong></span> <span class='ocrx_word' id='word_1_689' title='bbox 1192 2085 1237 2113; x_wconf 80' lang='lat' dir='ltr'><strong>hae</strong></span> <span class='ocrx_word' id='word_1_690' title='bbox 1253 2084 1389 2113; x_wconf 85' lang='lat' dir='ltr'><strong>formulae</strong></span> <span class='ocrx_word' id='word_1_691' title='bbox 1405 2091 1472 2114; x_wconf 83' lang='lat' dir='ltr'><strong>sunt</strong></span> <span class='ocrx_word' id='word_1_692' title='bbox 1489 2085 1517 2114; x_wconf 89' lang='lat' dir='ltr'><strong>in</strong></span> <span class='ocrx_word' id='word_1_693' title='bbox 1539 2084 1608 2124; x_wconf 88' lang='lat' dir='ltr'><strong>qui-</strong></span> 
     </span>
     <span class='ocr_line' id='line_1_109' title="bbox 897 2127 1604 2166; baseline 0.003 -10"><span class='ocrx_word' id='word_1_694' title='bbox 897 2128 952 2156; x_wconf 82' lang='lat' dir='ltr'><strong>bus</strong></span> <span class='ocrx_word' id='word_1_695' title='bbox 966 2129 1092 2157; x_wconf 75' lang='lat' dir='ltr'><strong>verboru</strong></span> <span class='ocrx_word' id='word_1_696' title='bbox 1104 2128 1191 2158; x_wconf 81' lang='grc' dir='ltr'><strong><em>εἶπεῖν</em></strong></span> <span class='ocrx_word' id='word_1_697' title='bbox 1203 2127 1389 2166; x_wconf 77' lang='lat' dir='ltr'><strong>peculiarem</strong></span> <span class='ocrx_word' id='word_1_698' title='bbox 1404 2138 1489 2157; x_wconf 89' lang='lat' dir='ltr'><strong>usum</strong></span> <span class='ocrx_word' id='word_1_699' title='bbox 1501 2128 1604 2164; x_wconf 84' lang='lat' dir='ltr'><strong>habet,</strong></span> 
     </span>
     <span class='ocr_line' id='line_1_110' title="bbox 895 2171 1604 2210; baseline 0.001 -10"><span class='ocrx_word' id='word_1_700' title='bbox 895 2180 972 2210; x_wconf 90' lang='lat' dir='ltr'><strong>quas</strong></span> <span class='ocrx_word' id='word_1_701' title='bbox 987 2175 1152 2210; x_wconf 80' lang='lat' dir='ltr'><strong>propterea</strong></span> <span class='ocrx_word' id='word_1_702' title='bbox 1167 2171 1266 2200; x_wconf 87' lang='lat' dir='ltr'><strong>omitti</strong></span> <span class='ocrx_word' id='word_1_703' title='bbox 1286 2181 1345 2201; x_wconf 89' lang='lat' dir='ltr'><strong>non</strong></span> <span class='ocrx_word' id='word_1_704' title='bbox 1362 2172 1497 2210; x_wconf 87' lang='lat' dir='ltr'><strong>oportuit</strong></span> <span class='ocrx_word' id='word_1_705' title='bbox 1513 2173 1551 2201; x_wconf 87' lang='lat' dir='ltr'><strong>ab</strong></span> <span class='ocrx_word' id='word_1_706' title='bbox 1567 2182 1604 2201; x_wconf 91' lang='lat' dir='ltr'><strong>eo</strong></span> 
     </span>
     <span class='ocr_line' id='line_1_111' title="bbox 896 2213 1603 2253; baseline 0.001 -10"><span class='ocrx_word' id='word_1_707' title='bbox 896 2213 948 2253; x_wconf 90' lang='lat' dir='ltr'><strong>qui</strong></span> <span class='ocrx_word' id='word_1_708' title='bbox 964 2215 1003 2244; x_wconf 92' lang='lat' dir='ltr'><strong>de</strong></span> <span class='ocrx_word' id='word_1_709' title='bbox 1018 2213 1188 2244; x_wconf 68' lang='lat' dir='ltr'><strong>idiotismis</strong></span> <span class='ocrx_word' id='word_1_710' title='bbox 1204 2214 1339 2253; x_wconf 79' lang='lat' dir='ltr'><strong>scripsit.</strong></span> <span class='ocrx_word' id='word_1_711' title='bbox 1364 2215 1486 2244; x_wconf 75' lang='lat' dir='ltr'><strong>Varium</strong></span> <span class='ocrx_word' id='word_1_712' title='bbox 1504 2222 1603 2244; x_wconf 90' lang='lat' dir='ltr'><strong>autem</strong></span> 
     </span>
     <span class='ocr_line' id='line_1_112' title="bbox 896 2257 1604 2297; baseline 0.001 -11"><span class='ocrx_word' id='word_1_713' title='bbox 896 2268 983 2287; x_wconf 85' lang='lat' dir='ltr'><strong>usum</strong></span> <span class='ocrx_word' id='word_1_714' title='bbox 1010 2257 1159 2293; x_wconf 87' lang='lat' dir='ltr'><strong>obtinent,</strong></span> <span class='ocrx_word' id='word_1_715' title='bbox 1185 2258 1338 2297; x_wconf 82' lang='lat' dir='ltr'><strong>variisque</strong></span> <span class='ocrx_word' id='word_1_716' title='bbox 1363 2258 1462 2287; x_wconf 80' lang='lat' dir='ltr'><strong>modis</strong></span> <span class='ocrx_word' id='word_1_717' title='bbox 1489 2259 1604 2297; x_wconf 86' lang='lat' dir='ltr'><strong>exponi</strong></span> 
     </span>
     <span class='ocr_line' id='line_1_113' title="bbox 896 2300 1605 2354; baseline 0.001 -25"><span class='ocrx_word' id='word_1_718' title='bbox 896 2305 1036 2354; x_wconf 80' lang='lat' dir='ltr'><strong>possunt,</strong></span> <span class='ocrx_word' id='word_1_719' title='bbox 1046 2311 1081 2330; x_wconf 85' lang='lat' dir='ltr'><strong>ea</strong></span> <span class='ocrx_word' id='word_1_720' title='bbox 1091 2300 1233 2340; x_wconf 86' lang='lat' dir='ltr'><strong>loquendi</strong></span> <span class='ocrx_word' id='word_1_721' title='bbox 1247 2311 1369 2339; x_wconf 76' lang='lat' dir='ltr'><strong>genera,</strong></span> <span class='ocrx_word' id='word_1_722' title='bbox 1380 2301 1414 2334; x_wconf 73' lang='grc' dir='ltr'><strong>ὡς</strong></span> <span class='ocrx_word' id='word_1_723' title='bbox 1427 2300 1492 2335; x_wconf 80' lang='grc' dir='ltr'><strong><em>ἔπος</em></strong></span> <span class='ocrx_word' id='word_1_724' title='bbox 1505 2301 1605 2336; x_wconf 77' lang='grc' dir='ltr'><strong><em>εἰπεῖν,</em></strong></span> 
     </span>
     <span class='ocr_line' id='line_1_114' title="bbox 898 2342 1605 2379; baseline 0.003 -6"><span class='ocrx_word' id='word_1_725' title='bbox 898 2345 932 2378; x_wconf 74' lang='grc' dir='ltr'><strong>ὡς</strong></span> <span class='ocrx_word' id='word_1_726' title='bbox 952 2343 1048 2379; x_wconf 77' lang='grc' dir='ltr'><strong><em>εἰπεῖν,</em></strong></span> <span class='ocrx_word' id='word_1_727' title='bbox 1066 2348 1097 2374; x_wconf 88' lang='lat' dir='ltr'><strong>et</strong></span> <span class='ocrx_word' id='word_1_728' title='bbox 1111 2344 1212 2379; x_wconf 76' lang='grc' dir='ltr'><strong><em>ἁπλῶς</em></strong></span> <span class='ocrx_word' id='word_1_729' title='bbox 1234 2344 1283 2373; x_wconf 82' lang='grc' dir='ltr'><strong>καῖ</strong></span> <span class='ocrx_word' id='word_1_730' title='bbox 1305 2342 1493 2377; x_wconf 75' lang='grc' dir='ltr'><strong><em>ἐλλειπτικῶς</em></strong></span> <span class='ocrx_word' id='word_1_731' title='bbox 1507 2344 1605 2375; x_wconf 79' lang='grc' dir='ltr'><strong><em>εἰπεῖν.</em></strong></span> 
     </span>
     <span class='ocr_line' id='line_1_115' title="bbox 895 2387 1605 2427; baseline 0 -10"><span class='ocrx_word' id='word_1_732' title='bbox 895 2387 1057 2427; x_wconf 89' lang='lat' dir='ltr'><strong>aliquando</strong></span> <span class='ocrx_word' id='word_1_733' title='bbox 1068 2394 1103 2417; x_wconf 82' lang='lat' dir='ltr'><strong>ut</strong></span> <span class='ocrx_word' id='word_1_734' title='bbox 1118 2388 1201 2417; x_wconf 80' lang='lat' dir='ltr'><strong>verbo</strong></span> <span class='ocrx_word' id='word_1_735' title='bbox 1213 2388 1321 2423; x_wconf 79' lang='lat' dir='ltr'><strong>dicam,</strong></span> <span class='ocrx_word' id='word_1_736' title='bbox 1337 2387 1502 2426; x_wconf 87' lang='lat' dir='ltr'><strong>aliquando</strong></span> <span class='ocrx_word' id='word_1_737' title='bbox 1511 2393 1547 2417; x_wconf 85' lang='lat' dir='ltr'><strong>ut</strong></span> <span class='ocrx_word' id='word_1_738' title='bbox 1564 2389 1605 2418; x_wconf 83' lang='lat' dir='ltr'><strong>ita</strong></span> 
     </span>
     <span class='ocr_line' id='line_1_116' title="bbox 896 2431 1607 2472; baseline 0.001 -12"><span class='ocrx_word' id='word_1_739' title='bbox 896 2431 1004 2469; x_wconf 84' lang='lat' dir='ltr'><strong>dicam,</strong></span> <span class='ocrx_word' id='word_1_740' title='bbox 1034 2431 1196 2470; x_wconf 86' lang='lat' dir='ltr'><strong>aliquando</strong></span> <span class='ocrx_word' id='word_1_741' title='bbox 1224 2441 1313 2470; x_wconf 79' lang='lat' dir='ltr'><strong>prope</strong></span> <span class='ocrx_word' id='word_1_742' title='bbox 1343 2431 1477 2470; x_wconf 76' lang='lat' dir='ltr'><strong>dixerim,</strong></span> <span class='ocrx_word' id='word_1_743' title='bbox 1503 2431 1607 2472; x_wconf 82' lang='lat' dir='ltr'><strong>ferme</strong></span> 
     </span>
     <span class='ocr_line' id='line_1_117' title="bbox 896 2474 1608 2514; baseline 0.001 -11"><span class='ocrx_word' id='word_1_744' title='bbox 896 2474 1037 2510; x_wconf 67' lang='lat' dir='ltr'><strong>dixerim,</strong></span> <span class='ocrx_word' id='word_1_745' title='bbox 1032 2484 1038 2490; x_wconf 92' lang='lat'>·</span> <span class='ocrx_word' id='word_1_746' title='bbox 1062 2479 1153 2513; x_wconf 81' lang='lat' dir='ltr'><strong>atque</strong></span> <span class='ocrx_word' id='word_1_747' title='bbox 1167 2474 1209 2503; x_wconf 91' lang='lat' dir='ltr'><strong>ita</strong></span> <span class='ocrx_word' id='word_1_748' title='bbox 1223 2474 1396 2513; x_wconf 83' lang='lat' dir='ltr'><strong>frequenter</strong></span> <span class='ocrx_word' id='word_1_749' title='bbox 1411 2479 1608 2514; x_wconf 87' lang='lat' dir='ltr'><strong>exponuntur</strong></span> 
     </span>
     <span class='ocr_line' id='line_1_118' title="bbox 897 2516 1604 2570; baseline 0.001 -24"><span class='ocrx_word' id='word_1_750' title='bbox 897 2518 978 2557; x_wconf 89' lang='lat' dir='ltr'><strong>apud</strong></span> <span class='ocrx_word' id='word_1_751' title='bbox 994 2521 1146 2547; x_wconf 85' lang='lat' dir='ltr'><strong>auctores.</strong></span> <span class='ocrx_word' id='word_1_752' title='bbox 1187 2516 1269 2547; x_wconf 93' lang='lat' dir='ltr'><strong>Plut.</strong></span> <span class='ocrx_word' id='word_1_753' title='bbox 1284 2517 1429 2570; x_wconf 62' lang='lat' dir='ltr'><strong>Sympos.</strong></span> <span class='ocrx_word' id='word_1_754' title='bbox 1444 2517 1459 2558; x_wconf 92' lang='lat'><strong>[</strong></span> <span class='ocrx_word' id='word_1_755' title='bbox 1589 2517 1604 2558; x_wconf 94' lang='lat'>]</span> 
     </span>
     <span class='ocr_line' id='line_1_119' title="bbox 897 2558 1607 2599; baseline 0 -9"><span class='ocrx_word' id='word_1_756' title='bbox 897 2561 1010 2590; x_wconf 78' lang='grc' dir='ltr'><strong><em>πάντων</em></strong></span> <span class='ocrx_word' id='word_1_757' title='bbox 1026 2560 1054 2590; x_wconf 80' lang='grc' dir='ltr'><strong>δὲ</strong></span> <span class='ocrx_word' id='word_1_758' title='bbox 1069 2558 1350 2599; x_wconf 71' lang='grc' dir='ltr'><strong><em>Θαυμασιίτιιτον,“</em></strong></span> <span class='ocrx_word' id='word_1_759' title='bbox 1337 2573 1349 2590; x_wconf 91' lang='grc' dir='ltr'><strong><em>ο</em></strong></span> <span class='ocrx_word' id='word_1_760' title='bbox 1364 2561 1482 2596; x_wconf 76' lang='grc' dir='ltr'><strong><em>πάντες,</em></strong></span> <span class='ocrx_word' id='word_1_761' title='bbox 1495 2561 1530 2593; x_wconf 75' lang='grc' dir='ltr'><strong>ὡς</strong></span> <span class='ocrx_word' id='word_1_762' title='bbox 1541 2559 1607 2594; x_wconf 74' lang='grc' dir='ltr'><strong><em>ἔπος</em></strong></span> 
     </span>
     <span class='ocr_line' id='line_1_120' title="bbox 897 2603 1608 2653; baseline 0.001 -20"><span class='ocrx_word' id='word_1_763' title='bbox 897 2603 957 2634; x_wconf 82' lang='grc' dir='ltr'><strong><em>εἶπε</em></strong></span> <span class='ocrx_word' id='word_1_764' title='bbox 962 2616 995 2638; x_wconf 85' lang='grc' dir='ltr'><strong>ιν,</strong></span> <span class='ocrx_word' id='word_1_765' title='bbox 1007 2604 1104 2643; x_wconf 76' lang='grc' dir='ltr'><strong><em>ἴσμεν.</em></strong></span> <span class='ocrx_word' id='word_1_766' title='bbox 1117 2604 1192 2644; x_wconf 77' lang='lat' dir='ltr'><strong>quod</strong></span> <span class='ocrx_word' id='word_1_767' title='bbox 1202 2604 1397 2653; x_wconf 70' lang='lat' dir='ltr'><strong>omnesflmne</strong></span> <span class='ocrx_word' id='word_1_768' title='bbox 1407 2603 1608 2643; x_wconf 69' lang='lat' dir='ltr'><strong>dixerimfere</strong></span> 
     </span>
     <span class='ocr_line' id='line_1_121' title="bbox 897 2647 1606 2687; baseline 0 -11"><span class='ocrx_word' id='word_1_769' title='bbox 897 2649 1039 2677; x_wconf 78' lang='lat' dir='ltr'><strong>norimus.</strong></span> <span class='ocrx_word' id='word_1_770' title='bbox 1050 2647 1092 2677; x_wconf 87' lang='lat' dir='ltr'><strong>ita</strong></span> <span class='ocrx_word' id='word_1_771' title='bbox 1105 2647 1183 2677; x_wconf 85' lang='lat' dir='ltr'><strong>enim</strong></span> <span class='ocrx_word' id='word_1_772' title='bbox 1199 2647 1315 2687; x_wconf 87' lang='lat' dir='ltr'><strong>optime</strong></span> <span class='ocrx_word' id='word_1_773' title='bbox 1330 2654 1362 2678; x_wconf 91' lang='lat' dir='ltr'><strong>et.</strong></span> <span class='ocrx_word' id='word_1_774' title='bbox 1377 2647 1606 2687; x_wconf 80' lang='lat' dir='ltr'><strong>simplicissime</strong></span> 
     </span>
     <span class='ocr_line' id='line_1_122' title="bbox 899 2689 1607 2729; baseline -0.001 -10"><span class='ocrx_word' id='word_1_775' title='bbox 899 2690 1094 2729; x_wconf 87' lang='lat' dir='ltr'><strong>interpretari</strong></span> <span class='ocrx_word' id='word_1_776' title='bbox 1122 2691 1205 2721; x_wconf 82' lang='lat' dir='ltr'><strong>licet.</strong></span> <span class='ocrx_word' id='word_1_777' title='bbox 1257 2691 1344 2721; x_wconf 83' lang='lat' dir='ltr'><strong>Idem</strong></span> <span class='ocrx_word' id='word_1_778' title='bbox 1370 2696 1423 2720; x_wconf 65' lang='lat' dir='ltr'><strong>‘est</strong></span> <span class='ocrx_word' id='word_1_779' title='bbox 1452 2691 1487 2723; x_wconf 77' lang='grc' dir='ltr'><strong>ὡς</strong></span> <span class='ocrx_word' id='word_1_780' title='bbox 1519 2689 1607 2719; x_wconf 72' lang='grc' dir='ltr'><strong><em>εἰπεῖν</em></strong></span> 
     </span>
     <span class='ocr_line' id='line_1_123' title="bbox 899 2733 1605 2774; baseline 0 -12"><span class='ocrx_word' id='word_1_781' title='bbox 899 2733 980 2772; x_wconf 85' lang='lat' dir='ltr'><strong>apud</strong></span> <span class='ocrx_word' id='word_1_782' title='bbox 1004 2734 1132 2763; x_wconf 87' lang='lat' dir='ltr'><strong>eundem</strong></span> <span class='ocrx_word' id='word_1_783' title='bbox 1159 2734 1321 2774; x_wconf 84' lang='lat' dir='ltr'><strong>[Sympos.</strong></span> <span class='ocrx_word' id='word_1_784' title='bbox 1340 2734 1361 2763; x_wconf 87' lang='lat' dir='ltr'><strong>l.</strong></span> <span class='ocrx_word' id='word_1_785' title='bbox 1387 2734 1429 2763; x_wconf 83' lang='lat' dir='ltr'><strong>iv.</strong></span> <span class='ocrx_word' id='word_1_786' title='bbox 1450 2743 1480 2771; x_wconf 89' lang='lat' dir='ltr'><strong>q.</strong></span> <span class='ocrx_word' id='word_1_787' title='bbox 1507 2737 1536 2762; x_wconf 91' lang='lat'><strong>1.</strong></span> <span class='ocrx_word' id='word_1_788' title='bbox 1558 2733 1605 2774; x_wconf 83' lang='grc'><strong><em>3.]</em></strong></span> 
     </span>
     <span class='ocr_line' id='line_1_124' title="bbox 899 2775 1607 2818; baseline 0 -13"><span class='ocrx_word' id='word_1_789' title='bbox 899 2776 971 2806; x_wconf 77' lang='grc' dir='ltr'><strong><em>οὐδὲν</em></strong></span> <span class='ocrx_word' id='word_1_790' title='bbox 984 2779 1039 2817; x_wconf 58' lang='grc' dir='ltr'><strong>γὰρ</strong></span> <span class='ocrx_word' id='word_1_791' title='bbox 1054 2777 1089 2810; x_wconf 76' lang='grc' dir='ltr'><strong>ὡς</strong></span> <span class='ocrx_word' id='word_1_792' title='bbox 1101 2777 1186 2806; x_wconf 82' lang='grc' dir='ltr'><strong><em>εἶπεῖν</em></strong></span> <span class='ocrx_word' id='word_1_793' title='bbox 1200 2776 1380 2818; x_wconf 60' lang='grc' dir='ltr'><strong><em>πολυχρόνιόν</em></strong></span> <span class='ocrx_word' id='word_1_794' title='bbox 1394 2775 1469 2806; x_wconf 83' lang='grc' dir='ltr'><strong><em>ἐστι.</em></strong></span> <span class='ocrx_word' id='word_1_795' title='bbox 1489 2776 1607 2805; x_wconf 81' lang='lat' dir='ltr'><strong>nullum</strong></span> 
     </span>
     <span class='ocr_line' id='line_1_125' title="bbox 899 2818 1607 2859; baseline -0.003 -10"><span class='ocrx_word' id='word_1_796' title='bbox 899 2821 975 2849; x_wconf 82' lang='lat' dir='ltr'><strong>enim</strong></span> <span class='ocrx_word' id='word_1_797' title='bbox 997 2830 1083 2859; x_wconf 79' lang='lat' dir='ltr'><strong>prope</strong></span> <span class='ocrx_word' id='word_1_798' title='bbox 1105 2822 1239 2855; x_wconf 71' lang='lat' dir='ltr'><strong>diret-im,</strong></span> <span class='ocrx_word' id='word_1_799' title='bbox 1257 2822 1305 2850; x_wconf 79' lang='lat' dir='ltr'><strong>vel</strong></span> <span class='ocrx_word' id='word_1_800' title='bbox 1319 2819 1390 2859; x_wconf 78' lang='lat' dir='ltr'><strong>fere</strong></span> <span class='ocrx_word' id='word_1_801' title='bbox 1409 2818 1538 2855; x_wconf 75' lang='lat' dir='ltr'><strong>nullum,</strong></span> <span class='ocrx_word' id='word_1_802' title='bbox 1562 2829 1607 2848; x_wconf 83' lang='lat' dir='ltr'><strong>eo·</strong></span> 
     </span>
     <span class='ocr_line' id='line_1_126' title="bbox 900 2861 1608 2902; baseline 0.001 -11"><span class='ocrx_word' id='word_1_803' title='bbox 900 2873 965 2892; x_wconf 87' lang='lat' dir='ltr'><strong>rum</strong></span> <span class='ocrx_word' id='word_1_804' title='bbox 996 2864 1148 2893; x_wconf 67' lang='lat' dir='ltr'><strong>diuturnae</strong></span> <span class='ocrx_word' id='word_1_805' title='bbox 1180 2865 1246 2893; x_wconf 76' lang='lat' dir='ltr'><strong>vitae</strong></span> <span class='ocrx_word' id='word_1_806' title='bbox 1281 2869 1330 2892; x_wconf 79' lang='lat' dir='ltr'><strong>est.</strong></span> <span class='ocrx_word' id='word_1_807' title='bbox 1391 2863 1519 2892; x_wconf 87' lang='lat' dir='ltr'><strong>Aristot.</strong></span> <span class='ocrx_word' id='word_1_808' title='bbox 1553 2861 1608 2902; x_wconf 83' lang='lat' dir='ltr'><strong>[de</strong></span> 
     </span>
     <span class='ocr_line' id='line_1_127' title="bbox 900 2904 1610 2945; baseline 0 -10"><span class='ocrx_word' id='word_1_809' title='bbox 900 2905 986 2935; x_wconf 85' lang='lat' dir='ltr'><strong>Part.</strong></span> <span class='ocrx_word' id='word_1_810' title='bbox 1011 2906 1112 2936; x_wconf 85' lang='lat' dir='ltr'><strong>Anim.</strong></span> <span class='ocrx_word' id='word_1_811' title='bbox 1135 2907 1154 2935; x_wconf 90' lang='lat' dir='ltr'><strong>l.</strong></span> <span class='ocrx_word' id='word_1_812' title='bbox 1179 2907 1210 2935; x_wconf 89' lang='lat' dir='ltr'><strong>ii.</strong></span> <span class='ocrx_word' id='word_1_813' title='bbox 1233 2905 1282 2945; x_wconf 82' lang='lat'><strong>7]</strong></span> <span class='ocrx_word' id='word_1_814' title='bbox 1306 2905 1353 2934; x_wconf 69' lang='grc' dir='ltr'><strong>καὶ</strong></span> <span class='ocrx_word' id='word_1_815' title='bbox 1376 2904 1420 2934; x_wconf 65' lang='grc' dir='ltr'><strong>διὰ</strong></span> <span class='ocrx_word' id='word_1_816' title='bbox 1443 2906 1528 2935; x_wconf 74' lang='grc' dir='ltr'><strong><em>τοῦτο</em></strong></span> <span class='ocrx_word' id='word_1_817' title='bbox 1548 2905 1610 2945; x_wconf 79' lang='grc' dir='ltr'><strong><em>ἔχει</em></strong></span> 
     </span>
     <span class='ocr_line' id='line_1_128' title="bbox 900 2947 1609 2988; baseline -0.003 -9"><span class='ocrx_word' id='word_1_818' title='bbox 900 2950 998 2979; x_wconf 78' lang='grc' dir='ltr'><strong><em>πάντα</em></strong></span> <span class='ocrx_word' id='word_1_819' title='bbox 1018 2951 1059 2979; x_wconf 70' lang='grc' dir='ltr'><strong><em>τὸ.</em></strong></span> <span class='ocrx_word' id='word_1_820' title='bbox 1081 2949 1184 2988; x_wconf 79' lang='grc' dir='ltr'><strong><em>ἔναιμα</em></strong></span> <span class='ocrx_word' id='word_1_821' title='bbox 1203 2948 1234 2977; x_wconf 69' lang='grc' dir='ltr'><strong>τὸ</strong></span> <span class='ocrx_word' id='word_1_822' title='bbox 1258 2947 1422 2987; x_wconf 71' lang='grc' dir='ltr'><strong><em>ἐγκέφαλον,</em></strong></span> <span class='ocrx_word' id='word_1_823' title='bbox 1438 2951 1494 2977; x_wconf 66' lang='grc' dir='ltr'><strong>τῶν</strong></span> <span class='ocrx_word' id='word_1_824' title='bbox 1508 2948 1535 2978; x_wconf 76' lang='grc' dir='ltr'><strong>δὲ</strong></span> <span class='ocrx_word' id='word_1_825' title='bbox 1555 2948 1609 2977; x_wconf 69' lang='grc' dir='ltr'><strong><em>εἶλ-</em></strong></span> 
     </span>
     <span class='ocr_line' id='line_1_129' title="bbox 901 2992 1612 3032; baseline -0.001 -11"><span class='ocrx_word' id='word_1_826' title='bbox 901 2998 955 3021; x_wconf 80' lang='grc' dir='ltr'><strong>λων</strong></span> <span class='ocrx_word' id='word_1_827' title='bbox 977 2992 1050 3022; x_wconf 64' lang='grc' dir='ltr'><strong><em>οἰδὲν</em></strong></span> <span class='ocrx_word' id='word_1_828' title='bbox 1076 2993 1111 3026; x_wconf 72' lang='grc' dir='ltr'><strong><em>ἄν,-</em></strong></span> <span class='ocrx_word' id='word_1_829' title='bbox 1135 2993 1231 3021; x_wconf 71' lang='grc' dir='ltr'><strong><em>εἶπεῖν.</em></strong></span> <span class='ocrx_word' id='word_1_830' title='bbox 1265 2992 1407 3020; x_wconf 70' lang='lat' dir='ltr'><strong>animalia</strong></span> <span class='ocrx_word' id='word_1_831' title='bbox 1429 2993 1526 3021; x_wconf 81' lang='lat' dir='ltr'><strong>omnia</strong></span> <span class='ocrx_word' id='word_1_832' title='bbox 1549 3002 1612 3032; x_wconf 78' lang='lat' dir='ltr'><strong>qttae</strong></span> 
     </span>
     <span class='ocr_line' id='line_1_130' title="bbox 901 3034 1610 3077; baseline -0.001 -12"><span class='ocrx_word' id='word_1_833' title='bbox 901 3037 1074 3077; x_wconf 74' lang='lat' dir='ltr'><strong>sanguinem</strong></span> <span class='ocrx_word' id='word_1_834' title='bbox 1109 3035 1226 3070; x_wconf 70' lang='lat' dir='ltr'><strong>hubent,</strong></span> <span class='ocrx_word' id='word_1_835' title='bbox 1259 3034 1363 3065; x_wconf 73' lang='lat' dir='ltr'><strong>hubent</strong></span> <span class='ocrx_word' id='word_1_836' title='bbox 1392 3040 1420 3064; x_wconf 73' lang='lat' dir='ltr'><strong>et</strong></span> <span class='ocrx_word' id='word_1_837' title='bbox 1450 3037 1610 3069; x_wconf 72' lang='lat' dir='ltr'><strong>cerebrum,</strong></span> 
     </span>
    </p>
   </div>
  </div>
 </body>
</html>
