1997 3323
381 188 462 229 120
755 186 788 229 1.
812 187 845 230 Ι.
867 186 1092 229 REISKE

417 310 460 317 —-
483 296 514 325 9.
543 292 739 336 ἐπονείδιστον]
764 296 871 326 suffeci
898 296 1087 326 soemininum

374 335 575 371 ἐπονείδιστος.
598 338 680 368 redit
696 339 774 369 euim
790 340 826 368 ad
841 339 931 379 εἰρήνη.
954 350 1013 378 pax
1031 349 1088 378 pu-

374 381 486 416 denda,
501 382 659 420 probrosa,
675 381 886 421 ignominiosa.

415 441 459 447 -
476 427 530 454 10.
545 424 660 466 πάντα]
676 430 747 464 post
762 426 859 455 πάντα.
873 425 985 454 deesse
1004 424 1089 454 vide-

374 471 424 496 tur
441 466 488 497 διὰ
502 466 547 497 σέ.

417 527 460 532 --
477 513 528 540 11.
549 509 614 551 καὶ]
643 509 773 540 subaudi
801 510 849 538 καὶ
879 510 963 539 τοῦτο
989 508 1089 548 λέγετε

373 551 448 592 ‹¹:234-
462 552 554 589 αὐτὸν,
569 551 592 582 οἶῖ
607 551 754 583 δικασταί.
777 553 868 582 etiam
886 553 943 583 hoc
959 553 1018 592 ipsi
1037 563 1090 583 oc-

374 595 499 626 currite.
535 597 638 626 Eccur
653 601 753 626 autem
765 600 918 625 tantorum
932 597 1090 631 malorum,

373 643 584 679 tantarumque
601 639 781 678 injuriarum
806 644 960 669 auctorem
983 640 1089 680 pergis

373 682 518 712 laudare?
543 682 720 723 Philippum
737 687 821 721 puta.

415 743 459 748 —-
478 729 528 756 12.
552 725 742 766 φυλάττητε]
766 725 887 755 acribus
908 726 1008 756 oculis
1025 736 1090 755 mo-

371 773 422 798 tus
448 774 478 798 et
502 767 718 799 conversiones
749 769 815 807 ejus
845 778 951 798 omnes
983 770 1089 799 obser-

373 812 464 847 vetis,
487 813 649 851 flexusque
675 811 877 851 palaestricos,
901 812 1011 850 quibus
1038 823 1088 842 co·

372 859 461 884 netur
485 856 582 885 nodos
605 858 726 885 vestros
751 855 876 884 eludere
900 859 990 893 atque
1013 855 1089 886 effu-

376 908 461 937 gere.

416 958 461 963 -—-
475 942 527 970 14.
548 939 651 982 ἔσται]
674 945 748 980 post
763 939 849 970 ἔσται
866 940 954 970 deest
969 940 1091 982 φανεξός.

374 984 538 1020 constabit,
561 989 614 1014 aut
636 984 726 1023 plano
750 989 780 1013 et
804 983 977 1014 indubitato
997 985 1092 1014 docu-

373 1032 475 1056 mento
491 1031 636 1057 testatum
652 1027 773 1056 dederit
788 1027 966 1063 AEschines,
981 1038 1015 1058 se
1032 1039 1090 1058 non

373 1071 430 1098 hoc
454 1071 566 1108 egisse,
585 1074 618 1099 ut
637 1071 717 1100 bona
732 1071 791 1100 fide
807 1081 840 1100 se
857 1076 1013 1110 purgaret,
1034 1073 1088 1101 sed

374 1113 431 1141 hoc
448 1113 650 1148 solummodo,
668 1117 701 1142 ut
716 1113 916 1144 declamando
933 1115 1090 1154 specimen

377 1165 497 1185 sonorae
512 1156 599 1185 vocis
615 1157 731 1186 ederet.

415 1216 458 1222 —-
475 1201 526 1229 16.
550 1198 838 1240 καθυποκρινούμενον
863 1199 957 1241 ὑμᾶς]
989 1212 1021 1231 se
1045 1201 1090 1231 hi-

374 1241 522 1271 strionica
549 1253 626 1272 voce
652 1247 744 1282 atque
774 1243 1009 1282 gesticulatione
1036 1255 1092 1274 sua

375 1294 430 1313 vos
446 1285 735 1321 circumventurum,
756 1291 787 1316 et
807 1290 949 1325 tanquam
969 1288 1090 1327 praesti-

374 1327 434 1365 giis
458 1328 642 1367 quibusdam
666 1334 893 1359 occoecaturum
920 1335 1011 1369 atque
1037 1332 1090 1361 de-

375 1375 590 1401 mentaturum.
929 1399 932 1402 ,

417 1431 461 1436 -—
480 1417 529 1444 18.
553 1417 608 1445 τῶν
626 1414 682 1444 ἐπὶ
697 1414 796 1456 Τροίᾳ]
822 1415 891 1446 scil.
907 1417 1092 1455 πολεμησάν-

375 1467 441 1492 των,
457 1462 508 1486 aut
524 1457 674 1487 πεσόντων.
698 1459 751 1488 alii
773 1460 846 1488 dant
861 1459 908 1489 ἐπὶ
929 1459 1035 1500 Τροίαν.
1060 1465 1092 1489 ut

374 1499 395 1528 οἱ
412 1499 498 1529 ἑοῦ-τὰ.
515 1499 572 1529 ἐπὶ
591 1500 699 1534 Θήβαις.
722 1502 774 1530 nbi
790 1502 1027 1543 στρατευσάντων
1043 1503 1091 1532 vel

374 1543 474 1572 simile
489 1543 563 1582 quid
581 1543 775 1574 subauditur.

1130 186 1458 230 ANNOTATA

1164 313 1205 317 —-
1221 306 1291 335 pen.
1313 294 1427 336 δίκαιον]
1451 305 1512 325 non
1527 295 1591 334 jam
1606 292 1732 330 σκοπεῖν,
1746 303 1831 334 quae-

1122 348 1198 373 rere,
1211 339 1633 378 noscitare‚circumspicere,
1647 338 1701 366 sed
1714 337 1834 376 δοκιμά-

1122 380 1185 421 ζειν,
1200 381 1351 420 deligere,
1365 383 1505 421 probare.
1522 381 1597 410 alias
1611 381 1717 419 utiquc
1729 381 1833 410 malim

1123 435 1190 454 cum
1209 425 1387 463 Augustano
1398 424 1461 463 legi
1471 424 1594 464 εὔφωνον,
1604 424 1635 453 in
1649 423 1836 458 accusativo,

1123 471 1154 496 et
1171 468 1234 497 sine
1251 467 1285 496 εἲ.
1309 477 1376 496 nam
1393 466 1419 497 si
1435 467 1540 497 dicere
1551 467 1625 497 licet
1639 467 1753 497 σκοπεῖν
1769 476 1835 506 πρε-

1123 510 1244 543 σβευτὴν
1266 509 1377 546 δίκαιον,
1398 510 1572 550 explorare,
1590 520 1660 540 num
1677 510 1745 549 quis
1756 509 1834 549 justi

1123 559 1153 583 et
1169 554 1243 583 recti
1260 559 1353 583 tenax
1370 553 1410 583 sit
1431 553 1572 592 legatus3
1594 553 1637 582 nil
1655 552 1758 588 video,
1781 561 1836 582 cur

1123 598 1221 627 minus
1233 597 1326 627 liceat
1335 597 1451 633 dicere,
1467 597 1584 626 σκοπεῖν
1597 595 1700 636 κήρυκα
1716 595 1839 636 εὔφωνον,

1123 650 1193 670 num
1209 651 1313 680 praeco
1330 640 1399 679 quis
1414 639 1533 670 vocalis
1549 639 1598 669 sit.

1165 685 1240 715 450.
1257 687 1286 714 1.
1311 682 1488 724 θαυμάσας]
1508 682 1591 722 quod
1604 680 1708 720 magni
1723 690 1778 710 vos
1794 680 1838 709 fa-

1123 737 1204 762 cere,
1225 728 1255 757 in
1272 727 1369 757 salute
1385 732 1488 757 vestra
1506 735 1647 766 magnum
1663 734 1731 754 esse
1746 724 1837 753 situm

1124 775 1319 804 momentum,
1340 770 1411 800 ideo
1436 780 1492 801 vos
1518 767 1634 799 redemi
1659 771 1750 807 atque
1774 776 1838 796 ser-

1124 813 1206 848 vavi,
1223 813 1275 853 qui
1292 813 1472 853 Philippum
1491 812 1578 842 nihili
1597 812 1741 841 facerem.
1774 811 1837 839 Re-

1124 857 1256 894 spondet
1281 867 1321 886 ex
1347 856 1492 896 opposito
1517 865 1611 886 versu
1637 856 1668 885 3.
1701 855 1780 893 ὑμῶν
1809 851 1838 882 δὲ

1125 900 1273 939 ὑπεξεώςοι.

1167 960 1210 965 —
1226 945 1278 972 14.
1300 941 1428 977 ἐπιεικῶς
1442 941 1510 972 εἰσὶν
1523 940 1687 982 αὐτάρκεις]
1703 941 1742 970 sic
1757 938 1839 972 satis,

1126 989 1177 1015 aut
1192 987 1353 1025 saepissime,
1376 986 1562 1024 plerumque,
1583 984 1659 1024 ipsae
1676 982 1736 1012 sibi
1760 981 1842 1010 suffi-

1125 1029 1209 1059 ciunt
1224 1031 1261 1058 ad
1285 1039 1369 1059 usum
1391 1029 1583 1067 fructumque
1606 1026 1667 1062 sui,
1684 1031 1723 1056 ut
1741 1024 1839 1054 alieno

1126 1072 1271 1112 suffragio
1286 1072 1328 1102 nil
1345 1072 1512 1111 indigeant.

1167 1133 1211 1138 -
1232 1118 1284 1146 20.
1307 1115 1345 1149 εἷς
1373 1115 1493 1153 ἀνάγκην
1518 1115 1574 1144 τῶν
1582 1113 1641 1154 —]
1671 1111 1775 1143 malim
1803 1109 1842 1143 εἷς

1125 1160 1246 1198 ἀνάγκην
1260 1160 1310 1188 τοῦ
1323 1161 1379 1188 τῶν
1393 1157 1502 1188 δικαίων
1515 1168 1546 1186 τι
1560 1158 1658 1187 ποιεῖν.

1168 1220 1211 1225 -—
1227 1205 1278 1233 24.
1299 1205 1339 1233 τὰ
1353 1204 1443 1232 λοιπὰ
1457 1199 1566 1240 ποιεῖν]
1588 1200 1708 1238 reliqua
1728 1199 1842 1228 facere.

1126 1256 1194 1284 qnae
1217 1246 1358 1286 reliqua?
1384 1244 1534 1275 sententia
1555 1244 1622 1273 haeo
1647 1251 1734 1272 cassa
1759 1244 1840 1269 sunt.

1125 1289 1187 1327 legi
1204 1289 1303 1318 malim
1317 1300 1324 1318 :
1339 1288 1389 1318 τοῦ
1405 1289 1503 1318 λοιποῦ
1515 1288 1556 1317 τὰ
1571 1284 1663 1316 δίκαιοι
1677 1285 1764 1315 ποιεῖν
1777 1282 1842 1316 Βου-

1125 1332 1259 1363 aha-ewa.
1272 1332 1356 1362 volet
1364 1332 1527 1371 Philippus
1539 1330 1569 1360 in
1582 1334 1739 1369 posterum
1749 1328 1800 1365 jus
1811 1329 1842 1355 et

1125 1376 1170 1405 sas
1186 1375 1283 1414 sequi.
1816 1410 1824 1418 ο

1169 1420 1244 1449 4-51.
1268 1422 1299 1449 4.
1322 1418 1465 1458 ἀφοςμῆν]
1489 1416 1611 1446 titulum
1631 1413 1713 1453 juris
1736 1413 1842 1451 hospi-

1127 1461 1195 1490 talis
1234 1471 1305 1491 cum
1341 1461 1487 1500 Philippo
1520 1458 1681 1495 contracti,
1715 1456 1842 1486 fundum

1126 1508 1262 1542 quaestus
1278 1514 1358 1539 esse,
1373 1508 1488 1534 sortem
1503 1502 1669 1537 lucrosam,
1684 1499 1843 1531 matricam

1126 1547 1314 1577 divitiarum.

503 1685 589 1726 AD
624 1685 994 1728 ORATIONEM
1029 1687 1353 1730 ADVERSUS
1387 1687 1715 1731 LEPTINEM.

420 1780 492 1809 Hoc
518 1780 586 1810 loco
610 1780 828 1810 humanissime
854 1781 995 1810 monendi
1022 1785 1092 1810 sunt

378 1823 536 1859 Lectores,
556 1825 612 1853 huc
634 1834 731 1862 usque
747 1834 852 1854 curam
871 1826 900 1853 b.
921 1824 1042 1853 Reiskii
1058 1823 1091 1853 in

376 1866 590 1896 examinandis
618 1871 649 1896 et
672 1867 932 1906 recognoscendis
955 1868 1092 1897 animad-

377 1909 571 1940 versionibus
588 1910 652 1940 suis
669 1920 864 1949 progressam
883 1921 963 1940 esse.
996 1910 1093 1949 Quina

376 1953 450 1991 quid
469 1953 550 1983 enim
574 1960 712 1983 notarum
736 1954 883 1983 hactenus
907 1954 1093 1993 impressum

376 2001 434 2031 est,
452 2006 502 2025 ees
520 2007 623 2026 omnes
637 1997 757 2026 limavit
769 1997 849 2036 ipse,
867 2002 897 2027 et
912 2001 1093 2027 retractatos

376 2039 489 2077 passim
507 2040 746 2079 diligentissime
763 2040 849 2080 prelo
867 2040 999 2079 paravit.
1032 2042 1091 2070 Sed

376 2092 443 2121 quae
471 2088 649 2122 sequuntur,
677 2093 721 2113 ea’
748 2088 924 2113 manserunt
954 2084 1094 2123 integrae,

377 2125 483 2164 quales
496 2126 618 2155 fuerant
631 2136 659 2155 a.
672 2128 769 2157 1769.
785 2127 921 2165 scriptae,
933 2137 1000 2156 cum
1015 2138 1094 2157 mor-

376 2168 446 2203 bus,
463 2169 514 2208 qui
530 2168 668 2199 medium
686 2170 764 2198 hunc
781 2179 902 2199 cursum
919 2170 1095 2209 interrupit,

377 2210 460 2240 vires
473 2214 502 2240 b.
517 2212 586 2241 Viri
597 2212 639 2241 ita
650 2212 875 2246 debilitaverit,
888 2217 920 2242 ut
931 2218 1096 2243 retractan-

376 2254 417 2283 do
434 2254 531 2295 impar
546 2261 637 2285 esset.
675 2255 779 2292 Quare
797 2260 830 2285 ut
846 2255 876 2284 iu
890 2257 1012 2286 schedis
1029 2258 1095 2295 ejus

377 2297 496 2336 singula
520 2303 643 2337 reperta
665 2304 746 2334 sunt,
768 2298 811 2328 ita
833 2309 912 2329 nunc
936 2300 1016 2329 bona
1037 2300 1096 2330 fide

379 2341 563 2371 Lectoribus
578 2340 772 2372 exhibentur.

420 2390 515 2414 ΠΡΟΣ
533 2385 734 2425 Arm-mim]
752 2386 800 2415 De
816 2389 905 2415 aetate
920 2386 1011 2424 hujus
1025 2396 1094 2416 ora-

378 2425 470 2456 tionis
486 2427 615 2466 aliisque
634 2439 664 2458 v.
679 2428 782 2458 Photii
798 2428 882 2458 Bibl.
900 2440 929 2468 p.
942 2430 1017 2460 802.
1043 2429 1095 2460 Li-

378 2476 489 2499 matam
514 2471 604 2509 hujus
628 2471 776 2501 orationis
798 2472 966 2502 dictionem
989 2473 1096 2502 laudat

378 2512 532 2552 Hei-mog.
548 2524 578 2552 p.
593 2516 667 2544 301.
685 2515 781 2545 initio.
814 2515 864 2544 De
880 2516 991 2556 gallica
1005 2517 1095 2554 hujus

378 2556 523 2585 orationis
534 2556 790 2596 interpretatione
803 2569 858 2598 per
871 2559 913 2588 Le
926 2559 1034 2589 Cointe
1046 2561 1095 2598 ju-

377 2598 492 2628 dicium
507 2599 702 2630 Valckeuarii
718 2611 748 2631 v.
759 2602 796 2631 ad
810 2603 963 2632 Herodot.
976 2613 1007 2641 p.
1020 2605 1096 2635 398.

420 2648 515 2672 ΠΡΟΣ
542 2643 740 2684 ΛΕΠΤΙΝΗΝ]
762 2645 891 2685 Sopater
907 2646 944 2675 ad
961 2646 1096 2676 Hermo-

379 2695 485 2723 genem
503 2695 535 2724 p.
551 2688 604 2716 74.
619 2688 670 2716 29.
717 2688 860 2721 Δικανικός
876 2688 888 2717 ὁ
905 2688 965 2728 περὶ
983 2690 1096 2729 Στεφά-

377 2739 430 2758 νου.
446 2728 494 2757 καὶ
510 2731 565 2768 γὰρ
580 2728 709 2769 ζητεῖται
732 2730 780 2759 καὶ
801 2731 1051 2770 ἀμφισβητεῖται,
1073 2733 1096 2762 εἴ

377 2771 454 2810 ἄξιος
470 2773 612 2812 Στεφάνου
628 2773 640 2802 ὁ
654 2771 844 2812 Δημοσθένης,
858 2774 872 2805 ἢ
888 2775 943 2812 μή.
955 2776 1036 2806 ἀλλὰ
1047 2776 1096 2805 καὶ

378 2815 400 2843 οἳ
424 2815 603 2851 Φιλιππικοὶ,
629 2814 866 2856 συμὲουλευτικοῖ
888 2816 972 2854 ὄντες,
996 2818 1019 2847 εἶ
1041 2820 1096 2860 χρὴ

380 2857 520 2888 Φίλιππον
544 2856 742 2899 Ἀμφικτύονα
766 2862 882 2890 ποιῆσαι
910 2865 1098 2902 πανηγυρικῶς

378 2903 545 2940 μελετᾶται
560 2901 651 2942 [sic].
663 2903 711 2932 καὶ
724 2904 778 2943 γὰρ
788 2902 876 2937 πολύς
888 2902 966 2934 ἐστιν
977 2903 1098 2934 ἐνταῦθα.

381 2943 571 2983 Δημοσθένης
585 2948 665 2976 κατὰ
678 2945 821 2977 Φιλίππου
833 2946 1001 2987 δημηγοςῶν.
1018 2949 1098 2977 ἀλλὰ

380 2986 428 3015 καὶ
451 2987 463 3016 ὅ
486 2986 552 3027 πρός
574 2989 722 3026 Λεπτίνην,
744 2989 877 3024 δικανικός
899 2990 934 3019 ὥν
956 2991 1000 3031 τῷ
1022 2990 1098 3027 εἴδει,

1125 1782 1240 1820 μικτῶς
1250 1781 1428 1819 μελετᾶται.
1440 1777 1693 1821 συμέουλευτικῶς
1703 1779 1781 1820 φημὶ
1792 1779 1842 1810 καὶ

1127 1826 1328 1863 πανηγυξικῶς.

1170 1869 1245 1896 457.
1260 1870 1289 1897 1.
1307 1865 1398 1906 ἄνδςες
1414 1865 1616 1907 &amarat-q
1632 1865 1760 1896 Initium
1774 1876 1842 1896 ora-

1128 1908 1220 1939 tionis
1236 1909 1312 1939 citat
1328 1909 1478 1949 Hermog.
1492 1919 1524 1947 p.
1536 1911 1611 1940 105.
1625 1909 1660 1939 it.
1676 1919 1708 1949 p.
1725 1912 1799 1941 280.

1171 1970 1214 1975 -—-
1232 1955 1283 1983 12.
1306 1951 1428 1994 εἴρηται]
1459 1951 1527 1982 scil.
1549 1953 1616 1982 haec
1638 1957 1688 1982 est
1710 1953 1842 1982 oratoris

1129 1997 1264 2026 secunda
1279 1996 1359 2026 actio
1374 1996 1464 2035 hujus
1480 2005 1593 2026 causae.
1615 1995 1763 2026 Phormio
1776 2007 1842 2026 eam

1124 2042 1186 2078 jam
1211 2043 1281 2070 aute
1304 2039 1485 2080 Ctesippum
1508 2043 1623 2079 egerat.
1636 2044 1671 2069 ut
1686 2049 1703 2069 e
1718 2050 1750 2079 p.
1767 2041 1842 2071 472.

1131 2086 1183 2113 12.
1196 2088 1325 2112 constat.

1171 2144 1215 2148 —
1232 2129 1284 2156 18.
1299 2124 1397 2165 ἐξεῖναι
1412 2125 1499 2156 δοῦναι
1513 2125 1604 2165 ὑμῖίς,
1620 2123 1654 2155 τό
1667 2124 1754 2155 δοῦναι
1774 2124 1844 2164 ὑμῖν

1129 2168 1244 2208 ἐξεῖναι]
1261 2169 1378 2200 correxi
1392 2168 1632 2203 distinctionem,
1645 2178 1762 2198 comma
1778 2168 1845 2199 col-

1130 2212 1257 2242 locando
1274 2216 1343 2251 post
1354 2211 1484 2251 primum
1496 2209 1610 2250 ἐξεῖναι,
1621 2216 1652 2242 et
1665 2211 1767 2241 delevi
1780 2211 1844 2251 pri-

1129 2265 1210 2285 mum
1234 2255 1331 2284 δοῦναι.
1361 2265 1428 2285 nam
1459 2254 1649 2284 constructio
1678 2255 1744 2284 haec
1775 2261 1843 2286 est:

1129 2297 1264 2338 ἀφείλετο
1279 2299 1367 2339 ὑμᾶς,
1379 2297 1413 2328 τὸ
1427 2296 1526 2337 ἐξεῖναι
1540 2298 1609 2338 ὑμῖν
1623 2297 1720 2329 δοῦναι.
1744 2299 1845 2329 abstu-

1131 2343 1166 2372 lit
1193 2341 1271 2372 vobis
1295 2347 1460 2380 potestatem
1486 2341 1646 2382 largiendi.
1682 2340 1844 2372 manifeste

1129 2385 1211 2415 inter
1221 2395 1252 2415 se
1263 2389 1473 2425 opponuntur,
1487 2386 1552 2418 τοὺς
1565 2384 1621 2424 μὲν
1631 2383 1751 2426 ἔχοντες
1765 2382 1845 2424 ἀφεί-

1129 2429 1381 2468 λετο--ι-ὑμῖίς
1396 2427 1423 2458 δὲ
1437 2426 1632 2468 ἅφείλετο--.
1653 2429 1702 2459 Ad
1713 2427 1844 2467 primum

1129 2470 1228 2510 ἐξεῖναι
1255 2472 1497 2502 subaudiendum
1521 2476 1571 2501 est
1593 2482 1610 2501 e
1633 2470 1844 2510 superioribus

1129 2516 1221 2546 ἀτελῆ
1235 2513 1313 2545 εῖναι.
1356 2515 1515 2545 Sententia
1528 2514 1625 2554 igitur
1638 2515 1704 2544 haee.
1723 2518 1791 2544 est:
1813 2525 1845 2544 eo

1129 2565 1229 2589 autem
1242 2559 1316 2598 quod
1333 2559 1489 2598 adscripsit
1504 2557 1579 2598 μηδὲ
1592 2556 1625 2587 τό
1637 2556 1730 2588 λοιπὸν
1742 2555 1844 2596 ἐξεῖναι

1130 2603 1248 2643 (neque
1263 2602 1293 2631 in
1306 2606 1463 2641 posterum
1475 2600 1569 2632 liceto
1583 2601 1724 2640 cuiquam
1737 2601 1844 2630 immu-

1130 2646 1161 2676 ni
1173 2644 1269 2686 esse),
1282 2645 1406 2676 abstulit
1415 2645 1490 2675 vobis
1493 2643 1675 2685 facultatem
1687 2643 1846 2683 largiendi,

1131 2700 1175 2719 sc.
1192 2688 1267 2719 hanc
1283 2689 1508 2719 immunitatem.

1173 2750 1217 2755 ———
1231 2732 1308 2762 ibid.
1333 2732 1417 2772 ὑμῖν]
1447 2740 1551 2762 verum
1576 2733 1634 2759 est.
1658 2729 1738 2768 ἡμῖν,
1760 2729 1842 2768 quod

1132 2776 1214 2814 Aug.
1237 2776 1300 2810 dat,
1323 2775 1446 2805 tametsi
1474 2773 1642 2808 blanditur,
1665 2777 1713 2802 est
1743 2776 1842 2801 tamen

1133 2817 1369 2858 wagaBacigSwffcg.

1175 2879 1218 2885 —-
1241 2864 1294 2892 20.
1320 2859 1453 2900 νομίζων]
1479 2859 1511 2889 in
1538 2858 1606 2889 aliis
1636 2863 1684 2888 est
1712 2856 1844 2897 ἐνόμιζεν.

1133 2906 1212 2935 uude
1229 2904 1369 2944 suspicor
1381 2903 1562 2942 quibusdam
1577 2901 1665 2931 libris
1677 2901 1749 2931 olim
1765 2900 1844 2940 ἀφεί-

1133 2954 1199 2977 λετο
1227 2947 1318 2987 plane
1341 2947 1492 2983 abfuisse3
1525 2955 1652 2983 eamque
1681 2945 1843 2975 lectionem

1133 2992 1243 3030 probo,
1259 2991 1306 3022 sic
1323 2995 1355 3021 ut
1371 2991 1416 3021 sic
1430 2990 1569 3028 legatur:
1594 2987 1672 3028 ὅνπερ
1687 2989 1751 3022 τοὺς
1765 2986 1843 3028 ’έχον-
