1964 3323
365 193 446 236 168

360 298 474 339 pagina
489 310 520 331 v.
538 303 590 332 526.
605 301 656 332 ubi
673 302 734 343 ‘fregi
749 303 867 340 τούτων,
883 306 966 344 quod
979 306 1077 340 abest,

359 348 464 385 tamen
485 345 646 375 subaudiri
664 347 767 377 debet.
783 357 841 386 ego
858 359 933 379 vero
948 349 1006 380 hoc
1024 349 1075 379 15.

359 397 391 417 V.
406 387 562 426 vulgatam
576 389 672 429 probo
686 395 843 429 tueorque.

403 431 479 461 718.
505 433 557 463 13.
580 430 687 474 2²23(sz
711 434 740 463 id
767 439 827 470 est,
851 433 865 465 ἢ
889 433 977 466 ὁπόση
1002 433 1074 466 δίκη.

358 472 470 503 deinde
499 472 555 504 ἰδία
585 481 617 506 et
646 475 770 516 δημοσία
797 488 853 516 pro
880 478 1074 510 nominativis

357 516 469 547 haheo.

401 562 478 592 719.
493 560 524 590 5.
541 558 766 603 ψηφισαμένων]
790 563 914 595 Petitus
937 564 1002 595 LL.
1017 565 1074 595 At—

355 601 412 633 tic.
427 613 457 641 p.
469 605 543 634 188.
557 603 603 635 ἐὰν
614 607 656 645 μὴ
675 604 750 644 ψηφ.
767 608 887 637 suadet.
904 608 1074 647 obloquun-

355 648 407 676 tur
421 646 649 686 Wesselingius
666 653 697 678 et
710 650 875 688 Taylorus.
898 662 956 690 ego
972 657 1072 682 tamen

354 688 556 720 nihilominus
569 691 701 721 arbitror
716 693 852 723 Petitum
864 695 902 724 ad
915 696 1074 726 sententiae

355 732 480 771 quidem
504 735 663 764 veritatem
684 736 870 773 accessisse,
890 738 1010 768 tametsi
1030 739 1073 769 le-

354 775 433 806 niori
451 782 532 806 motu
547 788 596 807 res
613 779 719 816 peragi
739 784 852 817 potest,
865 781 932 811 scil.
950 792 1072 821 praepo-

356 820 457 849 nendo
482 819 508 855 ἢ,
526 825 560 850 ut
583 821 623 850 sit
643 820 718 863 τιθῇ,
742 821 756 852 ἢ
776 820 886 860 ψηφισ.
907 829 1005 863 patet,
1020 826 1072 864 qui

354 863 492 900 potuerit
507 874 542 892 ea
558 864 669 894 vocula
682 865 729 894 hic
745 865 901 896 excidere.
945 868 1074 898 Senten-

355 906 398 934 tia
422 906 499 945 legis
523 907 587 936 haec
612 913 678 937 est:
711 909 760 938 Ne
785 908 880 939 liceto
896 910 926 940 in
943 912 1071 949 gratiam

354 949 470 988 privati
486 950 586 988 legem
600 951 690 986 serre,
708 962 724 981 a
742 953 830 990 cujus
845 953 944 984 fructu
961 954 1072 993 reliqui

353 991 439 1022 cives
450 994 675 1032 excludantur3
699 999 751 1025 aut
763 996 855 1026 liceto
868 997 1004 1036 quidem,
1016 999 1070 1028 sed

353 1034 411 1064 hac
437 1036 626 1072 conditione,
651 1038 678 1067 si
702 1049 758 1068 sex
782 1039 879 1069 millia
906 1040 1021 1071 civium
1041 1042 1072 1071 in

351 1078 419 1116 ejus
455 1079 535 1118 legis
573 1081 718 1112 lationem
757 1083 978 1113 consenserint.
1016 1095 1072 1115 cur

353 1121 433 1150 enim
449 1122 525 1152 alias
543 1124 673 1154 adderet
688 1124 771 1156 illam
791 1126 829 1154 de
853 1137 910 1156 sex
933 1126 1072 1158 millibus

350 1164 531 1202 clausulam,
551 1177 620 1206 quae
639 1177 831 1205 supervacua
852 1174 883 1198 et
899 1169 1072 1209 importuna

351 1211 411 1243 est,
433 1209 459 1237 si
479 1219 573 1248 negas
595 1210 808 1249 exceptionem
831 1212 880 1241 hic
899 1213 974 1242 fieri.
997 1215 1032 1243 ad
1056 1213 1071 1245 ἢ

353 1252 535 1282 subauditur
557 1252 680 1293 ἐξέστω.
708 1253 832 1284 tametsi
856 1256 986 1286 ferretur
1006 1257 1072 1292 lex,

351 1303 410 1324 non
436 1294 507 1325 ideo
532 1296 636 1326 statim
663 1296 784 1336 perlata
806 1303 880 1329 erat.
927 1300 990 1328 Sed
1014 1301 1070 1330 hac

350 1338 532 1376 exceptione
552 1340 745 1370 solummodo
769 1342 862 1380 copia
878 1343 969 1372 datur
992 1343 1070 1383 legis

350 1390 439 1410 novae
460 1383 607 1420 ferendae,
625 1384 653 1413 b.
671 1394 698 1414 e.
715 1386 832 1424 populo
849 1387 1068 1425 proponendae,

349 1433 445 1462 penes
471 1436 560 1465 quem
587 1431 687 1456 tamen
716 1438 838 1467 semper
864 1430 964 1460 adhuc
991 1435 1069 1467 erat,

350 1477 416 1496 eam
432 1467 546 1505 legem,
560 1468 585 1499 si
601 1471 708 1506 vellet,
722 1471 910 1510 improbare.

391 1528 434 1532 -—
449 1514 479 1542 6.
495 1511 572 1554 δόξῃ]
596 1523 688 1544 servo
709 1519 739 1543 et
757 1519 855 1551 tueor,
881 1515 949 1546 scil.
969 1514 1069 1556 ἐξεῖναι

348 1552 442 1584 θεῖναι
458 1554 505 1585 τὸν
516 1556 604 1595 νόμον.
622 1557 727 1597 quibus
741 1558 880 1588 videatur
895 1560 977 1597 copia
991 1571 1069 1591 novae

349 1596 419 1636 legis
438 1599 478 1628 ad
496 1599 637 1638 populum
644 1600 781 1642 jerendae
799 1603 916 1633 auctori
931 1603 1003 1643 legis
1017 1613 1068 1633 ne-

345 1641 450 1680 ganda
460 1653 518 1672 non
533 1652 599 1672 esse.

395 1700 439 1706 -—
460 1688 515 1715 10.
541 1685 618 1726 ἴσου]
649 1685 772 1716 correxi
795 1685 867 1722 ἴσον,
898 1688 958 1718 fide
988 1689 1067 1719 Bav.

350 1728 431 1758 idem
458 1733 489 1758 et
512 1728 542 1758 in
565 1729 640 1759 edit.
656 1729 783 1769 Taylori
805 1731 942 1770 reperio,
959 1732 1068 1762 nescio

349 1782 409 1810 qua
423 1771 617 1802 auctoritate.
631 1772 797 1802 incideram
813 1773 843 1803 in
860 1775 982 1804 easdem
997 1786 1065 1805 cum

348 1815 469 1845 Wolfio
493 1817 699 1854 conjecturas.
714 1815 775 1846 ῖσον
793 1817 843 1846 hic
862 1818 922 1847 loci
945 1824 994 1848 est
1013 1819 1066 1848 ad-

349 1857 499 1894 verbiale‚
514 1868 570 1898 pro
587 1857 617 1897 ἐξ
632 1858 704 1895 ἰ’σου,
721 1864 772 1890 aut
785 1862 864 1891 κατὰ
877 1859 910 1890 τὸ
922 1861 993 1892 ἴσον.

391 1919 435 1925 —-
452 1903 503 1932 14.
521 1903 594 1931 πλὴν
608 1902 670 1942 περὶ
689 1905 745 1932 τῶν
763 1904 903 1945 τελωνῶν]
919 1905 1001 1934 idem
1017 1910 1066 1936 est

348 1948 451 1983 atque,
463 1946 536 1976 πλὴν
550 1943 599 1975 ἐπὶ
614 1947 675 1980 τοῖς
689 1946 835 1981 τελώναις.

388 2006 432 2012 —
446 1990 497 2018 15.
513 1988 661 2030 χρῆσθαι]
679 1991 807 2020 subaudi
824 1989 872 2020 ἐπὶ
885 1991 946 2024 τοῖς
957 1990 1066 2026 ἄλλοις.

347 2032 381 2060 in
397 2032 491 2061 causis
513 2034 640 2062 aliorum
655 2034 786 2063 omnium
803 2034 873 2073 Iegis
890 2033 979 2074 hujus
995 2045 1066 2065 usus

346 2079 423 2111 θείω
448 2076 593 2106 duntaxat
614 2077 645 2105 in
668 2078 765 2107 causis
781 2077 1010 2116 publicanorum
1029 2089 1066 2110 ne

345 2123 413 2148 esto.

389 2163 464 2192 ¹720.
482 2162 514 2190 4.
535 2159 761 2204 ἐξωσθήσομαι]
785 2163 888 2193 malim
910 2161 1067 2201 ἐξωσθῆσω

347 2215 403 2243 μαι
428 2205 477 2234 τοῦ
500 2205 570 2243 weg}
595 2206 645 2235 τοῦ
660 2205 729 2244 μηδ’
745 2223 786 2229 ·--
804 2210 839 2236 ut
861 2206 993 2245 primum
1015 2208 1066 2237 τοῦ

347 2248 496 2278 reseratur
512 2249 549 2277 ad
566 2248 665 2284 εἰπεῖν,
681 2250 850 2279 secundum
867 2250 904 2279 ad
922 2249 1000 2280 εῖναι.

747 194 781 237 Ι.
803 195 839 239 Ι.
861 195 1086 240 REISKE
1118 194 1448 238 ANNOTATA

1110 303 1300 334 decimviros
1312 303 1342 335 in
1361 304 1512 336 Heliaeam
1525 303 1683 342 inducere,
1696 303 1728 335 in
1743 306 1824 345 ejus-

1109 347 1194 377 modi
1210 348 1324 383 causis,
1340 349 1366 379 si
1383 348 1435 388 qui
1446 350 1537 387 jussu
1558 349 1689 379 Senatus
1703 348 1736 378 iu
1756 359 1823 379 car-

1109 401 1210 420 cerem
1227 391 1302 426 dati,
1317 401 1416 430 neque
1431 393 1471 422 ad
1489 391 1642 431 judicium
1663 396 1826 423 vocaretur

1109 443 1213 463 eorum
1241 444 1344 469 causa,
1375 445 1473 474 neque
1508 435 1660 467 sententia
1692 435 1824 471 veniret,

1107 487 1175 516 quae
1205 477 1277 507 illos
1305 477 1396 507 morti
1419 478 1646 514 condemnaret,
1674 477 1767 517 idque
1793 479 1826 509 ni

1108 520 1193 550 fieret
1208 521 1288 550 intra
1300 520 1491 560 trigesimum
1500 522 1595 558 diem,
1611 531 1650 551 ex
1663 531 1723 560 quo
1738 520 1826 552 missi

1108 569 1213 594 essent
1227 564 1257 593 in
1277 575 1440 595 carcerem.
1486 564 1688 595 Gonditiones
1709 564 1825 603 itaque,

1107 608 1165 638 sub
1181 608 1291 646 quibus
1306 608 1496 638 Timocrates
1512 609 1578 638 haeo
1597 607 1825 638 Thesmothetis

1108 651 1228 686 suadet,
1245 657 1313 681 sunt
1327 656 1402 682 tres.
1449 655 1480 682 1.
1504 651 1538 681 Si
1552 661 1650 682 nexus
1663 661 1703 681 ex
1718 655 1824 681 aueto-

1106 694 1195 724 ritate
1217 695 1348 725 Senatus
1375 695 1455 725 ultra
1478 704 1617 725 mensem
1637 694 1669 724 in
1692 693 1824 724 vinculis

1106 737 1231 768 haereat.
1268 740 1297 768 2.
1321 738 1353 768 Si
1365 738 1482 768 interea
1493 737 1642 777 temporis
1654 738 1720 776 ejus
1731 747 1825 767 causa

1107 791 1124 810 a
1136 787 1244 811 senatu
1261 784 1299 811 ad
1312 782 1461 821 populum
1474 792 1534 811 non
1552 782 1697 811 refertur.
1736 782 1768 810 3.
1789 780 1824 811 Si

1106 825 1354 856 condemnator-ia
1378 824 1545 861 sententia,
1575 834 1614 855 ex
1642 824 1825 854 auctoritate

1105 867 1214 906 populi
1224 869 1406 907 perscripta,
1416 867 1649 898 Thesmothetis
1656 867 1735 897 intra
1742 877 1826 896 men—

1106 920 1169 939 sem
1185 921 1202 940 a
1219 916 1346 950 captura
1361 911 1433 941 inde
1444 921 1503 940 non
1517 910 1680 940 exhibetur
1693 920 1711 940 a
1724 910 1826 940 scriba

1105 953 1267 994 prytaniae.
1312 955 1392 984 Tum
1423 958 1529 984 auctor
1558 957 1607 982 est
1632 952 1825 982 Timocrates

1105 996 1348 1032 Thesmffieds,
1365 1000 1400 1026 ut
1415 995 1643 1026 undecimviros
1658 996 1688 1025 in
1706 996 1824 1026 Heliae-

1105 1049 1151 1069 am
1166 1039 1323 1075 inducant,
1334 1049 1395 1069 una
1404 1049 1473 1069 oum
1483 1038 1682 1078 reis‚squippe
1692 1039 1745 1078 qui
1758 1039 1825 1069 sine

1106 1082 1328 1113 uudecimviris
1342 1092 1496 1121 nunquam
1511 1082 1541 1112 in
1553 1082 1714 1122 publicum
1729 1082 1826 1122 prod-

1105 1125 1201 1162 ibant,
1218 1126 1318 1156 donec
1333 1130 1386 1155 aut
1397 1126 1644 1162 absolverentur,
1658 1130 1711 1155 aut
1725 1131 1825 1156 morte

1104 1168 1335 1200 mulctarentur.
1349 1169 1380 1199 h.
1390 1179 1418 1199 e.
1433 1175 1468 1199 ut
1484 1171 1614 1209 quaestio
1627 1178 1722 1208 super
1735 1168 1825 1200 nexis

1104 1211 1282 1250 agitaretur,
1293 1223 1392 1252 neque
1402 1212 1604 1243 diuturnitate
1614 1212 1751 1243 carceris
1760 1223 1825 1243 ma-

1104 1260 1291 1286 cerareutur.

1146 1300 1165 1327 7
1170 1301 1222 1329 ⁶21.
1238 1302 1268 1331 9.
1283 1297 1350 1339 δεῖν]
1366 1298 1395 1328 11.
1410 1299 1432 1329 1.
1444 1298 1587 1330 idemest
1601 1302 1693 1338 atque
1703 1298 1823 1329 κελεύειν

1104 1339 1226 1379 δεθῆναι,
1241 1343 1349 1380 jubere
1368 1346 1405 1371 ut
1420 1343 1602 1373 vinciantur.
1627 1343 1824 1381 quemadmo-

1103 1385 1175 1414 dum
1192 1386 1284 1415 modo
1300 1385 1425 1415 dixerat
1443 1384 1618 1416 καΘιστάναι
1634 1395 1691 1423 pro
1706 1385 1826 1416 κελεύειν

1103 1428 1153 1457 vel
1180 1426 1226 1468 ἐᾷν
1249 1428 1440 1465 καθιστάναι,
1452 1429 1561 1468 jubare
1583 1428 1632 1460 vel
1653 1433 1827 1468 potestatem

1092 1469 1202 1512 facere
1214 1472 1422 1504 constituendi.

1145 1532 1189 1538 -—-
1207 1518 1258 1546 14.
1277 1515 1337 1546 οὐδὲ
1351 1516 1412 1550 τοῖς
1426 1515 1541 1557 ἐίλ-λοις]
1559 1514 1596 1546 id
1608 1518 1671 1552 θεῖ,
1685 1513 1747 1545 οὒδὲ
1762 1515 1826 1550 ’τοῖς

1102 1558 1159 1587 ’τῶν
1173 1557 1272 1588 ἄλλων
1286 1557 1390 1599 νόμοις.

1145 1618 1188 1624 -
1205 1604 1256 1633 15.
1274 1600 1340 1632 ἕνεκ’
1359 1599 1514 1642 ἀναιδείας]
1531 1611 1596 1641 prae
1610 1601 1739 1632 audacia
1755 1601 1823 1640 qui-

1101 1643 1184 1681 dem,
1206 1645 1233 1675 si
1258 1645 1331 1675 satis
1357 1646 1398 1675 sit
1417 1646 1456 1675 ad
1480 1655 1548 1675 eum
1571 1655 1652 1681 rem,
1673 1645 1828 1676 audacem.

1102 1696 1191 1725 esse3
1215 1688 1240 1718 si
1253 1688 1357 1718 omnia
1372 1687 1432 1718 sita
1444 1688 1506 1718 sint
1521 1688 1551 1718 in
1566 1687 1706 1724 audacia,
1721 1699 1821 1728 neque

1101 1735 1249 1768 praeterea
1264 1732 1414 1771 potentia,
1430 1731 1540 1771 gratia,
1553 1731 1623 1761 aliis
1637 1732 1730 1762 rebus
1741 1742 1822 1771 opus

1100 1772 1153 1810 sit,
1175 1778 1239 1804 tum
1256 1781 1341 1805 tanta
1356 1780 1404 1805 est
1418 1775 1511 1814 hujus
1531 1774 1663 1805 hominis
1681 1775 1820 1811 audacia,

1100 1821 1133 1846 ut
1147 1817 1183 1847 ad
1201 1818 1276 1848 nihil
1292 1829 1350 1848 non
1364 1818 1506 1858 quamvis
1517 1822 1609 1849 atrox
1621 1817 1696 1848 mihi
1711 1818 1821 1848 videa-

1100 1864 1150 1889 tur
1165 1866 1289 1900 paratus
1301 1872 1382 1892 esse.

1141 1921 1185 1927 -—
1203 1907 1254 1935 19.
1274 1905 1386 1945 τοῦτον]
1408 1903 1531 1934 correxi
1550 1903 1663 1935 τούτου.
1684 1904 1821 1934 eobaeret

1099 1947 1178 1977 enim
1195 1958 1264 1978 cum
1279 1945 1563 1987 καταψηφίσασθαι.
1594 1947 1626 1978 Si
1640 1948 1740 1978 τοῦτον
1754 1957 1822 1977 ser-

1101 2000 1220 2027 vamus,
1249 1992 1333 2031 quod
1361 1991 1428 2022 fieri
1458 1994 1576 2031 potest,
1605 1991 1819 2021 subaudiendo

1098 2033 1226 2073 κολάζειν
1243 2046 1259 2064 e
1279 2033 1461 2073 praemissis,
1483 2039 1548 2064 tum
1564 2034 1740 2064 addendum
1760 2034 1822 2064 erit

1099 2077 1148 2106 καὶ
1164 2084 1235 2117 post
1251 2078 1337 2108 verb.
1352 2078 1501 2108 εἴληπται.

1143 2138 1186 2144 -
1203 2123 1254 2152 23.
1269 2118 1392 2161 Θασέςῳ]
1409 2119 1533 2151 correxi
1548 2119 1678 2160 θάτερον.
1702 2120 1762 2150 Sed
1779 2130 1817 2150 eo

1100 2162 1245 2199 admisso,
1265 2165 1349 2203 quod
1371 2165 1446 2194 dant
1468 2163 1597 2193 codices
1621 2163 1763 2202 plerique
1786 2168 1819 2194 et

1100 2207 1220 2244 optimi,
1238 2217 1366 2237 neeesse
1384 2211 1443 2243 est,
1461 2210 1496 2237 ut
1515 2206 1662 2236 nonnulla
1681 2206 1732 2236 hio
1754 2206 1817 2237 loci

1099 2249 1212 2286 desint,
1228 2251 1265 2280 ad
1283 2251 1361 2280 hanc
1377 2249 1578 2281 sententiam:
1600 2248 1729 2291 θάτερον,
1747 2260 1818 2280 oon·

389 2308 430 2313 --
443 2293 474 2322 5.
491 2290 607 2332 ὁμοίως]
620 2292 748 2331 perinde
764 2303 799 2323 ac
812 2292 837 2323 si
852 2293 994 2323 omnibus
1011 2294 1065 2324 azi-
1088 2292 1202 2332 fitetur
1229 2293 1357 2324 alterum
1385 2304 1400 2324 e
1428 2293 1550 2328 duobus,
1578 2290 1593 2323 ἢ
1623 2293 1668 2331 τῷ
1694 2292 1819 2334 προτὲξῳ

347 2339 531 2365 versaretur.

388 2394 432 2399 ——
448 2380 478 2408 6.
496 2376 534 2419 τῇ
549 2377 662 2420 γραφῇ]
680 2382 755 2418 puta
769 2378 808 2420 τῇ
826 2377 886 2421 ἐμῇ
899 2381 954 2410 τῶν
970 2388 1063 2420 naga-

345 2418 443 2460 νόμων.

388 2481 431 2485 -
452 2465 505 2494 23.
529 2464 590 2497 τοῖς
614 2462 821 2505 Θεσμοθέταις]
849 2466 1064 2496 commendant

346 2505 506 2536 Heraldus
522 2511 553 2536 et
566 2507 681 2547 Taylor
695 2509 760 2542 τοὺς
780 2507 983 2549 θεσμοθέτας.
1004 2519 1063 2549 ego

347 2549 502 2587 vulgatam
518 2554 622 2584 teneo,
638 2553 728 2591 cujus
742 2553 808 2582 haeo
829 2557 877 2582 est
893 2553 1063 2582 sententia:

345 2592 471 2622 Solebat
495 2594 622 2623 Athenis
645 2594 723 2631 fieri,
742 2600 776 2625 ut
796 2596 922 2635 quidam
946 2596 986 2625 ad
1008 2596 1064 2626 Se-

343 2639 450 2665 natum
474 2636 651 2667 denunciati
673 2638 713 2667 de
736 2639 914 2675 sceleribus,
932 2649 1063 2678 quorum

345 2678 607 2715 insimularentur,
638 2690 656 2709 a
686 2681 801 2711 Senatu
832 2682 983 2721 tantisper
1008 2693 1062 2713 cu-

346 2722 469 2758 stodiae,
499 2722 557 2752 hoc
578 2728 626 2753 est
650 2734 732 2753 curae
767 2725 1063 2761 undecimvirorum,

344 2766 618 2801 committerentur,
635 2767 734 2797 donec
749 2768 788 2797 de
800 2768 839 2797 iis
852 2768 959 2798 concio
971 2779 1061 2808 roga-

342 2814 430 2839 retur
445 2809 519 2848 quid
536 2813 695 2840 statueret.
739 2810 800 2840 Sed
814 2821 922 2841 rursus
936 2812 1000 2842 fieri
1013 2823 1062 2842 so-

342 2852 439 2888 lebat,
455 2858 488 2883 ut
498 2852 528 2882 hi
543 2852 693 2882 custodiae
706 2854 839 2883 mandati
853 2865 972 2884 menses
983 2856 1061 2886 mul·

344 2898 394 2926 tos
408 2895 440 2925 in
459 2906 582 2926 carcere
598 2896 757 2931 liaererent,
773 2901 934 2937 antequam
955 2909 1060 2929 eorum

344 2948 439 2968 causa
453 2939 491 2969 ad
507 2939 652 2980 populum
669 2940 846 2976 referretur,
862 2945 953 2980 atque
970 2942 1007 2971 ab
1021 2952 1059 2972 eo

342 2987 588 3021 cognosceretur.
632 2982 750 3013 Suadet
777 2983 882 3023 itaque
910 2984 977 3014 haec
1004 2984 1058 3015 lex

343 3024 549 3063 Timocratea,
565 3031 598 3057 ut
613 3026 736 3066 placeat
750 3026 986 3063 Thesmothetis,
1003 3037 1058 3058 un-

1098 2334 1173 2375 νόμῳ
1185 2335 1300 2366 ἐναντίον
1313 2335 1391 2367 τόνδε
1398 2334 1523 2372 mesic&
1532 2335 1605 2375 τῷδε
1615 2333 1662 2366 τὸν
1677 2335 1816 2376 πρότερον,

1098 2379 1213 2416 ἀδικεῖν,
1225 2386 1280 2411 aut
1294 2381 1326 2410 in
1340 2391 1370 2410 eo
1384 2389 1411 2410 se
1423 2380 1534 2420 injuste
1553 2380 1653 2419 egisse,
1667 2379 1724 2410 vel>
1734 2379 1814 2419 inju-

1097 2421 1172 2453 riam
1185 2423 1263 2463 reip.
1279 2423 1402 2459 fecisse,
1411 2422 1488 2464 quod
1497 2422 1575 2454 hanc
1587 2422 1678 2463 legem
1693 2422 1818 2459 tulisset,

1098 2465 1144 2495 illi
1156 2467 1253 2505 priori
1272 2466 1331 2507 legi
1345 2476 1404 2497 suae
1423 2467 1636 2501 adversantem,
1649 2471 1705 2496 aut
1721 2467 1756 2496 in
1772 2476 1816 2502 eo,

1097 2511 1172 2550 quod
1183 2511 1309 2549 priorem
1323 2509 1392 2540 huic
1402 2510 1556 2550 posteriori
1565 2509 1728 2540 adversam.

1139 2570 1183 2576 —
1198 2556 1251 2584 24.
1266 2553 1383 2587 τούτους
1394 2554 1459 2587 τοὺς
1478 2552 1590 2593 νόμους]
1613 2556 1665 2582 aut
1684 2551 1746 2590 leg.
1768 2556 1816 2582 est

1096 2597 1194 2626 τοῦτον
1212 2595 1259 2626 τὸν
1281 2596 1372 2636 νόμον,
1391 2607 1458 2627 narn
1483 2596 1523 2625 de
1547 2605 1606 2625 una
1629 2595 1816 2625 Timum-atis

1097 2639 1168 2677 leg-e
1184 2650 1286 2670 sermo
1308 2645 1368 2676 est,
1386 2645 1439 2670 aut
1460 2639 1538 2669 hanc
1558 2638 1658 2677 legem
1678 2638 1817 2677 appellat

1096 2682 1206 2721 νόμους,
1222 2683 1293 2722 quia
1307 2682 1546 2713 constitutiones
1560 2691 1686 2711 numero
1710 2681 1815 2720 plures

1096 2726 1324 2766 complectitur,
1349 2733 1402 2756 aut
1426 2724 1530 2765 possit
1554 2723 1646 2754 etiam
1674 2723 1738 2763 legi
1766 2723 1815 2754 τὸν

1096 2768 1198 2800 τούτου
1210 2768 1299 2809 νόμον.
1322 2780 1352 2799 v.
1366 2779 1399 2808 p.
1418 2770 1494 2799 ¹724.
1509 2769 1541 2799 3.
1560 2769 1637 2799 725.
1652 2769 1706 2797 1¹7.
1749 2767 1814 2797 Sed

1097 2813 1195 2843 satius
1211 2818 1259 2843 est
1273 2813 1426 2851 vulgatam
1443 2820 1577 2842 servare.
1591 2809 1660 2849 pari
1673 2810 1765 2840 modo
1779 2820 1813 2850 p.

1095 2856 1169 2887 734.
1181 2858 1234 2887 28.
1249 2856 1314 2890 τοὺς
1324 2855 1422 2894 νόμους
1430 2854 1578 2895 appellat,
1588 2853 1710 2884 tametsi
1722 2853 1813 2884 unica

1095 2900 1188 2929 modo
1203 2900 1254 2929 lex
1270 2903 1363 2928 esset.

1137 2959 1181 2969 -.
1201 2952 1271 2982 pen.
1295 2941 1357 2982 mg}
1378 2939 1509 2981 votivam]
1524 2939 1566 2971 de
1589 2939 1650 2977 his,
1673 2939 1713 2969 ad
1731 2939 1812 2975 hoec,

1094 2995 1162 3024 quae
1190 2985 1253 3025 ipsi
1281 2984 1483 3025 exprobravi.
1512 2987 1545 3015 et
1570 2993 1700 3024 quorum
1725 2992 1811 3014 eont-

1093 3028 1218 3068 plexum
1235 3028 1337 3060 statim
1356 3025 1495 3068 subjicit.
