1948 3322
565 195 650 236 AD
684 194 801 236 SUA
832 193 1336 236 DEMOSTHENICA.
1657 195 1682 236 9

220 302 438 333 Aristocratem
463 304 514 332 43.
540 307 646 332 contra
672 302 880 332 Timocratem
909 303 961 331 92.
991 306 1097 331 contra
1124 300 1385 339 Aristogeitonem
1414 304 1443 331 1.
1461 303 1535 331 141.
1561 302 1590 333 2.
1610 303 1683 331 162.

219 359 324 384 contra
345 354 487 384 Neaeram
509 355 584 384 168.
607 355 755 383 amatoria
771 356 846 385 198.
871 353 1010 383 funebris
1028 355 1104 382 210.
1132 351 1171 380 de
1188 351 1304 381 foedere
1329 362 1397 381 cnm
1414 353 1592 382 Alexandro
1608 354 1684 383 218.

219 408 323 435 contra
334 403 535 434 Zenothemin
546 406 620 435 224.
643 408 750 434 contra
762 404 977 433 Phormionem
993 405 1068 434 231.
1092 403 1128 432 ad
1135 413 1242 432 versus
1258 402 1372 431 Lacriti
1384 403 1601 441 exceptionem
1611 405 1685 435 247.

217 455 362 494 Epistola
375 458 406 485 1.
420 457 496 488 256.
519 455 666 496 exceptio
682 460 790 485 contra
811 453 1051 484 Nausimachum
1068 458 1101 483 et
1116 452 1328 491 Xenopithem
1354 454 1427 483 258.
1443 454 1474 482 6.
1520 455 1615 484 Num.
1633 457 1686 486 96.

217 506 337 546 Ecloga
351 517 464 537 vocum
480 508 668 547 quarundam
685 506 921 537 Rhetoricarum
938 516 955 536 e
972 504 1161 545 Philippicis
1175 505 1402 535 Demosthenis.
1425 505 1518 534 Num.
1537 508 1609 536 139.
1623 509 1687 537 De-

215 557 387 588 mosthenis
399 559 537 589 funebris
555 559 664 594 oratio,
678 559 738 588 fine
751 563 847 587 caret.
893 559 988 588 Num.
1004 558 1077 588 159.
1096 556 1253 595 expositio
1269 566 1379 586 vocum
1401 556 1637 587 Rhetoricarum
1656 559 1685 588 in

215 608 406 649 Philippicis
430 610 663 641 Demosthenis.
707 609 747 640 Τό
772 608 883 649 μέλλον
905 611 980 640 303.
1027 609 1127 638 Codd.
1144 608 1240 638 MSS.
1262 607 1361 638 Laud.
1377 607 1471 637 Num.
1494 609 1547 638 26.
1572 611 1686 639 Demo-

172 654 174 656 *
215 660 333 691 sthenis
344 661 500 692 orationes
515 661 633 702 aliquot
648 662 767 692 Graece.

258 712 451 743 Adversaria
464 713 656 753 Langbainii.
668 715 700 742 8.
717 723 747 752 p.
761 713 837 744 205.
862 711 1081 742 Demosthenis
1093 710 1264 741 orationum
1280 715 1311 740 et
1326 710 1527 750 epistolarum
1545 711 1612 741 Cat.

258 763 360 794 Codd.
377 764 539 794 Ashmole.
553 766 629 795 780.
646 767 676 795 2.
700 764 809 794 Livies
823 765 858 794 of
870 765 948 795 Cato
964 761 1383 794 [nicenis—Demosthenis.
1661 755 1666 760 ⁵

216 834 220 836 >
259 814 297 844 In
313 815 432 855 Colleg.
448 816 668 846 Lincolniensi.
689 817 730 848 N.
754 818 804 847 15.
823 815 933 846 Oratio
951 814 1172 846 Demosthenis
1189 814 1228 843 ad
1244 814 1456 844 Alexandrum
1473 825 1542 845 eum
1565 815 1602 844 ad
1627 816 1688 846 cte-

215 865 361 895 mentiam
373 866 546 897 invitantis.

258 917 361 947 Codd.
373 918 468 948 MSS.
483 919 528 949 Is.
541 919 659 949 vossii.
672 922 724 951 47.
750 918 969 949 Demosthenis
982 917 1137 948 orationes
1146 916 1323 956 judiciales.
1339 918 1388 946 90.
1413 917 1611 956 Comparatio
1626 919 1689 948 De-

214 968 386 999 mosthenis
398 974 430 1000 et
445 970 617 1001 AEschinis.
630 971 706 1001 115.
730 970 951 1001 Demosthenis
971 974 1050 999 orat.
1066 968 1270 1008 Olynthiacae,
1284 968 1324 998 de
1342 969 1426 998 Pace
1443 977 1473 999 et
1491 976 1599 1000 contra
1616 970 1690 1000 Phi-

213 1019 344 1060 lippum.
361 1022 436 1052 175.
460 1023 679 1052 Demosthenis
691 1022 799 1051 Oratio
813 1020 950 1061 {gez-nuo‘q.

257 1071 359 1102 Codd.
375 1073 470 1103 MSS.
487 1074 569 1104 Edv.
591 1073 748 1104 Bernardi.
760 1074 813 1103 57.
830 1073 1069 1102 Demosthenes.

258 1122 359 1152 codd.
374 1124 466 1153 MSS.
484 1123 736 1163 EpismNorvic.
752 1126 825 1154 102.
849 1123 953 1154 Nicol.
975 1122 1062 1153 Carri
1085 1122 1187 1153 versio
1212 1123 1400 1161 quarundam
1417 1123 1599 1154 Orationum
1626 1125 1690 1155 De-

213 1173 383 1204 mosthenis
397 1185 414 1204 e
429 1175 549 1205 Graeco.
566 1178 599 1205 4.

258 1225 356 1255 Porro
369 1226 472 1265 reperi
485 1226 516 1257 in
531 1226 594 1262 illa,
609 1237 698 1266 quam
713 1225 794 1263 dixi,
804 1226 1023 1256 Francfurtana
1036 1225 1229 1256 collationem
1243 1224 1489 1265 Philippicarum
1499 1228 1687 1266 quarundam

214 1286 286 1305 cum
300 1276 461 1308 codicibus
477 1278 661 1308 Lockerano
679 1283 711 1308 et
726 1277 918 1317 Harleyano‚
935 1282 965 1307 et
982 1282 1230 1318 argumentorum
1251 1277 1290 1306 ad
1307 1277 1361 1307 has
1378 1278 1531 1309 orationes
1548 1290 1564 1309 e
1581 1280 1688 1310 codice

215 1328 422 1370 Gonvillan03
444 1340 514 1370 quae
531 1330 632 1360 omnia
643 1329 809 1370 diligenter
823 1329 855 1360 in
872 1330 1063 1360 variantibus
1077 1329 1155 1360 meis
1168 1328 1270 1359 retuli.

835 1399 854 1416 ἱ
943 1398 962 1417 Ξ
1051 1398 1070 1417 ὖ

259 1460 295 1489 In
311 1459 405 1490 tertio
421 1459 636 1499 exemplorum
651 1459 796 1490 editionis
812 1458 1044 1489 Francsurtanae
1062 1458 1100 1487 ab
1116 1457 1263 1488 Askewio
1279 1457 1318 1487 ad
1334 1467 1384 1487 me
1399 1457 1565 1488 missorum
1587 1458 1689 1497 reperi

214 1509 313 1542 istaec.
335 1511 366 1541 in
382 1512 483 1552 primo
499 1512 655 1542 volumine
669 1511 771 1542 varias
786 1510 936 1541 lectiones
953 1521 992 1540 ex
1009 1510 1190 1549 Harleyano
1207 1513 1238 1539 et
1254 1510 1434 1539 Loekerano
1451 1510 1543 1540 codd.
1567 1511 1606 1540 de
1623 1510 1690 1549 qui-

215 1563 274 1593 bus
284 1563 377 1593 modo
388 1563 463 1594 dixi.
486 1563 516 1594 in
533 1564 671 1593 secundo
689 1567 719 1593 et
739 1563 832 1593 tertio
849 1567 916 1592 tota
931 1562 1053 1601 farrago
1068 1561 1248 1596 lectionum,
1265 1571 1354 1599 quam
1372 1560 1487 1600 Taylor
1503 1561 1532 1590 in
1556 1572 1610 1590 sua
1626 1561 1691 1590 edi-

215 1613 298 1644 tione
309 1614 482 1644 orationum
496 1619 528 1643 et
539 1614 570 1643 in
587 1624 680 1644 causa
697 1613 878 1648 AEsebinea‚
894 1618 926 1642 et
941 1613 970 1642 in
984 1613 1053 1642 aliis
1067 1612 1169 1642 causis
1185 1611 1320 1651 publicis
1337 1611 1522 1641 versantium
1546 1622 1690 1650 exprom-

214 1665 290 1705 psit.
312 1670 378 1696 tum
393 1665 538 1696 volumen
554 1670 710 1705 quartum,
726 1675 836 1694 causas
851 1664 990 1705 privatas
1014 1669 1134 1699 tenens,
1153 1663 1235 1703 quod
1251 1673 1349 1693 meam
1369 1673 1455 1702 spem
1471 1662 1625 1702 imprimis
1645 1674 1691 1693 ar-

214 1722 350 1754 rexerat,
366 1727 432 1747 eam
448 1717 628 1757 turpissime
643 1717 764 1753 fefellit,
783 1716 910 1757 plenum
935 1715 1062 1751 chartis,
1088 1715 1144 1745 sed
1166 1715 1323 1750 inanibus,
1345 1714 1377 1744 in
1404 1714 1515 1753 quibus
1539 1725 1577 1744 ne
1601 1715 1692 1745 litera

214 1769 339 1809 quidem
353 1773 437 1800 esset
449 1773 588 1805 exarata,
601 1769 660 1799 nisi
676 1770 758 1809 quod
776 1769 814 1798 ad
838 1772 916 1799 orat.
934 1778 962 1798 c.
976 1768 1186 1797 Macartatum
1203 1766 1354 1796 lectiones
1372 1767 1510 1805 qnaedam
1529 1778 1569 1796 ex
1586 1767 1691 1807 Angu—

214 1825 300 1851 stano
316 1826 420 1851 essent
435 1825 598 1857 annotatae,
614 1821 695 1850 hand
710 1824 831 1850 constat
846 1830 914 1855 cur,
931 1823 984 1849 aut
997 1829 1069 1859 quo.
1116 1819 1269 1858 Superest
1290 1818 1321 1848 in
1345 1818 1496 1848 subsidiis
1512 1818 1692 1857 Tayloranis

215 1872 361 1904 Londino
377 1873 415 1902 ad
429 1883 478 1903 me
490 1872 596 1902 missis
612 1872 708 1902 editio
722 1872 872 1908 Parisina,
886 1871 919 1901 in
935 1881 995 1911 qna
1006 1871 1073 1901 haeo
1090 1870 1204 1910 reperi.
1238 1870 1276 1899 In
1289 1877 1375 1909 parte
1388 1870 1499 1910 prima,
1512 1880 1580 1909 qua>
1597 1880 1691 1909 penes

214 1937 276 1962 me,
292 1935 448 1966 penesque
461 1935 567 1954 omnes
583 1925 621 1954 ad
638 1928 714 1954 orat.
728 1935 786 1965 pro
802 1934 915 1955 corona
929 1922 1084 1963 procedit,
1101 1932 1190 1962 paene
1207 1920 1283 1950 nihil
1300 1925 1407 1961 egerat
1421 1920 1585 1960 Taylorus,
1603 1931 1690 1960 quam

217 1981 251 2007 ut
263 1977 414 2007 lectiones
430 1981 482 2006 ant
502 1978 711 2016 conjecturas,
727 1976 794 2007 sive
811 1976 949 2011 Morelli,
967 1975 1035 2005 sive
1051 1973 1208 2009 Lambini,
1223 1973 1374 2002 Parisinae
1389 1972 1418 2001 in
1435 1972 1521 2002 calce
1536 1974 1692 2011 subjectas

216 2028 420 2063 adscriberet,
437 2028 462 2057 si
480 2028 553 2067 quid
570 2028 600 2058 in
619 2027 786 2058 scholiasta
804 2027 952 2063 notabile,
970 2037 1025 2056 seu
1045 2026 1174 2056 citatum
1198 2029 1354 2054 auctorem
1378 2024 1561 2064 reperisset,
1583 2035 1691 2054 nomen

215 2082 284 2120 ejus
300 2079 331 2110 in
348 2078 484 2119 margine
500 2079 663 2115 indicaret,
676 2079 741 2109 sive
752 2078 939 2109 vocabulum
951 2076 1103 2116 insignius
1116 2080 1304 2112 enarratum,
1316 2076 1401 2106 item.
1415 2086 1484 2105 raro
1498 2077 1692 2114 conjecturas

215 2142 287 2162 suas
302 2130 471 2171 adspersit,
486 2141 562 2170 quas
579 2130 628 2159 hic
645 2130 775 2160 seorsim
791 2130 935 2166 referam,
951 2128 1024 2169 quia
1041 2128 1085 2158 sic
1097 2127 1209 2158 melius
1232 2126 1420 2167 spectari,h.
1433 2137 1460 2157 e.
1474 2126 1608 2165 judicari
1622 2137 1694 2166 pos-

217 2187 300 2220 sunt,
312 2193 405 2223 quam
415 2182 447 2214 in
463 2182 554 2212 turba
568 2181 736 2212 alienarum
748 2180 978 2212 annotationum
994 2179 1093 2211 veluti
1107 2179 1247 2220 sepultae.

838 2251 858 2269 ⁸
946 2251 964 2269 Ι
1053 2250 1072 2267 ξ

260 2317 297 2346 In
314 2325 352 2345 eo
368 2313 523 2346 volumine
536 2314 704 2345 Wolfianae
720 2312 963 2347 Francfurtanae‚
977 2310 1007 2341 in
1019 2320 1110 2350 quam
1127 2309 1278 2340 lectiones
1293 2307 1463 2348 Harleyani
1477 2312 1508 2338 et
1523 2306 1692 2337 Lockerani

215 2368 427 2410 inscripserat,
438 2368 646 2407 interspersas
662 2365 728 2396 illis
742 2364 932 2396 variantibus
945 2362 1088 2403 proprias
1101 2361 1236 2400 Tayloro
1250 2359 1534 2390 animadversiones
1548 2362 1578 2388 et
1593 2361 1695 2396 conje-

217 2425 321 2451 cturas
343 2419 459 2459 reperi,
476 2430 552 2459 quas
567 2418 598 2449 in
621 2416 740 2448 libellis
758 2415 942 2447 variantium
956 2414 1140 2450 lectionum,
1155 2413 1225 2443 loco
1243 2421 1397 2452 quamque
1422 2421 1479 2440 suo
1495 2409 1599 2440 retuli.
1615 2413 1648 2439 ut
1665 2420 1693 2439 c.

216 2484 244 2503 c.
256 2473 294 2503 ad
306 2483 339 2512 p.
355 2474 408 2503 15.
419 2482 450 2502 v.
466 2473 521 2503 26.

260 2524 359 2554 Porro
377 2523 553 2558 tenendum,
566 2522 716 2553 lectiones
728 2522 783 2552 has
795 2520 887 2551 Harl.
902 2524 933 2550 et
949 2519 1050 2550 Lock.
1065 2529 1083 2548 a
1093 2517 1229 2558 Tayloro
1242 2516 1291 2546 bis
1303 2526 1372 2546 esse
1384 2515 1486 2546 illatas
1502 2514 1532 2544 in
1549 2513 1693 2553 exempla

216 2574 483 2609 Franckfurtanae,
495 2573 626 2604 alterum
639 2573 729 2610 illud,
741 2573 822 2603 unde
837 2571 1038 2611 Moschopoli
1059 2570 1176 2600 scholia
1189 2568 1305 2609 protuli
1321 2580 1329 2606 ;
1353 2578 1459 2598 verum
1477 2566 1520 2597 ibi
1537 2566 1590 2596 vix
1609 2565 1693 2596 deci—

216 2636 296 2656 mam
311 2629 430 2665 partem
441 2624 545 2665 reperi
561 2635 667 2655 earum
679 2624 858 2660 lectionum,
876 2634 952 2663 quas
965 2623 1162 2663 postmodum
1174 2622 1204 2652 in
1217 2621 1316 2652 altero
1326 2621 1472 2660 exemplo
1483 2619 1586 2660 reperi
1598 2619 1694 2649 multo

217 2677 386 2718 pleniores.
430 2676 560 2706 Solebat
575 2675 700 2717 Taylor,
713 2676 818 2712 homo,
834 2680 868 2705 ut
879 2674 1057 2709 videtur‚in
1074 2673 1234 2703 tractando
1250 2677 1335 2703 certe
1352 2672 1574 2707 Demosthene,
1587 2670 1694 2700 ordine

216 2728 473 2759 commodissimo
488 2738 548 2758 non
562 2738 648 2764 usus,
664 2732 700 2757 ut
714 2726 821 2763 mirer,
837 2726 890 2766 qni
907 2725 1045 2765 potuerit
1060 2725 1128 2764 ipse
1145 2725 1301 2765 scriptain
1319 2723 1444 2754 schedis
1461 2723 1525 2753 suis
1546 2721 1695 2761 reperire,

217 2781 326 2810 eadem
343 2779 394 2810 vel
409 2779 516 2810 decies
531 2779 562 2809 in
578 2778 713 2809 diversis
729 2778 856 2813 chartis,
873 2777 990 2817 passim
1014 2778 1150 2807 locorum
1174 2787 1314 2811 exarare,
1336 2775 1396 2805 alia
1420 2784 1551 2815 prorsus
1575 2772 1695 2806 eadem,

218 2831 279 2862 alia
294 2831 421 2862 mutatis
436 2831 555 2862 formis.
577 2835 611 2861 ut
625 2829 678 2860 hic
693 2829 767 2866 loci,
780 2829 931 2859 lectiones
948 2829 1003 2858 bas
1024 2829 1054 2858 in
1072 2828 1169 2858 altero
1185 2828 1332 2867 exemplo
1354 2826 1462 2866 plenas
1487 2824 1586 2859 dedit,
1604 2823 1634 2853 in
1653 2824 1694 2853 al·

217 2888 285 2914 tero
299 2882 468 2913 mutilatas.
512 2882 605 2921 Quod
621 2892 677 2912 cur
698 2880 821 2916 fecerit,
835 2881 979 2921 equidem
1002 2890 1060 2910 non
1083 2885 1209 2919 exputo.
1256 2878 1335 2909 Mihi
1352 2889 1425 2908 vero
1440 2874 1612 2906 molestiam
1629 2875 1694 2904 lure

218 2935 286 2973 ejus
303 2932 497 2972 indiligentia
512 2933 631 2963 creavit
646 2933 726 2963 haud
743 2933 949 2963 mediocrem:
976 2942 1042 2961 nam
1060 2942 1128 2961 cnm
1146 2941 1186 2961 ex
1203 2931 1301 2960 altero
1313 2930 1474 2959 decurtato
1490 2926 1637 2966 exemplo
1654 2927 1696 2957 le·

220 2985 340 3016 ottones
356 2985 425 3016 illas
435 2986 499 3025 jam
516 2985 546 3016 in
560 2984 684 3016 libellos
697 2996 782 3016 meos
794 2984 973 3015 variantium
987 2983 1172 3021 intulissem,
1183 2982 1276 3023 paulo
1290 2986 1371 3021 post,
1389 2989 1535 3019 perquam
1550 2978 1695 3018 tempori.

264 3046 339 3067 vot..
360 3046 390 3066 v.
978 3045 994 3062 c
