<?xml version="1.0" encoding="UTF-8"?>
<!DOCTYPE html PUBLIC "-//W3C//DTD XHTML 1.0 Transitional//EN"
    "http://www.w3.org/TR/xhtml1/DTD/xhtml1-transitional.dtd">
<html xmlns="http://www.w3.org/1999/xhtml" xml:lang="en" lang="en">
 <head>
  <title>
</title>
<meta http-equiv="Content-Type" content="text/html;charset=utf-8" />
  <meta name='ocr-system' content='tesseract 3.04.00' />
  <meta name='ocr-capabilities' content='ocr_page ocr_carea ocr_par ocr_line ocrx_word'/>
</head>
<body>
  <div class='ocr_page' id='page_1' title='image "./oratoresatticie09dobs/oratoresatticie09dobs_0394.png"; bbox 0 0 1931 3323; ppageno 0'>
   <div class='ocr_carea' id='block_1_1' title="bbox 334 204 418 245">
    <p class='ocr_par' dir='ltr' id='par_1_1' title="bbox 334 204 418 245">
     <span class='ocr_line' id='line_1_1' title="bbox 334 204 418 245; baseline -0.024 0"><span class='ocrx_word' id='word_1_1' title='bbox 334 204 418 245; x_wconf 76' lang='lat'><strong>382</strong></span> 
     </span>
    </p>
   </div>
   <div class='ocr_carea' id='block_1_2' title="bbox 332 311 1055 1615">
    <p class='ocr_par' dir='ltr' id='par_1_2' title="bbox 332 311 1052 1094">
     <span class='ocr_line' id='line_1_2' title="bbox 334 311 1047 354; baseline -0.013 -6"><span class='ocrx_word' id='word_1_2' title='bbox 334 323 394 354; x_wconf 81' lang='lat' dir='ltr'><strong>est,</strong></span> <span class='ocrx_word' id='word_1_3' title='bbox 410 318 476 346; x_wconf 84' lang='lat' dir='ltr'><strong>haec</strong></span> <span class='ocrx_word' id='word_1_4' title='bbox 491 321 576 346; x_wconf 85' lang='lat' dir='ltr'><strong>certe</strong></span> <span class='ocrx_word' id='word_1_5' title='bbox 594 319 641 345; x_wconf 84' lang='lat' dir='ltr'><strong>est</strong></span> <span class='ocrx_word' id='word_1_6' title='bbox 661 314 791 354; x_wconf 61' lang='grc' dir='ltr'>καθαρὰ,</span> <span class='ocrx_word' id='word_1_7' title='bbox 807 323 867 352; x_wconf 88' lang='lat' dir='ltr'><strong>qua</strong></span> <span class='ocrx_word' id='word_1_8' title='bbox 888 322 968 342; x_wconf 88' lang='lat' dir='ltr'><strong>nuno</strong></span> <span class='ocrx_word' id='word_1_9' title='bbox 981 311 1047 348; x_wconf 37' lang='lat' dir='ltr'><strong>&#39;uti-</strong></span> 
     </span>
     <span class='ocr_line' id='line_1_3' title="bbox 333 354 1046 398; baseline -0.014 -6"><span class='ocrx_word' id='word_1_10' title='bbox 333 369 393 392; x_wconf 86' lang='lat' dir='ltr'><strong>tur.</strong></span> <span class='ocrx_word' id='word_1_11' title='bbox 438 361 506 390; x_wconf 76' lang='lat' dir='ltr'><strong>Neo</strong></span> <span class='ocrx_word' id='word_1_12' title='bbox 529 366 575 389; x_wconf 86' lang='lat' dir='ltr'><strong>est</strong></span> <span class='ocrx_word' id='word_1_13' title='bbox 595 359 675 398; x_wconf 84' lang='lat' dir='ltr'>qnod</span> <span class='ocrx_word' id='word_1_14' title='bbox 700 358 859 397; x_wconf 86' lang='lat' dir='ltr'><strong>qnisquam</strong></span> <span class='ocrx_word' id='word_1_15' title='bbox 883 354 1046 394; x_wconf 84' lang='lat' dir='ltr'><strong>reprehen-</strong></span> 
     </span>
     <span class='ocr_line' id='line_1_4' title="bbox 332 401 1048 440; baseline -0.011 -6"><span class='ocrx_word' id='word_1_16' title='bbox 332 407 395 436; x_wconf 83' lang='lat' dir='ltr'><strong>dat.</strong></span> <span class='ocrx_word' id='word_1_17' title='bbox 441 404 534 433; x_wconf 88' lang='lat' dir='ltr'><strong>Suam</strong></span> <span class='ocrx_word' id='word_1_18' title='bbox 550 403 629 433; x_wconf 89' lang='lat' dir='ltr'><strong>enim</strong></span> <span class='ocrx_word' id='word_1_19' title='bbox 645 401 803 431; x_wconf 84' lang='lat' dir='ltr'><strong>ulciscitur</strong></span> <span class='ocrx_word' id='word_1_20' title='bbox 822 409 963 440; x_wconf 82' lang='lat' dir='ltr'>perquam</span> <span class='ocrx_word' id='word_1_21' title='bbox 981 407 1048 437; x_wconf 86' lang='lat' dir='ltr'><strong>gra-</strong></span> 
     </span>
     <span class='ocr_line' id='line_1_5' title="bbox 334 443 1049 485; baseline -0.013 -7"><span class='ocrx_word' id='word_1_22' title='bbox 334 459 405 478; x_wconf 89' lang='lat' dir='ltr'><strong>vem</strong></span> <span class='ocrx_word' id='word_1_23' title='bbox 430 447 584 485; x_wconf 81' lang='lat' dir='ltr'><strong>injuriam.</strong></span> <span class='ocrx_word' id='word_1_24' title='bbox 630 443 847 475; x_wconf 81' lang='lat' dir='ltr'><strong>lnclementius</strong></span> <span class='ocrx_word' id='word_1_25' title='bbox 873 443 989 472; x_wconf 86' lang='lat' dir='ltr'><strong>dictum</strong></span> <span class='ocrx_word' id='word_1_26' title='bbox 1017 445 1049 470; x_wconf 85' lang='lat' dir='ltr'><strong>et</strong></span> 
     </span>
     <span class='ocr_line' id='line_1_6' title="bbox 333 485 1048 532; baseline -0.013 -11"><span class='ocrx_word' id='word_1_27' title='bbox 333 490 494 532; x_wconf 78' lang='lat' dir='ltr'>persimile</span> <span class='ocrx_word' id='word_1_28' title='bbox 511 494 560 519; x_wconf 83' lang='lat' dir='ltr'><strong>est</strong></span> <span class='ocrx_word' id='word_1_29' title='bbox 572 489 628 518; x_wconf 77' lang='lat' dir='ltr'><strong>hoe</strong></span> <span class='ocrx_word' id='word_1_30' title='bbox 645 489 794 527; x_wconf 87' lang='lat' dir='ltr'><strong>ejusdem,</strong></span> <span class='ocrx_word' id='word_1_31' title='bbox 817 487 871 515; x_wconf 88' lang='lat' dir='ltr'><strong>sed</strong></span> <span class='ocrx_word' id='word_1_32' title='bbox 892 495 950 515; x_wconf 90' lang='lat' dir='ltr'><strong>non</strong></span> <span class='ocrx_word' id='word_1_33' title='bbox 969 485 1048 513; x_wconf 77' lang='grc' dir='ltr'>ἀπα-</span> 
     </span>
     <span class='ocr_line' id='line_1_7' title="bbox 333 528 1048 575; baseline -0.011 -11"><span class='ocrx_word' id='word_1_34' title='bbox 333 533 507 575; x_wconf 67' lang='grc' dir='ltr'>ξαμύθητονι</span> <span class='ocrx_word' id='word_1_35' title='bbox 533 533 554 562; x_wconf 82' lang='grc' dir='ltr'><strong>εἶ</strong></span> <span class='ocrx_word' id='word_1_36' title='bbox 579 535 632 571; x_wconf 70' lang='grc' dir='ltr'>γιὶξ</span> <span class='ocrx_word' id='word_1_37' title='bbox 656 530 828 571; x_wconf 71' lang='grc' dir='ltr'>ἀνδξαπόδων</span> <span class='ocrx_word' id='word_1_38' title='bbox 851 528 944 563; x_wconf 73' lang='grc' dir='ltr'>πόλις,</span> <span class='ocrx_word' id='word_1_39' title='bbox 968 528 1048 557; x_wconf 70' lang='grc' dir='ltr'>ἀλλὰ</span> 
     </span>
     <span class='ocr_line' id='line_1_8' title="bbox 334 571 1048 619; baseline -0.014 -10"><span class='ocrx_word' id='word_1_40' title='bbox 334 580 377 619; x_wconf 79' lang='grc' dir='ltr'>μῆ</span> <span class='ocrx_word' id='word_1_41' title='bbox 393 579 448 606; x_wconf 79' lang='grc' dir='ltr'><strong>τῶν</strong></span> <span class='ocrx_word' id='word_1_42' title='bbox 461 576 556 618; x_wconf 76' lang='grc' dir='ltr'>ἄρχειν</span> <span class='ocrx_word' id='word_1_43' title='bbox 572 574 667 615; x_wconf 72' lang='grc' dir='ltr'>ἑτέρων</span> <span class='ocrx_word' id='word_1_44' title='bbox 688 574 845 613; x_wconf 74' lang='grc' dir='ltr'>ἀξιούντων,</span> <span class='ocrx_word' id='word_1_45' title='bbox 864 571 1048 612; x_wconf 77' lang='grc' dir='ltr'>ὁμολογεῖται</span> 
     </span>
     <span class='ocr_line' id='line_1_9' title="bbox 335 615 1050 657; baseline -0.013 -6"><span class='ocrx_word' id='word_1_46' title='bbox 335 622 415 657; x_wconf 77' lang='grc' dir='ltr'>εῖναι,</span> <span class='ocrx_word' id='word_1_47' title='bbox 431 621 478 650; x_wconf 69' lang='grc' dir='ltr'>οὐκ</span> <span class='ocrx_word' id='word_1_48' title='bbox 498 621 530 650; x_wconf 69' lang='grc' dir='ltr'><strong>ἂν</strong></span> <span class='ocrx_word' id='word_1_49' title='bbox 554 619 651 653; x_wconf 73' lang='grc' dir='ltr'>οὕτως,</span> <span class='ocrx_word' id='word_1_50' title='bbox 673 615 696 647; x_wconf 65' lang='grc' dir='ltr'>οἶ</span> <span class='ocrx_word' id='word_1_51' title='bbox 718 617 806 657; x_wconf 74' lang='grc' dir='ltr'>ἄνδρες</span> <span class='ocrx_word' id='word_1_52' title='bbox 824 615 972 648; x_wconf 79' lang='grc' dir='ltr'>Ἀθηναῖοι,</span> <span class='ocrx_word' id='word_1_53' title='bbox 995 616 1050 646; x_wconf 74' lang='grc' dir='ltr'>τὰς</span> 
     </span>
     <span class='ocr_line' id='line_1_10' title="bbox 335 656 1049 705; baseline -0.013 -11"><span class='ocrx_word' id='word_1_54' title='bbox 335 663 426 704; x_wconf 53' lang='lat' dir='ltr'><strong>&amp;Egere</strong></span> <span class='ocrx_word' id='word_1_55' title='bbox 435 663 595 705; x_wconf 64' lang='grc' dir='ltr'>ἢνέσχεσὲε</span> <span class='ocrx_word' id='word_1_56' title='bbox 605 665 660 695; x_wconf 80' lang='grc' dir='ltr'>τὰς</span> <span class='ocrx_word' id='word_1_57' title='bbox 672 662 782 690; x_wconf 82' lang='grc' dir='ltr'>τούτου.</span> <span class='ocrx_word' id='word_1_58' title='bbox 796 659 880 699; x_wconf 82' lang='grc' dir='ltr'>[κατ’</span> <span class='ocrx_word' id='word_1_59' title='bbox 892 656 1049 697; x_wconf 82' lang='grc' dir='ltr'>Ἀνδροτίω-</span> 
     </span>
     <span class='ocr_line' id='line_1_11' title="bbox 336 701 1046 747; baseline -0.013 -9"><span class='ocrx_word' id='word_1_60' title='bbox 336 720 385 742; x_wconf 89' lang='grc' dir='ltr'>νος.</span> <span class='ocrx_word' id='word_1_61' title='bbox 402 719 434 747; x_wconf 89' lang='lat' dir='ltr'><strong>p.</strong></span> <span class='ocrx_word' id='word_1_62' title='bbox 450 706 540 745; x_wconf 61' lang='lat'><strong>514]</strong></span> <span class='ocrx_word' id='word_1_63' title='bbox 586 706 739 735; x_wconf 81' lang='lat' dir='ltr'>Acerbum</span> <span class='ocrx_word' id='word_1_64' title='bbox 755 707 814 737; x_wconf 81' lang='lat' dir='ltr'><strong>est,</strong></span> <span class='ocrx_word' id='word_1_65' title='bbox 830 701 1046 740; x_wconf 74' lang='lat' dir='ltr'><strong>mancipiorum</strong></span> 
     </span>
     <span class='ocr_line' id='line_1_12' title="bbox 335 744 1050 788; baseline -0.011 -8"><span class='ocrx_word' id='word_1_66' title='bbox 335 751 459 786; x_wconf 79' lang='lat' dir='ltr'><strong>civitas,</strong></span> <span class='ocrx_word' id='word_1_67' title='bbox 487 751 543 780; x_wconf 81' lang='lat' dir='ltr'><strong>sed</strong></span> <span class='ocrx_word' id='word_1_68' title='bbox 573 745 758 788; x_wconf 63' lang='grc' dir='ltr'>παραμυθία,</span> <span class='ocrx_word' id='word_1_69' title='bbox 788 746 870 784; x_wconf 84' lang='lat' dir='ltr'><strong>quod</strong></span> <span class='ocrx_word' id='word_1_70' title='bbox 900 744 1050 782; x_wconf 86' lang='lat' dir='ltr'><strong>sequitur,</strong></span> 
     </span>
     <span class='ocr_line' id='line_1_13' title="bbox 335 786 1050 830; baseline -0.015 -4"><span class='ocrx_word' id='word_1_71' title='bbox 335 806 395 825; x_wconf 87' lang='lat' dir='ltr'><strong>non</strong></span> <span class='ocrx_word' id='word_1_72' title='bbox 411 805 526 828; x_wconf 85' lang='lat' dir='ltr'><strong>eorum,</strong></span> <span class='ocrx_word' id='word_1_73' title='bbox 537 792 588 830; x_wconf 84' lang='lat' dir='ltr'><strong>qui</strong></span> <span class='ocrx_word' id='word_1_74' title='bbox 606 802 637 820; x_wconf 87' lang='lat' dir='ltr'><strong>se</strong></span> <span class='ocrx_word' id='word_1_75' title='bbox 653 791 763 829; x_wconf 83' lang='lat' dir='ltr'><strong>dignos</strong></span> <span class='ocrx_word' id='word_1_76' title='bbox 778 793 903 818; x_wconf 87' lang='lat' dir='ltr'><strong>censent</strong></span> <span class='ocrx_word' id='word_1_77' title='bbox 914 787 983 817; x_wconf 85' lang='lat' dir='ltr'><strong>aliis</strong></span> <span class='ocrx_word' id='word_1_78' title='bbox 995 786 1050 815; x_wconf 87' lang='lat' dir='ltr'><strong>im-</strong></span> 
     </span>
     <span class='ocr_line' id='line_1_14' title="bbox 335 830 1051 879; baseline -0.015 -10"><span class='ocrx_word' id='word_1_79' title='bbox 335 849 453 879; x_wconf 87' lang='lat' dir='ltr'><strong>perare.</strong></span> <span class='ocrx_word' id='word_1_80' title='bbox 498 835 579 866; x_wconf 79' lang='lat' dir='ltr'><strong>Alibi</strong></span> <span class='ocrx_word' id='word_1_81' title='bbox 602 834 701 873; x_wconf 85' lang='lat' dir='ltr'>[Phil.</span> <span class='ocrx_word' id='word_1_82' title='bbox 717 834 773 862; x_wconf 82' lang='lat' dir='ltr'><strong>lv.</strong></span> <span class='ocrx_word' id='word_1_83' title='bbox 790 843 822 871; x_wconf 85' lang='lat' dir='ltr'><strong>p.</strong></span> <span class='ocrx_word' id='word_1_84' title='bbox 840 831 930 871; x_wconf 58' lang='lat'><strong>133]</strong></span> <span class='ocrx_word' id='word_1_85' title='bbox 951 830 1051 869; x_wconf 81' lang='lat' dir='ltr'><strong>segni—</strong></span> 
     </span>
     <span class='ocr_line' id='line_1_15' title="bbox 339 875 1051 920; baseline -0.013 -9"><span class='ocrx_word' id='word_1_86' title='bbox 339 882 412 912; x_wconf 86' lang='lat' dir='ltr'><strong>tiem</strong></span> <span class='ocrx_word' id='word_1_87' title='bbox 429 882 586 920; x_wconf 76' lang='lat' dir='ltr'><strong>eorum,et</strong></span> <span class='ocrx_word' id='word_1_88' title='bbox 601 887 725 916; x_wconf 80' lang='lat' dir='ltr'><strong>gravem</strong></span> <span class='ocrx_word' id='word_1_89' title='bbox 742 875 828 915; x_wconf 84' lang='lat' dir='ltr'><strong>quasi</strong></span> <span class='ocrx_word' id='word_1_90' title='bbox 844 879 1002 905; x_wconf 74' lang='lat' dir='ltr'><strong>veternum</strong></span> <span class='ocrx_word' id='word_1_91' title='bbox 1016 883 1051 902; x_wconf 87' lang='lat' dir='ltr'><strong>ac</strong></span> 
     </span>
     <span class='ocr_line' id='line_1_16' title="bbox 338 917 1051 964; baseline -0.014 -9"><span class='ocrx_word' id='word_1_92' title='bbox 338 934 482 964; x_wconf 80' lang='lat' dir='ltr'><strong>soporem</strong></span> <span class='ocrx_word' id='word_1_93' title='bbox 496 924 669 960; x_wconf 76' lang='lat' dir='ltr'><strong>increpan5‚</strong></span> <span class='ocrx_word' id='word_1_94' title='bbox 684 920 726 949; x_wconf 84' lang='lat' dir='ltr'><strong>ait</strong></span> <span class='ocrx_word' id='word_1_95' title='bbox 742 919 857 949; x_wconf 81' lang='lat' dir='ltr'><strong>similes</strong></span> <span class='ocrx_word' id='word_1_96' title='bbox 871 929 938 948; x_wconf 87' lang='lat' dir='ltr'><strong>esse</strong></span> <span class='ocrx_word' id='word_1_97' title='bbox 954 917 1051 946; x_wconf 87' lang='lat' dir='ltr'><strong>homi-</strong></span> 
     </span>
     <span class='ocr_line' id='line_1_17' title="bbox 337 960 1051 1006; baseline -0.013 -8"><span class='ocrx_word' id='word_1_98' title='bbox 337 970 425 998; x_wconf 87' lang='lat' dir='ltr'><strong>nibus</strong></span> <span class='ocrx_word' id='word_1_99' title='bbox 440 964 632 1006; x_wconf 69' lang='grc' dir='ltr'>μανδςαγόραν</span> <span class='ocrx_word' id='word_1_100' title='bbox 648 962 807 993; x_wconf 77' lang='grc' dir='ltr'>πεπωκόσι.</span> <span class='ocrx_word' id='word_1_101' title='bbox 854 963 903 992; x_wconf 87' lang='lat' dir='ltr'><strong>De</strong></span> <span class='ocrx_word' id='word_1_102' title='bbox 920 961 1008 1000; x_wconf 88' lang='lat' dir='ltr'><strong>cujus</strong></span> <span class='ocrx_word' id='word_1_103' title='bbox 1021 960 1051 990; x_wconf 81' lang='lat' dir='ltr'><strong>vi</strong></span> 
     </span>
     <span class='ocr_line' id='line_1_18' title="bbox 338 1004 1052 1050; baseline -0.013 -9"><span class='ocrx_word' id='word_1_104' title='bbox 338 1011 505 1050; x_wconf 77' lang='lat' dir='ltr'><strong>soporifera</strong></span> <span class='ocrx_word' id='word_1_105' title='bbox 523 1010 593 1038; x_wconf 89' lang='lat' dir='ltr'><strong>vide</strong></span> <span class='ocrx_word' id='word_1_106' title='bbox 612 1007 840 1037; x_wconf 87' lang='lat' dir='ltr'><strong>Dioscoridem.</strong></span> <span class='ocrx_word' id='word_1_107' title='bbox 860 1005 952 1045; x_wconf 83' lang='lat' dir='ltr'><strong>[Mat.</strong></span> <span class='ocrx_word' id='word_1_108' title='bbox 965 1004 1052 1033; x_wconf 85' lang='lat' dir='ltr'><strong>Med.</strong></span> 
     </span>
     <span class='ocr_line' id='line_1_19' title="bbox 338 1047 965 1094; baseline -0.013 -10"><span class='ocrx_word' id='word_1_109' title='bbox 338 1056 396 1084; x_wconf 93' lang='lat' dir='ltr'><strong>IV.</strong></span> <span class='ocrx_word' id='word_1_110' title='bbox 413 1053 483 1094; x_wconf 82' lang='lat'><strong>76.]</strong></span> <span class='ocrx_word' id='word_1_111' title='bbox 509 1052 595 1088; x_wconf 86' lang='lat' dir='ltr'>Quid</span> <span class='ocrx_word' id='word_1_112' title='bbox 610 1051 751 1090; x_wconf 84' lang='lat' dir='ltr'><strong>asperius</strong></span> <span class='ocrx_word' id='word_1_113' title='bbox 768 1049 830 1079; x_wconf 85' lang='lat' dir='ltr'><strong>dici</strong></span> <span class='ocrx_word' id='word_1_114' title='bbox 845 1047 965 1087; x_wconf 86' lang='lat' dir='ltr'><strong>potuit?</strong></span> 
     </span>
    </p>

    <p class='ocr_par' dir='ltr' id='par_1_3' title="bbox 338 1090 1055 1398">
     <span class='ocr_line' id='line_1_20' title="bbox 381 1090 1055 1134; baseline -0.01 -7"><span class='ocrx_word' id='word_1_115' title='bbox 381 1116 425 1120; x_wconf 91' lang='grc'><strong>--</strong></span> <span class='ocrx_word' id='word_1_116' title='bbox 440 1099 471 1127; x_wconf 85' lang='grc'><strong>7.</strong></span> <span class='ocrx_word' id='word_1_117' title='bbox 495 1095 520 1126; x_wconf 77' lang='grc' dir='ltr'><strong>ἓν</strong></span> <span class='ocrx_word' id='word_1_118' title='bbox 540 1095 670 1126; x_wconf 79' lang='grc' dir='ltr'>Διονύσου</span> <span class='ocrx_word' id='word_1_119' title='bbox 683 1093 856 1134; x_wconf 55' lang='grc' dir='ltr'>τραγῳδοὺς]</span> <span class='ocrx_word' id='word_1_120' title='bbox 882 1093 951 1122; x_wconf 86' lang='lat' dir='ltr'><strong>Hoc</strong></span> <span class='ocrx_word' id='word_1_121' title='bbox 974 1090 1055 1121; x_wconf 87' lang='lat' dir='ltr'><strong>dicit</strong></span> 
     </span>
     <span class='ocr_line' id='line_1_21' title="bbox 338 1135 1052 1181; baseline -0.008 -12"><span class='ocrx_word' id='word_1_122' title='bbox 338 1146 464 1181; x_wconf 79' lang='lat' dir='ltr'><strong>propter</strong></span> <span class='ocrx_word' id='word_1_123' title='bbox 495 1139 732 1178; x_wconf 76' lang='lat' dir='ltr'>Neoptolemum</span> <span class='ocrx_word' id='word_1_124' title='bbox 763 1135 921 1175; x_wconf 55' lang='grc' dir='ltr'>ὑποκριτήν.</span> <span class='ocrx_word' id='word_1_125' title='bbox 974 1135 1052 1164; x_wconf 84' lang='lat' dir='ltr'><strong>Nam</strong></span> 
     </span>
     <span class='ocr_line' id='line_1_22' title="bbox 339 1178 1052 1222; baseline -0.01 -8"><span class='ocrx_word' id='word_1_126' title='bbox 339 1185 399 1214; x_wconf 88' lang='lat' dir='ltr'><strong>nisi</strong></span> <span class='ocrx_word' id='word_1_127' title='bbox 419 1185 486 1222; x_wconf 87' lang='lat' dir='ltr'><strong>ejus</strong></span> <span class='ocrx_word' id='word_1_128' title='bbox 508 1183 692 1213; x_wconf 77' lang='lat' dir='ltr'><strong>mentionem</strong></span> <span class='ocrx_word' id='word_1_129' title='bbox 719 1186 786 1211; x_wconf 87' lang='lat' dir='ltr'><strong>ante</strong></span> <span class='ocrx_word' id='word_1_130' title='bbox 810 1180 946 1214; x_wconf 81' lang='lat' dir='ltr'><strong>fecisset,</strong></span> <span class='ocrx_word' id='word_1_131' title='bbox 968 1178 1052 1217; x_wconf 82' lang='lat' dir='ltr'><strong>frigi-</strong></span> 
     </span>
     <span class='ocr_line' id='line_1_23' title="bbox 338 1222 1054 1262; baseline -0.01 -4"><span class='ocrx_word' id='word_1_132' title='bbox 338 1231 410 1258; x_wconf 88' lang='lat' dir='ltr'><strong>dum</strong></span> <span class='ocrx_word' id='word_1_133' title='bbox 428 1233 508 1257; x_wconf 81' lang='lat' dir='ltr'><strong>esset.</strong></span> <span class='ocrx_word' id='word_1_134' title='bbox 523 1227 581 1256; x_wconf 86' lang='lat' dir='ltr'><strong>hoc</strong></span> <span class='ocrx_word' id='word_1_135' title='bbox 597 1226 713 1255; x_wconf 84' lang='lat' dir='ltr'><strong>dicere.</strong></span> <span class='ocrx_word' id='word_1_136' title='bbox 749 1225 840 1254; x_wconf 87' lang='lat' dir='ltr'><strong>Nunc</strong></span> <span class='ocrx_word' id='word_1_137' title='bbox 855 1228 901 1253; x_wconf 86' lang='lat' dir='ltr'><strong>est</strong></span> <span class='ocrx_word' id='word_1_138' title='bbox 917 1222 1054 1262; x_wconf 79' lang='grc' dir='ltr'><strong>δριμύτης</strong></span> 
     </span>
     <span class='ocr_line' id='line_1_24' title="bbox 339 1263 1055 1311; baseline -0.011 -9"><span class='ocrx_word' id='word_1_139' title='bbox 339 1270 405 1311; x_wconf 72' lang='grc' dir='ltr'>οτςός</span> <span class='ocrx_word' id='word_1_140' title='bbox 419 1271 458 1311; x_wconf 65' lang='grc' dir='ltr'><strong>τῇ</strong></span> <span class='ocrx_word' id='word_1_141' title='bbox 471 1269 632 1311; x_wconf 76' lang='grc' dir='ltr'>τραχύτητι</span> <span class='ocrx_word' id='word_1_142' title='bbox 648 1269 692 1298; x_wconf 72' lang='grc' dir='ltr'><strong>διὰ</strong></span> <span class='ocrx_word' id='word_1_143' title='bbox 704 1270 752 1299; x_wconf 66' lang='grc' dir='ltr'><strong>τήν</strong></span> <span class='ocrx_word' id='word_1_144' title='bbox 764 1268 909 1307; x_wconf 63' lang='grc' dir='ltr'>ἀναφορὰν,</span> <span class='ocrx_word' id='word_1_145' title='bbox 920 1266 967 1295; x_wconf 73' lang='grc' dir='ltr'><strong>καὶ</strong></span> <span class='ocrx_word' id='word_1_146' title='bbox 985 1263 1055 1294; x_wconf 74' lang='grc' dir='ltr'>κατ’</span> 
     </span>
     <span class='ocr_line' id='line_1_25' title="bbox 339 1310 1053 1352; baseline -0.01 -8"><span class='ocrx_word' id='word_1_147' title='bbox 339 1312 500 1344; x_wconf 73' lang='grc' dir='ltr'>ἀκολουθίαν</span> <span class='ocrx_word' id='word_1_148' title='bbox 513 1316 566 1342; x_wconf 78' lang='grc' dir='ltr'><strong>τῶν</strong></span> <span class='ocrx_word' id='word_1_149' title='bbox 583 1310 794 1352; x_wconf 67' lang='grc' dir='ltr'>προρρηθέντων,</span> <span class='ocrx_word' id='word_1_150' title='bbox 807 1310 907 1350; x_wconf 81' lang='lat' dir='ltr'><strong>inquit</strong></span> <span class='ocrx_word' id='word_1_151' title='bbox 920 1310 1053 1339; x_wconf 79' lang='lat' dir='ltr'><strong>Hermo-</strong></span> 
     </span>
     <span class='ocr_line' id='line_1_26' title="bbox 340 1353 839 1398; baseline -0.012 -10"><span class='ocrx_word' id='word_1_152' title='bbox 340 1369 435 1397; x_wconf 79' lang='lat' dir='ltr'><strong>genes</strong></span> <span class='ocrx_word' id='word_1_153' title='bbox 452 1356 493 1398; x_wconf 78' lang='grc' dir='ltr'>[ἐν</span> <span class='ocrx_word' id='word_1_154' title='bbox 508 1357 550 1396; x_wconf 75' lang='grc' dir='ltr'><strong>τῷ</strong></span> <span class='ocrx_word' id='word_1_155' title='bbox 563 1357 624 1395; x_wconf 60' lang='lat' dir='ltr'><strong>mg)</strong></span> <span class='ocrx_word' id='word_1_156' title='bbox 640 1353 839 1395; x_wconf 79' lang='grc' dir='ltr'>δριμύτητος].</span> 
     </span>
    </p>

    <p class='ocr_par' dir='ltr' id='par_1_4' title="bbox 337 1393 1055 1615">
     <span class='ocr_line' id='line_1_27' title="bbox 385 1393 1053 1442; baseline -0.012 -11"><span class='ocrx_word' id='word_1_157' title='bbox 385 1401 432 1442; x_wconf 88' lang='lat' dir='ltr'><strong>[p.</strong></span> <span class='ocrx_word' id='word_1_158' title='bbox 455 1403 510 1430; x_wconf 79' lang='lat'><strong>76.</strong></span> <span class='ocrx_word' id='word_1_159' title='bbox 534 1400 583 1429; x_wconf 87' lang='lat' dir='ltr'><strong>ed.</strong></span> <span class='ocrx_word' id='word_1_160' title='bbox 610 1399 664 1438; x_wconf 86' lang='lat' dir='ltr'><strong>D.]</strong></span> <span class='ocrx_word' id='word_1_161' title='bbox 688 1417 731 1421; x_wconf 86' lang='lat'>—</span> <span class='ocrx_word' id='word_1_162' title='bbox 753 1398 830 1427; x_wconf 87' lang='lat' dir='ltr'><strong>ibid.</strong></span> <span class='ocrx_word' id='word_1_163' title='bbox 857 1395 883 1426; x_wconf 78' lang='grc' dir='ltr'><strong>ἐν</strong></span> <span class='ocrx_word' id='word_1_164' title='bbox 910 1393 1053 1434; x_wconf 80' lang='grc' dir='ltr'>Διονύσου]</span> 
     </span>
     <span class='ocr_line' id='line_1_28' title="bbox 339 1440 1054 1478; baseline -0.013 -3"><span class='ocrx_word' id='word_1_165' title='bbox 339 1445 539 1478; x_wconf 56' lang='lat' dir='ltr'><strong>{mimz-iniis,</strong></span> <span class='ocrx_word' id='word_1_166' title='bbox 570 1442 811 1472; x_wconf 81' lang='lat' dir='ltr'><strong>subaudiendum</strong></span> <span class='ocrx_word' id='word_1_167' title='bbox 843 1440 973 1474; x_wconf 83' lang='lat' dir='ltr'><strong>theatro,</strong></span> <span class='ocrx_word' id='word_1_168' title='bbox 1009 1444 1054 1473; x_wconf 90' lang='lat' dir='ltr'><strong>ut,</strong></span> 
     </span>
     <span class='ocr_line' id='line_1_29' title="bbox 337 1481 1054 1520; baseline -0.011 -2"><span class='ocrx_word' id='word_1_169' title='bbox 337 1494 344 1505; x_wconf 91' lang='lat'>‘</span> <span class='ocrx_word' id='word_1_170' title='bbox 361 1492 485 1518; x_wconf 82' lang='lat' dir='ltr'><strong>ventum</strong></span> <span class='ocrx_word' id='word_1_171' title='bbox 502 1491 568 1517; x_wconf 86' lang='lat' dir='ltr'><strong>erat</strong></span> <span class='ocrx_word' id='word_1_172' title='bbox 587 1487 624 1515; x_wconf 83' lang='lat' dir='ltr'><strong>ad</strong></span> <span class='ocrx_word' id='word_1_173' title='bbox 640 1483 771 1520; x_wconf 84' lang='lat' dir='ltr'><strong>Vestae‚&#39;</strong></span> <span class='ocrx_word' id='word_1_174' title='bbox 791 1488 798 1501; x_wconf 88' lang='lat'><em>‘</em></span> <span class='ocrx_word' id='word_1_175' title='bbox 818 1483 870 1512; x_wconf 76' lang='lat' dir='ltr'><strong>uhi</strong></span> <span class='ocrx_word' id='word_1_176' title='bbox 888 1483 927 1511; x_wconf 85' lang='lat' dir='ltr'><strong>ad</strong></span> <span class='ocrx_word' id='word_1_177' title='bbox 945 1481 1054 1511; x_wconf 85' lang='lat' dir='ltr'><strong>Dianae</strong></span> 
     </span>
     <span class='ocr_line' id='line_1_30' title="bbox 339 1525 1055 1567; baseline -0.013 -5"><span class='ocrx_word' id='word_1_178' title='bbox 339 1531 484 1567; x_wconf 85' lang='lat' dir='ltr'><strong>veneris,&#39;</strong></span> <span class='ocrx_word' id='word_1_179' title='bbox 515 1535 523 1548; x_wconf 90' lang='lat'>‘</span> <span class='ocrx_word' id='word_1_180' title='bbox 541 1529 689 1560; x_wconf 73' lang='lat' dir='ltr'><strong>Hectoris</strong></span> <span class='ocrx_word' id='word_1_181' title='bbox 716 1527 952 1558; x_wconf 78' lang='lat' dir='ltr'><strong>And1·0mache.‘</strong></span> <span class='ocrx_word' id='word_1_182' title='bbox 1004 1525 1055 1554; x_wconf 84' lang='lat' dir='ltr'><strong>Sic</strong></span> 
     </span>
     <span class='ocr_line' id='line_1_31' title="bbox 338 1569 862 1615; baseline -0.01 -10"><span class='ocrx_word' id='word_1_183' title='bbox 338 1576 420 1615; x_wconf 85' lang='lat' dir='ltr'><strong>apud</strong></span> <span class='ocrx_word' id='word_1_184' title='bbox 434 1575 605 1604; x_wconf 89' lang='lat' dir='ltr'><strong>Homerum</strong></span> <span class='ocrx_word' id='word_1_185' title='bbox 625 1572 731 1613; x_wconf 87' lang='lat' dir='ltr'><strong>[Iliad.</strong></span> <span class='ocrx_word' id='word_1_186' title='bbox 750 1571 776 1612; x_wconf 83' lang='grc' dir='ltr'><strong>ζ.</strong></span> <span class='ocrx_word' id='word_1_187' title='bbox 791 1569 862 1610; x_wconf 61' lang='lat'><strong>47]</strong></span> 
     </span>
    </p>
   </div>
   <div class='ocr_carea' id='block_1_3' title="bbox 374 1629 1054 1674">
    <p class='ocr_par' dir='ltr' id='par_1_5' title="bbox 374 1629 1054 1674">
     <span class='ocr_line' id='line_1_32' title="bbox 458 1629 992 1646; baseline -0.015 0"><span class='ocrx_word' id='word_1_188' title='bbox 458 1637 467 1646; x_wconf 56' lang='grc' dir='ltr'>Κ</span> <span class='ocrx_word' id='word_1_189' title='bbox 500 1633 507 1643; x_wconf 64' lang='grc'>3</span> <span class='ocrx_word' id='word_1_190' title='bbox 518 1632 526 1643; x_wconf 69' lang='grc'><strong><em>’</em></strong></span> <span class='ocrx_word' id='word_1_191' title='bbox 558 1634 566 1644; x_wconf 70' lang='lat'>³</span> <span class='ocrx_word' id='word_1_192' title='bbox 645 1633 661 1641; x_wconf 65' lang='grc' dir='ltr'>Ν</span> <span class='ocrx_word' id='word_1_193' title='bbox 755 1630 763 1639; x_wconf 60' lang='grc' dir='ltr'><strong>Χ</strong></span> <span class='ocrx_word' id='word_1_194' title='bbox 867 1629 874 1638; x_wconf 66' lang='lat'><em>7</em></span> <span class='ocrx_word' id='word_1_195' title='bbox 976 1630 992 1638; x_wconf 60' lang='grc' dir='ltr'>Ν</span> 
     </span>
     <span class='ocr_line' id='line_1_33' title="bbox 374 1634 1054 1674; baseline -0.01 -9"><span class='ocrx_word' id='word_1_196' title='bbox 374 1641 471 1665; x_wconf 78' lang='grc' dir='ltr'>πολλα</span> <span class='ocrx_word' id='word_1_197' title='bbox 485 1634 499 1663; x_wconf 82' lang='grc' dir='ltr'>δ</span> <span class='ocrx_word' id='word_1_198' title='bbox 517 1645 543 1664; x_wconf 77' lang='grc' dir='ltr'><strong>εν</strong></span> <span class='ocrx_word' id='word_1_199' title='bbox 552 1641 660 1674; x_wconf 72' lang='grc' dir='ltr'>αφνειου</span> <span class='ocrx_word' id='word_1_200' title='bbox 672 1642 779 1672; x_wconf 78' lang='grc' dir='ltr'>πατρος</span> <span class='ocrx_word' id='word_1_201' title='bbox 792 1635 929 1669; x_wconf 78' lang='grc' dir='ltr'>κειμηλια</span> <span class='ocrx_word' id='word_1_202' title='bbox 944 1639 1054 1659; x_wconf 84' lang='grc' dir='ltr'>κειται.</span> 
     </span>
    </p>
   </div>
   <div class='ocr_carea' id='block_1_4' title="bbox 339 1689 1057 2040">
    <p class='ocr_par' dir='ltr' id='par_1_6' title="bbox 339 1689 1057 2040">
     <span class='ocr_line' id='line_1_34' title="bbox 339 1689 1055 1733; baseline -0.013 -7"><span class='ocrx_word' id='word_1_203' title='bbox 339 1695 493 1726; x_wconf 87' lang='lat' dir='ltr'><strong>Subaudis</strong></span> <span class='ocrx_word' id='word_1_204' title='bbox 508 1694 582 1733; x_wconf 77' lang='grc' dir='ltr'>οἴκῳ.</span> <span class='ocrx_word' id='word_1_205' title='bbox 614 1694 654 1723; x_wconf 93' lang='grc' dir='ltr'><strong>Εῖ</strong></span> <span class='ocrx_word' id='word_1_206' title='bbox 665 1696 835 1732; x_wconf 72' lang='lat' dir='ltr'>opportune</span> <span class='ocrx_word' id='word_1_207' title='bbox 851 1689 981 1720; x_wconf 75' lang='grc' dir='ltr'>Διονύσου</span> <span class='ocrx_word' id='word_1_208' title='bbox 993 1699 1055 1718; x_wconf 89' lang='lat' dir='ltr'><strong>me-</strong></span> 
     </span>
     <span class='ocr_line' id='line_1_35' title="bbox 341 1733 1056 1773; baseline -0.011 -5"><span class='ocrx_word' id='word_1_209' title='bbox 341 1739 439 1769; x_wconf 83' lang='lat' dir='ltr'><strong>minit.</strong></span> <span class='ocrx_word' id='word_1_210' title='bbox 484 1736 664 1767; x_wconf 84' lang='lat' dir='ltr'><strong>Histriones</strong></span> <span class='ocrx_word' id='word_1_211' title='bbox 680 1736 770 1770; x_wconf 85' lang='lat' dir='ltr'><strong>enim,</strong></span> <span class='ocrx_word' id='word_1_212' title='bbox 785 1734 867 1773; x_wconf 87' lang='lat' dir='ltr'><strong>quod</strong></span> <span class='ocrx_word' id='word_1_213' title='bbox 889 1736 953 1762; x_wconf 85' lang='lat' dir='ltr'><strong>erat</strong></span> <span class='ocrx_word' id='word_1_214' title='bbox 974 1733 1056 1762; x_wconf 87' lang='lat' dir='ltr'><strong>Neo-</strong></span> 
     </span>
     <span class='ocr_line' id='line_1_36' title="bbox 339 1775 1055 1821; baseline -0.013 -9"><span class='ocrx_word' id='word_1_215' title='bbox 339 1783 508 1821; x_wconf 84' lang='lat' dir='ltr'><strong>ptolemus,</strong></span> <span class='ocrx_word' id='word_1_216' title='bbox 531 1780 702 1820; x_wconf 76' lang='lat' dir='ltr'><strong>appellatos</strong></span> <span class='ocrx_word' id='word_1_217' title='bbox 731 1778 894 1807; x_wconf 61' lang='lat' dir='ltr'><strong>Athenaeus</strong></span> <span class='ocrx_word' id='word_1_218' title='bbox 918 1775 1055 1810; x_wconf 82' lang='lat' dir='ltr'><strong>affirmat,</strong></span> 
     </span>
     <span class='ocr_line' id='line_1_37' title="bbox 339 1820 1057 1865; baseline -0.013 -10"><span class='ocrx_word' id='word_1_219' title='bbox 339 1827 404 1859; x_wconf 77' lang='grc' dir='ltr'>τοὺς</span> <span class='ocrx_word' id='word_1_220' title='bbox 419 1825 478 1865; x_wconf 76' lang='grc' dir='ltr'>περὶ</span> <span class='ocrx_word' id='word_1_221' title='bbox 494 1823 620 1855; x_wconf 82' lang='grc' dir='ltr'>Διόνυσον</span> <span class='ocrx_word' id='word_1_222' title='bbox 635 1820 782 1864; x_wconf 77' lang='grc' dir='ltr'><strong><em>τεχνίτας,</em></strong></span> <span class='ocrx_word' id='word_1_223' title='bbox 795 1820 929 1850; x_wconf 79' lang='lat' dir='ltr'><strong>maxime</strong></span> <span class='ocrx_word' id='word_1_224' title='bbox 946 1824 1057 1858; x_wconf 84' lang='lat' dir='ltr'><strong>tragoe-</strong></span> 
     </span>
     <span class='ocr_line' id='line_1_38' title="bbox 340 1861 1057 1901; baseline -0.011 -2"><span class='ocrx_word' id='word_1_225' title='bbox 340 1870 409 1899; x_wconf 84' lang='lat' dir='ltr'><strong>dos.</strong></span> <span class='ocrx_word' id='word_1_226' title='bbox 455 1867 583 1901; x_wconf 72' lang='grc' dir='ltr'>Διὸνυσος</span> <span class='ocrx_word' id='word_1_227' title='bbox 599 1867 700 1895; x_wconf 81' lang='lat' dir='ltr'><strong>dictus</strong></span> <span class='ocrx_word' id='word_1_228' title='bbox 717 1870 765 1894; x_wconf 86' lang='lat' dir='ltr'><strong>est</strong></span> <span class='ocrx_word' id='word_1_229' title='bbox 780 1863 837 1893; x_wconf 74' lang='grc' dir='ltr'><strong>ἀπὸ</strong></span> <span class='ocrx_word' id='word_1_230' title='bbox 856 1864 907 1892; x_wconf 75' lang='grc' dir='ltr'><strong>τοῦ</strong></span> <span class='ocrx_word' id='word_1_231' title='bbox 924 1861 988 1894; x_wconf 72' lang='grc' dir='ltr'>Διὲς</span> <span class='ocrx_word' id='word_1_232' title='bbox 1008 1861 1057 1891; x_wconf 74' lang='grc' dir='ltr'>καὶ</span> 
     </span>
     <span class='ocr_line' id='line_1_39' title="bbox 341 1907 1055 1948; baseline -0.011 -6"><span class='ocrx_word' id='word_1_233' title='bbox 341 1913 442 1948; x_wconf 77' lang='grc' dir='ltr'>Νύσης,</span> <span class='ocrx_word' id='word_1_234' title='bbox 465 1916 568 1940; x_wconf 87' lang='lat' dir='ltr'><strong>monte</strong></span> <span class='ocrx_word' id='word_1_235' title='bbox 599 1909 709 1943; x_wconf 66' lang='lat' dir='ltr'><strong>Indiae,</strong></span> <span class='ocrx_word' id='word_1_236' title='bbox 742 1907 795 1937; x_wconf 90' lang='lat' dir='ltr'><strong>ubi</strong></span> <span class='ocrx_word' id='word_1_237' title='bbox 827 1911 966 1936; x_wconf 87' lang='lat' dir='ltr'><strong>versatus</strong></span> <span class='ocrx_word' id='word_1_238' title='bbox 997 1909 1055 1937; x_wconf 82' lang='lat' dir='ltr'><strong>est.</strong></span> 
     </span>
     <span class='ocr_line' id='line_1_40' title="bbox 340 1949 1056 1986; baseline -0.013 0"><span class='ocrx_word' id='word_1_239' title='bbox 340 1956 430 1986; x_wconf 81' lang='lat' dir='ltr'><strong>Jovis</strong></span> <span class='ocrx_word' id='word_1_240' title='bbox 444 1959 491 1985; x_wconf 89' lang='lat' dir='ltr'><strong>est</strong></span> <span class='ocrx_word' id='word_1_241' title='bbox 507 1955 586 1984; x_wconf 84' lang='lat' dir='ltr'><strong>enim</strong></span> <span class='ocrx_word' id='word_1_242' title='bbox 602 1958 634 1983; x_wconf 82' lang='lat' dir='ltr'><strong>et</strong></span> <span class='ocrx_word' id='word_1_243' title='bbox 643 1952 780 1982; x_wconf 84' lang='lat' dir='ltr'><strong>Semeles</strong></span> <span class='ocrx_word' id='word_1_244' title='bbox 792 1950 883 1980; x_wconf 80' lang='lat' dir='ltr'><strong>filius.</strong></span> <span class='ocrx_word' id='word_1_245' title='bbox 913 1949 1056 1979; x_wconf 84' lang='lat' dir='ltr'><strong>Lucanus</strong></span> 
     </span>
     <span class='ocr_line' id='line_1_41' title="bbox 340 1997 600 2040; baseline -0.008 -11"><span class='ocrx_word' id='word_1_246' title='bbox 340 2000 412 2040; x_wconf 88' lang='lat' dir='ltr'><strong>[lib.</strong></span> <span class='ocrx_word' id='word_1_247' title='bbox 426 2000 452 2029; x_wconf 91' lang='grc' dir='ltr'><strong>Ι.</strong></span> <span class='ocrx_word' id='word_1_248' title='bbox 472 2000 524 2028; x_wconf 79' lang='lat'><strong>63.</strong></span> <span class='ocrx_word' id='word_1_249' title='bbox 541 1997 600 2037; x_wconf 87' lang='lat' dir='ltr'><strong>ss.]</strong></span> 
     </span>
    </p>
   </div>
   <div class='ocr_carea' id='block_1_5' title="bbox 425 2076 554 2081">
    <p class='ocr_par' dir='ltr' id='par_1_7' title="bbox 425 2076 554 2081">
     <span class='ocr_line' id='line_1_42' title="bbox 425 2076 554 2081; baseline 0 0"><span class='ocrx_word' id='word_1_250' title='bbox 425 2076 554 2081; x_wconf 95' lang='lat' dir='ltr'><strong> </strong></span> 
     </span>
    </p>
   </div>
   <div class='ocr_carea' id='block_1_6' title="bbox 386 2057 1057 2174">
    <p class='ocr_par' dir='ltr' id='par_1_8' title="bbox 386 2057 1057 2174">
     <span class='ocr_line' id='line_1_43' title="bbox 386 2057 957 2095; baseline -0.011 -6"><span class='ocrx_word' id='word_1_251' title='bbox 386 2063 408 2076; x_wconf 90' lang='lat'><em>“</em></span> <span class='ocrx_word' id='word_1_252' title='bbox 569 2068 626 2087; x_wconf 81' lang='lat' dir='ltr'><strong>neo</strong></span> <span class='ocrx_word' id='word_1_253' title='bbox 641 2057 667 2087; x_wconf 86' lang='lat' dir='ltr'><strong>si</strong></span> <span class='ocrx_word' id='word_1_254' title='bbox 682 2061 712 2086; x_wconf 87' lang='lat' dir='ltr'><strong>te</strong></span> <span class='ocrx_word' id='word_1_255' title='bbox 728 2058 854 2095; x_wconf 81' lang='lat' dir='ltr'><strong>pectore</strong></span> <span class='ocrx_word' id='word_1_256' title='bbox 870 2058 957 2084; x_wconf 88' lang='lat' dir='ltr'><strong>vates</strong></span> 
     </span>
     <span class='ocr_line' id='line_1_44' title="bbox 387 2099 1057 2142; baseline -0.012 -10"><span class='ocrx_word' id='word_1_257' title='bbox 387 2101 558 2142; x_wconf 84' lang='lat' dir='ltr'><strong>Accipiam,</strong></span> <span class='ocrx_word' id='word_1_258' title='bbox 581 2101 714 2130; x_wconf 68' lang='lat' dir='ltr'><strong>Cirrhaea</strong></span> <span class='ocrx_word' id='word_1_259' title='bbox 735 2099 827 2129; x_wconf 82' lang='lat' dir='ltr'><strong>velim</strong></span> <span class='ocrx_word' id='word_1_260' title='bbox 852 2102 969 2127; x_wconf 85' lang='lat' dir='ltr'><strong>secreta</strong></span> <span class='ocrx_word' id='word_1_261' title='bbox 993 2105 1057 2125; x_wconf 90' lang='lat' dir='ltr'><strong>mo-</strong></span> 
     </span>
     <span class='ocr_line' id='line_1_45' title="bbox 513 2149 633 2174; baseline 0 -1"><span class='ocrx_word' id='word_1_262' title='bbox 513 2149 633 2174; x_wconf 86' lang='lat' dir='ltr'><strong>ventem</strong></span> 
     </span>
    </p>
   </div>
   <div class='ocr_carea' id='block_1_7' title="bbox 384 2186 1059 2348">
    <p class='ocr_par' dir='ltr' id='par_1_9' title="bbox 384 2186 1057 2270">
     <span class='ocr_line' id='line_1_46' title="bbox 384 2186 1057 2223; baseline -0.012 -4"><span class='ocrx_word' id='word_1_263' title='bbox 384 2189 556 2219; x_wconf 83' lang='lat' dir='ltr'><strong>Sollicitare</strong></span> <span class='ocrx_word' id='word_1_264' title='bbox 584 2188 697 2221; x_wconf 85' lang='lat' dir='ltr'><strong>Deum,</strong></span> <span class='ocrx_word' id='word_1_265' title='bbox 723 2186 941 2223; x_wconf 82' lang='lat' dir='ltr'><strong>Bacchumque</strong></span> <span class='ocrx_word' id='word_1_266' title='bbox 971 2193 1057 2213; x_wconf 80' lang='lat' dir='ltr'><strong>aver-</strong></span> 
     </span>
     <span class='ocr_line' id='line_1_47' title="bbox 513 2232 693 2270; baseline -0.017 -9"><span class='ocrx_word' id='word_1_267' title='bbox 513 2238 578 2262; x_wconf 78' lang='lat' dir='ltr'><strong>tere</strong></span> <span class='ocrx_word' id='word_1_268' title='bbox 594 2232 693 2270; x_wconf 70' lang='lat' dir='ltr'><strong>Nysa.</strong></span> 
     </span>
    </p>

    <p class='ocr_par' dir='ltr' id='par_1_10' title="bbox 386 2268 1059 2348">
     <span class='ocr_line' id='line_1_48' title="bbox 386 2268 1059 2306; baseline -0.013 0"><span class='ocrx_word' id='word_1_269' title='bbox 386 2277 431 2306; x_wconf 73' lang='lat' dir='ltr'><strong>&#39;l&#39;n</strong></span> <span class='ocrx_word' id='word_1_270' title='bbox 455 2276 529 2306; x_wconf 74' lang='lat' dir='ltr'><strong>satis</strong></span> <span class='ocrx_word' id='word_1_271' title='bbox 552 2275 589 2303; x_wconf 84' lang='lat' dir='ltr'><strong>ad</strong></span> <span class='ocrx_word' id='word_1_272' title='bbox 610 2275 693 2303; x_wconf 86' lang='lat' dir='ltr'><strong>vires</strong></span> <span class='ocrx_word' id='word_1_273' title='bbox 716 2272 855 2301; x_wconf 82' lang='lat' dir='ltr'><strong>Romana</strong></span> <span class='ocrx_word' id='word_1_274' title='bbox 872 2270 902 2300; x_wconf 92' lang='lat' dir='ltr'><strong>in</strong></span> <span class='ocrx_word' id='word_1_275' title='bbox 924 2268 1059 2298; x_wconf 84' lang='lat' dir='ltr'><strong>carmina</strong></span> 
     </span>
     <span class='ocr_line' id='line_1_49' title="bbox 514 2316 663 2348; baseline -0.013 0"><span class='ocrx_word' id='word_1_276' title='bbox 514 2316 663 2348; x_wconf 84' lang='lat' dir='ltr'><strong>dandas.&#39;&#39;</strong></span> 
     </span>
    </p>
   </div>
   <div class='ocr_carea' id='block_1_8' title="bbox 340 2371 1063 2892">
    <p class='ocr_par' dir='ltr' id='par_1_11' title="bbox 340 2371 1063 2892">
     <span class='ocr_line' id='line_1_50' title="bbox 341 2371 1057 2417; baseline -0.015 -6"><span class='ocrx_word' id='word_1_277' title='bbox 341 2383 376 2410; x_wconf 89' lang='lat' dir='ltr'><strong>ln</strong></span> <span class='ocrx_word' id='word_1_278' title='bbox 384 2384 473 2410; x_wconf 85' lang='lat' dir='ltr'><strong>vocat</strong></span> <span class='ocrx_word' id='word_1_279' title='bbox 484 2378 590 2409; x_wconf 84' lang='lat' dir='ltr'><strong>neseio</strong></span> <span class='ocrx_word' id='word_1_280' title='bbox 601 2388 704 2417; x_wconf 89' lang='lat' dir='ltr'><strong>quem,</strong></span> <span class='ocrx_word' id='word_1_281' title='bbox 720 2375 788 2405; x_wconf 84' lang='lat' dir='ltr'><strong>vice</strong></span> <span class='ocrx_word' id='word_1_282' title='bbox 799 2373 951 2413; x_wconf 78' lang='lat' dir='ltr'><strong>Apollinis</strong></span> <span class='ocrx_word' id='word_1_283' title='bbox 966 2376 996 2401; x_wconf 83' lang='lat' dir='ltr'><strong>et</strong></span> <span class='ocrx_word' id='word_1_284' title='bbox 1006 2371 1057 2401; x_wconf 87' lang='lat' dir='ltr'><strong>Li-</strong></span> 
     </span>
     <span class='ocr_line' id='line_1_51' title="bbox 340 2415 1059 2461; baseline -0.014 -8"><span class='ocrx_word' id='word_1_285' title='bbox 340 2424 417 2459; x_wconf 78' lang='lat' dir='ltr'><strong>beri,</strong></span> <span class='ocrx_word' id='word_1_286' title='bbox 435 2424 518 2461; x_wconf 81' lang='lat' dir='ltr'><strong>quod</strong></span> <span class='ocrx_word' id='word_1_287' title='bbox 533 2432 625 2452; x_wconf 89' lang='lat' dir='ltr'><strong>unum</strong></span> <span class='ocrx_word' id='word_1_288' title='bbox 642 2430 752 2450; x_wconf 87' lang='lat' dir='ltr'><strong>numen</strong></span> <span class='ocrx_word' id='word_1_289' title='bbox 772 2422 830 2453; x_wconf 87' lang='lat' dir='ltr'><strong>est,</strong></span> <span class='ocrx_word' id='word_1_290' title='bbox 851 2417 877 2446; x_wconf 89' lang='lat' dir='ltr'><strong>si</strong></span> <span class='ocrx_word' id='word_1_291' title='bbox 900 2415 1059 2446; x_wconf 78' lang='lat' dir='ltr'><strong>Macrobio</strong></span> 
     </span>
     <span class='ocr_line' id='line_1_52' title="bbox 342 2459 1059 2498; baseline -0.014 -2"><span class='ocrx_word' id='word_1_292' title='bbox 342 2468 508 2497; x_wconf 84' lang='lat' dir='ltr'><strong>credimus.</strong></span> <span class='ocrx_word' id='word_1_293' title='bbox 534 2465 643 2496; x_wconf 82' lang='lat' dir='ltr'><strong>Cirrha</strong></span> <span class='ocrx_word' id='word_1_294' title='bbox 653 2463 765 2493; x_wconf 85' lang='lat' dir='ltr'><strong>civitas</strong></span> <span class='ocrx_word' id='word_1_295' title='bbox 775 2459 949 2491; x_wconf 82' lang='lat' dir='ltr'><strong>Phocensis</strong></span> <span class='ocrx_word' id='word_1_296' title='bbox 961 2468 1059 2498; x_wconf 89' lang='lat' dir='ltr'><strong>prope</strong></span> 
     </span>
     <span class='ocr_line' id='line_1_53' title="bbox 343 2501 1060 2549; baseline -0.014 -9"><span class='ocrx_word' id='word_1_297' title='bbox 343 2510 494 2549; x_wconf 85' lang='lat' dir='ltr'><strong>Delphos.</strong></span> <span class='ocrx_word' id='word_1_298' title='bbox 543 2511 638 2538; x_wconf 81' lang='lat' dir='ltr'><strong>Porro</strong></span> <span class='ocrx_word' id='word_1_299' title='bbox 660 2506 782 2537; x_wconf 81' lang='lat' dir='ltr'><strong>Baccho</strong></span> <span class='ocrx_word' id='word_1_300' title='bbox 803 2503 967 2543; x_wconf 82' lang='lat' dir='ltr'><strong>tragoedias</strong></span> <span class='ocrx_word' id='word_1_301' title='bbox 985 2501 1060 2531; x_wconf 82' lang='lat' dir='ltr'><strong>acti-</strong></span> 
     </span>
     <span class='ocr_line' id='line_1_54' title="bbox 342 2545 1060 2588; baseline -0.014 -5"><span class='ocrx_word' id='word_1_302' title='bbox 342 2555 458 2588; x_wconf 81' lang='lat' dir='ltr'><strong>tabant,</strong></span> <span class='ocrx_word' id='word_1_303' title='bbox 476 2557 507 2582; x_wconf 88' lang='lat' dir='ltr'><strong>et</strong></span> <span class='ocrx_word' id='word_1_304' title='bbox 523 2551 634 2582; x_wconf 75' lang='lat' dir='ltr'><strong>victori</strong></span> <span class='ocrx_word' id='word_1_305' title='bbox 648 2551 778 2580; x_wconf 83' lang='lat' dir='ltr'><strong>dabatur</strong></span> <span class='ocrx_word' id='word_1_306' title='bbox 792 2548 908 2582; x_wconf 74' lang='lat' dir='ltr'><strong>hircus,</strong></span> <span class='ocrx_word' id='word_1_307' title='bbox 926 2546 977 2585; x_wconf 85' lang='lat' dir='ltr'><strong>qui</strong></span> <span class='ocrx_word' id='word_1_308' title='bbox 989 2545 1060 2585; x_wconf 70' lang='grc' dir='ltr'>τξά-</span> 
     </span>
     <span class='ocr_line' id='line_1_55' title="bbox 341 2588 1062 2636; baseline -0.014 -10"><span class='ocrx_word' id='word_1_309' title='bbox 341 2609 399 2636; x_wconf 74' lang='grc' dir='ltr'>γος.</span> <span class='ocrx_word' id='word_1_310' title='bbox 422 2606 530 2625; x_wconf 87' lang='lat' dir='ltr'><strong>nomen</strong></span> <span class='ocrx_word' id='word_1_311' title='bbox 548 2595 630 2630; x_wconf 85' lang='lat' dir='ltr'><strong>inde,</strong></span> <span class='ocrx_word' id='word_1_312' title='bbox 646 2599 680 2623; x_wconf 90' lang='lat' dir='ltr'><strong>ut</strong></span> <span class='ocrx_word' id='word_1_313' title='bbox 696 2604 735 2622; x_wconf 81' lang='lat' dir='ltr'><strong>ex</strong></span> <span class='ocrx_word' id='word_1_314' title='bbox 753 2591 884 2622; x_wconf 84' lang='lat' dir='ltr'><strong>Horatio</strong></span> <span class='ocrx_word' id='word_1_315' title='bbox 900 2591 963 2629; x_wconf 84' lang='lat' dir='ltr'><strong>jam</strong></span> <span class='ocrx_word' id='word_1_316' title='bbox 980 2588 1062 2618; x_wconf 85' lang='lat' dir='ltr'><strong>dixi-</strong></span> 
     </span>
     <span class='ocr_line' id='line_1_56' title="bbox 343 2632 1060 2677; baseline -0.014 -7"><span class='ocrx_word' id='word_1_317' title='bbox 343 2651 422 2670; x_wconf 87' lang='lat' dir='ltr'>mus.</span> <span class='ocrx_word' id='word_1_318' title='bbox 469 2640 569 2677; x_wconf 83' lang='lat' dir='ltr'><strong>Caper</strong></span> <span class='ocrx_word' id='word_1_319' title='bbox 582 2642 682 2667; x_wconf 84' lang='lat' dir='ltr'><strong>autem</strong></span> <span class='ocrx_word' id='word_1_320' title='bbox 696 2635 910 2666; x_wconf 85' lang='lat' dir='ltr'><strong>immolabatur</strong></span> <span class='ocrx_word' id='word_1_321' title='bbox 925 2632 1060 2667; x_wconf 87' lang='lat' dir='ltr'><strong>Baccho,</strong></span> 
     </span>
     <span class='ocr_line' id='line_1_57' title="bbox 345 2678 1061 2724; baseline -0.014 -11"><span class='ocrx_word' id='word_1_322' title='bbox 345 2685 426 2724; x_wconf 84' lang='lat' dir='ltr'><strong>quod</strong></span> <span class='ocrx_word' id='word_1_323' title='bbox 442 2682 525 2711; x_wconf 84' lang='lat' dir='ltr'><strong>vites</strong></span> <span class='ocrx_word' id='word_1_324' title='bbox 540 2682 674 2716; x_wconf 82' lang='lat' dir='ltr'><strong>roderet,</strong></span> <span class='ocrx_word' id='word_1_325' title='bbox 698 2683 731 2709; x_wconf 86' lang='lat' dir='ltr'><strong>ut</strong></span> <span class='ocrx_word' id='word_1_326' title='bbox 747 2678 856 2708; x_wconf 89' lang='lat' dir='ltr'><strong>Cereri</strong></span> <span class='ocrx_word' id='word_1_327' title='bbox 872 2685 976 2716; x_wconf 87' lang='lat' dir='ltr'><strong>porca,</strong></span> <span class='ocrx_word' id='word_1_328' title='bbox 993 2685 1061 2714; x_wconf 86' lang='lat' dir='ltr'><strong>quae</strong></span> 
     </span>
     <span class='ocr_line' id='line_1_58' title="bbox 345 2718 1063 2768; baseline -0.014 -11"><span class='ocrx_word' id='word_1_329' title='bbox 345 2727 446 2768; x_wconf 86' lang='lat' dir='ltr'><strong>pando</strong></span> <span class='ocrx_word' id='word_1_330' title='bbox 469 2729 569 2754; x_wconf 87' lang='lat' dir='ltr'><strong>rostro</strong></span> <span class='ocrx_word' id='word_1_331' title='bbox 589 2728 711 2762; x_wconf 78' lang='lat' dir='ltr'><strong>segetes</strong></span> <span class='ocrx_word' id='word_1_332' title='bbox 735 2721 828 2752; x_wconf 88' lang='lat' dir='ltr'><strong>eruit.</strong></span> <span class='ocrx_word' id='word_1_333' title='bbox 876 2719 965 2750; x_wconf 88' lang='lat' dir='ltr'><strong>Unde</strong></span> <span class='ocrx_word' id='word_1_334' title='bbox 985 2718 1063 2758; x_wconf 91' lang='lat' dir='ltr'><strong>Epi-</strong></span> 
     </span>
     <span class='ocr_line' id='line_1_59' title="bbox 344 2759 1063 2811; baseline -0.015 -10"><span class='ocrx_word' id='word_1_335' title='bbox 344 2779 478 2811; x_wconf 79' lang='lat' dir='ltr'>gramma</span> <span class='ocrx_word' id='word_1_336' title='bbox 501 2767 615 2808; x_wconf 77' lang='lat' dir='ltr'><strong>[Eveni</strong></span> <span class='ocrx_word' id='word_1_337' title='bbox 636 2765 736 2806; x_wconf 84' lang='lat' dir='ltr'><strong>Parii]</strong></span> <span class='ocrx_word' id='word_1_338' title='bbox 761 2766 812 2798; x_wconf 73' lang='grc' dir='ltr'><strong>τῆς</strong></span> <span class='ocrx_word' id='word_1_339' title='bbox 836 2761 973 2803; x_wconf 70' lang='grc' dir='ltr'>ἀμπέλου</span> <span class='ocrx_word' id='word_1_340' title='bbox 997 2759 1063 2801; x_wconf 60' lang='grc' dir='ltr'><strong>πρὸς</strong></span> 
     </span>
     <span class='ocr_line' id='line_1_60' title="bbox 346 2805 1062 2856; baseline -0.015 -12"><span class='ocrx_word' id='word_1_341' title='bbox 346 2815 447 2856; x_wconf 75' lang='grc' dir='ltr'>τράγον</span> <span class='ocrx_word' id='word_1_342' title='bbox 461 2811 581 2852; x_wconf 79' lang='lat' dir='ltr'><strong>[Scliol.</strong></span> <span class='ocrx_word' id='word_1_343' title='bbox 593 2810 623 2839; x_wconf 90' lang='lat' dir='ltr'><strong>in</strong></span> <span class='ocrx_word' id='word_1_344' title='bbox 637 2809 760 2839; x_wconf 79' lang='lat' dir='ltr'><strong>Plutum</strong></span> <span class='ocrx_word' id='word_1_345' title='bbox 775 2807 976 2836; x_wconf 81' lang='lat' dir='ltr'><strong>Arist.1130.</strong></span> <span class='ocrx_word' id='word_1_346' title='bbox 998 2805 1062 2835; x_wconf 90' lang='lat' dir='ltr'><strong>An-</strong></span> 
     </span>
     <span class='ocr_line' id='line_1_61' title="bbox 346 2849 1061 2892; baseline -0.015 -4"><span class='ocrx_word' id='word_1_347' title='bbox 346 2858 422 2888; x_wconf 74' lang='lat' dir='ltr'><strong>thol.</strong></span> <span class='ocrx_word' id='word_1_348' title='bbox 447 2855 581 2886; x_wconf 84' lang='lat' dir='ltr'><strong>Brunok.</strong></span> <span class='ocrx_word' id='word_1_349' title='bbox 605 2858 628 2883; x_wconf 83' lang='lat' dir='ltr'><strong>t.</strong></span> <span class='ocrx_word' id='word_1_350' title='bbox 644 2853 671 2882; x_wconf 93' lang='lat' dir='ltr'><strong>I.</strong></span> <span class='ocrx_word' id='word_1_351' title='bbox 691 2863 724 2892; x_wconf 88' lang='lat' dir='ltr'><strong>p.</strong></span> <span class='ocrx_word' id='word_1_352' title='bbox 742 2852 814 2881; x_wconf 83' lang='lat'><strong>165.</strong></span> <span class='ocrx_word' id='word_1_353' title='bbox 836 2850 962 2880; x_wconf 79' lang='lat' dir='ltr'><strong>Jacobs.</strong></span> <span class='ocrx_word' id='word_1_354' title='bbox 981 2849 1010 2878; x_wconf 91' lang='lat' dir='ltr'><strong>I.</strong></span> <span class='ocrx_word' id='word_1_355' title='bbox 1030 2858 1061 2887; x_wconf 92' lang='lat' dir='ltr'><strong>p.</strong></span> 
     </span>
    </p>
   </div>
   <div class='ocr_carea' id='block_1_9' title="bbox 346 2901 1064 3079">
    <p class='ocr_par' dir='ltr' id='par_1_12' title="bbox 346 2901 1064 3079">
     <span class='ocr_line' id='line_1_62' title="bbox 346 2901 415 2942; baseline -0.043 -9"><span class='ocrx_word' id='word_1_356' title='bbox 346 2901 415 2942; x_wconf 45' lang='lat'><strong>91⁹2]</strong></span> 
     </span>
     <span class='ocr_line' id='line_1_63' title="bbox 390 2949 1064 3003; baseline -0.015 -13"><span class='ocrx_word' id='word_1_357' title='bbox 390 2958 443 3003; x_wconf 73' lang='grc' dir='ltr'><strong>Κῇν</strong></span> <span class='ocrx_word' id='word_1_358' title='bbox 454 2970 493 2998; x_wconf 84' lang='grc' dir='ltr'><strong>με</strong></span> <span class='ocrx_word' id='word_1_359' title='bbox 509 2959 602 2998; x_wconf 75' lang='grc' dir='ltr'><em>φάγῃς</em></span> <span class='ocrx_word' id='word_1_360' title='bbox 615 2956 662 2986; x_wconf 75' lang='grc' dir='ltr'><strong>ἐπὶ</strong></span> <span class='ocrx_word' id='word_1_361' title='bbox 679 2953 766 2996; x_wconf 77' lang='grc' dir='ltr'>ῥίζαν,</span> <span class='ocrx_word' id='word_1_362' title='bbox 779 2949 941 2994; x_wconf 51' lang='grc' dir='ltr'>ὅμωςδέτε</span> <span class='ocrx_word' id='word_1_363' title='bbox 957 2961 1064 2991; x_wconf 74' lang='grc' dir='ltr'>καρπο-</span> 
     </span>
     <span class='ocr_line' id='line_1_64' title="bbox 517 3001 1041 3041; baseline -0.017 -10"><span class='ocrx_word' id='word_1_364' title='bbox 517 3001 637 3041; x_wconf 52' lang='lat' dir='ltr'><strong>&lt;popm-w,</strong></span> <span class='ocrx_word' id='word_1_365' title='bbox 1038 3024 1041 3027; x_wconf 60' lang='grc'><strong>,</strong></span> 
     </span>
     <span class='ocr_line' id='line_1_65' title="bbox 433 3035 1035 3079; baseline -0.018 -4"><span class='ocrx_word' id='word_1_366' title='bbox 433 3045 512 3076; x_wconf 67' lang='grc' dir='ltr'>ὅσσον</span> <span class='ocrx_word' id='word_1_367' title='bbox 524 3039 698 3075; x_wconf 52' lang='lat' dir='ltr'><strong>immerenti</strong></span> <span class='ocrx_word' id='word_1_368' title='bbox 713 3053 766 3077; x_wconf 81' lang='grc' dir='ltr'>σοι,</span> <span class='ocrx_word' id='word_1_369' title='bbox 781 3040 879 3079; x_wconf 67' lang='grc' dir='ltr'>τξάγε,</span> <span class='ocrx_word' id='word_1_370' title='bbox 897 3035 1035 3076; x_wconf 59' lang='grc' dir='ltr'>θυομένῳ.</span> 
     </span>
    </p>
   </div>
   <div class='ocr_carea' id='block_1_10' title="bbox 682 191 1452 239">
    <p class='ocr_par' dir='ltr' id='par_1_13' title="bbox 682 191 1452 239">
     <span class='ocr_line' id='line_1_66' title="bbox 682 191 1452 239; baseline -0.008 0"><span class='ocrx_word' id='word_1_371' title='bbox 682 196 937 239; x_wconf 83' lang='lat' dir='ltr'><strong>DOUNAEl</strong></span> <span class='ocrx_word' id='word_1_372' title='bbox 974 191 1452 236; x_wconf 73' lang='lat' dir='ltr'><strong>PRAELECTIONES</strong></span> 
     </span>
    </p>
   </div>
   <div class='ocr_carea' id='block_1_11' title="bbox 1081 306 1800 347">
    <p class='ocr_par' dir='ltr' id='par_1_14' title="bbox 1081 306 1800 347">
     <span class='ocr_line' id='line_1_67' title="bbox 1081 306 1800 347; baseline 0 -9"><span class='ocrx_word' id='word_1_373' title='bbox 1081 310 1213 345; x_wconf 76' lang='lat' dir='ltr'><strong>Festus3</strong></span> <span class='ocrx_word' id='word_1_374' title='bbox 1237 311 1258 324; x_wconf 87' lang='lat'><strong>“</strong></span> <span class='ocrx_word' id='word_1_375' title='bbox 1275 308 1385 347; x_wconf 85' lang='lat' dir='ltr'><strong>Caprae</strong></span> <span class='ocrx_word' id='word_1_376' title='bbox 1402 307 1507 343; x_wconf 83' lang='lat' dir='ltr'><strong>diclae,</strong></span> <span class='ocrx_word' id='word_1_377' title='bbox 1523 306 1604 346; x_wconf 86' lang='lat' dir='ltr'><strong>quod</strong></span> <span class='ocrx_word' id='word_1_378' title='bbox 1625 316 1714 337; x_wconf 82' lang='lat' dir='ltr'><strong>omne</strong></span> <span class='ocrx_word' id='word_1_379' title='bbox 1736 306 1800 339; x_wconf 64' lang='lat' dir='ltr'><strong>vir-⁷</strong></span> 
     </span>
    </p>
   </div>
   <div class='ocr_carea' id='block_1_12' title="bbox 1081 349 1798 435">
    <p class='ocr_par' dir='ltr' id='par_1_15' title="bbox 1081 349 1798 435">
     <span class='ocr_line' id='line_1_68' title="bbox 1081 349 1798 390; baseline -0.001 -9"><span class='ocrx_word' id='word_1_380' title='bbox 1081 352 1200 390; x_wconf 78' lang='lat' dir='ltr'><strong>gultum</strong></span> <span class='ocrx_word' id='word_1_381' title='bbox 1216 356 1354 390; x_wconf 76' lang='lat' dir='ltr'><strong>carpant,</strong></span> <span class='ocrx_word' id='word_1_382' title='bbox 1369 355 1401 380; x_wconf 90' lang='lat' dir='ltr'><strong>et</strong></span> <span class='ocrx_word' id='word_1_383' title='bbox 1414 350 1548 380; x_wconf 83' lang='lat' dir='ltr'><strong>maxime</strong></span> <span class='ocrx_word' id='word_1_384' title='bbox 1564 349 1692 381; x_wconf 87' lang='lat' dir='ltr'><strong>vitem.&#39;&#39;</strong></span> <span class='ocrx_word' id='word_1_385' title='bbox 1707 349 1798 390; x_wconf 86' lang='lat' dir='ltr'><strong>Virg.</strong></span> 
     </span>
     <span class='ocr_line' id='line_1_69' title="bbox 1082 393 1438 435; baseline -0.006 -10"><span class='ocrx_word' id='word_1_386' title='bbox 1082 394 1213 435; x_wconf 87' lang='lat' dir='ltr'><strong>[Georg.</strong></span> <span class='ocrx_word' id='word_1_387' title='bbox 1229 395 1275 423; x_wconf 90' lang='lat'><strong>11.</strong></span> <span class='ocrx_word' id='word_1_388' title='bbox 1290 395 1365 425; x_wconf 83' lang='lat'><strong>375.</strong></span> <span class='ocrx_word' id='word_1_389' title='bbox 1380 393 1438 434; x_wconf 90' lang='lat' dir='ltr'><strong>ss.]</strong></span> 
     </span>
    </p>
   </div>
   <div class='ocr_carea' id='block_1_13' title="bbox 1094 455 1800 960">
    <p class='ocr_par' dir='ltr' id='par_1_16' title="bbox 1094 455 1800 960">
     <span class='ocr_line' id='line_1_70' title="bbox 1094 455 1798 495; baseline -0.001 -10"><span class='ocrx_word' id='word_1_390' title='bbox 1094 460 1114 473; x_wconf 90' lang='lat'><em>“</em></span> <span class='ocrx_word' id='word_1_391' title='bbox 1124 455 1256 495; x_wconf 83' lang='lat' dir='ltr'><strong>Frigora</strong></span> <span class='ocrx_word' id='word_1_392' title='bbox 1272 465 1327 484; x_wconf 83' lang='lat' dir='ltr'><strong>neo</strong></span> <span class='ocrx_word' id='word_1_393' title='bbox 1345 457 1460 484; x_wconf 87' lang='lat' dir='ltr'><strong>tantum</strong></span> <span class='ocrx_word' id='word_1_394' title='bbox 1476 464 1551 484; x_wconf 84' lang='lat' dir='ltr'><strong>cana</strong></span> <span class='ocrx_word' id='word_1_395' title='bbox 1566 457 1710 484; x_wconf 78' lang='lat' dir='ltr'><strong>concreta</strong></span> <span class='ocrx_word' id='word_1_396' title='bbox 1723 463 1798 493; x_wconf 86' lang='lat' dir='ltr'><strong>pru-</strong></span> 
     </span>
     <span class='ocr_line' id='line_1_71' title="bbox 1254 508 1318 534; baseline 0 -7"><span class='ocrx_word' id='word_1_397' title='bbox 1254 508 1318 534; x_wconf 83' lang='lat' dir='ltr'><strong>lna,</strong></span> 
     </span>
     <span class='ocr_line' id='line_1_72' title="bbox 1125 538 1800 581; baseline -0.003 -10"><span class='ocrx_word' id='word_1_398' title='bbox 1125 542 1189 571; x_wconf 82' lang='lat' dir='ltr'><strong>Aut</strong></span> <span class='ocrx_word' id='word_1_399' title='bbox 1210 541 1314 581; x_wconf 88' lang='lat' dir='ltr'><strong>gravis</strong></span> <span class='ocrx_word' id='word_1_400' title='bbox 1335 540 1514 571; x_wconf 86' lang='lat' dir='ltr'><strong>incumbens</strong></span> <span class='ocrx_word' id='word_1_401' title='bbox 1536 540 1673 580; x_wconf 86' lang='lat' dir='ltr'><strong>scopulis</strong></span> <span class='ocrx_word' id='word_1_402' title='bbox 1687 538 1800 570; x_wconf 82' lang='lat' dir='ltr'><strong>arenti-</strong></span> 
     </span>
     <span class='ocr_line' id='line_1_73' title="bbox 1255 586 1432 620; baseline -0.006 -6"><span class='ocrx_word' id='word_1_403' title='bbox 1255 586 1312 614; x_wconf 84' lang='lat' dir='ltr'><strong>bus</strong></span> <span class='ocrx_word' id='word_1_404' title='bbox 1327 589 1432 620; x_wconf 63' lang='lat' dir='ltr'><strong>aestas,</strong></span> 
     </span>
     <span class='ocr_line' id='line_1_74' title="bbox 1126 625 1800 667; baseline -0.006 -9"><span class='ocrx_word' id='word_1_405' title='bbox 1126 630 1279 667; x_wconf 85' lang='lat' dir='ltr'><strong>Quantum</strong></span> <span class='ocrx_word' id='word_1_406' title='bbox 1302 627 1351 657; x_wconf 89' lang='lat' dir='ltr'><strong>illi</strong></span> <span class='ocrx_word' id='word_1_407' title='bbox 1373 637 1506 657; x_wconf 87' lang='lat' dir='ltr'><strong>nocuere</strong></span> <span class='ocrx_word' id='word_1_408' title='bbox 1525 637 1649 666; x_wconf 84' lang='lat' dir='ltr'><strong>greges,</strong></span> <span class='ocrx_word' id='word_1_409' title='bbox 1668 625 1800 665; x_wconf 86' lang='lat' dir='ltr'><strong>durique</strong></span> 
     </span>
     <span class='ocr_line' id='line_1_75' title="bbox 1254 681 1404 701; baseline 0 0"><span class='ocrx_word' id='word_1_410' title='bbox 1254 681 1404 701; x_wconf 84' lang='lat' dir='ltr'><strong>venenum</strong></span> 
     </span>
     <span class='ocr_line' id='line_1_76' title="bbox 1127 711 1798 753; baseline -0.004 -9"><span class='ocrx_word' id='word_1_411' title='bbox 1127 715 1249 750; x_wconf 79' lang='lat' dir='ltr'><strong>Dentis,</strong></span> <span class='ocrx_word' id='word_1_412' title='bbox 1272 718 1304 744; x_wconf 92' lang='lat' dir='ltr'><strong>et</strong></span> <span class='ocrx_word' id='word_1_413' title='bbox 1330 715 1472 744; x_wconf 83' lang='lat' dir='ltr'><strong>admorso</strong></span> <span class='ocrx_word' id='word_1_414' title='bbox 1499 713 1617 753; x_wconf 79' lang='lat' dir='ltr'><strong>signata</strong></span> <span class='ocrx_word' id='word_1_415' title='bbox 1643 713 1675 742; x_wconf 89' lang='lat' dir='ltr'><strong>in</strong></span> <span class='ocrx_word' id='word_1_416' title='bbox 1702 711 1798 751; x_wconf 79' lang='lat' dir='ltr'><strong>stirpe</strong></span> 
     </span>
     <span class='ocr_line' id='line_1_77' title="bbox 1187 758 1396 798; baseline 0.01 -13"><span class='ocrx_word' id='word_1_417' title='bbox 1187 797 1190 798; x_wconf 15' lang='grc' dir='ltr'><em>γ</em></span> <span class='ocrx_word' id='word_1_418' title='bbox 1254 758 1396 787; x_wconf 84' lang='lat' dir='ltr'><strong>cicatrix.</strong></span> 
     </span>
     <span class='ocr_line' id='line_1_78' title="bbox 1127 800 1799 840; baseline -0.003 -10"><span class='ocrx_word' id='word_1_419' title='bbox 1127 802 1198 830; x_wconf 90' lang='lat' dir='ltr'><strong>Non</strong></span> <span class='ocrx_word' id='word_1_420' title='bbox 1226 800 1317 830; x_wconf 86' lang='lat' dir='ltr'><strong>aliam</strong></span> <span class='ocrx_word' id='word_1_421' title='bbox 1341 801 1382 830; x_wconf 90' lang='lat' dir='ltr'><strong>ob</strong></span> <span class='ocrx_word' id='word_1_422' title='bbox 1408 800 1530 840; x_wconf 87' lang='lat' dir='ltr'><strong>culpam</strong></span> <span class='ocrx_word' id='word_1_423' title='bbox 1559 800 1683 830; x_wconf 87' lang='lat' dir='ltr'><strong>Baccho</strong></span> <span class='ocrx_word' id='word_1_424' title='bbox 1707 807 1799 838; x_wconf 85' lang='lat' dir='ltr'><strong>caper</strong></span> 
     </span>
     <span class='ocr_line' id='line_1_79' title="bbox 1256 843 1472 873; baseline -0.005 0"><span class='ocrx_word' id='word_1_425' title='bbox 1256 843 1395 873; x_wconf 88' lang='lat' dir='ltr'><strong>omnibus</strong></span> <span class='ocrx_word' id='word_1_426' title='bbox 1412 843 1472 872; x_wconf 89' lang='lat' dir='ltr'><strong>aris</strong></span> 
     </span>
     <span class='ocr_line' id='line_1_80' title="bbox 1128 883 1800 942; baseline -0.003 -26"><span class='ocrx_word' id='word_1_427' title='bbox 1128 886 1278 923; x_wconf 85' lang='lat' dir='ltr'><strong>Caeditur,</strong></span> <span class='ocrx_word' id='word_1_428' title='bbox 1302 891 1344 942; x_wconf 75' lang='lat' dir='ltr'><strong>et⁵</strong></span> <span class='ocrx_word' id='word_1_429' title='bbox 1358 891 1481 916; x_wconf 84' lang='lat' dir='ltr'><strong>veteres</strong></span> <span class='ocrx_word' id='word_1_430' title='bbox 1506 886 1613 916; x_wconf 86' lang='lat' dir='ltr'><strong>ineunt</strong></span> <span class='ocrx_word' id='word_1_431' title='bbox 1636 883 1800 926; x_wconf 81' lang='lat' dir='ltr'><strong>proscenia</strong></span> 
     </span>
     <span class='ocr_line' id='line_1_81' title="bbox 1257 929 1355 960; baseline 0.01 -1"><span class='ocrx_word' id='word_1_432' title='bbox 1257 929 1333 960; x_wconf 87' lang='lat' dir='ltr'><strong>ludi.</strong></span> <span class='ocrx_word' id='word_1_433' title='bbox 1347 929 1355 942; x_wconf 87' lang='lat'><em>’</em></span> 
     </span>
    </p>
   </div>
   <div class='ocr_carea' id='block_1_14' title="bbox 1084 996 1812 3074">
    <p class='ocr_par' dir='ltr' id='par_1_17' title="bbox 1084 996 1801 1202">
     <span class='ocr_line' id='line_1_82' title="bbox 1086 996 1800 1038; baseline 0.001 -10"><span class='ocrx_word' id='word_1_434' title='bbox 1086 996 1133 1038; x_wconf 90' lang='lat' dir='ltr'><strong>[p.</strong></span> <span class='ocrx_word' id='word_1_435' title='bbox 1148 1000 1202 1028; x_wconf 75' lang='lat'><strong>77.</strong></span> <span class='ocrx_word' id='word_1_436' title='bbox 1216 999 1267 1028; x_wconf 87' lang='lat' dir='ltr'><strong>ed.</strong></span> <span class='ocrx_word' id='word_1_437' title='bbox 1283 997 1340 1038; x_wconf 93' lang='lat' dir='ltr'><strong>D.]</strong></span> <span class='ocrx_word' id='word_1_438' title='bbox 1366 998 1449 1028; x_wconf 88' lang='lat' dir='ltr'><strong>Hinc</strong></span> <span class='ocrx_word' id='word_1_439' title='bbox 1465 996 1617 1038; x_wconf 80' lang='grc' dir='ltr'>τραγῳδός,</span> <span class='ocrx_word' id='word_1_440' title='bbox 1632 997 1720 1033; x_wconf 73' lang='grc' dir='ltr'>ἀοιδὴ,</span> <span class='ocrx_word' id='word_1_441' title='bbox 1735 997 1800 1036; x_wconf 76' lang='grc' dir='ltr'><strong>ᾳῖδῆ,</strong></span> 
     </span>
     <span class='ocr_line' id='line_1_83' title="bbox 1084 1040 1801 1080; baseline 0.001 -9"><span class='ocrx_word' id='word_1_442' title='bbox 1084 1043 1192 1071; x_wconf 81' lang='lat' dir='ltr'><strong>cantio.</strong></span> <span class='ocrx_word' id='word_1_443' title='bbox 1237 1042 1299 1071; x_wconf 85' lang='lat' dir='ltr'><strong>Sed</strong></span> <span class='ocrx_word' id='word_1_444' title='bbox 1319 1040 1415 1071; x_wconf 77' lang='grc' dir='ltr'>ἀείδειν</span> <span class='ocrx_word' id='word_1_445' title='bbox 1432 1041 1587 1072; x_wconf 77' lang='lat' dir='ltr'><strong>veteribus</strong></span> <span class='ocrx_word' id='word_1_446' title='bbox 1609 1047 1658 1071; x_wconf 87' lang='lat' dir='ltr'><strong>est</strong></span> <span class='ocrx_word' id='word_1_447' title='bbox 1674 1040 1801 1080; x_wconf 70' lang='grc' dir='ltr'>φράζειν,</span> 
     </span>
     <span class='ocr_line' id='line_1_84' title="bbox 1084 1084 1800 1126; baseline 0 -11"><span class='ocrx_word' id='word_1_448' title='bbox 1084 1086 1183 1125; x_wconf 83' lang='lat' dir='ltr'><strong>inquit</strong></span> <span class='ocrx_word' id='word_1_449' title='bbox 1203 1086 1312 1115; x_wconf 89' lang='lat' dir='ltr'><strong>Strabo</strong></span> <span class='ocrx_word' id='word_1_450' title='bbox 1337 1085 1468 1126; x_wconf 82' lang='lat' dir='ltr'><strong>[Geogr.</strong></span> <span class='ocrx_word' id='word_1_451' title='bbox 1490 1086 1518 1114; x_wconf 88' lang='lat' dir='ltr'><strong>I.</strong></span> <span class='ocrx_word' id='word_1_452' title='bbox 1542 1096 1571 1124; x_wconf 88' lang='lat' dir='ltr'><strong>p.</strong></span> <span class='ocrx_word' id='word_1_453' title='bbox 1594 1086 1646 1115; x_wconf 82' lang='lat'><strong>34.</strong></span> <span class='ocrx_word' id='word_1_454' title='bbox 1669 1084 1800 1126; x_wconf 88' lang='lat' dir='ltr'><strong>Almel.]</strong></span> 
     </span>
     <span class='ocr_line' id='line_1_85' title="bbox 1086 1127 1800 1164; baseline -0.001 -6"><span class='ocrx_word' id='word_1_455' title='bbox 1086 1130 1199 1159; x_wconf 83' lang='lat' dir='ltr'><strong>Contra</strong></span> <span class='ocrx_word' id='word_1_456' title='bbox 1213 1129 1307 1158; x_wconf 78' lang='lat' dir='ltr'><strong>dicere</strong></span> <span class='ocrx_word' id='word_1_457' title='bbox 1323 1128 1443 1159; x_wconf 84' lang='lat' dir='ltr'><strong>Latinis</strong></span> <span class='ocrx_word' id='word_1_458' title='bbox 1461 1137 1579 1163; x_wconf 82' lang='lat' dir='ltr'><strong>canere,</strong></span> <span class='ocrx_word' id='word_1_459' title='bbox 1597 1133 1643 1164; x_wconf 84' lang='lat' dir='ltr'><strong>ut,</strong></span> <span class='ocrx_word' id='word_1_460' title='bbox 1666 1132 1675 1145; x_wconf 88' lang='lat'>‘</span> <span class='ocrx_word' id='word_1_461' title='bbox 1695 1127 1800 1164; x_wconf 88' lang='lat' dir='ltr'><strong>Quan-</strong></span> 
     </span>
     <span class='ocr_line' id='line_1_86' title="bbox 1085 1171 1585 1202; baseline -0.002 -1"><span class='ocrx_word' id='word_1_462' title='bbox 1085 1179 1149 1202; x_wconf 87' lang='lat' dir='ltr'><strong>tum</strong></span> <span class='ocrx_word' id='word_1_463' title='bbox 1167 1178 1214 1202; x_wconf 75' lang='lat' dir='ltr'><strong>sat</strong></span> <span class='ocrx_word' id='word_1_464' title='bbox 1228 1173 1288 1202; x_wconf 90' lang='lat' dir='ltr'><strong>erit</strong></span> <span class='ocrx_word' id='word_1_465' title='bbox 1303 1178 1356 1202; x_wconf 79' lang='lat' dir='ltr'><strong>tua</strong></span> <span class='ocrx_word' id='word_1_466' title='bbox 1370 1171 1474 1201; x_wconf 84' lang='lat' dir='ltr'><strong>dicere</strong></span> <span class='ocrx_word' id='word_1_467' title='bbox 1484 1171 1585 1201; x_wconf 87' lang='lat' dir='ltr'><strong>sacta.&#39;</strong></span> 
     </span>
    </p>

    <p class='ocr_par' dir='ltr' id='par_1_18' title="bbox 1086 1212 1812 3074">
     <span class='ocr_line' id='line_1_87' title="bbox 1128 1212 1801 1256; baseline -0.004 -10"><span class='ocrx_word' id='word_1_468' title='bbox 1128 1233 1171 1238; x_wconf 81' lang='lat'>—</span> <span class='ocrx_word' id='word_1_469' title='bbox 1184 1218 1214 1246; x_wconf 83' lang='lat'><strong>8.</strong></span> <span class='ocrx_word' id='word_1_470' title='bbox 1238 1215 1285 1245; x_wconf 78' lang='grc' dir='ltr'>οὐκ</span> <span class='ocrx_word' id='word_1_471' title='bbox 1301 1216 1332 1246; x_wconf 78' lang='grc' dir='ltr'><strong>ἒιν</strong></span> <span class='ocrx_word' id='word_1_472' title='bbox 1347 1214 1433 1249; x_wconf 74' lang='grc' dir='ltr'>οὕτως</span> <span class='ocrx_word' id='word_1_473' title='bbox 1449 1213 1507 1245; x_wconf 79' lang='grc' dir='ltr'>οὔτ’</span> <span class='ocrx_word' id='word_1_474' title='bbox 1525 1212 1623 1244; x_wconf 79' lang='grc' dir='ltr'>ἐκείνου</span> <span class='ocrx_word' id='word_1_475' title='bbox 1639 1212 1704 1255; x_wconf 69' lang='grc' dir='ltr'><strong>πρός</strong></span> <span class='ocrx_word' id='word_1_476' title='bbox 1717 1214 1801 1256; x_wconf 76' lang='grc' dir='ltr'>χάξιν</span> 
     </span>
     <span class='ocr_line' id='line_1_88' title="bbox 1086 1257 1801 1300; baseline -0.001 -12"><span class='ocrx_word' id='word_1_477' title='bbox 1086 1258 1145 1289; x_wconf 77' lang='grc' dir='ltr'>οὔτ’</span> <span class='ocrx_word' id='word_1_478' title='bbox 1158 1258 1227 1298; x_wconf 72' lang='grc' dir='ltr'>ἐμοῦ</span> <span class='ocrx_word' id='word_1_479' title='bbox 1243 1257 1308 1300; x_wconf 71' lang='grc' dir='ltr'>νιξός</span> <span class='ocrx_word' id='word_1_480' title='bbox 1323 1257 1487 1299; x_wconf 63' lang='grc' dir='ltr'>ἀπέχθειαν</span> <span class='ocrx_word' id='word_1_481' title='bbox 1503 1257 1630 1298; x_wconf 79' lang='grc' dir='ltr'>ἦκούετε]</span> <span class='ocrx_word' id='word_1_482' title='bbox 1649 1258 1801 1288; x_wconf 77' lang='lat' dir='ltr'><strong>Dolenter</strong></span> 
     </span>
     <span class='ocr_line' id='line_1_89' title="bbox 1086 1300 1800 1340; baseline -0.003 -8"><span class='ocrx_word' id='word_1_483' title='bbox 1086 1303 1145 1332; x_wconf 82' lang='lat' dir='ltr'><strong>hoo</strong></span> <span class='ocrx_word' id='word_1_484' title='bbox 1160 1303 1238 1332; x_wconf 85' lang='lat' dir='ltr'><strong>dicit</strong></span> <span class='ocrx_word' id='word_1_485' title='bbox 1254 1313 1337 1332; x_wconf 83' lang='lat' dir='ltr'><strong>suam</strong></span> <span class='ocrx_word' id='word_1_486' title='bbox 1356 1302 1421 1331; x_wconf 87' lang='lat' dir='ltr'><strong>illis</strong></span> <span class='ocrx_word' id='word_1_487' title='bbox 1439 1302 1629 1340; x_wconf 84' lang='lat' dir='ltr'><strong>exprobrans</strong></span> <span class='ocrx_word' id='word_1_488' title='bbox 1649 1300 1800 1340; x_wconf 87' lang='lat' dir='ltr'><strong>iujuriam.</strong></span> 
     </span>
     <span class='ocr_line' id='line_1_90' title="bbox 1087 1343 1801 1386; baseline -0.003 -11"><span class='ocrx_word' id='word_1_489' title='bbox 1087 1347 1129 1375; x_wconf 84' lang='lat' dir='ltr'><strong>Et</strong></span> <span class='ocrx_word' id='word_1_490' title='bbox 1141 1351 1188 1375; x_wconf 83' lang='lat' dir='ltr'><strong>est</strong></span> <span class='ocrx_word' id='word_1_491' title='bbox 1205 1346 1254 1376; x_wconf 82' lang='lat' dir='ltr'><strong>hie</strong></span> <span class='ocrx_word' id='word_1_492' title='bbox 1275 1345 1399 1385; x_wconf 76' lang='grc' dir='ltr'>βαρύτης</span> <span class='ocrx_word' id='word_1_493' title='bbox 1420 1344 1486 1386; x_wconf 75' lang='grc' dir='ltr'>πρὸς</span> <span class='ocrx_word' id='word_1_494' title='bbox 1507 1344 1548 1386; x_wconf 63' lang='grc' dir='ltr'><strong>τῇ</strong></span> <span class='ocrx_word' id='word_1_495' title='bbox 1567 1344 1732 1385; x_wconf 72' lang='grc' dir='ltr'>τραχύτητι</span> <span class='ocrx_word' id='word_1_496' title='bbox 1751 1343 1801 1374; x_wconf 80' lang='grc' dir='ltr'>καὶ</span> 
     </span>
     <span class='ocr_line' id='line_1_91' title="bbox 1087 1385 1803 1430; baseline -0.001 -13"><span class='ocrx_word' id='word_1_497' title='bbox 1087 1388 1250 1430; x_wconf 61' lang='grc' dir='ltr'>δριμύτητι.</span> <span class='ocrx_word' id='word_1_498' title='bbox 1299 1389 1350 1419; x_wconf 82' lang='lat' dir='ltr'><strong>Sio</strong></span> <span class='ocrx_word' id='word_1_499' title='bbox 1360 1388 1438 1418; x_wconf 88' lang='lat' dir='ltr'><strong>enim</strong></span> <span class='ocrx_word' id='word_1_500' title='bbox 1453 1386 1530 1417; x_wconf 80' lang='lat' dir='ltr'><strong>solet</strong></span> <span class='ocrx_word' id='word_1_501' title='bbox 1544 1391 1650 1417; x_wconf 83' lang='lat' dir='ltr'><strong>noster</strong></span> <span class='ocrx_word' id='word_1_502' title='bbox 1663 1385 1803 1426; x_wconf 77' lang='grc' dir='ltr'>συμπλέ-</span> 
     </span>
     <span class='ocr_line' id='line_1_92' title="bbox 1087 1428 1804 1470; baseline -0.003 -9"><span class='ocrx_word' id='word_1_503' title='bbox 1087 1443 1141 1462; x_wconf 85' lang='grc' dir='ltr'>κειν</span> <span class='ocrx_word' id='word_1_504' title='bbox 1160 1434 1216 1466; x_wconf 66' lang='grc' dir='ltr'>τὰς</span> <span class='ocrx_word' id='word_1_505' title='bbox 1234 1431 1318 1466; x_wconf 79' lang='grc' dir='ltr'>ἰδέας.</span> <span class='ocrx_word' id='word_1_506' title='bbox 1363 1432 1578 1469; x_wconf 85' lang='lat' dir='ltr'><strong>Hermogenes</strong></span> <span class='ocrx_word' id='word_1_507' title='bbox 1602 1428 1644 1470; x_wconf 83' lang='grc' dir='ltr'><strong>[ἐν</strong></span> <span class='ocrx_word' id='word_1_508' title='bbox 1665 1431 1709 1470; x_wconf 71' lang='grc' dir='ltr'><strong>τῷ</strong></span> <span class='ocrx_word' id='word_1_509' title='bbox 1733 1430 1804 1470; x_wconf 63' lang='grc' dir='ltr'>περὶ</span> 
     </span>
     <span class='ocr_line' id='line_1_93' title="bbox 1089 1472 1803 1516; baseline 0.001 -13"><span class='ocrx_word' id='word_1_510' title='bbox 1089 1475 1247 1516; x_wconf 57' lang='lat' dir='ltr'><strong>&amp;apen-nm]</strong></span> <span class='ocrx_word' id='word_1_511' title='bbox 1280 1476 1294 1505; x_wconf 77' lang='grc' dir='ltr'><strong>ἧ</strong></span> <span class='ocrx_word' id='word_1_512' title='bbox 1317 1473 1440 1516; x_wconf 77' lang='grc' dir='ltr'>βαρύτης</span> <span class='ocrx_word' id='word_1_513' title='bbox 1462 1472 1559 1507; x_wconf 78' lang='grc' dir='ltr'>ἐννοίας</span> <span class='ocrx_word' id='word_1_514' title='bbox 1576 1473 1639 1512; x_wconf 76' lang='grc' dir='ltr'>’μὲν</span> <span class='ocrx_word' id='word_1_515' title='bbox 1661 1472 1723 1514; x_wconf 77' lang='grc' dir='ltr'>’ἔχει</span> <span class='ocrx_word' id='word_1_516' title='bbox 1748 1475 1803 1507; x_wconf 73' lang='grc' dir='ltr'>τᾶς</span> 
     </span>
     <span class='ocr_line' id='line_1_94' title="bbox 1088 1514 1805 1556; baseline -0.001 -9"><span class='ocrx_word' id='word_1_517' title='bbox 1088 1517 1272 1551; x_wconf 76' lang='grc' dir='ltr'>ὄνειδιστικᾶς</span> <span class='ocrx_word' id='word_1_518' title='bbox 1286 1519 1418 1554; x_wconf 75' lang='grc' dir='ltr'>ἁπάσας,</span> <span class='ocrx_word' id='word_1_519' title='bbox 1433 1515 1499 1547; x_wconf 74' lang='grc' dir='ltr'>ὅταν</span> <span class='ocrx_word' id='word_1_520' title='bbox 1518 1518 1573 1550; x_wconf 74' lang='grc' dir='ltr'>τὰς</span> <span class='ocrx_word' id='word_1_521' title='bbox 1589 1514 1746 1556; x_wconf 69' lang='grc' dir='ltr'><strong>εὐεργεσίας</strong></span> <span class='ocrx_word' id='word_1_522' title='bbox 1759 1528 1805 1552; x_wconf 86' lang='grc' dir='ltr'><strong>τις</strong></span> 
     </span>
     <span class='ocr_line' id='line_1_95' title="bbox 1089 1558 1802 1601; baseline -0.003 -10"><span class='ocrx_word' id='word_1_523' title='bbox 1089 1560 1190 1592; x_wconf 74' lang='grc' dir='ltr'>ἑαυτοῦ</span> <span class='ocrx_word' id='word_1_524' title='bbox 1206 1560 1306 1600; x_wconf 78' lang='grc' dir='ltr'>λέγων,</span> <span class='ocrx_word' id='word_1_525' title='bbox 1321 1560 1355 1590; x_wconf 80' lang='grc' dir='ltr'><strong>τὸ</strong></span> <span class='ocrx_word' id='word_1_526' title='bbox 1369 1559 1495 1601; x_wconf 75' lang='grc' dir='ltr'>μηδενὸς,</span> <span class='ocrx_word' id='word_1_527' title='bbox 1516 1559 1531 1590; x_wconf 80' lang='grc' dir='ltr'>ἢ</span> <span class='ocrx_word' id='word_1_528' title='bbox 1550 1558 1705 1591; x_wconf 73' lang='grc' dir='ltr'>ἐλαττόνων</span> <span class='ocrx_word' id='word_1_529' title='bbox 1724 1559 1802 1598; x_wconf 75' lang='grc' dir='ltr'>ἦξιῶ-</span> 
     </span>
     <span class='ocr_line' id='line_1_96' title="bbox 1089 1600 1805 1644; baseline 0 -11"><span class='ocrx_word' id='word_1_530' title='bbox 1089 1603 1166 1638; x_wconf 81' lang='grc' dir='ltr'>σθαι,</span> <span class='ocrx_word' id='word_1_531' title='bbox 1194 1603 1208 1635; x_wconf 79' lang='grc' dir='ltr'>ἢ</span> <span class='ocrx_word' id='word_1_532' title='bbox 1224 1604 1272 1635; x_wconf 81' lang='grc' dir='ltr'><strong>καὶ</strong></span> <span class='ocrx_word' id='word_1_533' title='bbox 1289 1602 1450 1639; x_wconf 74' lang='grc' dir='ltr'>τούναντίον,</span> <span class='ocrx_word' id='word_1_534' title='bbox 1465 1602 1510 1633; x_wconf 76' lang='grc' dir='ltr'>δ’τι</span> <span class='ocrx_word' id='word_1_535' title='bbox 1525 1603 1573 1633; x_wconf 76' lang='grc' dir='ltr'>καὶ</span> <span class='ocrx_word' id='word_1_536' title='bbox 1585 1600 1725 1644; x_wconf 74' lang='grc' dir='ltr'>τιμωρίας</span> <span class='ocrx_word' id='word_1_537' title='bbox 1740 1603 1805 1634; x_wconf 77' lang='grc' dir='ltr'>ἀντὶ</span> 
     </span>
     <span class='ocr_line' id='line_1_97' title="bbox 1089 1644 1803 1688; baseline -0.001 -12"><span class='ocrx_word' id='word_1_538' title='bbox 1089 1650 1179 1688; x_wconf 72' lang='grc' dir='ltr'>τιμῆς</span> <span class='ocrx_word' id='word_1_539' title='bbox 1194 1647 1324 1687; x_wconf 73' lang='grc' dir='ltr'>ἠξίωται,</span> <span class='ocrx_word' id='word_1_540' title='bbox 1339 1646 1460 1688; x_wconf 76' lang='grc' dir='ltr'>ὀνειδίζῃ.</span> <span class='ocrx_word' id='word_1_541' title='bbox 1490 1644 1562 1676; x_wconf 76' lang='grc' dir='ltr'>οὕτω</span> <span class='ocrx_word' id='word_1_542' title='bbox 1580 1648 1634 1686; x_wconf 70' lang='grc' dir='ltr'><strong>γὰρ</strong></span> <span class='ocrx_word' id='word_1_543' title='bbox 1647 1646 1693 1676; x_wconf 70' lang='grc' dir='ltr'><strong>καὶ</strong></span> <span class='ocrx_word' id='word_1_544' title='bbox 1708 1647 1803 1687; x_wconf 77' lang='grc' dir='ltr'>μάλι-</span> 
     </span>
     <span class='ocr_line' id='line_1_98' title="bbox 1089 1688 1805 1731; baseline -0.001 -11"><span class='ocrx_word' id='word_1_545' title='bbox 1089 1703 1152 1721; x_wconf 81' lang='grc' dir='ltr'><strong>στα</strong></span> <span class='ocrx_word' id='word_1_546' title='bbox 1167 1689 1276 1731; x_wconf 62' lang='grc' dir='ltr'>ἕαςὺςὸ</span> <span class='ocrx_word' id='word_1_547' title='bbox 1292 1690 1373 1730; x_wconf 74' lang='grc' dir='ltr'>λόγος</span> <span class='ocrx_word' id='word_1_548' title='bbox 1393 1689 1509 1728; x_wconf 80' lang='grc' dir='ltr'>γίνεται,</span> <span class='ocrx_word' id='word_1_549' title='bbox 1527 1689 1550 1718; x_wconf 83' lang='grc' dir='ltr'><strong>εἰ</strong></span> <span class='ocrx_word' id='word_1_550' title='bbox 1567 1688 1742 1729; x_wconf 63' lang='lat' dir='ltr'><strong>wagan-resta</strong></span> <span class='ocrx_word' id='word_1_551' title='bbox 1759 1700 1805 1724; x_wconf 83' lang='grc' dir='ltr'><strong>τις</strong></span> 
     </span>
     <span class='ocr_line' id='line_1_99' title="bbox 1089 1732 1805 1774; baseline -0.004 -10"><span class='ocrx_word' id='word_1_552' title='bbox 1089 1736 1154 1769; x_wconf 79' lang='grc' dir='ltr'>τοὺς</span> <span class='ocrx_word' id='word_1_553' title='bbox 1181 1734 1254 1765; x_wconf 72' lang='grc' dir='ltr'>οὐδὲν</span> <span class='ocrx_word' id='word_1_554' title='bbox 1279 1733 1293 1765; x_wconf 73' lang='grc' dir='ltr'>ἢ</span> <span class='ocrx_word' id='word_1_555' title='bbox 1319 1736 1411 1774; x_wconf 59' lang='grc' dir='ltr'>μικρὰ</span> <span class='ocrx_word' id='word_1_556' title='bbox 1435 1732 1684 1773; x_wconf 70' lang='grc' dir='ltr'>εὖεργετῆσαντας,</span> <span class='ocrx_word' id='word_1_557' title='bbox 1711 1732 1726 1763; x_wconf 77' lang='grc' dir='ltr'>ἢ</span> <span class='ocrx_word' id='word_1_558' title='bbox 1756 1733 1805 1762; x_wconf 73' lang='grc' dir='ltr'><strong>καὶ</strong></span> 
     </span>
     <span class='ocr_line' id='line_1_100' title="bbox 1089 1773 1805 1817; baseline -0.001 -11"><span class='ocrx_word' id='word_1_559' title='bbox 1089 1776 1242 1808; x_wconf 81' lang='grc' dir='ltr'>τούναντίον</span> <span class='ocrx_word' id='word_1_560' title='bbox 1256 1776 1432 1812; x_wconf 77' lang='grc' dir='ltr'>ἦδικηκότας,</span> <span class='ocrx_word' id='word_1_561' title='bbox 1451 1774 1517 1806; x_wconf 71' lang='grc' dir='ltr'>εἶτα</span> <span class='ocrx_word' id='word_1_562' title='bbox 1539 1775 1682 1817; x_wconf 74' lang='grc' dir='ltr'>τυχόντας</span> <span class='ocrx_word' id='word_1_563' title='bbox 1698 1773 1733 1805; x_wconf 62' lang='grc' dir='ltr'><strong>οἷν</strong></span> <span class='ocrx_word' id='word_1_564' title='bbox 1753 1776 1805 1806; x_wconf 79' lang='grc' dir='ltr'>αὖ·</span> 
     </span>
     <span class='ocr_line' id='line_1_101' title="bbox 1090 1819 1805 1860; baseline -0.003 -9"><span class='ocrx_word' id='word_1_565' title='bbox 1090 1821 1138 1856; x_wconf 75' lang='grc' dir='ltr'>τὸς</span> <span class='ocrx_word' id='word_1_566' title='bbox 1154 1822 1202 1852; x_wconf 75' lang='grc' dir='ltr'>οὐκ</span> <span class='ocrx_word' id='word_1_567' title='bbox 1216 1819 1326 1860; x_wconf 69' lang='grc' dir='ltr'>ἠξιώθη.</span> <span class='ocrx_word' id='word_1_568' title='bbox 1371 1822 1480 1850; x_wconf 90' lang='lat' dir='ltr'><strong>Nonne</strong></span> <span class='ocrx_word' id='word_1_569' title='bbox 1494 1819 1553 1849; x_wconf 79' lang='lat' dir='ltr'><strong>hoo</strong></span> <span class='ocrx_word' id='word_1_570' title='bbox 1569 1829 1650 1849; x_wconf 88' lang='lat' dir='ltr'><strong>nunc</strong></span> <span class='ocrx_word' id='word_1_571' title='bbox 1673 1819 1805 1850; x_wconf 84' lang='lat' dir='ltr'><strong>eviden-</strong></span> 
     </span>
     <span class='ocr_line' id='line_1_102' title="bbox 1091 1863 1804 1904; baseline -0.003 -10"><span class='ocrx_word' id='word_1_572' title='bbox 1091 1871 1137 1894; x_wconf 86' lang='lat' dir='ltr'><strong>ter</strong></span> <span class='ocrx_word' id='word_1_573' title='bbox 1163 1864 1360 1904; x_wconf 82' lang='lat' dir='ltr'><strong>conqueritur</strong></span> <span class='ocrx_word' id='word_1_574' title='bbox 1388 1863 1626 1900; x_wconf 81' lang='lat' dir='ltr'><strong>Demosthenes,</strong></span> <span class='ocrx_word' id='word_1_575' title='bbox 1651 1873 1685 1892; x_wconf 81' lang='lat' dir='ltr'><strong>se</strong></span> <span class='ocrx_word' id='word_1_576' title='bbox 1712 1863 1804 1892; x_wconf 91' lang='lat' dir='ltr'><strong>talem</strong></span> 
     </span>
     <span class='ocr_line' id='line_1_103' title="bbox 1092 1906 1807 1946; baseline -0.004 -8"><span class='ocrx_word' id='word_1_577' title='bbox 1092 1909 1202 1944; x_wconf 88' lang='lat' dir='ltr'><strong>virum,</strong></span> <span class='ocrx_word' id='word_1_578' title='bbox 1218 1914 1280 1938; x_wconf 90' lang='lat' dir='ltr'><strong>tam</strong></span> <span class='ocrx_word' id='word_1_579' title='bbox 1294 1909 1372 1937; x_wconf 89' lang='lat' dir='ltr'><strong>bene</strong></span> <span class='ocrx_word' id='word_1_580' title='bbox 1383 1907 1423 1937; x_wconf 89' lang='lat' dir='ltr'><strong>de</strong></span> <span class='ocrx_word' id='word_1_581' title='bbox 1434 1916 1503 1946; x_wconf 86' lang='lat' dir='ltr'><strong>rep.</strong></span> <span class='ocrx_word' id='word_1_582' title='bbox 1515 1906 1669 1942; x_wconf 77' lang='lat' dir='ltr'><strong>meritum,</strong></span> <span class='ocrx_word' id='word_1_583' title='bbox 1679 1916 1737 1936; x_wconf 90' lang='lat' dir='ltr'><strong>non</strong></span> <span class='ocrx_word' id='word_1_584' title='bbox 1750 1916 1807 1946; x_wconf 90' lang='lat' dir='ltr'><strong>po-</strong></span> 
     </span>
     <span class='ocr_line' id='line_1_104' title="bbox 1091 1949 1806 1991; baseline -0.003 -10"><span class='ocrx_word' id='word_1_585' title='bbox 1091 1953 1187 1982; x_wconf 89' lang='lat' dir='ltr'><strong>tuisse</strong></span> <span class='ocrx_word' id='word_1_586' title='bbox 1201 1952 1283 1991; x_wconf 89' lang='lat' dir='ltr'><strong>apud</strong></span> <span class='ocrx_word' id='word_1_587' title='bbox 1304 1961 1375 1981; x_wconf 85' lang='lat' dir='ltr'><strong>suos</strong></span> <span class='ocrx_word' id='word_1_588' title='bbox 1390 1950 1476 1980; x_wconf 87' lang='lat' dir='ltr'><strong>cives</strong></span> <span class='ocrx_word' id='word_1_589' title='bbox 1498 1949 1581 1987; x_wconf 77' lang='grc' dir='ltr'>λὸγου</span> <span class='ocrx_word' id='word_1_590' title='bbox 1591 1950 1701 1990; x_wconf 81' lang='grc' dir='ltr'>τυχεῖν,</span> <span class='ocrx_word' id='word_1_591' title='bbox 1727 1959 1806 1988; x_wconf 89' lang='lat' dir='ltr'><strong>prae-</strong></span> 
     </span>
     <span class='ocr_line' id='line_1_105' title="bbox 1091 1993 1805 2034; baseline -0.004 -9"><span class='ocrx_word' id='word_1_592' title='bbox 1091 1995 1197 2025; x_wconf 88' lang='lat' dir='ltr'><strong>sertim</strong></span> <span class='ocrx_word' id='word_1_593' title='bbox 1214 2005 1305 2034; x_wconf 89' lang='lat' dir='ltr'><strong>quum</strong></span> <span class='ocrx_word' id='word_1_594' title='bbox 1315 1995 1353 2024; x_wconf 89' lang='lat' dir='ltr'><strong>de</strong></span> <span class='ocrx_word' id='word_1_595' title='bbox 1369 2003 1474 2024; x_wconf 86' lang='lat' dir='ltr'><strong>eorum</strong></span> <span class='ocrx_word' id='word_1_596' title='bbox 1484 1993 1654 2022; x_wconf 84' lang='lat' dir='ltr'><strong>commodis</strong></span> <span class='ocrx_word' id='word_1_597' title='bbox 1668 1993 1805 2023; x_wconf 87' lang='lat' dir='ltr'><strong>diceret:</strong></span> 
     </span>
     <span class='ocr_line' id='line_1_106' title="bbox 1091 2036 1807 2075; baseline -0.004 -7"><span class='ocrx_word' id='word_1_598' title='bbox 1091 2039 1253 2068; x_wconf 84' lang='lat' dir='ltr'><strong>histriones</strong></span> <span class='ocrx_word' id='word_1_599' title='bbox 1269 2043 1300 2068; x_wconf 84' lang='lat' dir='ltr'><strong>et</strong></span> <span class='ocrx_word' id='word_1_600' title='bbox 1313 2037 1490 2067; x_wconf 87' lang='lat' dir='ltr'><strong>levissimos</strong></span> <span class='ocrx_word' id='word_1_601' title='bbox 1505 2036 1654 2072; x_wconf 86' lang='lat' dir='ltr'><strong>homines,</strong></span> <span class='ocrx_word' id='word_1_602' title='bbox 1665 2036 1716 2075; x_wconf 91' lang='lat' dir='ltr'><strong>qui</strong></span> <span class='ocrx_word' id='word_1_603' title='bbox 1727 2037 1807 2066; x_wconf 89' lang='lat' dir='ltr'><strong>mul-</strong></span> 
     </span>
     <span class='ocr_line' id='line_1_107' title="bbox 1091 2079 1807 2119; baseline -0.003 -7"><span class='ocrx_word' id='word_1_604' title='bbox 1091 2087 1154 2112; x_wconf 86' lang='lat' dir='ltr'><strong>tum</strong></span> <span class='ocrx_word' id='word_1_605' title='bbox 1183 2086 1358 2117; x_wconf 78' lang='lat' dir='ltr'><strong>nocuerant,</strong></span> <span class='ocrx_word' id='word_1_606' title='bbox 1391 2080 1540 2119; x_wconf 86' lang='lat' dir='ltr'><strong>potuisse.</strong></span> <span class='ocrx_word' id='word_1_607' title='bbox 1585 2079 1693 2118; x_wconf 84' lang='lat' dir='ltr'><strong>Itaque</strong></span> <span class='ocrx_word' id='word_1_608' title='bbox 1719 2079 1807 2110; x_wconf 86' lang='lat' dir='ltr'><strong>addit</strong></span> 
     </span>
     <span class='ocr_line' id='line_1_108' title="bbox 1093 2121 1805 2165; baseline -0.007 -9"><span class='ocrx_word' id='word_1_609' title='bbox 1093 2127 1243 2165; x_wconf 81' lang='lat' dir='ltr'><strong>Hermog.</strong></span> <span class='ocrx_word' id='word_1_610' title='bbox 1265 2123 1368 2154; x_wconf 73' lang='grc' dir='ltr'>ταύτὸν</span> <span class='ocrx_word' id='word_1_611' title='bbox 1390 2123 1417 2153; x_wconf 79' lang='grc' dir='ltr'><strong>δὲ</strong></span> <span class='ocrx_word' id='word_1_612' title='bbox 1434 2122 1598 2162; x_wconf 77' lang='grc' dir='ltr'>συμβαίνει,</span> <span class='ocrx_word' id='word_1_613' title='bbox 1619 2122 1670 2162; x_wconf 62' lang='lat' dir='ltr'><strong>uqi-‘v</strong></span> <span class='ocrx_word' id='word_1_614' title='bbox 1683 2122 1707 2151; x_wconf 77' lang='grc' dir='ltr'><strong>εἰ</strong></span> <span class='ocrx_word' id='word_1_615' title='bbox 1729 2121 1805 2160; x_wconf 80' lang='grc' dir='ltr'>λέγοι</span> 
     </span>
     <span class='ocr_line' id='line_1_109' title="bbox 1092 2163 1807 2206; baseline -0.006 -6"><span class='ocrx_word' id='word_1_616' title='bbox 1092 2181 1149 2204; x_wconf 82' lang='grc' dir='ltr'>τις,</span> <span class='ocrx_word' id='word_1_617' title='bbox 1173 2169 1216 2199; x_wconf 71' lang='grc' dir='ltr'><strong>ὅτι</strong></span> <span class='ocrx_word' id='word_1_618' title='bbox 1238 2168 1284 2198; x_wconf 80' lang='grc' dir='ltr'><strong>τὸν</strong></span> <span class='ocrx_word' id='word_1_619' title='bbox 1307 2168 1377 2197; x_wconf 82' lang='grc' dir='ltr'>δεῖνα</span> <span class='ocrx_word' id='word_1_620' title='bbox 1404 2166 1459 2206; x_wconf 81' lang='grc' dir='ltr'><strong>μὲν</strong></span> <span class='ocrx_word' id='word_1_621' title='bbox 1483 2167 1589 2206; x_wconf 71' lang='grc' dir='ltr'>φαῦλον</span> <span class='ocrx_word' id='word_1_622' title='bbox 1611 2163 1678 2195; x_wconf 71' lang='grc' dir='ltr'>ὄντα</span> <span class='ocrx_word' id='word_1_623' title='bbox 1700 2165 1807 2196; x_wconf 79' lang='grc' dir='ltr'>τούτων</span> 
     </span>
     <span class='ocr_line' id='line_1_110' title="bbox 1091 2209 1806 2252; baseline -0.006 -10"><span class='ocrx_word' id='word_1_624' title='bbox 1091 2213 1244 2252; x_wconf 75' lang='grc' dir='ltr'>ἢξιώσατε,</span> <span class='ocrx_word' id='word_1_625' title='bbox 1260 2210 1314 2250; x_wconf 77' lang='grc' dir='ltr'><strong>ἐμὲ</strong></span> <span class='ocrx_word' id='word_1_626' title='bbox 1331 2210 1359 2240; x_wconf 82' lang='grc' dir='ltr'><strong>δὲ</strong></span> <span class='ocrx_word' id='word_1_627' title='bbox 1372 2211 1408 2244; x_wconf 80' lang='grc' dir='ltr'><strong>ὡς</strong></span> <span class='ocrx_word' id='word_1_628' title='bbox 1422 2209 1521 2250; x_wconf 58' lang='grc' dir='ltr'>ἑτέρως</span> <span class='ocrx_word' id='word_1_629' title='bbox 1531 2209 1736 2249; x_wconf 75' lang='grc' dir='ltr'>πςοαιρούμενον</span> <span class='ocrx_word' id='word_1_630' title='bbox 1751 2211 1806 2239; x_wconf 79' lang='grc' dir='ltr'><strong>τῶν</strong></span> 
     </span>
     <span class='ocr_line' id='line_1_111' title="bbox 1092 2253 1807 2294; baseline -0.006 -9"><span class='ocrx_word' id='word_1_631' title='bbox 1092 2254 1225 2286; x_wconf 75' lang='grc' dir='ltr'>ἐναντίων.</span> <span class='ocrx_word' id='word_1_632' title='bbox 1264 2259 1285 2272; x_wconf 83' lang='grc'><strong>“</strong></span> <span class='ocrx_word' id='word_1_633' title='bbox 1298 2254 1459 2294; x_wconf 85' lang='lat' dir='ltr'><strong>Spernitur</strong></span> <span class='ocrx_word' id='word_1_634' title='bbox 1469 2257 1572 2282; x_wconf 89' lang='lat' dir='ltr'><strong>orator</strong></span> <span class='ocrx_word' id='word_1_635' title='bbox 1587 2253 1692 2288; x_wconf 86' lang='lat' dir='ltr'><strong>bonus,</strong></span> <span class='ocrx_word' id='word_1_636' title='bbox 1708 2253 1807 2282; x_wconf 77' lang='lat' dir='ltr'><strong>horri-</strong></span> 
     </span>
     <span class='ocr_line' id='line_1_112' title="bbox 1092 2295 1807 2335; baseline -0.006 -6"><span class='ocrx_word' id='word_1_637' title='bbox 1092 2300 1152 2329; x_wconf 91' lang='lat' dir='ltr'><strong>dus</strong></span> <span class='ocrx_word' id='word_1_638' title='bbox 1168 2299 1258 2328; x_wconf 90' lang='lat' dir='ltr'><strong>miles</strong></span> <span class='ocrx_word' id='word_1_639' title='bbox 1278 2295 1427 2333; x_wconf 85' lang='lat' dir='ltr'><strong>amatur‚&#39;&#39;</strong></span> <span class='ocrx_word' id='word_1_640' title='bbox 1447 2306 1557 2334; x_wconf 86' lang='lat' dir='ltr'><strong>magna</strong></span> <span class='ocrx_word' id='word_1_641' title='bbox 1579 2306 1646 2325; x_wconf 80' lang='lat' dir='ltr'><strong>cum</strong></span> <span class='ocrx_word' id='word_1_642' title='bbox 1668 2296 1807 2335; x_wconf 86' lang='lat' dir='ltr'><strong>indigna-</strong></span> 
     </span>
     <span class='ocr_line' id='line_1_113' title="bbox 1092 2338 1808 2379; baseline -0.006 -7"><span class='ocrx_word' id='word_1_643' title='bbox 1092 2343 1175 2372; x_wconf 80' lang='lat' dir='ltr'><strong>tione</strong></span> <span class='ocrx_word' id='word_1_644' title='bbox 1189 2341 1306 2372; x_wconf 83' lang='lat' dir='ltr'><strong>Ennius</strong></span> <span class='ocrx_word' id='word_1_645' title='bbox 1315 2340 1408 2370; x_wconf 85' lang='lat' dir='ltr'><strong>dixit.</strong></span> <span class='ocrx_word' id='word_1_646' title='bbox 1419 2339 1511 2379; x_wconf 86' lang='lat' dir='ltr'><strong>quid?</strong></span> <span class='ocrx_word' id='word_1_647' title='bbox 1529 2338 1628 2376; x_wconf 80' lang='lat' dir='ltr'><strong>audiri</strong></span> <span class='ocrx_word' id='word_1_648' title='bbox 1639 2339 1808 2375; x_wconf 88' lang='lat' dir='ltr'><strong>ludionem,</strong></span> 
     </span>
     <span class='ocr_line' id='line_1_114' title="bbox 1093 2382 1808 2423; baseline -0.003 -8"><span class='ocrx_word' id='word_1_649' title='bbox 1093 2384 1206 2415; x_wconf 88' lang='lat' dir='ltr'><strong>amari:</strong></span> <span class='ocrx_word' id='word_1_650' title='bbox 1229 2389 1381 2414; x_wconf 87' lang='lat' dir='ltr'><strong>oratorem</strong></span> <span class='ocrx_word' id='word_1_651' title='bbox 1401 2383 1552 2423; x_wconf 82' lang='lat' dir='ltr'><strong>optimum</strong></span> <span class='ocrx_word' id='word_1_652' title='bbox 1574 2382 1691 2421; x_wconf 89' lang='lat' dir='ltr'><strong>sperni,</strong></span> <span class='ocrx_word' id='word_1_653' title='bbox 1709 2393 1808 2413; x_wconf 85' lang='lat' dir='ltr'><strong>nonne</strong></span> 
     </span>
     <span class='ocr_line' id='line_1_115' title="bbox 1092 2426 1809 2466; baseline -0.004 -7"><span class='ocrx_word' id='word_1_654' title='bbox 1092 2430 1190 2459; x_wconf 81' lang='lat' dir='ltr'><strong>multo</strong></span> <span class='ocrx_word' id='word_1_655' title='bbox 1202 2433 1250 2458; x_wconf 86' lang='lat' dir='ltr'><strong>est</strong></span> <span class='ocrx_word' id='word_1_656' title='bbox 1263 2427 1437 2466; x_wconf 86' lang='lat' dir='ltr'><strong>indignius?</strong></span> <span class='ocrx_word' id='word_1_657' title='bbox 1460 2426 1675 2456; x_wconf 86' lang='lat' dir='ltr'><strong>Pharnabazus</strong></span> <span class='ocrx_word' id='word_1_658' title='bbox 1687 2430 1809 2466; x_wconf 86' lang='lat' dir='ltr'><strong>satrapa</strong></span> 
     </span>
     <span class='ocr_line' id='line_1_116' title="bbox 1092 2469 1809 2511; baseline -0.006 -9"><span class='ocrx_word' id='word_1_659' title='bbox 1092 2473 1176 2511; x_wconf 86' lang='lat' dir='ltr'><strong>regis</strong></span> <span class='ocrx_word' id='word_1_660' title='bbox 1201 2473 1378 2506; x_wconf 87' lang='lat' dir='ltr'><strong>Persarum,</strong></span> <span class='ocrx_word' id='word_1_661' title='bbox 1395 2480 1486 2509; x_wconf 90' lang='lat' dir='ltr'><strong>quum</strong></span> <span class='ocrx_word' id='word_1_662' title='bbox 1513 2469 1596 2508; x_wconf 87' lang='lat' dir='ltr'><strong>apud</strong></span> <span class='ocrx_word' id='word_1_663' title='bbox 1615 2469 1809 2507; x_wconf 88' lang='lat' dir='ltr'><strong>Xenophon-</strong></span> 
     </span>
     <span class='ocr_line' id='line_1_117' title="bbox 1093 2511 1809 2555; baseline -0.006 -10"><span class='ocrx_word' id='word_1_664' title='bbox 1093 2522 1153 2546; x_wconf 80' lang='lat' dir='ltr'><strong>tem</strong></span> <span class='ocrx_word' id='word_1_665' title='bbox 1179 2515 1398 2555; x_wconf 80' lang='lat' dir='ltr'><strong>exprobrasset</strong></span> <span class='ocrx_word' id='word_1_666' title='bbox 1423 2512 1569 2551; x_wconf 80' lang='lat' dir='ltr'><strong>Agesilao</strong></span> <span class='ocrx_word' id='word_1_667' title='bbox 1595 2512 1678 2542; x_wconf 67' lang='grc' dir='ltr'>’.πάνυ</span> <span class='ocrx_word' id='word_1_668' title='bbox 1701 2511 1809 2553; x_wconf 57' lang='grc' dir='ltr'>βαρέως</span> 
     </span>
     <span class='ocr_line' id='line_1_118' title="bbox 1095 2555 1808 2594; baseline -0.008 -5"><span class='ocrx_word' id='word_1_669' title='bbox 1095 2570 1150 2589; x_wconf 87' lang='lat' dir='ltr'><strong>sua</strong></span> <span class='ocrx_word' id='word_1_670' title='bbox 1171 2560 1203 2589; x_wconf 90' lang='lat' dir='ltr'><strong>in</strong></span> <span class='ocrx_word' id='word_1_671' title='bbox 1224 2560 1349 2588; x_wconf 83' lang='lat' dir='ltr'><strong>Graecos</strong></span> <span class='ocrx_word' id='word_1_672' title='bbox 1372 2557 1492 2591; x_wconf 82' lang='lat' dir='ltr'><strong>merita,</strong></span> <span class='ocrx_word' id='word_1_673' title='bbox 1507 2556 1545 2586; x_wconf 86' lang='lat' dir='ltr'><strong>ad</strong></span> <span class='ocrx_word' id='word_1_674' title='bbox 1570 2555 1722 2590; x_wconf 75' lang='lat' dir='ltr'><strong>ultimum,</strong></span> <span class='ocrx_word' id='word_1_675' title='bbox 1747 2566 1808 2594; x_wconf 89' lang='lat' dir='ltr'><strong>quo</strong></span> 
     </span>
     <span class='ocr_line' id='line_1_119' title="bbox 1093 2597 1809 2642; baseline -0.007 -10"><span class='ocrx_word' id='word_1_676' title='bbox 1093 2602 1193 2642; x_wconf 81' lang='lat' dir='ltr'><strong>magis</strong></span> <span class='ocrx_word' id='word_1_677' title='bbox 1206 2602 1277 2632; x_wconf 91' lang='lat' dir='ltr'><strong>illos</strong></span> <span class='ocrx_word' id='word_1_678' title='bbox 1291 2605 1444 2636; x_wconf 83' lang='lat' dir='ltr'><strong>oneraret,</strong></span> <span class='ocrx_word' id='word_1_679' title='bbox 1461 2600 1506 2641; x_wconf 87' lang='lat' dir='ltr'><strong>[p.</strong></span> <span class='ocrx_word' id='word_1_680' title='bbox 1523 2600 1577 2628; x_wconf 84' lang='lat'><strong>78.</strong></span> <span class='ocrx_word' id='word_1_681' title='bbox 1592 2599 1643 2628; x_wconf 87' lang='lat' dir='ltr'><strong>ed.</strong></span> <span class='ocrx_word' id='word_1_682' title='bbox 1660 2597 1718 2638; x_wconf 86' lang='lat' dir='ltr'><strong>D.]</strong></span> <span class='ocrx_word' id='word_1_683' title='bbox 1741 2598 1809 2628; x_wconf 82' lang='lat' dir='ltr'><strong>haec</strong></span> 
     </span>
     <span class='ocr_line' id='line_1_120' title="bbox 1095 2640 1810 2683; baseline -0.004 -8"><span class='ocrx_word' id='word_1_684' title='bbox 1095 2646 1201 2675; x_wconf 84' lang='lat' dir='ltr'><strong>addit:</strong></span> <span class='ocrx_word' id='word_1_685' title='bbox 1225 2646 1248 2675; x_wconf 85' lang='grc' dir='ltr'><strong>εἰ</strong></span> <span class='ocrx_word' id='word_1_686' title='bbox 1264 2642 1305 2674; x_wconf 63' lang='grc' dir='ltr'><strong>οὖν</strong></span> <span class='ocrx_word' id='word_1_687' title='bbox 1320 2644 1375 2683; x_wconf 75' lang='grc' dir='ltr'><strong>ἐγὼ</strong></span> <span class='ocrx_word' id='word_1_688' title='bbox 1392 2645 1435 2682; x_wconf 76' lang='grc' dir='ltr'><strong>μὴ</strong></span> <span class='ocrx_word' id='word_1_689' title='bbox 1454 2642 1600 2682; x_wconf 76' lang='grc' dir='ltr'>γιγνώσκω</span> <span class='ocrx_word' id='word_1_690' title='bbox 1620 2641 1699 2680; x_wconf 76' lang='grc' dir='ltr'>μήτε</span> <span class='ocrx_word' id='word_1_691' title='bbox 1713 2643 1754 2672; x_wconf 70' lang='grc' dir='ltr'><strong>τὲ</strong></span> <span class='ocrx_word' id='word_1_692' title='bbox 1770 2640 1810 2672; x_wconf 84' lang='grc' dir='ltr'>δι’-</span> 
     </span>
     <span class='ocr_line' id='line_1_121' title="bbox 1094 2683 1811 2728; baseline -0.007 -10"><span class='ocrx_word' id='word_1_693' title='bbox 1094 2700 1175 2725; x_wconf 65' lang='lat' dir='ltr'><strong>aare,</strong></span> <span class='ocrx_word' id='word_1_694' title='bbox 1202 2688 1282 2728; x_wconf 74' lang='grc' dir='ltr'>μήτε</span> <span class='ocrx_word' id='word_1_695' title='bbox 1307 2688 1348 2717; x_wconf 76' lang='grc' dir='ltr'><strong>τιὶ</strong></span> <span class='ocrx_word' id='word_1_696' title='bbox 1377 2685 1453 2721; x_wconf 78' lang='grc' dir='ltr'>δ’σια,</span> <span class='ocrx_word' id='word_1_697' title='bbox 1484 2686 1567 2726; x_wconf 80' lang='grc' dir='ltr'>ὑμεῖς</span> <span class='ocrx_word' id='word_1_698' title='bbox 1595 2683 1730 2724; x_wconf 75' lang='grc' dir='ltr'>διδάξατέ</span> <span class='ocrx_word' id='word_1_699' title='bbox 1755 2694 1811 2724; x_wconf 80' lang='grc' dir='ltr'>με,</span> 
     </span>
     <span class='ocr_line' id='line_1_122' title="bbox 1095 2727 1812 2770; baseline -0.007 -8"><span class='ocrx_word' id='word_1_700' title='bbox 1095 2731 1171 2767; x_wconf 69' lang='grc' dir='ltr'><strong>ὅπως</strong></span> <span class='ocrx_word' id='word_1_701' title='bbox 1181 2731 1269 2761; x_wconf 75' lang='grc' dir='ltr'>ταῦτ’</span> <span class='ocrx_word' id='word_1_702' title='bbox 1283 2730 1362 2761; x_wconf 80' lang='grc' dir='ltr'>’ἐστιν</span> <span class='ocrx_word' id='word_1_703' title='bbox 1373 2729 1469 2770; x_wconf 76' lang='grc' dir='ltr'>ἀνδρῶν</span> <span class='ocrx_word' id='word_1_704' title='bbox 1478 2727 1677 2767; x_wconf 74' lang='grc' dir='ltr'>ἐπισταμένων</span> <span class='ocrx_word' id='word_1_705' title='bbox 1686 2728 1812 2769; x_wconf 73' lang='grc' dir='ltr'>χάριτας</span> 
     </span>
     <span class='ocr_line' id='line_1_123' title="bbox 1097 2772 1810 2815; baseline -0.008 -9"><span class='ocrx_word' id='word_1_706' title='bbox 1097 2775 1263 2806; x_wconf 72' lang='grc' dir='ltr'>ἀποδιδόναι.</span> <span class='ocrx_word' id='word_1_707' title='bbox 1284 2775 1417 2815; x_wconf 83' lang='lat' dir='ltr'><strong>[Rerum</strong></span> <span class='ocrx_word' id='word_1_708' title='bbox 1429 2774 1616 2807; x_wconf 70' lang='lat' dir='ltr'><strong>Graecarum,</strong></span> <span class='ocrx_word' id='word_1_709' title='bbox 1631 2772 1688 2801; x_wconf 87' lang='lat' dir='ltr'><strong>lv.</strong></span> <span class='ocrx_word' id='word_1_710' title='bbox 1699 2774 1729 2801; x_wconf 92' lang='lat'><strong>1.</strong></span> <span class='ocrx_word' id='word_1_711' title='bbox 1740 2772 1810 2813; x_wconf 80' lang='lat'><strong>14.]</strong></span> 
     </span>
     <span class='ocr_line' id='line_1_124' title="bbox 1097 2814 1811 2856; baseline -0.006 -7"><span class='ocrx_word' id='word_1_712' title='bbox 1097 2819 1155 2850; x_wconf 89' lang='lat' dir='ltr'><strong>sibi</strong></span> <span class='ocrx_word' id='word_1_713' title='bbox 1172 2818 1315 2853; x_wconf 78' lang='lat' dir='ltr'><strong>detrahit,</strong></span> <span class='ocrx_word' id='word_1_714' title='bbox 1333 2817 1413 2856; x_wconf 89' lang='lat' dir='ltr'><strong>quod</strong></span> <span class='ocrx_word' id='word_1_715' title='bbox 1433 2815 1496 2845; x_wconf 84' lang='lat' dir='ltr'><strong>illis</strong></span> <span class='ocrx_word' id='word_1_716' title='bbox 1512 2814 1811 2851; x_wconf 12' lang='lat' dir='ltr'><strong>tribuatbadmodum</strong></span> 
     </span>
     <span class='ocr_line' id='line_1_125' title="bbox 1098 2855 1811 2900; baseline -0.008 -8"><span class='ocrx_word' id='word_1_717' title='bbox 1098 2872 1237 2892; x_wconf 87' lang='lat' dir='ltr'><strong>onerose.</strong></span> <span class='ocrx_word' id='word_1_718' title='bbox 1276 2862 1318 2891; x_wconf 89' lang='lat' dir='ltr'><strong>D.</strong></span> <span class='ocrx_word' id='word_1_719' title='bbox 1337 2855 1452 2889; x_wconf 76' lang='lat' dir='ltr'><strong>Pau&#39;lus</strong></span> <span class='ocrx_word' id='word_1_720' title='bbox 1467 2856 1561 2900; x_wconf 71' lang='grc' dir='ltr'>ταύτῃ</span> <span class='ocrx_word' id='word_1_721' title='bbox 1576 2856 1718 2897; x_wconf 78' lang='grc' dir='ltr'>Βαρύτητι</span> <span class='ocrx_word' id='word_1_722' title='bbox 1732 2859 1811 2887; x_wconf 89' lang='lat' dir='ltr'><strong>mul-</strong></span> 
     </span>
     <span class='ocr_line' id='line_1_126' title="bbox 1097 2900 1812 2942; baseline -0.008 -6"><span class='ocrx_word' id='word_1_723' title='bbox 1097 2911 1161 2936; x_wconf 84' lang='lat' dir='ltr'><strong>tum</strong></span> <span class='ocrx_word' id='word_1_724' title='bbox 1185 2905 1293 2940; x_wconf 88' lang='lat' dir='ltr'><strong>utitur,</strong></span> <span class='ocrx_word' id='word_1_725' title='bbox 1316 2902 1485 2942; x_wconf 86' lang='lat' dir='ltr'><strong>praesertim</strong></span> <span class='ocrx_word' id='word_1_726' title='bbox 1507 2901 1545 2931; x_wconf 87' lang='lat' dir='ltr'><strong>ad</strong></span> <span class='ocrx_word' id='word_1_727' title='bbox 1568 2900 1756 2936; x_wconf 80' lang='lat' dir='ltr'><strong>Corinthios,</strong></span> <span class='ocrx_word' id='word_1_728' title='bbox 1776 2906 1812 2930; x_wconf 83' lang='lat' dir='ltr'><strong>ut.</strong></span> 
     </span>
     <span class='ocr_line' id='line_1_127' title="bbox 1096 2943 1810 2991; baseline -0.008 -12"><span class='ocrx_word' id='word_1_729' title='bbox 1096 2948 1182 2991; x_wconf 76' lang='grc' dir='ltr'>χωρὶς</span> <span class='ocrx_word' id='word_1_730' title='bbox 1197 2949 1275 2988; x_wconf 71' lang='grc' dir='ltr'>ἡμῶν</span> <span class='ocrx_word' id='word_1_731' title='bbox 1295 2944 1518 2979; x_wconf 78' lang='grc' dir='ltr'>ἐβασιλεύσατε.</span> <span class='ocrx_word' id='word_1_732' title='bbox 1546 2943 1580 2984; x_wconf 87' lang='grc'><strong>[1</strong></span> <span class='ocrx_word' id='word_1_733' title='bbox 1597 2944 1671 2974; x_wconf 88' lang='lat' dir='ltr'><strong>Cor.</strong></span> <span class='ocrx_word' id='word_1_734' title='bbox 1687 2944 1746 2973; x_wconf 89' lang='lat' dir='ltr'><strong>lV.</strong></span> <span class='ocrx_word' id='word_1_735' title='bbox 1762 2943 1810 2984; x_wconf 89' lang='lat'><strong>8.]</strong></span> 
     </span>
     <span class='ocr_line' id='line_1_128' title="bbox 1097 2985 1812 3031; baseline -0.01 -9"><span class='ocrx_word' id='word_1_736' title='bbox 1097 2994 1351 3031; x_wconf 68' lang='lat' dir='ltr'><strong>chrysostomus:</strong></span> <span class='ocrx_word' id='word_1_737' title='bbox 1377 2989 1485 3022; x_wconf 68' lang='grc' dir='ltr'>πολλῆς</span> <span class='ocrx_word' id='word_1_738' title='bbox 1508 2985 1596 3027; x_wconf 79' lang='grc' dir='ltr'>γέμει</span> <span class='ocrx_word' id='word_1_739' title='bbox 1619 2985 1772 3027; x_wconf 63' lang='lat' dir='ltr'><strong>Coena-uror</strong></span> <span class='ocrx_word' id='word_1_740' title='bbox 1799 2986 1812 3015; x_wconf 79' lang='grc' dir='ltr'><strong><em>ὁ</em></strong></span> 
     </span>
     <span class='ocr_line' id='line_1_129' title="bbox 1098 3028 1812 3074; baseline -0.008 -10"><span class='ocrx_word' id='word_1_741' title='bbox 1098 3035 1188 3074; x_wconf 78' lang='grc' dir='ltr'>λόγος.</span> <span class='ocrx_word' id='word_1_742' title='bbox 1213 3033 1326 3073; x_wconf 77' lang='lat' dir='ltr'><strong>quare?</strong></span> <span class='ocrx_word' id='word_1_743' title='bbox 1357 3032 1400 3062; x_wconf 72' lang='grc' dir='ltr'><strong>διὰ</strong></span> <span class='ocrx_word' id='word_1_744' title='bbox 1427 3032 1476 3062; x_wconf 78' lang='grc' dir='ltr'><strong>τῆν</strong></span> <span class='ocrx_word' id='word_1_745' title='bbox 1501 3028 1629 3071; x_wconf 60' lang='grc' dir='ltr'>εἰρωνείαν</span> <span class='ocrx_word' id='word_1_746' title='bbox 1654 3029 1812 3064; x_wconf 78' lang='lat' dir='ltr'><strong>videlicet,</strong></span> 
     </span>
    </p>
   </div>
  </div>
 </body>
</html>
