1997 3323
374 206 426 245 76
746 202 780 246 1.
805 202 839 245 I.
863 201 1088 244 REISKE

372 321 516 350 :nogenes
536 322 568 350 p.
591 313 666 343 438.
696 311 803 346 τούτοις
827 311 855 342 δὲ
880 313 954 342 πᾶσι
980 313 1084 353 χρῆται

373 353 588 394 Δημοσθένης’
579 366 604 385 εν
626 355 669 394 τῷ
688 355 755 396 ’.περὶ
772 355 924 394 Στεφάνου.
945 354 1021 386 ἔνθεν
1041 354 1085 384 δη-

373 399 484 433 λοῦται,
500 397 544 427 ὅτι
556 398 690 438 κωμῳδεῖ
687 410 699 427 ν
713 398 758 428 ἐπ.
755 399 883 428 σ’ταται.
907 411 942 428 τη
959 397 1012 437 μὲν
1027 408 1085 426 πα.-

371 439 452 480 ρῳδία
471 438 566 475 οὕτως·
589 441 635 471 τὸν
656 453 710 480 μεν
732 441 844 482 πατέρα.
862 442 924 471 ἀντὶ
939 440 1087 481 Τςόμητος

371 481 496 514 ἐποίησεν
516 483 698 525 Ἀτρόμητον.
721 485 764 523 τῷ
784 484 811 514 δὲ
827 486 904 524 παρὰ
925 483 1087 534 προσδοκίαν

371 525 443 556 ου’τω
464 527 525 567 περὶ
548 529 597 557 τοῦ
614 525 750 568 Αἰσχίνου
772 528 871 565 λέγων·
895 527 952 556 ουδὲ
975 529 1028 566 γΞις
1051 521 1087 555 ὦν

370 569 472 621 ἔτυχεν
488 574 526 605 ἠν,
544 569 613 600 ἀλλ’
631 575 667 604 οἱς
683 572 696 600 ἦ
715 570 799 603 πόλις
813 572 987 610 καταξᾶται.
1012 569 1050 610 τῇ
1065 568 1087 597 δ’

371 611 526 643 ἐναντιώσει
555 616 610 643 τῶν
635 612 736 643 εἰκόνων
760 613 856 647 ου’-τως·
884 613 1086 653 αὐτοτξάγικος

371 655 494 690 πίθηκος.
518 657 658 696 ἇξουξαῖος
671 655 817 696 Οἰνόμαος.

414 717 457 722 -—
479 702 531 729 ⁶20.
556 699 609 736 ὀψὲ
632 700 684 740 γάρ
709 709 780 729 ποτε
790 699 848 740 —-]
875 699 1086 737 Hermogenes

371 752 402 780 p-
422 745 495 773 352).
519 742 561 772 ἐ’τι
577 742 734 772 ενδιάθετον
749 754 858 783 σχῆμα
872 741 921 771 καὶ
937 743 951 772 ἦ
968 741 1084 771 τοιαύτη

369 783 590 825 ἐπανόρθωσις,
583 799 596 816 η
609 784 774 824 αὐξησεως“
766 785 843 815 ἕνεκα
859 784 1086 825 παραλαμβανο-

369 827 451 867 μένη.
474 832 532 858 οἷον·
548 828 600 866 ὀψὲ
614 830 667 870 γάρ
684 838 755 857 ποτε
768 847 808 850 -
825 826 878 865 ὀψὲ
894 827 988 865 λέγω;
1010 826 1088 868 χθὲς

369 870 424 909 μὲν
446 883 488 900 ουν
510 871 557 901 καὶ
580 871 677 911 πξώην.
713 871 891 900 Alexander
917 871 1034 900 Rhetor
1057 880 1087 908 p.

371 916 423 944 94.
453 916 554 953 capite
579 915 641 954 περι
668 926 718 947 της
743 913 958 952 ἓωιτιμησεως,
985 923 1012 942 ην
1038 912 1087 942 καὶ

369 958 541 995 ὑπαλλαγην
564 967 635 991 τινες
655 958 797 986 καλουσιν.
819 957 905 986 τοῦτο
927 955 961 984 τὸ
977 956 1088 995 σχῆμα

369 999 474 1038 γίνεται
490 1001 535 1029 καὶ
557 999 627 1029 αὐτὸ
647 1000 726 1028 κατά
744 1010 832 1032 τινας·
849 998 863 1029 ἢ
880 1001 933 1037 γὰρ
949 996 1088 1036 ἐπιτιμη-

370 1054 471 1076 σαντες
485 1045 524 1074 ‘rh‘
542 1044 637 1083 πρώτῃ
653 1042 751 1080 λέξει“
743 1040 836 1082 ετὲραν
853 1040 1004 1081 ἐλάβομεν.
1028 1043 1086 1070 οἷον·

359 1084 423 1123 ’ὀψὲ
448 1086 502 1125 γάρ
525 1097 603 1115 «ποτε
617 1103 657 1108 --
671 1084 723 1122 ὀψὲ
747 1084 846 1123 λέγω;
869 1083 948 1125 χθὲς
969 1083 1025 1123 μὲν
1047 1082 1090 1113 οὖν

369 1129 418 1158 καῖ
435 1129 533 1168 πρώην.
551 1129 623 1158 item
642 1129 859 1157 Phoebammon
876 1129 995 1166 ρ.132.
1019 1127 1089 1156 Ari-

370 1172 466 1201 stides
482 1171 522 1201 de
540 1172 578 1200 D
593 1172 626 1201 C.
644 1169 835 1209 ἀξιοπιστίας
850 1169 878 1199 δὲ
902 1169 951 1199 καὶ
973 1168 1006 1198 τὸ
1027 1167 1087 1199 ἐπι

368 1213 621 1251 καταψεύδεσθαι.
639 1212 689 1244 οιον
698 1213 724 1243 ἐν
737 1214 780 1253 τῷ
792 1212 859 1252 ὑπὲρ
871 1214 920 1242 τοῦ
936 1213 1088 1251 Στεφάνου,

368 1256 394 1287 ἓν
409 1255 445 1291 οἷς
458 1256 536 1295 λέγει
553 1257 598 1287 τὸν
608 1255 740 1298 Αἰσχίνην
754 1248 807 1294 όψὲ
820 1256 966 1287 Ἀθηναῖον
981 1265 1088 1294 γεγενη-

368 1299 458 1340 μένον·
476 1299 530 1338 ὀψὲ
543 1301 597 1341 γάρ
613 1311 683 1331 ποτε
694 1319 745 1330 —.
784 1301 852 1340 Ego
869 1310 942 1329 vero
959 1305 1011 1328 aut
1025 1309 1084 1328 non

368 1343 508 1383 intelligo
521 1344 580 1373 vim
593 1344 733 1373 vocabuli
750 1341 814 1380 ὀψὲ,
826 1346 878 1372 aut
892 1353 949 1371 non
964 1342 1084 1381 perspi-

370 1386 419 1416 cio
432 1397 557 1416 acumen
569 1387 722 1416 dictionis.
741 1397 810 1416 sero
824 1386 921 1415 factus
934 1390 981 1416 est
991 1386 1085 1415 Athe-

370 1429 496 1465 niensis,
512 1435 543 1460 et
562 1430 676 1460 rhetor.
696 1440 744 1459 me
767 1428 926 1466 miserum,
947 1428 1000 1467 qui
1017 1439 1084 1458 sero

369 1472 485 1502 dicam!
505 1473 653 1503 debebam
665 1473 767 1503 dicere
783 1472 861 1507 heri,
874 1476 906 1501 et
919 1481 1016 1510 nuper
1032 1472 1084 1500 ad-

367 1516 504 1545 modum.
551 1516 612 1553 Qui
641 1517 705 1545 liaee
734 1515 814 1544 inter
840 1525 873 1544 se
899 1514 1081 1544 concinunt?

369 1559 588 1598 intelligerem,
601 1559 627 1588 si
638 1559 773 1589 dixisset
781 1559 894 1589 dudum
907 1563 987 1594 ante,
999 1557 1084 1592 olim,

368 1602 471 1632 multis
487 1602 574 1632 annis
593 1606 673 1632 ante.
720 1603 931 1641 Nequaquam.
976 1601 1085 1641 Nuper

367 1645 542 1676 admodum.

409 1705 451 1710 —-
466 1691 521 1720 22.
542 1688 590 1718 καὶ
607 1687 700 1718 8¹50—-
712 1686 875 1728 Τρόμητος]
899 1687 1009 1717 melior
1024 1686 1084 1717 uti-

367 1741 426 1770 que
445 1732 524 1761 foret
548 1732 636 1767 ordo,
652 1730 834 1770 planiorque
858 1730 969 1766 dictio,
992 1730 1019 1760 si
1038 1730 1083 1760 sic

365 1774 520 1812 legeretur
532 1785 538 1804 :
557 1775 604 1804 καὶ
622 1772 666 1804 τόν
680 1773 736 1814 μὲν
750 1772 864 1814 πατέρα
876 1773 920 1803 δύο
932 1771 1085 1807 συλλαὲἀς

365 1817 500 1855 προσθεὶς
514 1817 576 1847 ἀντὶ
591 1817 747 1857 Τρόμητος.
765 1827 833 1847 nam
845 1822 877 1846 ut
890 1817 1084 1855 nuncjacent

368 1861 473 1896 verba,
489 1861 616 1900 colligas
634 1872 673 1890 ex
693 1861 746 1895 iis,
769 1860 949 1890 AEschinem
972 1860 1011 1889 ad
1029 1871 1082 1889 no-

366 1913 434 1932 men
455 1905 610 1943 patrisque
632 1904 707 1933 duas
733 1903 866 1943 syllabas
887 1903 1082 1944 apposuisse,

366 1947 403 1975 ad
433 1948 598 1987 matrisque
629 1948 770 1982 totidem,
799 1947 881 1986 quod
908 1957 997 1976 secus
1027 1951 1083 1976 est.

367 1990 477 2020 Matris
489 1990 602 2020 nomini
614 1990 688 2020 nihil
700 1990 780 2019 filius
789 1989 921 2025 addidit,
931 1990 982 2019 sed
995 2000 1083 2028 prm·-

367 2044 419 2062 sus
440 2033 469 2062 id
495 2044 562 2063 cum
587 2033 646 2063 alio
672 2033 850 2063 honestiore
872 2033 1083 2063 commutavit.

366 2076 407 2106 Et
423 2077 527 2106 nescio
543 2077 697 2116 profecto,
715 2087 752 2106 an
769 2082 872 2106 orator
888 2076 935 2105 sic
951 2076 1082 2106 dederit

407 2137 449 2141 —
464 2129 532 2158 pen.
556 2118 694 2158 ἄλλοθεν]
717 2124 789 2159 post
810 2118 934 2149 ἂλλοθεν
958 2119 1083 2149 videtur

362 2162 555 2192 inserendum
580 2173 661 2197 esse,
688 2163 770 2200 quod
794 2162 866 2191 olim
890 2161 1030 2201 suspicor
1051 2162 1081 2192 in

363 2204 451 2234 libris
467 2205 497 2234 in
513 2206 569 2234 hac
585 2204 711 2244 regione
724 2205 838 2235 lectum
855 2215 935 2240 esse,
953 2205 1008 2234 sed
1025 2205 1082 2234 eri-

362 2248 417 2277 tici
435 2249 690 2282 exterminarant,
707 2248 905 2287 Hermogene
921 2252 1012 2283 teste,
1029 2258 1082 2277 cu-

359 2292 413 2329 jus
430 2292 496 2321 haec
517 2296 589 2321 suut
606 2292 716 2320 verba:
742 2290 831 2321 ἐκεῖνα
848 2290 958 2331 μέντοι,
981 2290 1027 2321 διὰ
1049 2290 1083 2320 τὸ

361 2333 435 2373 ἄγαν
464 2333 578 2368 εὐτελὲς
605 2333 654 2363 καὶ
685 2333 867 2368 ὄβελίσαντες
892 2332 1080 2373 ὑπεξείλοντο,

362 2377 430 2412 ἴσως
444 2376 530 2418 ὀρθῶς
539 2378 689 2411 ποιοῦντες.
707 2376 793 2415 λέγω,
804 2375 837 2405 τό
847 2377 973 2416 κυάμους
986 2375 1082 2417 ἑφθοὺς

362 2418 471 2456 coza-a,
487 2421 535 2450 καὶ
553 2420 648 2460 [forte
661 2421 774 2459 copula
785 2420 852 2450 haec
865 2420 1001 2450 tollenda
1017 2420 1080 2460 est]

361 2465 442 2493 κατὰ
455 2465 520 2492 wir
541 2464 575 2493 τὸ
598 2462 670 2504 Θέρος
693 2462 850 2494 ἐπλανᾶτο.
873 2462 922 2492 καὶ
944 2465 985 2493 τοὶ
1009 2462 1080 2502 ἑξῆς.

361 2506 447 2536 fabas
462 2510 565 2536 coctas
578 2507 772 2544 proclamans
786 2505 948 2536 circitabat
963 2517 1019 2544 per
1034 2511 1081 2536 to-

362 2553 423 2578 tam
441 2551 546 2579 urbem
563 2554 627 2579 tota
642 2554 758 2580 aestate.
776 2550 807 2579 id
824 2554 882 2584 est,
907 2550 1079 2579 vociferans

361 2602 395 2622 se
412 2592 606 2622 circumferre
618 2593 693 2622 ollas
707 2593 813 2632 plenas
824 2593 902 2623 fabis
917 2592 1013 2622 coctis
1028 2603 1036 2630 ;
1053 2593 1079 2622 si

360 2645 450 2674 quem
461 2637 550 2674 juvet
564 2646 676 2670 emere,
687 2635 962 2675 utisveniatatque
970 2640 1080 2666 sumat.

403 2680 478 2708 271.
497 2680 547 2709 15.
569 2678 678 2716 ἄγνοιαν
699 2677 724 2708 ἐν
745 2679 773 2709 οὐ
790 2678 891 2719 δέοντι]
917 2679 1079 2715 inscitiam,

358 2721 560 2760 ignorantiam
585 2726 730 2757 nostram,
753 2727 816 2757 aut,
840 2721 866 2752 si
888 2721 932 2751 sic
948 2722 1079 2752 reddere

358 2764 471 2800 mavis,
487 2774 633 2800 errorem,
650 2765 784 2804 lapsum,
804 2764 834 2794 in
851 2765 920 2794 loeo
936 2765 986 2795 vel
1003 2769 1079 2794 tem-

358 2818 435 2847 pore
450 2817 508 2837 non
524 2812 698 2846 opportuno
721 2809 844 2837 factum.
872 2812 976 2846 potest
999 2808 1078 2838 enim

360 2851 473 2890 aliquis
490 2851 606 2890 aliquid
629 2850 781 2890 ignorare,
801 2849 827 2880 ἐν
841 2849 938 2886 δέοντι,
957 2851 1006 2880 vel
1031 2862 1079 2881 er·

359 2904 440 2929 rare,
453 2894 526 2929 labi,
542 2904 612 2923 cum
625 2894 754 2932 expedit
768 2893 858 2923 nobis
873 2903 930 2924 nos
942 2894 974 2924 id
991 2894 1080 2933 igno-

359 2947 438 2972 rare,
463 2941 516 2967 aut
537 2947 607 2967 cum
637 2937 771 2967 scientes
797 2936 1029 2967 dissimulamus
1049 2944 1080 2967 et

360 2979 576 3016 connivemus,
599 2983 651 3010 aut
673 2990 742 3010 cum
764 2990 849 3010 error
871 2985 975 3010 noster
990 2980 1079 3010 nobis

359 3022 492 3052 fortuito
508 3033 578 3053 casu
594 3023 635 3054 sit
651 3022 803 3054 salutaris

1120 201 1451 243 ANNOTATA

1163 329 1204 333 -—-
1225 314 1276 343 25.
1309 310 1498 353 προείλεσθε]
1525 312 1617 351 jussu
1647 317 1678 343 et
1706 313 1834 343 decreto

1121 359 1224 384 vestro
1241 355 1403 393 delegistis
1420 356 1500 385 hunc
1513 360 1647 385 senatum
1665 356 1753 395 eique
1769 366 1832 386 rem

1121 403 1224 426 vestro
1241 398 1360 427 nomine
1377 398 1559 437 deputastis.
1581 399 1669 437 quasi
1689 399 1835 429 dixisset:

1118 438 1237 470 εἵλεσθε
1262 440 1348 471 αὐτὴν
1366 440 1416 481 πρὸ
1441 442 1518 479 ὑμῶν
1545 442 1646 472 αὐτῶν.
1673 442 1764 472 fidem
1786 452 1834 471 sa-

1120 483 1328 522 pientiamque
1351 485 1417 520 ejus
1435 488 1604 515 vestromet
1620 485 1738 525 judicio
1754 495 1835 524 prae-

1119 527 1244 557 tulistis.
1258 525 1454 567 πςοαιρεῖσὲαί
1465 538 1530 556 τινα
1545 527 1611 568 πρός
1623 533 1764 564 τινα,ε3ῐ,
1781 528 1835 558 de-

1120 569 1226 608 ligere,
1256 580 1372 605 creare,
1403 580 1591 608 nuncupare,
1621 571 1764 610 delegare
1794 571 1833 600 ad

1120 614 1263 642 honorem
1287 613 1449 652 quendam,
1464 620 1516 642 aut
1534 613 1716 643 functionem
1741 624 1834 653 quan-

1119 657 1200 685 dam.
1246 657 1302 686 Est
1318 667 1391 695 ergo
1408 657 1437 687 h.
1453 656 1474 686 l.
1490 656 1663 695 deputastis
1681 667 1747 686 eam
1763 656 1834 687 huic

1119 699 1244 738 negotio
1260 710 1328 730 cum
1345 700 1435 738 plena
1450 704 1614 738 potestate.

1162 760 1205 764 —-
1221 753 1290 782 pen.
1313 741 1455 782 ’Ὑπερίδην
1471 742 1498 772 δὲ
1525 742 1616 781 λέγειν
1638 740 1833 783 προσέταξεν]

1120 786 1220 823 possit
1246 786 1443 816 accusativus
1468 785 1550 815 ferri.
1583 790 1709 825 praestat
1734 791 1835 815 tamen

1120 828 1255 864 dativus,
1270 839 1358 868 quem
1375 828 1507 868 praetuli.
1532 828 1680 859 orationis
1698 828 1836 868 Hyperi-

1121 871 1186 901 deae
1207 871 1236 900 in
1258 871 1316 901 hac
1339 882 1432 901 causa
1448 871 1576 902 Deliaca
1592 873 1758 910 fragmenta
1772 873 1835 901 duo

1123 914 1171 943 vel
1198 915 1254 943 tria
1285 919 1450 953 supersunt
1479 915 1578 944 adhuc
1609 919 1792 945 conservata
1818 925 1836 944 a

1121 956 1302 985 Scholiastis
1317 957 1534 995 Hermogenis.

1165 1001 1239 1028 272.
1256 1006 1287 1029 4.
1310 999 1388 1038 ὑπὲξ
1410 998 1560 1039 ἁπάντων]
1584 999 1650 1029 scil.
1666 1001 1721 1029 τῶν
1742 999 1839 1029 ἄλλων

1121 1041 1262 1082 ἀρχόντων
1277 1040 1308 1071 ἐκ
1323 1044 1373 1072 τοῦ
1386 1040 1488 1082 Ἀρείου
1503 1043 1607 1080 πάγου.
1630 1042 1681 1072 Ex
1693 1042 1837 1072 universo

1123 1090 1229 1115 senatu
1255 1086 1476 1124 Areopagitico
1506 1085 1619 1115 delecti
1646 1085 1677 1115 hi
1708 1091 1838 1125 quatuor

1122 1137 1179 1166 pro
1195 1138 1229 1157 se
1240 1137 1295 1166 pro
1311 1128 1435 1168 suisque
1451 1129 1579 1168 collegis
1596 1128 1724 1168 reliquis
1740 1129 1837 1158 omni-

1124 1171 1180 1200 bus
1197 1171 1261 1200 llaec
1276 1171 1378 1201 testati
1395 1175 1476 1200 sunt.

1164 1230 1208 1235 —
1224 1216 1275 1243 11.
1292 1213 1396 1244 τούτου
1406 1212 1564 1254 μέλλοντος
1577 1213 1678 1251 λέγειν,
1690 1213 1839 1244 ἐπήλασεν

1122 1255 1207 1286 αὐτὸν
1221 1258 1235 1287 ἧ
1250 1257 1353 1298 βουλὴ]
1376 1267 1431 1288 cur
1446 1267 1506 1286 non
1522 1257 1648 1287 brevius
1668 1262 1699 1287 et
1720 1257 1839 1296 simpli-

1121 1298 1189 1329 cius
1201 1301 1299 1330 τοῦτον
1307 1301 1454 1340 μέλλοντα
1467 1299 1555 1338 λέγειν
1565 1300 1714 1330 ἀπήλασεν
1725 1300 1739 1330 ἦ
1751 1299 1838 1332 βουλὴ

1120 1341 1224 1371 dixit?
1246 1343 1326 1373 ratio
1347 1343 1435 1373 reddi
1449 1344 1533 1373 nulla
1549 1348 1665 1382 potest,
1681 1342 1740 1372 nisi
1757 1343 1837 1373 forte

1120 1386 1235 1415 numeri
1260 1386 1368 1425 gratia,
1388 1391 1441 1416 aut
1462 1386 1598 1416 fortuito.
1621 1395 1691 1416 nam
1708 1389 1836 1425 utraque

1120 1428 1245 1458 dicendi
1260 1429 1339 1459 ratio
1355 1433 1403 1459 est
1417 1430 1556 1469 probata.

1161 1489 1205 1494 —
1219 1475 1269 1503 12.
1292 1472 1424 1513 προδότην
1443 1472 1512 1503 εῖναι
1533 1471 1582 1501 καὶ
1602 1470 1728 1502 κακόνουν
1751 1471 1836 1512 ὑμῖν]

1119 1515 1248 1554 Sopater
1268 1516 1307 1545 ad
1322 1516 1473 1555 Hermog.
1490 1526 1521 1555 p.
1539 1517 1615 1546 166.
1637 1513 1707 1544 ἀλλ’
1724 1513 1753 1544 οὗ
1768 1515 1837 1544 πάν-

1120 1558 1200 1592 τωςῦ
1216 1560 1340 1593 τοιοῦτος
1361 1559 1558 1600 [reprobatus
1581 1563 1612 1588 et
1634 1558 1781 1588 exclusus
1798 1559 1836 1588 ab

1120 1602 1272 1638 ejusmodi
1294 1602 1466 1643 functione]
1490 1601 1539 1631 καὶ
1562 1599 1704 1642 προδότης.
1731 1600 1760 1630 οὗ
1782 1603 1838 1642 γὰρ

1119 1643 1310 1685 ἀντιστρέφει.
1340 1645 1495 1685 [converti
1520 1643 1691 1684 propositio
1720 1645 1839 1683 nequit.

1118 1688 1216 1717 omnis
1233 1688 1374 1726 proditor
1389 1688 1581 1727 reprobatur.
1603 1696 1677 1727 ergo
1691 1687 1838 1726 reproba-

1118 1735 1169 1760 tus
1184 1730 1282 1760 omnis
1299 1731 1438 1771 proditor
1453 1729 1528 1770 est.]
1551 1730 1579 1760 οὗ
1593 1731 1650 1769 μὴν
1664 1731 1723 1762 πᾶς
1736 1729 1748 1758 ὅ
1763 1731 1837 1760 ἀπε-

1117 1773 1281 1814 λαυνόμενος
1293 1774 1338 1804 διὰ
1352 1772 1506 1814 προδοσίαν
1518 1773 1603 1814 [scil.
1617 1771 1696 1803 ἐστιν
1706 1773 1837 1803 ἀπελαυ-

1116 1816 1238 1858 νόμενος]
1263 1816 1328 1847 ἐστὶ
1350 1819 1404 1859 γὰρ
1423 1816 1472 1847 καὶ
1495 1816 1530 1847 δι’
1543 1816 1633 1847 ἄλλην
1651 1815 1746 1845 αἰτίαν
1766 1818 1838 1846 ἀπε-

1118 1859 1286 1891 λαύνεσθαι.

1161 1921 1204 1927 -—
1216 1906 1268 1935 13.
1291 1903 1317 1934 ἐν
1331 1902 1387 1942 μὲν
1399 1901 1484 1933 τοίνυν
1492 1902 1551 1943 --]
1576 1902 1787 1942 Hermogenes
1803 1913 1837 1942 p.

1118 1947 1193 1977 233.
1216 1958 1265 1977 και
1287 1947 1316 1976 αἱ
1338 1947 1567 1988 συμπληρώσεις
1585 1957 1652 1980 ταις
1667 1943 1774 1980 ἐννοίαις
1787 1945 1837 1975 καὶ

1117 1991 1185 2024 ταῖς
1201 1988 1330 2031 μεθόδοις
1343 1990 1445 2031 εὐκρινη
1456 1991 1565 2020 ποιοῦσι
1575 1987 1622 2019 τὸν
1631 1987 1722 2026 λόγον,
1731 1989 1771 2018 τιὶ
1782 1988 1839 2029 μὲν

1117 2033 1313 2063 ἀναπαύουσαι
1329 2034 1369 2063 τὰ
1384 2032 1588 2074 παρελθόντα,
1606 2034 1662 2062 τῶν
1683 2031 1710 2062 δὲ
1724 2030 1838 2072 ῥηθησο-

1115 2074 1205 2115 μένων
1220 2077 1336 2110 πάντως
1351 2075 1470 2129 ἔχουσαι
1484 2075 1679 2128 παρασκευάς
1681 2085 1769 2110 τινας,
1783 2073 1836 2113 ἀφ’

1115 2116 1151 2149 ων
1171 2120 1209 2153 εἷς
1227 2121 1316 2160 ἀρχὴν
1342 2119 1353 2149 ὁ
1376 2118 1460 2158 λόγος
1479 2119 1627 2157 ἀνάγεται.
1650 2114 1708 2147 οιον·
1733 2116 1758 2146 ἓν
1778 2116 1836 2157 μὲν

1115 2161 1202 2214 Τοίνυν
1223 2161 1390 2201 πολίτευμα
1411 2163 1496 2192 ’Τοῦτο
1518 2172 1640 2191 ’ΤΟΜΙΙΊὌΥ
1662 2171 1712 2190 'rou
1736 2158 1835 2190 νεανίου

1115 2204 1227 2240 τούτου,
1251 2203 1338 2244 ἕτερον
1359 2203 1388 2235 δὲ
1408 2202 1679 2243 ἂναμιμνησκεσθε.
1703 2201 1769 2233 εἶτα
1786 2204 1836 2243 ἀρ-

1114 2249 1166 2289 χῆν
1182 2247 1312 2280 ἔλαβεν(
1299 2260 1312 2277 ο
1328 2246 1419 2286 λόγος.
1442 2245 1499 2277 οιον·
1516 2245 1562 2277 ὅτε
1575 2249 1628 2286 γὰρ
1643 2243 1759 2276 Πύθωνα
1774 2251 1836 2276 eto.

1157 2309 1201 2314 —
1224 2293 1277 2321 24.
1300 2290 1459 2329 ὁμολογεῖν]
1487 2289 1555 2319 scil.
1579 2289 1760 2328 Philippum
1779 2290 1834 2328 jus

1116 2333 1260 2369 violasse,
1281 2333 1460 2372 injuriarum
1481 2332 1652 2363 dandarum
1674 2336 1781 2362 auctor
1802 2338 1834 2363 et

1115 2378 1259 2416 princeps
1277 2377 1374 2406 factus
1389 2377 1440 2406 sit.

1158 2422 1232 2451 273.
1254 2422 1303 2452 16.
1325 2418 1432 2460 δεῖξαι]
1456 2422 1540 2449 reete
1566 2418 1646 2448 vidit
1672 2417 1834 2448 Marklan-

1113 2463 1184 2498 dus,
1199 2473 1298 2502 neque
1312 2462 1447 2493 dubitari
1464 2462 1503 2491 de
1523 2471 1560 2491 eo
1580 2465 1695 2500 potest,
1711 2460 1755 2492 ἔτι
1770 2461 1835 2491 τού-

1113 2517 1170 2536 των
1185 2505 1319 2546 δεινότερα
1335 2504 1421 2544 δειξαι
1437 2504 1499 2543 legi
1515 2509 1670 2544 oportere
1688 2514 1754 2534 nam
1768 2504 1834 2534 sine

1113 2550 1323 2588 comparativo
1339 2549 1405 2584 tali,
1421 2547 1567 2588 δεινότερα,
1580 2551 1633 2577 aut
1648 2544 1769 2588 αἰσχίω,
1781 2551 1835 2577 aut

1114 2593 1220 2627 simili,
1238 2603 1298 2622 non
1318 2593 1412 2622 habes
1428 2602 1489 2629 quo
1509 2590 1555 2621 ἔτι
1577 2600 1684 2620 τουτων
1705 2589 1834 2620 referas.

1113 2646 1221 2666 verum
1239 2636 1330 2665 etiam
1351 2645 1409 2674 pro
1424 2646 1462 2664 ων
1478 2635 1539 2672 leg.
1555 2632 1680 2663 videtur
1694 2631 1729 2662 δι’
1741 2630 1790 2662 ων.

1156 2697 1198 2702 —-—
1224 2681 1276 2709 21.
1307 2676 1514 2716 ὑποσκελίζειν]
1550 2675 1769 2706 Phoebammon
1800 2686 1833 2715 p.

1114 2724 1186 2752 100.
1205 2721 1241 2752 ad
1259 2723 1286 2752 h.
1307 2722 1327 2752 l.
1340 2720 1482 2760 respicit,
1499 2719 1627 2749 verbum
1642 2716 1834 2759 ὑποσκελίζειν

1112 2775 1352 2795 commemorans
1367 2765 1398 2794 in
1415 2772 1541 2794 numero
1557 2761 1759 2801 tropicarum,
1774 2771 1832 2801 pro

1113 2807 1295 2848 ἅνατρέωειν.

1156 2854 1231 2882 274.
1255 2854 1287 2882 4.
1316 2848 1409 2880 οὐκέτι
1433 2847 1484 2889 κᾷν
1511 2846 1538 2878 ἐν
1561 2844 1832 2887 ἀμφισζητησίμῳ]

1113 2894 1225 2924 sustuli
1245 2892 1308 2934 κρῖν.
1331 2893 1382 2922 cui
1408 2892 1434 2922 si
1454 2880 1540 2921 'locus
1560 2891 1601 2920 sit
1615 2889 1746 2926 dandus,
1769 2901 1834 2920 mu-

1114 2938 1237 2967 tandum
1255 2937 1296 2967 sit
1310 2946 1379 2966 cum
1395 2935 1488 2971 καὶ,ε
1472 2939 1502 2964 et
1517 2933 1575 2963 hoc
1589 2932 1637 2962 καὶ
1654 2937 1723 2962 ante
1739 2932 1832 2963 οὐκέτι

1113 2980 1336 3011 collocandum.
1353 2983 1386 3009 ut
1401 2978 1443 3009 sit
1463 2975 1617 3017 ἄνθρωπος,
1634 2975 1683 3005 και
1701 2975 1793 3006 οὐκέτ’
1805 2975 1832 3006 ἐν

1115 3023 1195 3062 ἀμφ.
