1931 3323
316 189 401 230 510

319 296 452 337 Spiritus
472 295 558 335 pacis
574 296 765 335 constringat
786 296 865 326 inter
888 307 942 326 nos
958 297 1025 327 vin-

319 340 388 370 cula
403 338 501 378 pacis,
524 344 558 369 ut
576 340 679 376 animi,
694 341 806 370 misere
823 340 942 370 hiantes
961 345 1024 369 tan-

319 382 420 422 tisque
437 382 546 421 spatiis
562 393 580 412 a
595 394 627 413 se
641 388 748 413 mutuo
763 383 888 418 divulsi,
904 384 1024 412 tandem

318 426 492 455 concordiae
510 426 622 465 glutine
647 431 738 465 atque
755 431 902 456 caemento
919 434 1025 455 coeant

320 473 349 498 et
366 468 551 499 coalescant.
567 467 684 506 γένοιτο.

362 529 405 534 —
421 514 471 542 18.
489 509 543 541 ὃένα
566 512 598 541 ἂν
623 511 680 542 οὐδὲ
699 513 895 553 καταρώμενος
911 508 965 552 εὗρέ
982 523 1027 545 τις

319 553 430 595 αὐτοῖς]
460 555 566 585 Habet
592 555 715 584 sormam
742 556 864 590 saltem,
890 556 1024 593 speciem

319 607 383 638 prae
410 608 443 627 se
472 598 542 635 fert,
571 598 750 637 proverbii;
778 609 837 637 quo
866 598 909 627 uti
940 598 1026 633 licet,

320 640 441 679 quoties
454 651 561 680 magua
577 641 654 671 mala
665 646 694 671 et
706 641 883 675 infortunia,
895 640 1027 670 “Iliada

320 683 500 723 malorum,''
514 684 688 723 exprimere
700 685 854 719 volumus,
867 693 916 712 0111
929 683 1026 713 5113110

319 727 350 756 id
364 728 444 766 quod
463 728 556 766 vulgo
570 728 616 768 (ni
633 726 740 768 fallor)
756 726 821 756 dici
835 706 933 756 s'olet·
958 727 1026 764 Ego

319 771 409 809 pejus
427 780 482 799 nec
497 770 618 800 inimico
635 780 701 799 meo
811 773 960 808 optarem.
973 768 1026 797 ὅσα

319 812 352 842 ἂν
366 812 422 843 ουδὲ
437 814 645 853 καταρώμενος,
662 813 751 851 plura
762 811 840 841 mala
852 811 1027 851 excogitare

319 866 374 885 nec
390 863 536 896 exoptare
552 856 620 895 quis
643 855 730 885 alteri
755 855 881 894 poterit,
906 855 964 884 etsi
980 855 1027 885 di-

319 899 448 929 rissimis
466 899 543 928 diris
567 909 634 928 eum
658 898 829 928 devoverit.
876 898 1024 937 Majorem

321 942 515 971 acrimoniam
532 952 655 971 movere
672 952 729 971 300
741 941 828 980 plura
843 941 922 970 mala
937 952 1026 971 accu-

319 985 434 1014 mulare
449 985 549 1024 potuit
564 985 632 1024 ipse
648 985 794 1021 Ovidius,
811 994 879 1014 cum
896 984 925 1014 in

319 1028 479 1067 scriberet.
511 1027 627 1067 Interp.
640 1033 720 1068 quot,
731 1029 829 1068 siquis
839 1037 883 1057 eos
893 1028 1028 1057 devovere

319 1071 417 1105 vellet,
428 1072 476 1101 vix
490 1073 651 1110 reperisset.
696 1071 849 1111 Trajectio
862 1072 1025 1100 verborum

320 1124 380 1152 qua
404 1115 495 1144 Dem.
513 1114 556 1144 uti
572 1119 619 1144 est
635 1115 756 1150 solitus,
781 1119 812 1144 et
836 1113 949 1144 usitata
970 1124 1026 1155 pro

318 1156 374 1186 ὅσα
386 1156 418 1187 ἂν
433 1156 491 1187 οὐδὲ
506 1167 534 1188 κ.
552 1169 583 1188 τ.
600 1170 629 1187 α.
646 1156 713 1198 εὗρε.
749 1158 870 1197 Κατάςα
880 1158 962 1193 dirae,
973 1160 1027 1187 im-

317 1202 456 1239 precatio,
470 1201 643 1241 κατάςατος,
659 1200 840 1242 καταρᾶσθαι
861 1202 1028 1240 imprecari,

320 1244 393 1273 diris
412 1244 558 1279 devovere,
578 1245 740 1284 aliquando
761 1255 828 1274 cum
851 1244 1027 1274 accusativo

319 1296 459 1325 personae
481 1292 608 1323 tantum,
633 1289 798 1328 aliquando
819 1293 933 1317 tautum
958 1297 1026 1317 cum

320 1330 384 1359 dat.
414 1341 565 1370 ρει-501131,
591 1331 754 1370 aliquando
777 1342 844 1360 cum
868 1331 933 1360 dat.
957 1342 1027 1372 per-

321 1383 403 1403 sonae
429 1378 459 1403 et
483 1384 584 1404 accus.
612 1375 666 1404 rei.
725 1376 771 1405 De
797 1385 854 1403 usu
877 1374 973 1411 igitur
999 1379 1029 1404 et

321 1417 446 1455 syntaxi
462 1417 551 1456 hujus
570 1418 654 1447 verbi
670 1418 715 1447 hae
732 1418 846 1457 regulae
863 1419 1028 1447 observen-

321 1463 380 1490 tur.
437 1459 506 1501 (1.)
534 1461 665 1499 Propria
695 1466 725 1490 et
755 1461 858 1491 nativa
886 1460 1028 1500 syntaxis

320 1502 409 1542 hujus
427 1504 512 1533 verbi
529 1502 712 1544 καταςᾶσθαι
735 1509 792 1540 051,
818 1509 849 1533 ut
871 1504 1029 1543 duplicem

318 1552 404 1585 regat
420 1557 535 1581 casnm,
550 1547 614 1577 (131.
639 1558 684 1577 50.
709 1557 849 1586 personae
871 1552 901 1576 et
924 1558 1027 1577 accus.

318 1589 374 1619 rei.
419 1589 614 1630 ΚαταςΞο--ἳναι
636 1591 715 1620 enim
742 1601 780 1620 ex
807 1591 924 1630 origine
946 1596 975 1620 et
997 1590 1028 1620 vi

321 1633 407 1663 vocis
423 1634 496 1663 nihil
509 1634 592 1663 aliud
609 1639 657 1663 est
673 1644 761 1673 quam
775 1635 892 1673 precari
907 1638 958 1663 ant
976 1635 1027 1663 im-

316 1678 432 1714 precari
449 1677 526 1707 mala
542 1677 651 1707 alicui.-
675 1682 764 1716 atque
787 1678 817 1706 in
834 1677 889 1706 1130
906 1677 1027 1716 syntaxi

320 1719 433 1758 legitur
450 1721 506 1749 1100
522 1721 650 1749 verbum
667 1721 750 1759 apud
774 1721 868 1750 Hom.
895 1720 1028 1758 purioris

319 1762 417 1791 omnis
434 1763 619 1792 Hellenismi
636 1764 759 1792 fontem.
781 1762 843 1793 Od.
858 1768 896 1792 Τ.
920 1762 1026 1802 [330.]

320 1804 396 1844 ‘rgias
412 1808 589 1845 καταρῶνται
599 1807 701 1839 πάντες
716 1805 806 1844 βροτοὶ
822 1804 904 1843 ἄλγε’
915 1805 1028 1835 ὀπίσσω

321 1849 482 1889 Ζωῷ’ἀτίις
499 1847 628 1878 τεθνεῶτί
645 1848 674 1886 γ’
686 1847 873 1888 ἐφεψιόωνται
891 1849 1026 1883 ἅπαντες,

321 1890 391 1922 huic
405 1892 606 1931 imprecantur
620 1902 715 1923 omues
731 1891 858 1921 homines
872 1893 947 1921 mala
972 1903 1026 1921 seu

319 1934 427 1964 dolores
440 1941 545 1974 postea.
582 1935 617 1964 In
634 1936 729 1964 altero
745 1939 843 1964 tamen
856 1935 924 1964 loeo
942 1936 1025 1976 (113111

320 1978 368 2007 bis
386 1983 500 2008 tantum
516 1979 595 2016 apud
619 1989 688 2007 enm
711 1978 863 2017 occurrit)
883 1979 959 2015 regit
978 1990 1026 2007 so·

319 2021 476 2051 luinmodo
493 2032 594 2051 accus.
612 2021 668 2051 rei.
714 2021 786 2051 Il.1.
805 2020 912 2061 [454]
927 2023 1026 2052 Πολλοὶ

319 2066 476 2104 κατηξὲἷτο,
497 2064 637 2105 στυγερὰς
663 2063 686 2093 δ’
712 2062 878 2094 ἐπεκέκλετ’
905 2063 1025 2104 Ἐριννῦς.

319 2109 414 2138 multa
429 2108 604 2147 imprecatus
615 2114 665 2142 est,
676 2108 750 2137 mihi
765 2119 806 2137 sc.
824 2106 1025 2142 ἐλλειπτικῶς.

317 2150 382 2191 (Q.)
396 2149 583 2190 Καταςᾶσθαι
599 2151 678 2191 apud
702 2151 815 2189 Script.
829 2151 952 2180 Atticos
973 2151 1026 2180 ali-

319 2195 439 2233 quando
450 2194 540 2224 etiam
554 2195 644 2223 habet
658 2204 760 2224 casum
776 2204 913 2233 personae
926 2199 957 2223 et
970 2193 1025 2230 rei,

319 2237 374 2266 sed
391 2237 569 2276 plerumque
584 2238 664 2275 regit
679 2237 747 2266 Ι(131.
772 2247 909 2275 personae
926 2217 1025 2266 solani

320 2276 386 2309 sine
411 2290 513 2310 accus.
525 2280 593 2329 „¹³³⁶
613 2279 772 2320 Aristoph
801 2279 905 2321 [Nub.
931 2281 1022 2321 869]

318 2334 430 2364 καταςα
447 2335 483 2352 συ
500 2321 540 2362 τῷ
554 2323 728 2362 διδασκάλῳ.
755 2329 826 2353 tunc
852 2324 1025 2363 magistrum

318 2366 391 2396 diris
412 2367 536 2403 devoves,
552 2367 601 2396 vel
623 2367 780 2401 maledicis,
803 2366 863 2396 imo
879 2366 926 2396 vel
950 2376 1024 2396 erse-

318 2411 423 2439 craris.
443 2420 501 2439 non
524 2409 602 2440 enim
620 2410 688 2439 Lat.
708 2409 810 2439 dicere
831 2410 905 2439 licet
920 2411 1020 2448 impre-

319 2453 394 2481 caris
418 2453 520 2486 ἁπλῶς
547 2453 612 2482 sine
639 2463 739 2482 accus.
764 2453 828 2482 rei:
861 2453 918 2482 hoc
944 2453 1023 2482 enim

320 2497 444 2524 verbum
458 2496 537 2535 apud
548 2496 668 2536 Lat.(ni
682 2494 783 2533 fallor)
796 2505 917 2534 semper
927 2500 1023 2525 trans-

318 2537 343 2567 it
367 2538 397 2567 13
427 2549 502 2573 rcm,
528 2539 665 2578 adeoque
691 2539 847 2577 duplicem
878 2538 1025 2568 adsciscit

318 2591 433 2617 casum,
461 2588 491 2610 ut
520 2587 550 2611 et
578 2582 630 2611 Gr.
655 2580 836 2621 καταρᾶσθαι
859 2580 953 2621 κυρίως
977 2581 1025 2611 και

318 2621 434 2659 ἐντελῶς
448 2624 582 2663 positum
600 2625 637 2653 ab
654 2625 748 2655 Hom.
792 2625 853 2654 Sed
872 2625 893 2654 οἳ
915 2623 1026 2665 ὕστερον

317 2666 460 2703 Ἀττικοὶ,
490 2667 542 2707 qui
572 2670 675 2707 γοξγῶς
705 2673 735 2696 01
765 2666 915 2707 συντόμως
941 2668 1025 2707 loqui

320 2715 433 2746 amant,
453 2711 596 2740 omittunt
612 2712 674 2740 fere
692 2721 793 2740 casum
816 2711 860 2740 rei
884 2715 914 2740 et
939 2711 1022 2741 adhi-

317 2754 389 2783 bent
402 2754 593 2783 solummodo
610 2763 713 2784 casum
731 2763 879 2792 personae,
896 2764 1025 2793 eumque

317 2796 367 2836 (ut
378 2796 568 2836 dixi)dativ.
592 2796 712 2826 Herod.
724 2797 873 2836 Melpom.
889 2796 1024 2848 [e.184.]

319 2851 392 2869 ουτοι
420 2851 461 2869 τω
490 2838 555 2870 {inim
584 2839 790 2880 ὑπερβάλλοντι
819 2838 1025 2878 καταξὲωνται,

318 2880 361 2912 δ’τι
371 2881 464 2922 σφέας
471 2881 554 2912 καίων
567 2881 715 2922 ἐπιτςίξει.
725 2884 807 2913 solem
819 2885 1025 2913 1103500ηᾶ03,-

318 2929 374 2954 tem
386 2930 586 2962 exsecrantur,
607 2926 681 2966 quod
703 2936 747 2956 eos
767 2931 837 2955 urat
861 2931 1026 2966 torreatque

318 2973 345 2997 et
359 2969 475 3006 perdat.
521 2969 661 2999 Eustath.
677 2971 764 2999 Com.
780 2968 811 2998 in
830 2968 960 3008 Dionys.
974 2980 1024 2999 πε-

316 3020 387 3050 ριηγ.
424 3011 505 3052 [ver.
534 3012 603 3053 66.]
635 3011 707 3043 citat
741 3013 821 3043 11330
850 3012 952 3042 100313
983 3023 1022 3043 ex

613 188 662 230 T.
694 187 971 230 STANLEII
1002 187 1473 230 ANNOTATIONES

1062 296 1180 326 Herod.
1195 298 1376 335 καταρῶνται
1392 294 1627 336 ὑπερβαλλόντως
1641 296 1684 338 τῷ
1698 295 1764 337 ἧλίῳ

1060 339 1082 368 οἱ
1109 338 1282 373 Ἄτλαντες.
1311 349 1400 377 supra
1426 340 1544 369 modam
1571 345 1767 370 exsecrantur.

1061 392 1129 411 03111
1156 383 1186 411 13
1216 382 1378 411 Herodoto
1407 383 1448 411 sit
1473 393 1530 412 non
1560 382 1685 413 adverb.
1713 384 1767 414 sed

1061 425 1205 465 particip.
1232 422 1446 464 ὑπεςὲίιλλοντι,
1471 426 1564 465 1(1(130
1592 426 1711 462 melius,
1737 430 1768 456 et

1062 468 1259 497 verisimilius
1284 468 1377 497 solem
1406 479 1458 497 eos
1482 473 1662 499 exsecratos
1685 479 1766 504 esse,

1060 522 1128 540 cnm
1147 516 1229 541 esset
1244 511 1440 550 ὑπεςβάλλων,
1457 511 1485 541 in
1502 511 1628 541 meridie
1735 511 1766 541 in

1061 556 1175 593 puncto
1200 554 1374 584 verticalis:
1405 559 1468 584 tum
1493 555 1573 584 enim
1599 565 1653 584 eos
1678 555 1768 584 vehe-

1061 597 1191 627 mentius
1208 608 1295 627 urere
1311 603 1342 627 et
1357 597 1490 637 affligere
1506 597 1635 628 solebat.
1662 597 1768 637 Atque

1060 640 1102 669 ita
1114 641 1162 670 hie
1172 641 1368 681 καταρώμενος
1383 641 1491 677 αὐτοῖς,
1500 650 1543 670 eos
1559 641 1706 676 devovens,
1717 645 1769 670 aut

1061 684 1133 713 diris
1156 694 1199 713 eos
1223 684 1380 720 devoven33
1410 695 1476 714 nam
1501 694 1604 714 accus.
1629 681 1682 712 δ’σα
1708 693 1768 713 3011

1061 727 1207 756 convenit
1228 737 1296 755 cum
1321 726 1480 766 pai-‚ticip.
1499 727 1552 757 sed
1580 727 1682 767 potius
1699 737 1767 756 cum

1061 770 1158 798 verbo
1175 779 1243 808 suge.
1289 768 1354 810 (3.)
1373 770 1461 800 com.
1487 769 1544 801 Gr.
1569 739 1628 800 hpoc
1642 771 1768 800 verbum

1060 812 1205 841 adhibent
1236 822 1303 841 curn
1333 822 1434 842 accus.
1468 818 1583 842 tantum
1617 823 1769 852 personae.

1060 854 1164 893 Atque
1190 854 1231 884 ita
1254 855 1318 884 fere
1346 860 1510 894 usurpatur
1535 854 1713 895 καταςῖισθαι
1737 856 1770 886 in

1062 899 1104 927 N.
1116 899 1153 927 F.
1171 899 1184 928 ἦ
1199 900 1272 928 συκῆ
1287 897 1317 928 ἣν
1331 899 1498 937 κατηράσω.
1516 897 1770 938 [Marc.xi.el.]

1059 939 1254 981 καταρώμεθα
1278 941 1343 974 τοὺς
1371 941 1544 981 ἀνθρώπους,
1571 942 1771 974 maledicimus

1059 983 1231 1014 hominibus.
1257 983 1338 1024 [Iac.
1354 985 1399 1014 iii.
1415 985 1463 1025 9.]
1481 984 1622 1022 εὐλογεῖτε
1638 986 1703 1020 τοὺς
1716 995 1770 1013 κα-

1059 1026 1237 1067 ταρωμένους
1252 1028 1338 1067 ὑμὲίς.
1358 1026 1464 1067 [Μ311.
1479 1039 1507 1057 v.
1520 1028 1589 1068 44.]
1615 1029 1655 1057 Et
1669 1033 1770 1058 tamen

1063 1071 1163 1100 Lucas
1185 1071 1252 1109 ὑμῖν
1269 1081 1336 1100 cum
1358 1071 1422 1101 dat.
1446 1081 1485 1100 ex
1512 1081 1567 1101 usu
1584 1071 1772 1107 Atticorum,

1061 1114 1113 1153 qui
1139 1115 1224 1144 locus
1247 1113 1326 1143 13101·
1351 1114 1427 1144 31105
1450 1114 1607 1143 confirmat
1631 1114 1662 1143 id
1688 1115 1771 1153 quod

1057 1158 1120 1196 jam
1145 1161 1235 1187 antea
1260 1158 1435 1193 observavi,
1462 1157 1523 1188 viz.
1551 1158 1665 1187 bucam
1690 1158 1770 1187 inter

1061 1211 1167 1231 omnes
1189 1200 1365 1240 Scriptores
1381 1203 1422 1231 N.
1435 1201 1475 1230 F.
1490 1211 1560 1230 esse
1584 1199 1771 1230 Ἀττικώτα-

1060 1255 1116 1274 τον.
1162 1243 1265 1283 Atque
1288 1244 1353 1273 haec
1377 1245 1415 1273 de
1437 1244 1530 1273 verbo
1553 1254 1654 1283 comp.
1675 1254 1770 1273 κατα-

1061 1285 1173 1326 ρᾶσθαι.
1219 1286 1323 1317 Ρ3303
1333 1287 1440 1316 addam
1455 1287 1494 1316 de
1503 1286 1633 1326 simplici
1647 1285 1769 1327 ἀρᾶσθαι

1062 1335 1093 1360 et
1110 1331 1175 1369 ἄρα,
1191 1334 1256 1359 13111
1277 1332 1318 1360 de
1342 1330 1510 1370 significatu
1533 1335 1596 1359 tum
1611 1330 1650 1359 de
1667 1335 1770 1369 etymo

1061 1377 1093 1402 et
1108 1374 1225 1411 origine
1239 1373 1335 1403 vocis.
1380 1374 1421 1403 Et
1438 1372 1568 1412 primum
1595 1373 1677 1412 quod
1698 1383 1768 1413 spe-

1062 1421 1124 1446 ctat
1139 1416 1204 1457 ἰιριὶ,
1219 1427 1277 1446 333
1292 1421 1339 1446 est
1360 1427 1398 1446 ex
1414 1416 1454 1445 115
1468 1416 1654 1445 dictionibus
1671 1426 1736 1455 quae
1753 1426 1771 1445 a

1063 1460 1115 1489 Gr.
1138 1462 1241 1490 Gram.
1265 1458 1359 1500 μέσαι
1386 1458 1476 1498 λέξεις
1493 1459 1649 1499 dicuntur,
1664 1464 1771 1498 utpote

1061 1501 1343 1543 ἐπαμφοτερίζουσαι
1357 1508 1388 1532 01
1412 1503 1441 1532 in
1469 1508 1626 1541 utramque
1642 1507 1771 1541 partem,

1062 1548 1152 1576 modo
1167 1548 1194 1576 in
1212 1549 1318 1576 bonam
1335 1546 1426 1576 modo
1447 1545 1477 1574 in
1501 1546 1622 1581 malam,
1646 1556 1772 1575 sumun-

1062 1596 1122 1620 tur.
1166 1590 1322 1629 Significat
1343 1590 1424 1619 enim
1442 1589 1489 1619 vel
1505 1599 1611 1628 preces,
1625 1589 1672 1618 vel
1690 1590 1770 1618 diras

1062 1643 1116 1662 seu
1132 1634 1375 1672 imprecationem.
1392 1633 1445 1672 ἀςοὶ
1462 1637 1509 1661 est
1524 1636 1554 1661 et
1575 1632 1644 1673 εὐχὴ
1662 1637 1693 1662 et
1716 1643 1769 1661 κα-

1062 1677 1148 1715 τάρα.
1171 1678 1265 1706 Hom.
1282 1677 1334 1714 ἄρα
1342 1680 1390 1705 051
1403 1675 1584 1714 5113111101101
1596 1675 1677 1715 εὐχή.
1690 1674 1768 1714 [Od.

1061 1726 1096 1749 Δ.
1112 1720 1202 1759 767.]
1217 1719 1272 1748 θεὰ
1285 1718 1311 1748 δέ
1328 1720 1350 1748 οῖ
1366 1718 1460 1749 ἔκλυεν·
1469 1720 1541 1759 ἀρῆς.
1560 1718 1615 1758 [ll.
1628 1724 1665 1748 Ψ.
1678 1717 1768 1757 199.]

1061 1763 1148 1801 ἀράων
1164 1762 1276 1796 ἀΐουσα,
1293 1773 1336 1792 50.
1359 1762 1478 1802 εὐχάων.
1503 1765 1534 1790 et
1556 1760 1643 1791 alibi.
1685 1761 1729 1791 At
1752 1771 1770 1790 a

1063 1807 1194 1843 posteris
1212 1806 1304 1834 Hom.
1324 1805 1378 1845 ἀρὰ
1394 1806 1424 1833 in
1446 1804 1583 1845 sequiori
1606 1814 1697 1833 sensu
1714 1815 1765 1843 po-

1061 1848 1155 1884 nitur,
1171 1849 1229 1878 viz.
1256 1859 1311 1887 pro
1327 1848 1454 1886 κατάρα,
1475 1847 1642 1882 exsecratio,
1661 1848 1768 1886 impre-

1060 1893 1146 1926 cutia,
1175 1892 1258 1920 dirce.
1313 1890 1432 1931 ’Ἄρητος
1459 1901 1541 1930 prop.
1571 1901 1653 1920 nom.
1682 1891 1768 1929 quasi

1060 1934 1199 1969 εὐκταῖος,
1210 1940 1370 1973 eaoptatns,
1382 1939 1411 1963 et
1424 1934 1594 1973 Δημάρητος
1606 1934 1686 1972 apud
1701 1934 1767 1963 He-

1062 1980 1160 2007 rodet.
1182 1979 1261 2007 κατὰ
1283 1977 1372 2017 δήμου
1394 1978 1462 2017 igar
1485 1976 1633 2014 γεννηθεὶς,
1654 1986 1687 2006 ex
1706 1983 1770 2007 volo

1057 2022 1158 2059 populi
1182 2026 1277 2050 uatus.
1327 2019 1371 2050 At
1393 2019 1502 2060 ἇςητός,
1523 2020 1697 2053 ἀπευκταῖος
1719 2020 1768 2050 καὶ

1060 2062 1213 2103 ἐπάρατος,
1243 2063 1443 2098 mser-raudus,
1473 2063 1696 2099 abominandus,
1727 2064 1765 2093 ab

1060 2106 1182 2146 ἀρᾶσθαι
1200 2108 1365 2145 imprecari.
1408 2104 1519 2146 Ἀςητόν
1537 2104 1564 2135 δὲ
1580 2107 1695 2136 τοκεῦσι
1708 2105 1766 2144 γόον

1059 2150 1106 2179 καὶ
1129 2150 1231 2184 πένθος
1253 2148 1363 2185 ἔθηκας.
1388 2149 1444 2190 [ll.
1460 2154 1491 2178 P.
1513 2149 1582 2189 37.]
1608 2151 1675 2180 Jam
1694 2159 1767 2179 vero

1059 2193 1124 2232 ἀςιὶ,
1149 2199 1179 2223 et
1203 2192 1272 2223 Ion.
1296 2194 1356 2233 ἀρὴ,
1380 2192 1461 2222 aliud
1490 2196 1547 2228 est,
1570 2192 1631 2222 viz.
1659 2190 1768 2228 Βλάέη,

1060 2246 1144 2272 noxa,
1175 2236 1327 2271 dammum,
1354 2240 1384 2266 et
1410 2235 1512 2264 differt
1542 2245 1558 2263 a
1583 2235 1681 2274 priori
1712 2235 1768 2275 nigei.

1059 2279 1228 2317 quantitate
1253 2279 1384 2317 syllab.:
1410 2290 1429 2306 α
1454 2278 1483 2307 13
1508 2278 1555 2317 rigiz
1579 2288 1675 2316 preces
1697 2288 1765 2316 pro-

1059 2322 1192 2352 ducitur.
1222 2322 1298 2363 [Od.
1316 2327 1353 2352 Δ.
1370 2320 1462 2360 767.]
1489 2319 1546 2349 θεὰ
1569 2320 1596 2350 δέ
1625 2321 1646 2351 οἱ
1672 2318 1766 2352 ἔκλυεν

1058 2367 1132 2405 ἀρῆς.
1148 2377 1166 2394 α
1183 2366 1212 2394 in
1229 2366 1277 2404 ἀρὴ
1294 2366 1432 2394 damnum
1456 2364 1630 2403 corripitur.
1650 2363 1706 2403 [11.
1722 2370 1763 2394 Ω.

1058 2408 1151 2449 489.]
1169 2407 1227 2438 οὐδὲ
1244 2408 1287 2443 τίς
1302 2407 1380 2438 ἐστιν
1395 2409 1456 2447 ἀρὴν
1471 2408 1519 2436 καὶ
1540 2406 1630 2445 λοιγὸν
1644 2407 1765 2447 ἀμῦναι.

1059 2451 1199 2490 Denique
1217 2452 1417 2490 veriloquium
1441 2451 1532 2490 hujus
1555 2450 1641 2480 vocis
1668 2450 1765 2490 siquis

1058 2505 1158 2533 operae
1182 2496 1314 2535 pretium
1331 2495 1488 2524 existimet
1502 2493 1701 2531 investigare,
1717 2493 1766 2523 vi-

1057 2538 1148 2567 detur
1161 2538 1283 2568 omnino
1299 2539 1353 2568 Gr
1370 2539 1424 2578 ἄρα
1434 2536 1547 2566 deduci
1557 2537 1595 2566 ab
1608 2537 1691 2567 Heb.
1702 2543 1763 2569 ἾἾΝ

1059 2581 1209 2611 vocabulo
1240 2581 1268 2611 ei
1302 2591 1429 2620 prorsus
1468 2589 1648 2619 synonymo,
1707 2580 1764 2609 Est

1058 2623 1137 2653 enim
1267 2622 1300 2653 τὸ
1328 2623 1457 2663 agae-&at
1484 2623 1532 2652 vel
1562 2621 1765 2662 καταρᾶσθαι,

1057 2667 1239 2702 maledicere,
1261 2668 1411 2697 exsecrari.
1458 2666 1510 2702 Et,
1533 2670 1567 2695 ut
1591 2665 1649 2695 1100
1671 2665 1762 2695 0113111

1058 2710 1211 2740 mantissae
1232 2711 1302 2740 loco
1325 2709 1478 2749 adjiciam,
1500 2714 1533 2738 ut
1556 2709 1609 2738 Gr.
1626 2709 1680 2748 ἀςα
1696 2708 1762 2738 lieri

1059 2754 1179 2783 videtur
1196 2755 1233 2782 ab
1250 2753 1332 2782 Heb.
1476 2752 1519 2781 ita
1535 2750 1673 2781 vicissim
1691 2751 1761 2781 Lat.

1057 2807 1110 2826 ara
1126 2807 1182 2835 pro
1199 2796 1286 2826 altari
1307 2805 1365 2825 non
1390 2794 1582 2824 incommode
1606 2794 1763 2824 derivetur

1058 2850 1074 2869 a
1100 2841 1156 2870 Gr.
1184 2841 1248 2879 ἄςιὶ,
1273 2839 1387 2878 quippe
1414 2838 1496 2877 quod
1521 2838 1575 2877 ἄρα
1602 2837 1641 2867 ad
1668 2847 1762 2873 aram,

1057 2893 1168 2922 preces
1183 2884 1222 2912 ad
1234 2882 1341 2912 altaria
1353 2879 1418 2910 fieri
1433 2880 1583 2910 solebant.
1630 2879 1722 2917 Quod
1735 2880 1760 2910 si

1058 2925 1125 2965 quis
1147 2925 1236 2955 aliter
1259 2923 1400 2960 senserit,
1425 2923 1566 2963 equidem
1587 2932 1646 2952 303
1671 2923 1761 2952 vehe-

1056 2968 1187 2999 mentius
1202 2968 1363 3008 pugnabo,
1384 2976 1452 3003 nec,
1467 2967 1550 3005 quod
1565 2965 1682 2996 faciunt
1693 2966 1760 2996 cti·

1057 3011 1123 3048 tici,
1148 3021 1204 3051 pro
1228 3012 1276 3042 his
1302 3014 1354 3041 331
1379 3009 1532 3049 ejusmodi
1553 3007 1760 3050 etymologiis,
