1948 3322
380 197 463 239 AD
498 194 594 236 OR.
630 191 712 232 DE
745 187 943 232 REBUS
980 189 1436 232 CHERRHONESI.
1583 192 1637 230 :33

167 308 270 345 juget,
285 304 333 335 καὶ
349 303 486 344 πξόῖσμεν
499 301 638 336 ἅπαντες,
654 309 819 338 omnesque
834 308 890 327 nos

173 350 207 380 in
223 353 411 379 antecessum
430 347 486 375 hoc
509 349 777 382 tenemus—quae
793 341 888 371 lectio

173 397 210 422 ut
225 390 322 422 videri
339 388 442 429 possit
465 398 525 418 non
550 388 672 423 inscita,
697 396 797 425 neque
821 395 889 414 ora-

174 440 240 466 tore
263 433 401 472 indigna,
425 441 503 471 nego
527 436 627 461 tamen
647 430 720 459 ideo
739 429 767 458 ei
784 429 889 458 obtru-

173 476 302 507 dendam
319 486 400 505 esse.
422 475 542 514 possint
557 473 753 504 tales'multae
770 476 888 501 senten-

174 520 226 550 tiae
242 518 322 548 haud
338 518 528 554 inconcinnae
544 527 561 546 e
577 527 673 556 parva
697 515 887 545 literularum

172 561 339 592 mutatione
365 561 494 597 excudi,
509 561 549 590 de
572 559 742 589 inventoris
767 558 888 587 subtili-

171 609 234 635 tate
250 603 365 643 ingenii
382 608 545 637 testantes,
562 612 639 641 quas
663 612 721 631 non
747 602 818 631 ideo
842 605 888 630 ta-

169 657 240 678 men
254 657 311 686 par
326 647 368 677 sit
382 647 474 676 fidem
491 645 623 684 vulgatae
648 645 685 674 ab
705 644 887 683 antiquitate

170 690 293 721 traditae
303 689 498 720 labefactare.

214 751 257 756 -
274 735 325 763 11.
353 733 406 764 ποῖ’
426 729 603 771 ἀναδυόμεθα
612 730 637 772 3]
664 731 794 769 Sopater
817 730 887 759 loco

169 776 264 815 paulo
280 781 351 805 ante
366 775 489 805 recitari
501 778 604 814 coepto
617 774 662 803 sic
674 774 792 813 pergit:
809 772 887 809 εἶτα,

170 818 263 850 ἐπειδῆ
279 817 455 850 ἀντ-ἔπιπτεν
469 817 561 856 αὐτῷ,
576 816 630 852 δ’τι,
644 817 667 846 εἰ
683 817 733 847 καὶ
746 818 889 857 χρήσιμον

170 861 205 892 τὸ
225 864 372 902 πολεμεῖν,
396 860 466 891 ἀλλ’
490 861 538 891 οὐκ.
561 861 724 899 ἀναγκαῖον,
746 859 889 898 ἐπήνεγκεν

169 905 256 940 suffiae
269 908 318 937 τῖεν
332 907 382 935 τοῦ
405 903 558 943 ἀναγκαίου
582 904 772 939 κατασκευὴν,
788 903 887 941 λέγων·

170 947 205 978 τί
217 946 259 978 οὖν
273 947 479 988 ἅναδυόμεθας
501 945 560 979 ἢτί
582 947 754 987 μέλλομεν,
775 945 790 976 ἢ
816 945 888 976 πότε

170 993 223 1022 σὺν
237 992 300 1030 θεῷ’
320 992 400 1031 (sic)
419 994 460 1022 τὰ
475 989 570 1020 δέοντα
592 991 677 1020 ποιεῖν
693 988 887 1028 ἔδελήσ-ομεη

170 1034 242 1065 ὅταν
257 1034 304 1066 ἤδη
326 1035 433 1073 ἀνάγκη
449 1046 494 1069 τις
514 1031 561 1072 'n'v5
579 1033 659 1074 [sic]
676 1038 708 1062 et
723 1037 835 1062 caetera
850 1034 888 1062 ad

170 1078 266 1109 δήπου
279 1079 322 1118 μὴ
334 1077 473 1117 γενέσθαι.
489 1076 563 1118 [sic,
581 1076 646 1105 sine
662 1075 728 1115 δεῖ]

215 1139 260 1144 -
282 1123 334 1152 23.
357 1119 428 1150 ἀλλ’
451 1118 576 1158 ἐπειδὰν]
605 1119 688 1148 idem
721 1122 769 1147 est
799 1128 836 1147 ac
863 1117 889 1147 si

168 1164 317 1194 dixisset.
341 1161 412 1193 ἀλλ’
425 1161 451 1192 ἓν
465 1164 550 1193 τοῦτο
570 1160 653 1201 μόνον
671 1159 730 1200 ἐξῶ.
754 1162 814 1190 Sed
832 1161 889 1190 boc

171 1217 268 1238 unum
281 1208 374 1237 modo
384 1206 497 1236 dicam.
520 1210 585 1235 tum
600 1205 713 1245 incipit
724 1214 805 1234 nova
820 1214 889 1235 sen-

173 1251 281 1281 tentia.
296 1249 406 1281 ἐπειδιὶν
414 1268 467 1281 --.

216 1311 261 1318 --
282 1296 334 1324 27.
348 1292 561 1333 ἀναβάλλουσι]
586 1292 683 1322 citant
706 1293 736 1323 h.
759 1294 781 1323 l.
809 1294 889 1323 Har-

172 1347 262 1378 pocr.
275 1348 306 1367 v.
321 1336 490 1367 ἀ-ναέάλλει.
515 1342 546 1366 et
562 1337 676 1366 Pollux
693 1339 723 1367 9.
740 1338 814 1367 136.

217 1383 291 1412 103.
309 1382 338 1411 9.
359 1379 641 1422 διαξπασθήσεσθαι]
667 1379 790 1419 praetuli
816 1379 890 1420 διαρ-

172 1423 383 1454 πασθήσεται.
407 1424 492 1463 quod
516 1428 563 1453 est
583 1423 783 1453 materialiter
808 1424 889 1453 acci-

172 1467 331 1508 piendum.
369 1466 519 1497 clamores
555 1477 636 1496 nunc
663 1468 888 1505 obstrepentes,

174 1510 428 1541 vociferantium:
457 1511 544 1549 Opes
560 1515 671 1539 nostrae
688 1510 778 1539 vobis
800 1510 891 1539 disfe-

174 1560 294 1591 rentur,
309 1553 563 1593 dissipabuntur:
588 1554 745 1589 sistentur,
767 1553 890 1593 sapien-

171 1600 225 1627 ter
239 1597 457 1627 constituenda
466 1596 612 1627 custodia
620 1614 674 1626 -.

217 1657 262 1664 —
276 1642 329 1670 10.
347 1640 449 1680 εἰπεῖν]
465 1650 536 1670 num
562 1640 691 1670 ἀνειπεῖν.
714 1650 891 1679 nuncupan-

169 1683 228 1720 do,
257 1683 288 1714 h.
310 1694 340 1714 e.
369 1684 504 1714 creando
532 1693 644 1713 novum
677 1683 889 1723 magistratum

169 1736 244 1757 cum
269 1731 423 1767 potestate
443 1726 545 1757 aerarii
571 1726 690 1756 tuendi.
722 1737 758 1756 au
785 1728 891 1766 potius

173 1775 304 1810 praestat
317 1771 409 1811 εὖςεῖν,
424 1781 493 1810 quae
513 1774 562 1800 est
583 1769 678 1799 lectio
698 1780 730 1809 p.
747 1771 822 1802 146.
838 1772 890 1800 13.

174 1813 229 1844 ubi
244 1813 330 1844 locus
347 1813 396 1844 bic
412 1813 522 1843 iisdem
538 1813 642 1843 verbis
662 1813 801 1843 iteratur.

219 1874 262 1880 —-
289 1859 342 1887 16.
370 1855 416 1896 ἐφ’
441 1856 535 1897 ὑμᾶς]
567 1867 627 1895 quo
658 1856 703 1885 his
734 1856 891 1887 universae

171 1900 306 1930 Graeciae
320 1901 434 1939 copiis,
446 1910 523 1940 quas
538 1899 616 1929 latro
633 1899 682 1928 hic
693 1900 891 1940 depraedatus

177 1943 237 1972 sibi
253 1943 436 1978 vindicavit,
448 1944 486 1973 ad
503 1949 696 1983 postremum
710 1953 767 1973 vos
781 1944 892 1974 obruat

175 1989 268 2025 atque
281 1986 396 2016 deleat.

221 2046 264 2052 ·-—
286 2031 340 2060 19.
358 2028 480 2070 τούτων]
512 2029 634 2068 praetuli
662 2029 769 2064 τοῦτον,
797 2030 892 2068 quod,

173 2082 246 2102 cum
267 2072 341 2102 olim
362 2073 443 2102 inter
464 2073 588 2102 inventa
610 2082 679 2102 mea
700 2073 890 2108 retulissem,

175 2116 365 2146 video-nunc
380 2125 397 2146 a
412 2116 526 2146 Wolfio
547 2117 611 2155 jam
632 2115 748 2145 dudum
772 2116 804 2145 id
822 2126 891 2146 esse

173 2158 362 2189 exhibitum.
407 2159 492 2189 Infra
507 2169 630 2199 quoque
646 2169 677 2198 p.
696 2161 769 2189 146.
781 2161 834 2189 22.
857 2158 890 2189 in

174 2202 267 2241 nujus
281 2202 342 2232 loci
358 2202 470 2232 iterato
486 2203 631 2241 exemplo
654 2203 767 2241 legitur
782 2203 890 2233 τοῦτον.

174 2245 258 2275 unde
271 2245 363 2276 facile
379 2246 468 2276 nobis
483 2246 634 2276 ambobus
648 2245 706 2276 suit
727 2246 890 2276 emendare

176 2289 344 2329 vulgatam,
370 2299 439 2328 quae
462 2293 562 2319 tamen
588 2289 683 2319 etiam
711 2289 890 2320 defensione

176 2341 237 2362 non
251 2336 347 2363 caret.
369 2332 421 2372 qni
437 2332 482 2369 fit,
499 2337 533 2363 ut
547 2342 637 2362 nemo
654 2332 715 2362 aiat
731 2332 769 2362 ab
791 2343 828 2363 eo
844 2332 891 2362 in-

173 2374 286 2415 juriam
303 2375 393 2406 vobis
409 2376 476 2406 fieri
491 2380 583 2415 atque
598 2376 714 2405 bellum
730 2376 891 2412 concitari,

176 2418 232 2458 qui
253 2418 299 2449 ita
321 2419 418 2458 palam
440 2419 597 2449 exercitus
621 2419 794 2449 conscribat
817 2421 893 2450 edu-

175 2465 301 2501 ctaque,
310 2462 362 2501 qui
373 2463 445 2502 jura
457 2468 490 2493 et
501 2463 705 2493 emolumenta
717 2463 893 2502 decoraque

176 2510 294 2541 vestra,
311 2506 585 2546 possessionesque
601 2507 644 2536 ita
658 2506 832 2546 perspicuis
840 2517 893 2537 ve-

180 2547 360 2579 xationibus
382 2553 500 2589 carpat,
525 2549 577 2588 qui
603 2549 746 2580 civitates
767 2551 894 2580 Graecas

175 2601 328 2622 armorum
342 2591 372 2621 vi
388 2597 450 2622 tam
466 2597 573 2632 aperta
585 2598 729 2633 occupet.

221 2651 266 2658 -—-
281 2637 334 2666 22.
349 2634 525 2677 αἰτιᾶσθαι]
541 2635 647 2666 malim
667 2636 781 2670 πάντας
796 2637 894 2667 αἶα-ςέ-

178 2676 266 2708 σῦαι.
288 2683 323 2708 ut
336 2677 418 2709 inter
432 2689 465 2709 se
476 2679 683 2718 respondeant
695 2690 734 2709 ex
748 2681 894 2720 opposito

176 2719 286 2761 μηδένα
300 2732 393 2752 versu
409 2723 462 2753 19.
479 2727 511 2752 et
525 2722 583 2752 hoc
599 2720 723 2757 πάντας.

222 2766 335 2796 104.’7.
347 2763 408 2795 οὐδὲ
418 2765 537 2806 Φεραίοις
543 2766 601 2807 -]
618 2767 749 2806 Sopater
760 2766 799 2796 ad
813 2767 895 2797 Her-

176 2817 261 2848 mog.
271 2818 344 2847 pag.
354 2810 428 2840 312.
451 2808 518 2839 εἶτα
531 2809 569 2850 τῇ
580 2810 618 2843 εἷς
629 2810 735 2839 ἄτοπον
747 2810 897 2852 ἇκπαγοογξῖ

175 2851 392 2882 κατεσκεύασεν
404 2849 504 2887 οὕτως.
519 2851 580 2883 οὐδὲ
596 2855 650 2892 γᾶς
665 2851 783 2894 Φεραίοις
797 2854 897 2895 πρότε-

175 2904 220 2936 ρον
240 2894 314 2935 πρὸς
339 2896 380 2924 ταὶ
406 2894 490 2938 τείχη
514 2895 716 2936 προσβάλλων
741 2901 801 2927 etc.
847 2898 897 2928 Ad

178 2936 276 2978 ὥσπερ
291 2938 422 2968 subaudi
438 2937 551 2979 ἔφησεν.

222 2997 268 3004 -
279 2982 332 3010 17.
347 2981 482 3015 βούλεται
496 2981 654 3025 Φίλιππος]
671 2994 729 3014 non
745 2983 784 3013 de
801 2984 898 3014 nihilo

178 3026 242 3058 est,
257 3024 340 3062 quod
355 3024 533 3058 Alexander
553 3027 593 3057 dc
608 3026 716 3066 figuris
739 3029 898 3059 sententiae

230 3075 304 3099 FOL·
321 3076 351 3100 Vn

923 307 955 335 p.
969 299 1024 327 36.
1036 300 1065 326 1.
1082 297 1234 331 admonet,
1245 298 1285 328 οὗ.
1296 303 1438 338 tanquam
1455 298 1636 329 sententiam

926 342 1082 379 integram,
1101 351 1153 379 per
1170 351 1202 369 se
1220 346 1362 375 stantem.
1378 343 1415 372 ad
1434 343 1530 372 instar
1552 343 1637 372 insn-

924 384 972 418 lae,
989 383 1026 413 ad
1043 394 1071 413 v.
1089 383 1228 418 Φίλιππος
1250 394 1318 412 esse
1340 386 1525 415 addendum.
1543 389 1637 416 verba

922 429 989 466 ejus
1003 428 1068 456 liaec
1081 436 1166 456 sunt:
1188 425 1407 465 ἒωαναλὲγεται
1425 427 1636 470 [repetuntur]

922 472 963 500 τὰ
979 469 1118 509 ὀνόματα,
1133 467 1192 499 οἷον·
1207 467 1238 500 ‘riv
1253 469 1338 503 ποτὲ,
1352 468 1393 505 iv,
1409 469 1433 500 ὦ
1448 472 1535 512 ἄνδρες
1546 471 1637 503 Ἀθη-

922 514 1001 549 ναῖοι,
1018 512 1044 543 ἐν
1059 511 1099 554 τῇ
1111 514 1223 542 πολλῶν
1235 511 1330 555 ψυχῇ.
1344 512 1461 552 κᾴκεῖνο-
1481 516 1508 544 οὐ
1524 518 1577 555 γὰρ
1590 514 1637 555 ὑφ’

921 557 1000 596 αὑτῷ
1015 555 1188 586 ποιήσασθαι
1204 558 1252 587 τὴν
1266 556 1356 586 «πόλιν
1374 555 1510 590 βούλεται
1527 558 1637 588 Φίλιππ-

922 611 983 634 πος.
1006 600 1045 629 οὐ.
1063 610 1265 639 nequaquam.

964 661 1007 665 —
1021 653 1091 681 peu.
1108 641 1266 684 πξοέόλοις]
1290 643 1375 673 Citat
1400 643 1429 673 h.
1444 644 1464 674 i.
1482 646 1634 685 Harpocr,

924 697 952 715 v.
970 685 1111 726 πρόβολοι,
1127 686 1238 716 Pollux
1254 689 1285 718 5.
1304 688 1376 717 134.

968 730 1040 759 105.
1054 731 1105 760 23.
1122 731 1165 769 μὴ
1180 729 1437 761 συνευπεπονθότων
1457 733 1511 762 τῶν
1526 734 1639 761 πολλῶν
1657 749 1661 754 -

920 770 1004 813 Ὀλ.]
1029 783 1097 802 cum
1124 773 1235 811 vulgus
1257 773 1477 812 Olynthiorum
1505 776 1639 805 nondum

921 815 1096 855 accepisset
1113 815 1294 845 beneficium
1308 817 1451 847 omnibus
1465 829 1641 854 commune,

921 870 1019 898 eoque
1036 863 1230 898 exaequatum
1247 864 1333 889 esset
1355 871 1422 890 cum
1444 862 1566 901 paucis,
1584 873 1638 892 seu

922 903 1123 942 optimatibus
1153 903 1244 942 liujus
1268 903 1417 939 civitatis,
1441 905 1492 943 qui
1521 906 1638 935 dudum

922 951 1011 975 antea
1034 946 1181 985 Philippo
1209 956 1264 976 sua
1289 947 1392 976 studia
1415 948 1640 979 vendidissent.

921 989 999 1018 illud
1016 1001 1067 1019 συν
1079 990 1124 1027 (iu
1141 989 1311 1027 cvvsvn'firlr.)
1331 990 1412 1020 redit
1434 992 1471 1021 ad
1497 993 1561 1026 τοὺς
1583 992 1640 1021 ἐλί-

921 1043 987 1070 γους
1001 1035 1058 1063 τῶν
1073 1030 1227 1068 Ὀλυνθίων,
1251 1033 1364 1073 quibus
1379 1035 1401 1063 οἱ
1418 1036 1518 1065 πολλοὶ
1543 1047 1639 1076 oppo-

922 1080 1044 1105 nuntur.

966 1121 1040 1150 106.
1057 1122 1087 1150 9.
1103 1118 1212 1154 πόλεως
1232 1121 1287 1159 γὰρ
1311 1119 1400 1159 ἔγωγε
1409 1121 1468 1162 -]
1487 1122 1638 1152 Aristides

921 1161 962 1191 de
979 1163 1018 1191 D.
1035 1163 1071 1192 C.
1087 1172 1118 1201 p.
1136 1165 1210 1193 190.
1234 1163 1281 1192 καὶ
1297 1165 1318 1193 οἱ
1341 1165 1494 1205 ἀφορισμοὶ
1512 1165 1540 1196 δὲ
1557 1165 1583 1194 ἐν
1599 1167 1644 1205 τᾷἷ

921 1204 1049 1234 καθόλου
1065 1205 1230 1243 σεμνότητα
1246 1205 1370 1247 ἔχουσιν·
1385 1206 1442 1237 οῖον·
1457 1208 1565 1243 πόλεως
1585 1212 1639 1251 γὰρ

922 1247 1012 1288 ἔγωγε
1034 1250 1156 1280 πλοῦτον
1170 1250 1295 1291 ἡγοῦμαι
1317 1251 1511 1294 συμμάχους,
1527 1253 1639 1285 πίστιν.

922 1292 1029 1323 εὔνοιαν.

966 1355 1009 1359 -
1021 1339 1071 1368 12.
1088 1336 1227 1376 εὐδαίμων
1249 1337 1298 1368 καὶ
1319 1337 1432 1379 μέγας]
1450 1339 1603 1370 Aristides
1620 1340 1641 1370 l.

923 1390 953 1409 c.
970 1392 1000 1420 p.
1017 1382 1093 1412 192.
1116 1381 1164 1410 καὶ
1188 1381 1222 1411 τὸ
1243 1384 1323 1411 κατὰ
1350 1381 1455 1416 πλῆθος
1479 1382 1569 1422 λέγειν
1589 1384 1640 1413 καὶ

923 1425 964 1453 τὰ.
981 1422 1109 1463 ὀνόματα
1132 1423 1232 1465 ἐφεξῆς
1254 1423 1450 1465 παρατιθέναι,
1468 1427 1644 1466 σεμνότητός

924 1466 1013 1496 ἐστιν.
1030 1465 1089 1497 οἷον·
1106 1467 1256 1507 εὐδαίμων,
1270 1468 1318 1497 καὶ
1334 1467 1443 1507 μέγας,
1464 1471 1512 1500 καὶ
1528 1470 1642 1513 φοβεςὶς

924 1509 1163 1542 ἄπασινἛλλησι
1180 1511 1229 1541 καὶ
1244 1509 1401 1552 ξαςβοίροις.

967 1572 1010 1576 ——
1026 1557 1079 1585 23.
1102 1554 1181 1593 μήτε
1212 1554 1354 1596 γενοίμην]
1382 1557 1445 1587 οὔτε
1469 1567 1525 1594 γεν.
1548 1557 1639 1588 Harl.

924 1596 955 1626 id
968 1602 1027 1632 est,
1039 1597 1226 1638 nequefiam,
1239 1599 1271 1628 h.
1283 1609 1310 1628 e.
1322 1609 1414 1638 neque
1430 1601 1587 1630 verendum
1602 1608 1642 1632 est

923 1651 963 1670 ne
984 1641 1081 1680 fiam.-
1113 1642 1167 1670 sed
1195 1642 1226 1671 in
1251 1641 1378 1681 vulgata
1407 1643 1489 1673 inest
1516 1644 1641 1676 diversa

925 1685 1089 1720 sententia,
1112 1685 1326 1715 detestationis
1349 1691 1434 1724 puta,
1456 1692 1548 1726 atque
1566 1690 1642 1726 voti,

925 1738 964 1757 ne
989 1738 1120 1767 unquam
1144 1728 1233 1758 homo
1255 1729 1394 1768 impurus
1417 1731 1479 1760 fiat.
1502 1730 1565 1760 οὔτε
1588 1743 1642 1762 ne-

926 1775 977 1811 gat
993 1771 1126 1810 factum3
1146 1771 1224 1810 μήτε
1242 1772 1433 1803 abominatur
1447 1774 1596 1805 surm-um.

967 1831 1012 1837 —-·
1024 1816 1076 1845 27.
1090 1814 1181 1856 κξίνει,
1196 1815 1321 1854 δημεύει,
1337 1815 1443 1851 δίδωσι,
1463 1819 1642 1860 κατηγορεῖ,]

925 1857 1054 1888 miratus
1064 1858 1227 1897 aliquando
1240 1870 1306 1888 sum
1320 1861 1582 1900 perturbationem
1594 1874 1644 1893 or-

925 1901 1018 1931 dinis.
1043 1912 1110 1931 nam
1125 1902 1222 1942 prima
1239 1903 1308 1932 loco
1325 1909 1374 1933 est
1391 1905 1560 1940 accusatio,
1577 1912 1640 1936 tum

925 1945 1152 1980 condemnatio,
1167 1950 1231 1974 tum
1247 1946 1381 1985 denique
1396 1948 1584 1979 confiscatio.
1601 1952 1646 1979 vi-

926 1998 993 2017 sum
1025 1998 1147 2027 quoque
1171 1989 1231 2018 fuit
1256 1988 1350 2018 δίδωσι
1378 2000 1642 2029 supervacaneum

927 2035 998 2069 post
1022 2031 1144 2070 δημεύει.
1169 2032 1223 2060 sed
1244 2032 1274 2061 in
1293 2033 1349 2062 hoc
1366 2033 1460 2063 falsus
1476 2034 1532 2070 fui,
1548 2043 1578 2065 et
1595 2047 1643 2066 or-

926 2073 1008 2103 dinis
1032 2074 1244 2110 subtilitatem,
1265 2086 1355 2115 quem
1380 2077 1494 2106 schola:
1521 2081 1644 2110 tradunt

926 2122 956 2147 et
978 2117 1120 2155 exigunt,
1138 2119 1175 2148 ab
1200 2124 1322 2149 oratore
1348 2130 1386 2150 nc
1408 2121 1552 2160 poscito:
1579 2134 1643 2154 um-

926 2161 1010 2190 bram
1034 2161 1099 2190 ludi
1124 2162 1272 2192 rhetorici
1293 2164 1330 2193 ad
1353 2163 1450 2193 lucem
1468 2164 1526 2195 sori
1543 2177 1581 2196 ne
1599 2168 1645 2197 af-

925 2204 1016 2234 ferto.
1053 2205 1095 2234 Et
1112 2204 1194 2235 aliud
1212 2211 1261 2236 cst
1281 2206 1420 2245 δημεύειν,
1434 2208 1518 2238 aliud
1537 2209 1644 2241 διδόναι.

924 2247 1003 2278 illud
1019 2253 1068 2277 est
1084 2249 1263 2285 confiscare,
1282 2251 1360 2280 bona
1375 2252 1552 2292 proscripta
1568 2264 1644 2284 aera·

925 2291 972 2320 rio
989 2291 1148 2329 addicere,
1163 2292 1219 2322 hoc
1235 2292 1316 2323 idem
1333 2299 1380 2324 est
1396 2301 1487 2334 atque
1503 2307 1644 2339 καταχα-

925 2333 1061 2375 ρίζεσθαι,
1076 2345 1136 2374 quo
1151 2341 1258 2366 noster
1272 2337 1369 2367 utitur
1389 2338 1420 2367 in
1443 2338 1511 2369 loco
1537 2340 1645 2378 simili,

926 2378 980 2418 qui
997 2379 1088 2418 hujus
1104 2378 1192 2409 velut
1205 2380 1357 2420 interpres
1377 2385 1437 2416 est,
1454 2392 1484 2420 p.
1504 2387 1574 2414 107.
1594 2388 1644 2416 18.

927 2421 1035 2452 amicis
1059 2422 1159 2452 aliena
1181 2423 1262 2454 bona
1284 2424 1469 2463 condonare,
1496 2438 1557 2460 uuo
1589 2439 1642 2463 eos

926 2465 983 2495 tibi
996 2465 1169 2496 devincies.
1504 2462 1514 2470 ’

972 2511 1047 2538 107.
1063 2511 1094 2539 8.
1117 2510 1169 2543 τῆς
1199 2509 1266 2553 παρ’
1289 2510 1395 2552 ἦμέραν
1422 2512 1557 2555 χᾶριτος]
1590 2526 1645 2555 pro

927 2551 1026 2582 diaria
1043 2552 1150 2591 gratia,
1162 2564 1242 2593 quae,
1255 2565 1324 2584 cuin
1342 2556 1433 2587 hodie
1447 2557 1533 2586 floret
1545 2559 1648 2597 splen-

928 2595 1192 2632 didissima,cras‚
1206 2598 1231 2628 si
1247 2599 1370 2628 fortuna
1380 2600 1475 2636 votet,
1493 2602 1648 2638 concidet,

929 2639 1013 2668 nulla
1028 2639 1097 2669 erit.
1143 2641 1193 2670 lta
1210 2641 1258 2671 vis
1273 2641 1357 2672 illius
1381 2644 1487 2682 gratiae
1509 2645 1540 2674 iu
1559 2645 1647 2675 unius

929 2682 994 2712 diei
1012 2688 1163 2713 momento
1180 2688 1210 2713 et
1224 2685 1345 2715 fortuna
1362 2692 1424 2716 stat
1440 2688 1574 2718 caditve.

973 2744 1016 2748 —
1031 2728 1060 2757 9.
1076 2727 1306 2768 ἀπολωλεκότες]
1323 2729 1379 2759 Th.
1397 2731 1549 2761 Canterus
1565 2732 1645 2761 Nor.

932 2770 1018 2800 Leet.
1035 2773 1065 2801 8.
1083 2772 1113 2800 2.
1129 2776 1237 2801 auctor
1251 2777 1310 2807 est,
1327 2778 1360 2803 ut
1382 2774 1590 2808 ἀποδεδωκότες
1605 2775 1648 2805 le·

932 2819 1043 2852 gatur;
1067 2814 1155 2852 quasi
1172 2824 1240 2845 voc.
1257 2815 1315 2845 hoc
1333 2816 1498 2856 significet,
1514 2819 1563 2857 qui
1582 2828 1648 2847 ren-

932 2857 1084 2887 didemnt.
1107 2857 1278 2895 immemor,
1291 2859 1321 2889 in
1339 2870 1375 2890 eo
1391 2860 1563 2898 significatu
1577 2862 1650 2891 ἀπο.

933 2899 1068 2939 δεδομένοι
1095 2900 1261 2932 dicendum
1287 2903 1394 2932 fuisse.
1422 2913 1488 2932 nam
1516 2905 1649 2936 vendere

933 2948 980 2973 est
995 2942 1185 2974 ἀποδίδοσθαι
1201 2945 1230 2974 in
1245 2947 1360 2975 medio.
1385 2947 1415 2976 in
1431 2946 1532 2976 activo
1548 2953 1649 2978 autem

935 2986 1089 3026 significat
1103 2988 1261 3018 ἀποδιδόναι
1276 2989 1411 3019 debitum
1429 2989 1571 3020 reddere.

977 3048 1021 3053 —-
1038 3033 1089 3060 18.
1105 3031 1154 3060 καὶ
1169 3030 1363 3074 χαξίζεσθαι]
1380 3033 1480 3062 malim
1497 3033 1545 3063 καὶ
1559 3046 1649 3069 κατα,

938 3083 953 3101 F
