1931 3322
427 190 512 232 AD
546 189 721 232 ORAT.
753 188 837 230 DE
869 188 1234 232 SYMMORIIS.

98 295 149 325 De
164 295 327 334 postremis
343 294 447 326 verbis
461 296 586 326 dubito:
607 296 702 326 multa
716 295 808 325 hodie

99 338 262 378 deperdita
286 343 356 368 sunt
376 339 478 377 legum
499 340 668 369 Atticarum
685 338 811 378 psephi-

99 386 207 415 smata,
229 391 264 411 ac
285 381 385 422 potuit
404 382 492 411 facile
514 382 546 411 iu
564 392 666 412 eorum
687 391 811 411 numero

101 434 169 454 esse
190 424 242 453 lex
261 424 319 453 hoc
336 430 471 463 tempore
484 425 544 455 lata
560 425 598 454 de
616 424 809 463 Symmoriis.

98 466 275 506 Saepissime
296 467 356 497 fuit
371 469 401 497 in
420 468 476 497 hac
497 479 530 497 re
548 468 709 502 variatum,
722 472 812 505 atque

98 509 168 539 binc
182 510 338 549 praecipua
361 510 522 540 difficultas
544 511 574 540 in
597 510 811 549 cognoscendo

98 552 157 582 hoc
184 553 415 583 Atheniensium
443 554 582 583 instituto
605 553 751 587 manavit,
768 552 811 581 fa-

98 595 189 626 cilius
213 597 309 626 multo
329 596 477 630 tollenda,
498 597 524 626 si
540 606 644 625 omnes
667 595 750 634 leges
766 600 811 624 et-

98 639 231 669 iamnum
263 638 488 680 superessent.)
542 639 619 677 Ejus
646 638 727 676 legis
754 637 812 667 tria

98 682 258 722 praecipua
273 686 344 712 sunt
358 681 473 721 capita,
487 681 619 720 primum
635 682 674 711 de
687 680 812 711 trierar-

100 726 226 755 chorum
241 725 373 755 lectione
397 729 427 754 et
450 725 617 760 divisione,
633 725 756 755 alteram
773 725 813 754 de

98 768 230 808 pecunia
254 768 377 807 publice
400 767 576 798 trierarchis
599 768 746 798 solvenda
774 768 812 797 ad

99 815 256 841 sumtuum
286 812 579 850 compensationem,
614 812 736 841 tertium
774 811 813 841 de

99 854 320 884 distribuendis
348 853 508 884 navalibus
539 864 703 893 eorumque
729 864 812 884 cura.

99 899 202 936 Quum
216 908 291 927 vero
307 897 339 927 in
359 897 439 927 omui
456 898 536 927 bello
556 898 689 927 maxime
706 897 814 927 civita-

100 941 185 970 tibus
201 951 279 980 opus
295 941 335 970 sit
351 940 504 980 ejusmodi
520 940 685 976 reditibus,
701 940 813 980 quibus

101 983 206 1014 bellici
234 988 351 1013 sumtus
382 984 525 1014 sustineri
550 984 681 1023 possint,
711 988 815 1014 mouet

100 1027 187 1057 cives
204 1036 277 1057 suos
291 1028 529 1063 Demosthenes,
551 1037 588 1056 ne
606 1026 635 1057 in
652 1028 815 1066 praesentia

101 1069 277 1106 ditioribus,
295 1080 312 1099 a
328 1070 438 1109 quibus
454 1069 607 1109 ejusmodi
623 1070 737 1101 auxilia
758 1070 815 1100 im-

101 1113 210 1153 primis
237 1114 410 1151 praestanda
439 1118 554 1150 essent,
591 1113 714 1143 molesti
745 1124 815 1144 esse

101 1161 261 1192 conentur,
278 1160 385 1197 utpote
400 1157 453 1196 qui
469 1160 579 1196 sponte
589 1167 654 1192 sua,
665 1158 692 1186 si
709 1157 814 1186 barba-

101 1210 169 1229 rum
199 1209 272 1229 vere
302 1200 549 1239 appropinquare
584 1199 814 1238 cognovissent,

102 1253 208 1273 omues
223 1253 299 1281 opes
313 1253 370 1282 pro
382 1243 525 1273 libertate
541 1242 649 1282 patriae
665 1243 817 1274 servanda

102 1287 290 1316 conferrent:
316 1296 395 1316 nunc
419 1287 564 1336 quidem,
580 1285 605 1316 si
631 1287 686 1315 hos
703 1296 816 1316 vexare

102 1328 285 1370 coepissent‚
305 1339 425 1359 omnem
447 1328 582 1369 regionis
598 1329 710 1359 Auioae
734 1329 816 1359 redi-

102 1377 179 1409 tum,
195 1373 332 1411 quamvis
349 1372 508 1402 ditissimae
525 1372 654 1402 Graeciae
668 1372 815 1409 civitatis,

103 1416 187 1446 nullo
209 1416 301 1446 modo
321 1425 390 1445 cum
409 1410 574 1445 Persarum
596 1415 708 1455 opibus
722 1426 816 1454 posse

102 1459 295 1498 comparari:
310 1459 392 1498 quod
411 1458 437 1488 si
453 1459 560 1488 classis
576 1460 652 1488 bene
668 1458 817 1489 instructa

102 1502 208 1538 suerit,
236 1501 291 1532 vix
320 1502 447 1532 dubium
474 1503 621 1538 futurum,
652 1503 724 1541 quin
748 1513 816 1537 rex,

102 1555 221 1575 memor
263 1545 396 1575 cladium
435 1545 567 1580 illarum,
611 1555 686 1584 quas
718 1545 818 1584 ipsius

103 1588 215 1628 proavi
240 1599 258 1618 a
281 1589 376 1618 multo
396 1588 564 1618 minoribus
587 1587 817 1618 Atheniensium

104 1631 203 1672 copiis
216 1631 416 1670 accepissent,
433 1642 506 1662 mox
521 1631 602 1662 ultro
617 1642 634 1661 a
650 1632 732 1661 bello
743 1633 817 1662 abs-

103 1674 210 1711 tineat,
235 1685 326 1714 quum
342 1684 452 1713 magno
477 1685 534 1704 suo
555 1675 634 1705 malo
651 1675 756 1705 Persae
771 1675 818 1705 di—

104 1718 247 1754 dicerint,
276 1723 388 1757 quanto
415 1718 576 1748 inferiores
600 1718 738 1756 ipsorum
762 1718 818 1748 mi-

104 1761 176 1791 lites
207 1762 269 1791 sint
299 1762 476 1791 Graecorum
506 1761 706 1791 exercitibus.
752 1762 818 1791 Nec

104 1805 301 1835 metuendum
325 1805 437 1840 videri,
460 1815 498 1834 ne
521 1804 717 1844 reperiantur
744 1816 817 1834 non-

104 1847 181 1877 nulli
196 1842 276 1877 inte'r
292 1847 432 1883 Graecos,
454 1847 506 1886 qui
521 1848 640 1887 magnis
658 1848 818 1888 stipendiis

106 1891 234 1921 adducti
248 1901 315 1920 cum
330 1901 402 1930 rege
419 1891 528 1920 faciant
541 1896 646 1920 contra
660 1901 732 1920 suos
747 1902 819 1930 gen·

105 1933 195 1972 tiles;
216 1934 414 1973 perspicuum
438 1933 518 1964 enim
545 1944 611 1964 esse
632 1935 690 1964 hoc
710 1939 740 1964 et
759 1935 820 1964 illis

105 1977 311 2008 miserrimum
333 1978 408 2013 sore,
425 1978 476 2016 qui
493 1978 558 2007 baec
574 1977 684 2007 auxilia
701 1978 820 2017 praesti-

105 2020 228 2057 tissent,
245 2031 344 2061 neque
367 2021 444 2051 utile
472 2020 550 2060 regi,
570 2021 620 2050 cui
645 2031 681 2050 ea
705 2026 820 2050 tantum

106 2064 238 2094 victoria
263 2068 369 2105 posset
394 2064 528 2103 placere,
554 2074 643 2103 quam
669 2075 724 2103 per
748 2075 820 2094 suos

105 2107 232 2145 milites,
248 2117 306 2137 nou
326 2118 374 2143 ea,
398 2118 486 2146 quam
501 2118 557 2146 per
573 2112 697 2137 exteros
715 2117 821 2147 repor-

106 2155 213 2181 tasset.
250 2151 411 2180 Thebanos
427 2151 531 2186 etiam,
546 2151 577 2180 in
595 2161 671 2189 quos
687 2151 820 2181 maxime

106 2193 166 2224 ista
181 2193 319 2235 suspicio
332 2194 494 2224 convenire
513 2192 686 2230 videbatur,
703 2205 819 2224 omnem

106 2237 246 2277 profecto
257 2247 380 2276 operam
395 2243 572 2273 navaturos,
591 2243 623 2267 ut
638 2237 723 2267 illam
733 2238 822 2277 igno-

106 2280 242 2317 miniam,
254 2291 343 2320 quam
358 2281 388 2310 iu
411 2280 564 2320 prioribus
583 2281 714 2311 Medicis
729 2281 822 2311 bellis

1481 187 1565 228 445

844 298 1053 333 susceperant,
1066 295 1234 325 diluerent:
1255 305 1312 326 nec
1329 303 1398 325 esse
1415 294 1557 330 dubium,

844 337 917 378 quin
943 336 1052 375 reliqui
1084 338 1196 373 Graeci,
1223 348 1323 368 causae
1351 348 1414 367 suae
1439 337 1560 376 justitia

844 379 963 415 confisi,
973 379 1150 418 proditores
1164 381 1336 419 superaturi
1349 386 1461 410 essent.
1477 382 1560 419 Qua-

844 428 972 463 propter
992 432 1050 450 non
1067 425 1263 453 metuendum
1280 434 1348 453 esse
1364 435 1468 463 regem
1483 425 1560 453 Per-

846 476 958 501 sarum,
969 466 1056 503 cujus
1070 464 1246 494 inimicitias
1261 467 1424 496 maximum
1441 467 1559 497 lucrum

846 508 976 538 Graeciae
1004 507 1114 536 afferre
1142 508 1257 546 saepius
1283 515 1498 548 cognoverant,
1520 509 1561 539 si-

845 552 988 581 mulatam
1007 560 1080 579 vero
1098 550 1262 580 amicitiam
1281 551 1420 589 ingentes
1436 553 1557 582 clades:

846 605 943 634 neque
970 598 1072 624 tamen
1098 593 1254 632 singulare
1285 594 1398 624 bellum
1427 606 1495 624 cum
1523 605 1561 624 eo

847 637 1077 677 suscipiendum
1102 642 1229 676 propter
1252 640 1364 666 metum
1381 643 1562 668 caeterorum

846 682 1044 711 Graecorum:
1061 684 1184 709 strenue
1202 690 1275 709 vero
1288 690 1392 709 omnes
1410 681 1489 719 reip.
1508 691 1560 710 co-

846 725 914 764 pias
931 735 1000 754 esse
1012 723 1209 753 instruendas
1225 723 1486 762 apparandasque.
1509 724 1561 753 Sic

847 768 928 798 enim
939 768 1085 802 futurum,
1098 773 1130 796 ut
1140 766 1290 796 maximus
1302 776 1404 805 regem
1416 766 1506 795 timor
1516 766 1562 795 in-

848 811 952 847 vadat,
965 820 1095 849 eumque
1113 810 1151 839 ad
1168 819 1276 849 pacem
1294 810 1474 839 servandam
1492 809 1563 839 hor-

847 859 947 884 tetur:
972 854 1137 893 siquidem,
1159 852 1407 892 conspirantibus
1430 852 1468 882 ad
1497 853 1564 890 ejus

847 897 1014 937 perniciem
1032 895 1184 926 universis
1201 896 1330 931 Graecis,
1350 906 1409 926 non
1426 895 1562 931 habebit,

849 951 908 980 quo
921 951 954 970 se
966 941 1115 970 adversus
1127 950 1231 969 eorum
1245 941 1391 979 impetum
1403 938 1563 968 sustineat.

892 985 941 1013 Ita
951 983 1074 1023 cognito
1082 983 1240 1013 Orationis
1250 986 1441 1021 argumento,
1452 986 1562 1021 sponte

848 1027 937 1057 nobis
963 1028 1060 1056 oritur
1081 1026 1243 1056 admiratio
1266 1025 1496 1061 Demosthenis,
1511 1025 1564 1064 qui

848 1069 999 1110 vigesimo
1027 1073 1137 1100 octavo
1160 1069 1252 1099 modo
1277 1068 1377 1098 aetatis
1400 1079 1488 1105 anuo,
1504 1069 1563 1098 hoc

850 1118 908 1150 est,
929 1113 961 1143 in
983 1123 1019 1143 ea
1042 1114 1115 1143 vitae
1134 1117 1233 1153 parte,
1258 1114 1345 1151 cujus
1362 1111 1452 1151 vigor
1473 1116 1564 1151 atque

848 1158 943 1186 robur
970 1156 1134 1186 audaciora
1156 1155 1337 1195 plerumque
1357 1157 1468 1194 probat
1494 1165 1566 1184 cou-

850 1199 932 1240 silia7
947 1199 1077 1230 consilio
1094 1203 1126 1229 et
1140 1199 1304 1239 prudentia
1320 1198 1423 1228 solus2
1435 1202 1565 1228 caeteros

850 1243 936 1273 cives
973 1242 1132 1283 superarit,
1164 1242 1431 1280 firmissimumque
1458 1242 1565 1280 patriae

849 1286 1027 1326 praesidium
1053 1285 1130 1315 illud
1158 1284 1394 1320 existimaverit,
1424 1285 1507 1324 quod
1534 1296 1565 1315 o-

849 1330 930 1367 mnis
956 1328 1122 1369 posteritas
1144 1328 1301 1368 probavit,
1328 1333 1362 1357 ut.
1378 1328 1565 1367 respublica,

851 1372 950 1411 copiis
975 1373 1146 1413 opibusque
1173 1372 1211 1401 ad
1240 1372 1356 1401 bellum
1381 1372 1566 1401 necessariis

851 1417 929 1445 bene
945 1416 1106 1451 instructa,
1127 1425 1186 1445 non
1211 1414 1337 1445 aliarum
1354 1415 1468 1444 auxilio
1489 1415 1564 1445 nita-

852 1465 914 1495 tur,
930 1469 1097 1498 earumque
1110 1468 1165 1497 spe
1183 1469 1217 1488 se
1230 1458 1336 1497 decipi
1352 1458 1499 1497 patiatur,
1511 1469 1567 1488 ve-

851 1513 917 1531 rum
949 1502 1019 1541 ipsa
1048 1501 1218 1541 cuicunque
1245 1502 1414 1541 repentinae
1438 1502 1567 1531 fortunae

853 1545 993 1575 sufficere
1008 1545 1160 1576 conetur.³
1184 1545 1284 1581 Quam
1296 1550 1384 1574 acute
1402 1555 1474 1574 vero
1487 1545 1568 1575 facta

853 1593 900 1618 est
922 1594 985 1618 tota
1011 1588 1168 1618 Orationis
1192 1589 1330 1618 inventio
1353 1593 1384 1617 et
1403 1588 1567 1627 dispositio

853 1631 1064 1671 elocutioque!
1102 1632 1245 1661 Modeste
1271 1632 1392 1670 quidem
1416 1631 1568 1671 incipiens

852 1675 891 1704 de
908 1685 964 1704 suo
977 1675 1006 1704 in
1023 1676 1153 1715 patriam
1170 1685 1272 1704 amore
1289 1676 1569 1714 ejusquejuvandae

853 1718 969 1754 studio,
991 1719 1146 1758 paullatim
1167 1719 1204 1747 ad
1231 1718 1334 1756 ipsum
1355 1723 1565 1755 argumentum

852 1762 1052 1801 progreditur
1066 1763 1104 1792 de
1119 1761 1202 1790 bello
1222 1761 1364 1796 Persico,
1383 1762 1471 1799 cujus
1488 1761 1569 1800 peri-

853 1805 923 1834 cula
947 1809 978 1834 et
1000 1806 1109 1835 damna
1133 1809 1273 1834 accurate
1300 1804 1438 1834 ostendit
1463 1810 1569 1835 contra

853 1848 1039 1887 reliquorum
1079 1848 1237 1878 audaciam
1277 1852 1306 1877 et
1345 1847 1567 1878 temeritatem:

855 1896 918 1920 tum
950 1891 1071 1921 unicum
1105 1892 1211 1930 patriae
1242 1889 1420 1929 praesidium
1451 1891 1481 1919 iu
1511 1902 1568 1922 usu

855 1934 1044 1973 propriarum
1070 1935 1181 1964 virium
1208 1934 1297 1963 situm
1327 1944 1397 1963 esse
1425 1935 1569 1972 probans,

854 1977 995 2007 idoneam
1023 1988 1126 2007 earum
1154 1977 1393 2006 adhibendarum
1422 1978 1570 2007 rationem

855 2021 958 2056 docet,
972 2031 1031 2050 non
1050 2026 1164 2051 tantum
1182 2021 1228 2050 his
1242 2020 1444 2059 temporibus,
1462 2031 1570 2050 verum

856 2069 886 2093 et
916 2064 1118 2103 sequentibus
1143 2064 1423 2093 accommodatam:
1455 2064 1508 2093 sed
1535 2074 1571 2094 ea

856 2108 1005 2138 sermonis
1021 2118 1104 2147 pars,
1126 2107 1197 2147 quia
1216 2107 1245 2136 in
1267 2107 1500 2146 pronunciando
1518 2118 1570 2147 pa-

854 2161 922 2180 rum
954 2151 1096 2187 habebat,
1124 2151 1206 2190 quod
1237 2150 1392 2180 auditores
1423 2151 1571 2186 alliceret,

856 2194 957 2224 media
977 2194 1127 2224 collocata
1147 2198 1192 2224 est
1208 2194 1288 2223 inter
1303 2194 1365 2223 duo
1385 2193 1452 2223 loca
1468 2194 1572 2233 splen-

855 2238 990 2273 didiora,
1014 2237 1043 2267 in
1065 2238 1176 2277 quibus
1201 2238 1274 2267 artis
1291 2237 1457 2276 praeceptis
1474 2238 1572 2276 magis

857 2281 1064 2320 obtemperari
1079 2282 1223 2321 poterat.⁴
1269 2281 1345 2320 Ejus
1358 2286 1457 2311 autem
1474 2281 1571 2320 partis

150 2363 225 2393 ²ld
245 2363 325 2393 enim
341 2364 517 2394 conficimus
533 2375 573 2394 ex
600 2365 703 2395 verbis
726 2365 837 2405 saepius
853 2365 936 2395 laud.
962 2365 992 2395 in
1011 2366 1066 2395 Or.
1084 2366 1123 2395 de
1141 2365 1245 2395 Rhod.
1264 2366 1364 2395 libert.
1379 2364 1463 2406 οἶμαι
1479 2365 1507 2395 δὲ
1523 2366 1571 2395 καὶ

107 2405 213 2446 μόνοςῆ
227 2406 346 2447 δεύτερος
358 2407 460 2437 εἶπεῖνι
475 2407 625 2447 siquidem
641 2410 814 2448 posteriora
824 2408 940 2439 verba
929 2421 943 2440 η
954 2408 1074 2450 δεύτερος
1086 2409 1243 2439 addidisse
1257 2410 1389 2445 videtur,
1399 2419 1435 2438 ne
1446 2410 1572 2447 juvenis

108 2450 173 2480 suis
189 2450 332 2480 laudibus
348 2452 646 2481 commemorandis
639 2463 668 2481 in
685 2452 830 2482 invidiam
848 2452 962 2482 civium
981 2463 1104 2483 suorum
1121 2452 1280 2482 incideret.
1327 2453 1367 2482 Et
1382 2452 1451 2481 intr.
1468 2452 1499 2481 in
1515 2453 1571 2482 hac

107 2492 178 2546 ipsa
197 2494 284 2523 Orat.
308 2503 338 2532 p.
356 2497 430 2525 291.
455 2498 485 2526 8.
509 2494 624 2524 diserte
643 2495 740 2525 dicit:
766 2495 896 2526 πιστεύω
921 2497 974 2537 γὰρ
997 2495 1102 2535 μόνος
1125 2494 1244 2525 τᾶληῧη
1267 2494 1314 2524 καὶ
1338 2497 1379 2525 τὰ
1399 2495 1571 2535 yeme-ciuem

105 2536 217 2576 εἶξηκᾶις
231 2536 417 2576 <pam-sceau

151 2578 165 2597 ³
191 2580 321 2619 Egregie
345 2581 505 2610 Heerenus
528 2581 551 2610 l.
569 2591 594 2610 c.
618 2581 724 2622 (Ideen
741 2582 801 2612 vol.
820 2583 882 2611 ΙΙΙ.
906 2593 938 2621 p.
954 2582 981 2611 Ι.
1006 2593 1036 2621 p.
1053 2581 1156 2619 413):
1181 2587 1201 2600 “
1217 2581 1356 2612 Gleich
1348 2593 1378 2611 in
1400 2582 1457 2612 der
1470 2587 1570 2612 ersten

109 2623 210 2653 seiner
224 2623 334 2653 Redcn
351 2623 426 2653 iiber
441 2625 654 2654 Staatssaehen
672 2625 805 2655 erblickt
825 2635 892 2654 man
909 2625 1002 2654 sebon
1019 2626 1078 2654 den
1095 2626 1350 2665 selbststandigen
1368 2625 1572 2659 Staatsmann,

107 2666 174 2702 der,
187 2666 271 2696 nicht
286 2667 450 2706 geblendet
467 2678 522 2697 von
540 2668 624 2697 einer
642 2668 829 2706 gliinzenden
844 2669 931 2704 Ideo,
947 2669 1012 2697 sich
1031 2669 1128 2698 einem
1147 2671 1384 2699 unbesonnenen
1398 2668 1572 2698 Unterneh-

109 2719 179 2740 men
191 2709 400 2739 widersetzt.”
412 2715 441 2740 et
457 2711 530 2740 ibid.
544 2711 573 2740 iu
590 2717 676 2748 nota,
693 2716 712 2729 ‘⁴
729 2712 828 2741 Schon
845 2712 911 2741 hier
928 2711 1021 2741 findet
1037 2723 1104 2741 man
1117 2713 1172 2742 das
1189 2713 1320 2742 nachlier
1335 2723 1368 2742 so
1386 2713 1429 2740 ot't
1444 2711 1572 2739 wieder-

108 2751 266 2782 kebrende
287 2753 403 2783 Thema
426 2754 528 2784 seiner
552 2754 673 2791 Redcn,
697 2755 753 2784 wie
777 2766 810 2784 es
834 2755 888 2784 das
914 2765 972 2784 von
999 2755 1146 2785 Chathum
1168 2767 1243 2786 war:
1269 2756 1324 2785 aus
1343 2754 1446 2784 sciucn
1462 2753 1571 2793 eigncn

110 2793 233 2825 Fiissen
247 2806 284 2826 zu
301 2796 437 2826 stehenss’

152 2839 165 2858 ⁴
188 2838 276 2868 Idem
292 2845 339 2869 est
351 2840 512 2870 artificium
529 2839 708 2870 Ciceronis
700 2852 729 2870 in
747 2841 902 2880 plerisque
918 2841 1019 2871 causis
1037 2842 1181 2882 legitimis.
1206 2841 1324 2881 Atque
1318 2851 1346 2869 in
1363 2839 1529 2869 Dtmosun
1524 2850 1569 2869 ne

110 2880 261 2921 imprimis
277 2882 353 2912 illud
372 2884 668 2914 animadverterunt
661 2895 690 2913 in
706 2884 852 2914 Oratione
868 2895 899 2923 p.
914 2884 1143 2924 corona,cujus
1159 2895 1250 2924 quum
1267 2890 1327 2913 tres
1342 2890 1443 2912 essent
1455 2893 1502 2931 pa·
1513 2887 1571 2917 tes,

111 2925 152 2953 de
168 2924 323 2955 reddenda
338 2926 453 2956 ratione
469 2926 710 2965 magistratuum,
728 2927 858 2966 quibus
855 2928 980 2958 functus
996 2933 1072 2964 erat,
1092 2929 1131 2957 de
1149 2927 1300 2966 praeconio
1319 2925 1420 2967 pubth
1424 2936 1441 2953 ο
1458 2926 1486 2954 in
1504 2926 1565 2954 the-

111 2972 190 3007 atro,
203 2968 242 2997 de
261 2968 323 2998 viia
338 2974 407 2999 ante
423 2975 502 3006 acta,
520 2971 634 3000 Orator
647 2971 757 3000 callide
771 2982 789 3001 a
804 2975 958 3010 postrema
975 2976 1006 3001 et
1022 2971 1183 3001 exordium
1198 2971 1305 3000 sumsit
1321 2974 1350 2999 et
1363 2968 1529 3008 epilogum,
1541 2974 1571 2998 ut

107 3020 178 3049 quae
200 3010 332 3042 dicendo
348 3012 480 3044 maxime
495 3018 601 3053 posset
619 3013 773 3050 exornari,
797 3017 935 3056 τεχνικῶς
958 3016 1050 3050 ποιῶν,
1076 3019 1108 3044 ut
1131 3013 1170 3044 ait
1190 3013 1336 3044 bibacius
1354 3014 1382 3043 in
1405 3021 1521 3051 argum.
1538 3022 1571 3050 p.
