1948 3322
40 247 102 296 ,se-

124 334 242 375 φονιεὶ,
261 333 338 365 ὥστε
360 331 423 363 ἰδεῖν
441 330 586 365 ἅπαντας.
609 329 660 361 vel
675 329 738 360 alc:
762 328 830 370 μηδ’

125 375 157 408 ὃν
170 377 183 407 ὁ
197 376 230 407 ἐκ
243 373 407 410 Μακεδονίας
416 373 522 417 χρυσὸς
532 373 607 405 οὕτω
620 373 743 416 φανερὸς,
755 373 831 403 ὥστε

11 442 15 447 -
52 420 56 427 “
76 432 98 468 ¹:²2
125 419 194 451 ἶὴῖν
205 419 346 453 ἅπαντας.

39 490 42 495 .
78 463 98 499 §s
109 491 134 501 ,ἦ
169 479 212 487 --
223 471 293 502 pen.
306 459 459 503 ὁμολόγει]
481 470 516 491 se
531 470 636 491 aurum
653 457 832 490 Macedoni-

89 500 198 543 :neum
212 505 334 536 habere·

106 544 115 574 ’ἰ
166 564 211 573 --
224 547 279 578 ult.
293 544 433 587 ἐδείκνυεν]
449 547 508 577 boc
522 556 626 576 aurum
638 544 816 576 ostentavit.

168 591 211 622 37
213 592 245 624 6.
254 593 285 620 1.
295 590 480 632 πνροπωλὸν]
496 588 694 619 Minucianus
708 599 740 629 p.
759 590 831 618 164.

125 631 151 664 εἴ
172 633 347 673 vitatoria-'nc
371 631 477 674 πέφηνε
505 634 663 673 πυρπολῶν,
689 630 834 670 ξυλλέγων

124 675 212 718 (sic),
226 675 260 706 τὸ
280 673 395 718 χρυσίον
415 675 471 706 {wi
493 677 548 706 τῖνν
561 673 705 716 τραπεζῶν
718 680 834 705 καταλ-

123 717 312 759 λαττόμενος,
333 719 383 750 καὶ
408 718 513 749 τούτων
531 720 656 750 κοινωνῶν
678 720 734 748 τῶν
758 729 834 758 προι-

123 761 248 801 nodva
262 761 406 804 Αἰσχίνης,
427 761 547 798 εὔδηλον,
568 761 615 792 ὅτι
635 761 684 792 καὶ
700 759 778 796 οὗτος
792 761 834 791 δε-

125 802 310 845 δαροθὸυικεν.
341 805 407 835 ὡσὸ
431 806 482 835 τοῦ
507 804 609 846 μέρους
633 803 682 835 ἐπὶ
706 804 741 834 τὸ
764 803 834 835 ὅλον.

124 847 266 886 Constat,
276 848 447 879 technicum
459 858 476 878 e
487 849 635 879 memoria
644 848 836 885 recitantem,

124 900 190 922 rem
202 891 331 928 referre,
346 902 404 922 non
418 891 521 922 verba.

165 950 211 958 -
224 936 257 965 3.
269 934 564 977 καταλλαττόμενος]
585 935 686 974 Toup.
701 935 738 965 ad
765 932 837 963 Sui-

124 976 197 1008 dum
218 978 256 1008 T.
271 978 300 1008 1.
322 988 356 1017 p.
376 980 431 1009 45.
459 979 543 1009 nulla
566 978 608 1008 de
632 988 726 1008 causa
751 977 837 1008 malit

127 1020 480 1062 ὄντιυτολλατ-τόμενος.

169 1081 214 1090 -
228 1066 260 1096 4.
273 1064 388 1106 τοῦτον]
403 1064 485 1095 redit
500 1064 537 1094 ad
556 1063 774 1094 Philocratem.

168 1109 275 1138 -22,
284 1106 423 1147 μηδαμοῦ
436 1109 491 1147 γὰρ
501 1107 535 1137 ἃν
543 1107 672 1148 φανῆναι]
688 1116 837 1145 nusquam

126 1149 276 1189 conspici,
297 1160 444 1189 nusquam
467 1149 516 1180 sui
538 1150 658 1189 copiam
681 1149 768 1185 dare,
790 1154 838 1180 est

124 1192 228 1229 otiari,
242 1192 284 1223 nil
298 1203 401 1232 agere,
412 1192 497 1224 domi
513 1193 635 1228 sedere,
649 1203 668 1222 a
685 1203 751 1232 rep.
768 1193 838 1222 abs-

88 1268 90 1270 ,
125 1234 235 1273 tinere,
253 1237 294 1266 ab
314 1241 386 1265 actu
398 1246 501 1266 rerum
513 1247 546 1266 se
558 1235 727 1266 continere.
762 1236 837 1266 Sen-

114 1278 222 1310 'tonna
241 1284 305 1310 est:
333 1278 527 1310 Philocrates
549 1279 580 1309 εἰ
601 1290 620 1309 a
642 1279 838 1309 consortibus

126 1331 253 1362 prorsus
265 1322 407 1352 desertus
418 1322 539 1359 fuisset,
550 1323 661 1362 pedem
676 1332 838 1353 manumve

129 1375 188 1396 nou
202 1365 301 1396 fuisse
322 1369 487 1403 moturum,
502 1376 562 1397 non
585 1376 730 1396 ausurum
752 1370 838 1396 tanto

129 1408 247 1440 scelere
269 1408 487 1440 committendo
507 1420 541 1440 se
561 1408 623 1439 luci
644 1409 778 1448 publicae
794 1410 839 1439 ea-

97 1457 103 1463 ·
129 1462 247 1491 maeque
261 1462 429 1492 exponere,
443 1453 499 1484 sed
513 1453 546 1483 in
559 1452 698 1483 tenebris
717 1452 839 1492 ignobi-

128 1494 170 1526 lis
184 1494 240 1526 otii
251 1495 451 1526 latitaturum.

173 1539 249 1570 377.
263 1537 381 1581 ὂιέκιῖ]
405 1539 462 1576 ibi,
485 1539 515 1569 in
541 1539 729 1569 Macedonia
754 1544 839 1578 puta.

129 1579 237 1619 ἐκεῖνος,
249 1581 332 1622 quod
352 1583 492 1613 certatim
514 1584 658 1623 probant,
673 1592 732 1622 ego
755 1583 839 1613 nullo

130 1625 222 1656 modo
243 1626 352 1665 probo.
381 1629 413 1656 at
435 1632 518 1657 recte
540 1626 653 1665 Taylor
675 1627 714 1656 de
739 1626 840 1666 Phry-

130 1678 220 1705 ωηο,
231 1678 339 1699 socero
349 1669 500 1710 Philippi,
509 1669 738 1709 interpretatur.
756 1669 840 1700 viru-

108 1729 114 1753 ¹,
129 1711 244 1742 lentum
259 1712 320 1742 boo
332 1712 426 1743 estin
440 1713 546 1743 ambos
565 1723 712 1743 scomma.

174 1772 217 1778 —
227 1758 280 1786 10.
291 1754 366 1795 μηδὲ
389 1755 483 1798 ῥῆμα]
505 1766 543 1787 ne
561 1757 690 1787 verbum
705 1756 840 1796 quidem.

132 1796 210 1828 nibil
225 1798 276 1829 hic
289 1799 389 1829 deest.
411 1799 494 1830 idem
515 1806 564 1831 est
585 1810 621 1831 ao
645 1800 672 1831 si
687 1800 839 1830 dixisset:

132 1840 209 1881 μηδὲ
222 1840 313 1883 μέχρι
327 1841 463 1883 ῥήματος.

176 1901 220 1909 --
233 1888 286 1916 18.
299 1885 451 1925 ὡμολόγει,
472 1884 558 1916 τοῦτο’
580 1884 611 1925 γ’
632 1885 704 1916 abra
728 1886 841 1927 φυγεῖν]

133 1927 256 1958 correxi
273 1933 308 1959 et
327 1929 491 1959 lectionem
513 1933 545 1959 et
565 1929 844 1969 interpunctionem

135 1969 200 2000 sic:
221 1970 356 2010 ὁμολογεῖ
375 1971 460 2002 τοῦτό
482 1970 511 2011 γ’
525 1971 621 2006 αὐτός.
645 1972 844 2012 quemadmo-

134 2013 209 2043 dum
223 2014 335 2044 fatetur
348 2014 425 2053 ipse,
439 2015 517 2045 banc
531 2020 615 2045 certe
633 2020 751 2055 partem
773 2025 845 2044 suo-

135 2066 202 2086 rum
215 2067 386 2087 cuminum.

177 2116 222 2124 -—-
246 2110 317 2139 pen.
341 2098 534 2139 πεπεισμένα,
559 2099 575 2131 ὃ
599 2099 778 2143 χαριζόμενά,
803 2111 845 2138 τῳ

134 2142 312 2184 (enclitice)
332 2142 398 2173 ἐστὶ
423 2143 560 2184 τοιαῦτα]
584 2148 696 2173 statum
718 2143 846 2174 Graeciae

137 2186 230 2216 talem
251 2197 334 2222 esse,
355 2186 455 2226 qualis
480 2197 560 2216 nunc
585 2192 645 2222 est,
670 2187 737 2217 sive
762 2187 846 2223 ideo,

136 2230 219 2268 quod
234 2230 420 2270 populorum
437 2231 614 2260 Graecorum
625 2229 695 2260 aliis
710 2230 847 2260 oratione

135 2272 248 2303 blanda
263 2277 317 2303 ant
334 2272 454 2303 idoneis
469 2273 656 2312 argumentis
670 2278 754 2304 esset
777 2283 847 2312 per-

137 2325 271 2352 suasum,
282 2321 316 2346 ut
327 2321 480 2347 vetustam
491 2317 670 2348 sententiam
683 2327 768 2347 suam
780 2327 846 2346 mu·

139 2363 251 2396 tarent,
264 2363 297 2390 et
311 2369 367 2398 pro
381 2359 525 2390 libertate
546 2359 684 2399 Philippi
709 2359 847 2399 suscipe-

138 2407 209 2432 rent
222 2403 393 2442 imperium,
406 2403 476 2434 sive
488 2404 570 2443 quod
586 2403 638 2433 alii
657 2404 715 2433 boc
731 2404 848 2444 gratui-

139 2448 185 2481 to,
197 2445 301 2476 nescio
313 2447 402 2486 cujus
412 2446 498 2476 ducti
510 2447 609 2486 gratia
623 2446 779 2483 fecissent,
793 2448 848 2477 sed

139 2498 179 2518 eo
195 2493 267 2519 sunt
280 2488 313 2519 in
335 2489 416 2526 loco,
437 2489 469 2520 in
487 2500 576 2530 quem
593 2494 646 2520 tua
661 2490 796 2529 proditio
812 2501 849 2521 ea

136 2531 295 2572 perduxit.

183 2576 258 2606 378.
284 2578 318 2607 4.
342 2573 484 2616 ἅπειρίον]
513 2574 681 2612 infantiam,
711 2575 850 2607 infacun-

139 2617 235 2656 dium,
248 2618 433 2658 imperitiam
442 2618 472 2649 in
483 2619 548 2649 foro
557 2618 681 2649 dicendi
689 2620 850 2659 etagendi.

183 2679 228 2685 —-
241 2663 274 2693 5.
288 2663 317 2692 οὗ
338 2662 439 2703 φήσεις
461 2661 550 2704 ἔχειν]
568 2663 701 2693 Atticum
718 2668 778 2699 est,
794 2674 850 2703 pro

140 2704 241 2743 φησεις
260 2705 309 2736 οὒκ
329 2705 415 2748 ἔχειν.
448 2705 575 2746 negabis
598 2705 654 2736 tibi
678 2716 758 2742 esse,
782 2717 851 2747 quae

139 2748 240 2779 dicas.

183 2808 229 2816 --
239 2793 292 2823 20.
307 2789 542 2834 ἐκεχειροτόνητο]
557 2792 696 2823 delectus
709 2793 770 2832 jam
786 2793 851 2824 fue-

143 2838 203 2871 rat,
219 2834 269 2865 vel
285 2845 395 2875 passus
410 2836 509 2866 fuerat
524 2846 558 2866 se
573 2836 682 2875 deligi,
700 2836 741 2866 nil
763 2846 851 2867 recu·

143 2883 275 2914 severat,
303 2877 466 2918 quominus
499 2878 698 2919 deligeretur.
743 2879 854 2909 Senior

145 2920 224 2951 enim
239 2921 402 2953 AEscliines
423 2926 488 2952 erat
501 2927 621 2953 oratore
636 2927 752 2952 nostro.

186 2979 230 2987 -·
244 2967 297 2996 24.
307 2964 442 3004 σύλλογοι
455 2964 504 2996 καὶ
518 2965 611 3007 λόγοι]
627 2965 762 3004 σύλλογοι
782 2971 853 2996 πολ-

143 3005 187 3036 λοὶ
207 3005 255 3037 καὶ
277 3006 353 3047 λόγοι
368 3008 442 3039 citat
455 3009 632 3040 Alexander
646 3020 677 3048 p.
693 3012 746 3040 82.
768 3009 853 3050 (quae

141 3049 304 3082 verborum
325 3056 478 3087 structura
493 3052 570 3084 meis
586 3053 712 3094 quidem
727 3053 855 3084 auribus

62 1083 103 1144 15⁴-

222 227 306 271 AD
337 223 700 270 ORATIONEM
733 222 817 266 DE
845 221 1035 264 FALSA
1066 221 1430 266 LEGATIONE.
1494 222 1572 266 101

863 328 979 360 accidit
994 328 1129 358 suavior.
1173 329 1235 359 Sed
1250 329 1327 359 bene
1340 329 1517 366 tenendum,
1530 329 1575 360 ita

863 371 925 411 legi
941 370 973 401 in
980 371 1051 401 Ald.
1064 381 1122 401 non
1138 371 1170 401 iu
1183 372 1291 410 Upsal.
1307 383 1396 412 quam
1407 375 1574 404 Normann.

864 416 903 445 ad
917 414 1071 454 vulgatam
1085 414 1276 453 composuit)
1284 414 1314 444 in
1330 417 1503 455 exemplum
1518 427 1577 446 ποι-

864 455 1041 498 ρονομασίοις,
1053 459 1093 488 ol»
1109 457 1354 493 enitet-ationem,
1370 469 1497 497 eamque
1514 464 1574 490 tam

864 502 896 532 in
912 500 1014 531 vicino
1029 501 1172 541 positam,
1188 499 1267 531 inter
1281 500 1416 540 σύλλογοι
1437 507 1468 531 et
1490 502 1577 540 λόγοι.

907 561 951 568 —-
966 547 1019 575 27.
1034 542 1213 586 ψηφίσησθε]
1238 544 1361 583 praetuli
1383 543 1576 584 ἐπιψηφίσαι-

865 586 934 623 σ-θε,
955 588 1095 627 optativo
1117 588 1313 627 praecedente
1334 592 1366 617 et
1387 587 1579 626 insequente.

866 631 975 660 eodem
990 631 1076 660 ducit
1097 641 1219 670 quoque
1240 628 1414 670 ψηφίσεσθε,
1426 631 1512 669 quod
1530 636 1580 660 est

866 674 898 703 in
910 674 990 713 Aug.
1003 672 1060 704 ἐωῖ
1074 673 1105 704 in
1122 674 1178 703 hac
1191 673 1416 713 compositione
1429 673 1580 712 significat

865 718 998 756 insuper.
1018 717 1058 747 ad
1079 717 1185 756 priora
1199 717 1284 747 illius
1300 717 1439 756 ejusdem
1454 716 1579 746 concio-

867 760 914 791 nis
930 761 1056 790 decreta
1071 770 1181 790 novum
1197 761 1298 790 adhuc
1313 760 1396 790 aliud
1413 759 1544 790 addatis.

909 805 985 836 3⁷9.
999 806 1028 835 3.
1044 803 1138 844 ὑμῶν]
1161 804 1241 843 ὑμῶν
1262 814 1300 834 au
1323 804 1416 834 αὑτῶν
1441 807 1581 842 praestet,

867 847 998 887 ipsemet
1012 846 1145 886 ambigo.

910 908 955 913 —
970 890 1045 920 ibid.
1060 888 1158 929 μεῖναί
1177 901 1209 919 τι
1226 887 1379 930 Φιλίππῳ]
1401 892 1502 928 potest
1516 888 1582 918 haec

867 933 961 963 lectio
979 933 1063 965 ferri.
1083 943 1205 964 manere
1225 933 1389 972 quicquam
1409 937 1527 962 certum
1551 936 1585 961 et

869 977 989 1007 firmum
1005 978 1061 1006 τῶν
1080 975 1298 1017 πεπραγμένων,
1311 983 1479 1015 gestorum,
1495 985 1585 1014 pera-

869 1025 1000 1056 ctorum,
1013 1020 1063 1050 vel
1074 1023 1131 1049 τῶν
1143 1018 1390 1060 συντεταγμένων,
1399 1017 1585 1057 composito—

869 1074 935 1093 rum
960 1074 1030 1093 cum
1050 1063 1210 1093 AEsehine.
1235 1063 1291 1093 sed
1312 1062 1437 1102 praetuli
1451 1061 1508 1093 ἔτι.
1530 1072 1584 1091 ne-

870 1113 973 1145 gatum
998 1110 1064 1136 erat
1086 1106 1245 1146 Philippo,
1266 1105 1384 1136 diutius
1398 1106 1428 1136 in
1445 1105 1584 1135 Phocide

869 1159 1002 1180 manere.
1025 1159 1094 1179 nam
1116 1147 1252 1189 Φιλίππῳ
1273 1150 1410 1179 cohaeret
1431 1159 1490 1178 non
1513 1159 1583 1178 cum

869 1193 977 1232 μεῖναι,
993 1193 1048 1222 sed
1064 1203 1133 1222 cum
1148 1192 1213 1224 ἐνῆν.

914 1253 957 1259 -
972 1238 1004 1266 6.
1019 1234 1092 1276 ἐκεῖ]
1108 1237 1191 1266 circa
1213 1235 1429 1266 Macedoniam
1443 1239 1476 1266 et
1490 1235 1586 1265 Thra-

872 1278 963 1316 ciam,
979 1280 1073 1310 autin
1092 1279 1159 1309 sinu
1177 1278 1317 1318 Pylaico,

914 1340 959 1347 —-
969 1325 1000 1353 8.
1010 1324 1053 1363 μὴ
1068 1322 1099 1353 οὐ
1112 1321 1216 1364 χρόνῳ]
1233 1332 1292 1352 non
1310 1321 1456 1351 beneficio
1470 1326 1587 1360 tempo-

872 1365 927 1396 ris.
943 1366 973 1396 h.
994 1377 1023 1396 e.
1045 1365 1107 1396 alia
1133 1367 1263 1405 quadam
1293 1365 1341 1395 via
1367 1364 1500 1399 conanti,
1527 1375 1588 1394 uon

873 1409 1074 1439 diuturnitate
1085 1408 1243 1448 temporis,
1260 1418 1359 1448 neque
1374 1408 1545 1438 obsidione.

915 1470 959 1476 —
971 1455 1024 1483 16.
1040 1452 1177 1494 ἀδελφὸς]
1196 1454 1364 1482 Eunomus.
1386 1451 1439 1491 qui
1452 1451 1542 1481 etiam
1557 1449 1588 1480 in

874 1496 1042 1526 continenti
1062 1506 1154 1526 versu
1178 1497 1229 1526 18.
1246 1506 1278 1525 v.
1292 1494 1379 1529 αὐτὸς
1399 1495 1589 1534 designatur.

875 1549 906 1570 v.
922 1539 1041 1570 Schott.
1060 1539 1127 1569 Vit.
1143 1549 1280 1578 compar.
1294 1550 1324 1579 p.
1341 1541 1394 1569 82.

917 1600 960 1606 —
975 1592 1047 1621 pen.
1061 1581 1155 1614 ἐπειδὴ
1176 1581 1292 1612 τοιαύτη
1314 1579 1360 1623 ῧν]
1387 1580 1508 1621 praetuli
1531 1579 1589 1611 ἔω.

875 1624 1016 1656 ταῦτ’ἷν.
1038 1626 1106 1656 haec
1130 1625 1182 1656 ubi
1207 1630 1384 1661 evenerant,
1407 1634 1476 1664 quae
1499 1624 1592 1654 modo

874 1668 1022 1699 indicavi.

920 1715 994 1744 380.
1011 1714 1063 1744 14.
1078 1712 1223 1753 λήμμασι
1238 1711 1288 1741 καὶ
1302 1710 1346 1750 τῷ
1367 1709 1593 1750 δωροδοκήματι]

876 1755 979 1785 delevi
993 1756 1050 1786 tria
1064 1755 1238 1795 posteriora
1254 1754 1415 1790 vocabula,
1435 1763 1504 1792 quae
1521 1758 1593 1783 sunt

875 1799 1033 1829 Scholium
1050 1798 1151 1838 primi.
1174 1808 1232 1838 pro
1248 1798 1325 1828 ὥστε
1341 1797 1441 1828 πάντα.
1455 1798 1497 1826 τὰ
1512 1796 1594 1825 ἄλλα.

876 1843 987 1878 ἀνελὼν,
1011 1843 1088 1872 dedi
1116 1841 1185 1872 ὥσθ’
1209 1841 1330 1871 ἅπαντα
1353 1841 1452 1870 ταῦτα,
1480 1840 1592 1871 ἀνελών.

877 1885 949 1921 haec,
964 1886 1057 1916 modo
1071 1885 1157 1916 dicta
1170 1889 1254 1925 puta.

920 1946 964 1952 --
977 1931 1030 1960 22.
1046 1927 1192 1968 εἱστιᾶτο]
1214 1927 1394 1957 Scholiastae
1419 1926 1594 1964 Hermoge-

878 1971 926 2002 nis
943 1983 971 2011 p.
988 1974 1061 2002 144.
1077 1970 1149 2000 οὕτω
1169 1970 1218 2000 καὶ
1239 1969 1427 2008 Δημοσθένης
1447 1968 1596 2009 ἐχρήσατο

878 2013 906 2045 ἐν
928 2015 971 2053 τῷ
993 2013 1239 2053 παραπρεσβείας.
1261 2011 1335 2047 τίςὸ
1357 2011 1497 2045 ἀδικήσας
1508 2023 1518 2050 3
1542 2012 1596 2042 Αἲ-

878 2056 989 2098 σχίνης.
1012 2055 1188 2095 πρεσςευτῆς
1209 2057 1245 2086 ὢν
1267 2057 1310 2085 τὰ
1329 2056 1500 2095 πράγματα.
1520 2065 1597 2096 ωρο-

880 2099 1003 2130 δέδωκεν.
1026 2100 1094 2130 εἶτα
1109 2099 1122 2129 ὁ
1137 2100 1235 2134 τόπος.
1256 2099 1310 2128 ποῦ
1325 2108 1333 2135 3
1354 2098 1380 2128 ἓν
1394 2096 1558 2138 Μακεδονίᾳ.
1582 2098 1596 2128 ὁ

880 2142 990 2185 τρόπος.
1012 2142 1110 2181 ὃ’πως;
1132 2140 1316 2181 ἐπαγγείλας
1337 2143 1378 2172 τὰ
1403 2140 1500 2178 ψευδῆ.
1528 2140 1595 2171 εἶτα.

881 2186 1010 2228 ὁχρόνος.
1024 2186 1115 2224 vrbe-53
1138 2185 1185 2216 ὅτε
1205 2184 1393 2226 ἐστράτευσεν
1413 2183 1598 2224 [Philippus

880 2230 971 2271 puta]
986 2228 1042 2260 ἒωῖ
1059 2228 1181 2264 Φωκέας.
1202 2229 1279 2259 ὥστε
1295 2227 1364 2268 ἅμα
1383 2227 1487 2258 ἀκούειν
1501 2226 1597 2258 ἐκεῖνον

881 2272 1001 2304 πλησίον
1014 2272 1081 2303 ὄντα.
1095 2275 1206 2309 Πυλῶν,
1226 2271 1276 2301 καὶ
1289 2270 1360 2312 μηδ’
1375 2271 1452 2312 ἔχειν
1465 2271 1544 2310 ὑμᾶς
1566 2269 1599 2300 τί

881 2315 925 2347 δεῖ
933 2316 1051 2357 πρᾶξαι.
1060 2316 1108 2346 καὶ
1121 2317 1210 2347 πάλιν
1220 2314 1278 2346 ἀπὸ
1289 2314 1397 2356 χρόνον.
1408 2314 1452 2343 τό·
1465 2315 1599 2344 εἶστιέτο

881 2358 985 2391 ἐλθών.
999 2360 1030 2390 οὐ
1045 2362 1098 2398 γὰρ
1113 2359 1218 2390 ἄτοπον
1231 2358 1405 2400 πρεσβευτὴν
1415 2356 1483 2387 ὄντα
1499 2358 1599 2387 ἑστιᾶ-

882 2403 958 2434 σθαι
985 2402 1053 2444 παρ’
1073 2401 1097 2441 ὦ
1118 2402 1283 2443 πρεσβεύει.
1310 2400 1380 2431 ἀλλ’
1403 2401 1417 2431 ἢ
1441 2401 1599 2440 προσθήκη

883 2444 1039 2478 «πεποίηκεν
1052 2446 1201 2485 ἔγκλημα,
1221 2444 1264 2475 ὅτι
1288 2446 1371 2486 μετὰ
1395 2445 1508 2474 Φωκέων
1521 2443 1599 2473 ἄλω-

883 2501 928 2519 σιν
942 2491 1125 2521 συνειστιᾶτο
1138 2489 1181 2528 τῷ
1189 2490 1289 2518 ταῦτα.
1304 2488 1465 2519 ποιήσαντι.
1486 2486 1549 2529 ἔχει
1570 2487 1598 2517 δὲ

884 2531 932 2562 καὶ
955 2531 1002 2564 τόν
1022 2529 1123 2573 τρόπον
1147 2531 1185 2572 [f.
1205 2532 1295 2562 deest
1315 2530 1460 2573 ἐγκαλεῖν]
1485 2530 1529 2561 ὅτι
1551 2530 1601 2560 καῖ

885 2576 1042 2619 συνηύχετο
1055 2575 1103 2605 καὶ
1119 2574 1315 2614 συνεπαιώνιζε
1331 2574 1478 2614 Φιλίππῳ.

928 2622 1002 2651 381.
1020 2622 1051 2651 3.
1066 2619 1209 2661 ἄντικρυς]
1225 2619 1255 2648 b.
1268 2619 1291 2650 l.
1305 2618 1461 2657 significat
1481 2616 1600 2657 sigilla-

886 2662 953 2700 tim,
967 2662 1165 2703 peculiariter
1180 2663 1239 2693 hoo
1263 2672 1325 2692 uno
1348 2662 1388 2691 de
1410 2661 1515 2695 titulo,
1530 2660 1599 2690 scil.

886 2706 1076 2745 ejurationis.
1100 2707 1140 2736 de
1157 2705 1374 2746 probabilitate
1387 2704 1602 2744 ejurationum,

886 2760 954 2789 quae
971 2749 1032 2780 sint
1043 2749 1201 2790 legitimae,
1213 2759 1282 2789 quae
1297 2748 1508 2788 reprobandae,
1519 2752 1550 2776 et
1562 2746 1601 2775 de

887 2793 986 2833 poenis
998 2793 1028 2822 in
1044 2793 1268 2833 delinquentes.
1284 2797 1315 2822 et
1329 2792 1387 2822 hoc
1401 2790 1602 2832 plebiscitum

887 2846 994 2867 rursus
1007 2846 1096 2867 versu
1108 2838 1140 2867 7.
1152 2836 1342 2875 designatur.

930 2897 971 2902 -
986 2882 1017 2911 9.
1033 2879 1222 2921 γράμματα]
1237 2879 1336 2909 literae
1352 2888 1370 2908 a
1381 2876 1536 2907 sociorum
1558 2875 1603 2905 lc-

889 2923 1022 2963 gationis
1043 2923 1226 2963 quibusdam
1252 2923 1324 2957 huc,
1339 2921 1406 2950 sive
1426 2920 1464 2950 ad
1488 2920 1603 2949 Demo-

889 2967 1039 3003 sthenem,
1061 2967 1128 2996 sive
1150 2967 1187 2997 nd
1213 2966 1290 2996 ulios
1312 2964 1439 2998 amicos,
1454 2973 1471 2992 e
1493 2961 1604 2992 castris

888 3009 1026 3050 Philippi
1042 3011 1082 3040 ud
1104 3010 1227 3041 Thebas
1251 3008 1385 3047 suriptae‚
1401 3006 1440 3036 do
1454 3006 1604 3044 intempe—

890 3053 988 3084 runtiu
1004 3058 1035 3085 et
1055 3053 1220 3085 insolentia
1242 3051 1357 3092 gaudii,
1371 3060 1432 3090 quo
1446 3049 1609 3081 AEschines
