1931 3322
450 199 514 240 IN
549 197 956 240 PHILIPPICAM
992 199 1073 240 DE
1107 200 1279 242 PACE.
1517 200 1601 242 385

135 306 202 344 illa,
217 317 350 337 munera.
375 305 538 345 Ulpianus,
551 304 689 343 ἐγκύκλια
704 304 752 334 καὶ
766 306 851 335 κοινά..

137 350 391 390 quemadmodum
405 349 537 379 leviores
552 348 733 388 disciplinas
745 349 851 388 appel-

137 394 236 423 lamus
263 392 400 431 ἐγκύκλια
428 390 608 431 μαθνῖματα,
640 403 715 431 quas
746 403 850 421 omnes

137 436 306 466 liberaliter
321 435 453 465 instituti
474 437 629 470 tenebant,
645 434 711 475 πςδς
724 435 850 464 ἀντιδια-

135 481 241 510 στολὴν
251 480 302 513 -τῖίς
311 476 482 518 φιλοσοφίας
494 478 542 508 καὶ
557 481 612 508 τῶν
621 477 850 517 μαθηματικῶν,

135 532 204 560 quae
227 520 296 551 κατ’
322 521 422 562 ἐξοχὴν
453 521 633 551 dicebantur
660 521 848 560 μαθήματα.

136 565 247 594 Strabo
262 565 301 594 de
318 565 413 593 'I'arso
429 564 555 594 civitate
573 564 692 594 Ciliciae
709 564 848 602 loquens,

134 607 166 636 in
183 618 242 646 qua
263 609 295 637 d.
313 608 429 636 Paulus
450 612 497 635 est
511 613 600 636 natus
617 607 686 647 [lib.
703 607 797 636 XIV.
815 617 847 646 p.

135 653 208 681 991.
226 652 275 680 ed.
290 650 420 689 Almel.]
436 649 562 678 τοο-αὐτη
579 649 607 679 δὲ
620 651 680 683 τοῖς
695 648 785 679 ἐνθάδε
801 651 847 680 ἇν-

133 692 250 732 θρῶποις
268 693 388 728 σπουδὴ,
408 691 474 731 πςός
487 701 520 720 ’τε
542 692 719 730 φιλοσοφίαν,
735 692 784 722 καὶ
799 694 848 722 τὴν

132 736 223 766 ἄλλην
232 736 376 773 ἐγκύκλιον
385 735 506 765 ἕποιο-αν
514 734 642 763 παιδείαν
651 733 767 772 γέγονεν,
778 736 848 766 ὣςτε

132 777 357 819 ὑπεξβέβληνται
373 778 420 807 καὶ
436 776 552 810 Ἀθήνας
567 777 616 806 καὶ
633 776 849 817 Ἀλεξάνδρειαν,

131 821 180 851 καὶ
194 822 221 852 εἴ
236 833 301 852 τινα,
317 822 402 852 ἄλλον
424 820 517 850 τύπτον
538 818 647 850 δυνατὸν
667 820 765 859 εἰπεῖν,
784 818 811 849 ἐν
825 816 849 859 ὦ

131 865 243 906 σχολαὶ
257 865 305 895 καὶ
319 863 464 906 διατριβαὶ
483 866 538 893 τῶν
555 862 717 903 φιλοσόφων
731 862 779 891 καὶ
794 866 849 894 τῶν

132 908 221 947 λόγων
235 908 376 946 γεγόνασι.
399 908 511 947 quibus
528 907 681 937 eruditum
698 906 792 935 fuisse
809 907 847 936 ab

130 950 254 982 ineunte
265 957 356 981 aetate
373 951 403 981 in
421 961 477 981 sua
491 950 591 990 patria
606 950 748 985 Paulum,
761 955 846 979 ante-

131 1005 223 1033 quam
237 994 467 1035 Hierosolymis
487 994 526 1023 ad
548 993 646 1033 pedes
666 992 845 1024 Gamalielis

132 1038 225 1074 sedit,
241 1049 299 1078 pro
323 1044 407 1068 certo
428 1037 602 1067 habendum
624 1042 682 1066 est.
726 1036 788 1066 Sed
806 1048 844 1067 ex

129 1081 189 1110 hoc
205 1082 273 1111 loco
292 1081 451 1122 probabis,
464 1079 673 1119 philosophiam
692 1089 760 1109 esse
775 1090 845 1111 παι-

131 1123 214 1161 δείαν,
230 1135 289 1154 non
304 1124 448 1163 ἐγκύκλιον
459 1123 598 1159 παιδείαν,
611 1127 646 1152 ut
658 1124 707 1153 τῆν
719 1134 845 1164 τριηραρ-

129 1167 207 1207 χίαν,
222 1167 402 1208 λειτουξγίαν,
418 1178 477 1197 non
496 1166 640 1205 ἐγκύκλιον
661 1165 843 1206 λειτουργίαν.

128 1211 274 1241 Clemens
291 1210 519 1242 Alexandrinus
532 1208 746 1251 [στρωματέων
762 1210 842 1251 ΙΙ.];

128 1260 351 1294 consequenter
366 1259 467 1284 autem
483 1254 530 1284 καὶ
550 1254 612 1294 mg}
632 1255 682 1287 τῆς
697 1252 844 1291 ἐγκυκλίου

127 1297 303 1338 καλουμένης
316 1297 464 1333 παιδείας,
479 1297 516 1332 εἷς
535 1297 587 1327 ξ’σοι
608 1297 764 1339 εὔχρηστος
777 1298 842 1338 (sic

124 1340 210 1380 Ieg0‚
237 1351 297 1371 nou
324 1341 496 1382 ἄχρηστος),
519 1340 583 1382 πεξί
611 1351 644 1370 τε
674 1341 842 1380 ἀστρολογι-

127 1385 177 1418 κῆς
197 1384 246 1413 καὶ
267 1384 487 1426 μαθηματικῆς
501 1384 549 1414 καὶ
570 1386 698 1424 μαγικῆς
712 1383 842 1421 γοητείας

125 1425 348 1468 ἐωιδραμητέον.
391 1428 488 1458 Vides
502 1439 570 1457 eum
585 1437 728 1467 separare
745 1434 842 1457 astro-

126 1470 238 1509 logiam
251 1477 282 1501 et
293 1471 522 1502 mathematicas
533 1476 613 1501 artes
626 1470 685 1502 ἀπδ
696 1472 746 1504 τῖς
756 1469 839 1509 ἐγκυ·

125 1512 205 1543 κλίου
218 1513 356 1549 παιδείας.
378 1515 437 1545 nisi
459 1515 539 1545 forte
561 1515 608 1544 hae
631 1515 741 1550 solum,
764 1526 839 1554 quas

125 1563 295 1594 enumerat,
312 1564 383 1588 sunt
398 1557 552 1597 ἐγκύκλιοι,
568 1563 620 1588 aut
635 1558 754 1599 magica
766 1569 839 1598 pars

126 1601 302 1632 earundem.
324 1612 393 1632 nam
421 1603 461 1632 de
489 1602 686 1641 philosophia
710 1603 839 1632 seorsim

126 1644 202 1682 egit.
213 1643 260 1684 [p.
272 1647 323 1676 85.
333 1644 447 1685 ed.D.]
461 1645 687 1683 Quinctilianus
698 1645 753 1686 [A.
764 1646 838 1677 dial.

125 1688 165 1717 de
190 1698 274 1718 caus.
296 1699 375 1719 corr.
398 1689 478 1729 eloq.
498 1699 526 1720 c.
543 1688 591 1729 2]
615 1693 635 1706 “
649 1690 734 1728 Aper
754 1699 838 1719 com-

124 1731 208 1761 muni
242 1731 414 1762 eruditione
446 1732 596 1768 imbutus,
625 1735 839 1763 contemnebat

124 1774 230 1813 potius
245 1775 363 1812 literas,
379 1786 467 1815 quam
487 1775 675 1806 nesciebat.”
702 1775 838 1806 Commu·-

125 1827 191 1847 nem
204 1819 396 1849 eruditionem
412 1824 504 1850 vocat
521 1820 571 1850 τὴν
585 1817 737 1857 ἐγκύκλιον.
771 1820 838 1851 Cic.

125 1868 287 1891 communes
296 1863 406 1898 literas,
418 1862 597 1901 politiorem
609 1863 836 1894 humanitatem.

126 1903 200 1933 Hoc
215 1914 252 1933 eo
267 1904 351 1940 dico,
365 1915 402 1934 ne
413 1905 483 1944 quis
495 1910 594 1944 putet,
607 1916 695 1944 quam
705 1903 838 1944 ἐγκυκλο-

127 1945 262 1976 τιταιδείαν
276 1953 398 1984 vocant,
414 1958 519 1978 omnes
542 1948 688 1978 scientias
703 1951 838 1989 comple-

127 1989 181 2018 cti.
225 1991 260 2020 ln
285 2001 344 2030 quo
361 1991 452 2021 video
469 1992 617 2031 quosdam
639 1992 839 2023 vehementer

126 2041 239 2062 errare.
261 2034 353 2064 Certe
369 2034 395 2064 si
411 2034 536 2070 scirent,
551 2035 626 2074 quid
644 2041 723 2065 esset
739 2036 840 2071 κύκλος

127 2075 259 2113 Graecis,
272 2087 331 2107 non
345 2077 570 2118 philosophiam
586 2078 615 2108 in
629 2089 716 2109 suurn
734 2080 838 2110 orbem

124 2118 330 2156 includerent,
354 2122 464 2150 nedum
488 2121 672 2159 theologiam
685 2134 692 2152 ι
717 2123 756 2152 de
779 2133 839 2162 quo

125 2162 276 2201 Synesius
292 2164 338 2204 [in
356 2163 504 2204 Dionem]
519 2163 566 2193 καὶ
578 2163 652 2194 οὕτω
667 2167 839 2204 μειονεκτεῖν

125 2205 232 2244 ἀνάγκη
253 2205 300 2237 τὸν
313 2206 396 2246 ἄνδρα
417 2205 523 2242 ἐκεῖνον,
545 2205 575 2240 ὃς
592 2207 620 2236 οὐ
645 2207 838 2248 προετελέσθη

125 2248 168 2288 τῷ
183 2249 289 2289 κύκλῳ,
305 2250 354 2279 καὶ
372 2251 413 2280 τοὶ
436 2252 492 2279 τῶν
509 2252 625 2280 Μουσῶν
647 2251 694 2281 οὐκ
712 2252 838 2292 ὢργίακε.

128 2292 190 2327 Qui
205 2303 263 2322 non
275 2293 370 2333 prius,
385 2293 497 2333 inquit,
513 2295 650 2324 initiatus
661 2294 765 2336 fuerit
781 2297 838 2325 cir-

125 2335 204 2371 culo,
226 2347 287 2374 quo
303 2337 400 2366 verbo
415 2337 567 2377 significat
590 2336 638 2367 τᾶν
655 2337 754 2368 κύκλον
769 2337 839 2371 εῖναι

126 2377 306 2419 πςοπαιδείαν
317 2381 392 2416 τινὰ,
401 2390 462 2410 non
477 2378 574 2412 ἐντελῆ
584 2380 721 2412 παιδείαν.
737 2383 839 2412 Hora-

125 2421 188 2452 tius
205 2420 251 2461 [in
267 2428 331 2453 arte
344 2423 445 2464 poet.]

171 2493 194 2507 “
204 2490 274 2521 Nec
285 2490 332 2521 sic
347 2490 490 2532 incipias,
505 2497 540 2523 ut
551 2493 685 2533 scriptor
701 2494 839 2535 cyclicus

297 2534 417 2576 olim.''v

125 2595 160 2625 Is
174 2597 224 2625 est
235 2594 388 2626 Stasimus
399 2600 509 2627 auctor
523 2598 575 2632 τὲς
589 2598 696 2638 μικςῖἰς
712 2596 839 2636 Ἰλιάδος,

125 2638 179 2677 qui
193 2642 279 2669 recto
294 2639 402 2670 ordine
414 2640 452 2670 ab
468 2640 558 2672 initio
573 2642 612 2672 ad
630 2643 718 2672 tinem
734 2647 838 2672 conte-

125 2681 196 2712 xuit
211 2692 300 2713 suum
314 2693 403 2723 opus.
424 2684 502 2714 Item
516 2693 523 2712 :

171 2753 194 2768 “
204 2750 272 2782 Nec
289 2751 371 2782 circa
385 2750 475 2781 vilem
493 2752 690 2793 patulumque
704 2753 836 2784 morabi-

299 2798 350 2825 tur
364 2794 501 2826 orbem.”
514 2793 577 2838 (τόν
590 2795 720 2839 κύκλον.)

127 2850 297 2891 Didymus,
328 2865 421 2894 quum
450 2860 616 2893 narrasset,
640 2860 676 2886 ut
703 2856 838 2887 Achilles

127 2895 298 2929 occultatus
311 2897 370 2927 suit
387 2898 465 2928 inter
476 2898 613 2938 virgines
631 2900 713 2940 apud
735 2901 838 2939 Lyco-

129 2937 263 2974 medem,
274 2939 371 2977 addit,
387 2942 402 2972 ὖ
415 2940 440 2971 δ’
452 2940 561 2982 ἱστορία
576 2944 655 2983 παρὰ
667 2943 727 2977 τοῖς
739 2949 838 2973 κυκλι-

126 2980 199 3013 κοῒς.
223 2981 303 3012 Haec
314 2984 395 3014 enim
403 2984 708 3017 sabulaincredibilis
719 2996 777 3016 non
791 2991 839 3016 est

125 3023 210 3062 apud
231 3023 411 3059 Homerum.
437 3027 504 3058 Cic.
525 3028 565 3060 de
581 3039 630 3066 eo,
645 3030 697 3069 qui
719 3030 837 3061 futurus

175 3075 250 3097 νοι.
267 3078 297 3098 v.

888 305 928 335 sit
942 310 1044 335 orator
1062 306 1118 346 [de
1139 307 1269 337 Oratore
1290 306 1334 336 II.
1352 308 1404 336 QO.
1421 305 1490 347 85]
1516 308 1537 323 “
1555 305 1604 335 Sit

885 349 958 378 mihi
976 348 1074 378 literis
1091 350 1204 379 tinctus
1222 348 1371 390 (inquit),
1394 348 1527 379 audierit
1544 348 1601 378 ati-

885 392 971 430 quid,
990 392 1122 430 legerit”
1139 398 1199 422 etc.
1244 394 1307 422 Hic
1332 399 1380 422 est
1399 393 1411 422 ὁ
1431 398 1602 432 προτετελε-

884 433 987 474 σμένος
1001 435 1045 474 τῷ
1058 434 1164 474 κύκλῳ.
1210 437 1308 465 Multa
1320 436 1470 474 perdocte
1484 436 1599 465 casau-

884 478 982 507 bonus
995 479 1034 508 de
1047 479 1135 516 epico
1148 477 1241 517 κύκλῳ
1253 480 1288 506 ad
1303 480 1495 514 Athenaeum,
1508 489 1600 518 quem

882 521 1011 550 multum
1038 521 1223 560 Sophoclem
1247 526 1386 551 secutum
1410 522 1476 551 ait:
1499 532 1515 551 a
1537 532 1600 561 quo

882 574 938 594 nos
960 564 1035 594 nihil
1060 565 1108 594 hic
1123 564 1253 594 mutuati
1270 574 1385 593 sumus.
1432 565 1598 594 AEschines

882 612 988 637 contra
1012 608 1152 647 Ctesiph.
1178 606 1225 646 [p.
1248 609 1322 639 657.
1344 608 1392 637 ed.
1411 608 1466 648 R.]
1492 605 1521 637 εὖ
1542 609 1598 647 γὰξ

881 649 945 680 ἴστε
961 650 1005 680 ὅτι
1018 651 1073 692 οὐχ
1088 651 1116 680 αἱ
1127 652 1328 690 παλαῖστραι,
1340 650 1398 679 αἰδὲ
1411 652 1451 679 τὸ.
1464 650 1600 679 &Bana-

882 695 959 726 λεῖα,
970 693 1022 724 οὐδ’
1032 696 1045 725 ἦ
1057 696 1181 733 μουσικὴ
1192 693 1273 734 μόνον
1289 692 1413 723 παιδεύει
1422 694 1487 726 τοὺς
1498 693 1598 723 νεωτέ-

882 745 951 773 ξουςν
961 735 1040 766 ἀλλὰ
1050 740 1122 768 πολὺ
1134 739 1250 779 μᾶλλον
1260 738 1300 767 τὲ
1311 735 1437 776 δημόσια
1448 736 1599 776 κηξύγμοι-

882 787 934 805 τα.
959 775 1006 816 [p.
1022 781 1072 809 86.
1093 782 1141 809 ed.
1160 781 1218 822 D.]
1235 779 1399 810 Terentius
1417 779 1598 820 [Eunucbo,

883 820 946 849 111.
963 826 991 850 2.
1006 822 1058 850 523.
1077 821 1118 860 s.]
1142 828 1161 837 “
1175 825 1240 854 Fac
1252 824 1422 864 periculum
1438 822 1469 853 iu
1484 823 1598 859 literis,

882 863 929 892 sac
944 863 974 892 in
989 864 1144 903 palaestra,
1160 863 1188 892 in
1203 867 1339 898 musicis.
1373 867 1451 905 Quae
1464 866 1597 896 liberum

882 906 961 936 scire
977 917 1096 945 aequum
1121 912 1168 936 est
1185 908 1425 944 adolescentem,
1450 909 1597 939 solertem

881 950 992 980 dabo.”
1006 951 1065 980 Hae
1075 954 1146 979 sunt
1154 950 1182 979 αἶ
1192 948 1328 987 ἐγκύκλιοι
1339 951 1490 989 μαθήσεις,
1501 964 1600 993 γραμ-

879 994 992 1032 ματικὴ
1003 992 1137 1029 δηλονότι,
1150 995 1346 1032 γυμναστικὴ,
1361 998 1496 1033 μουσικὴ,
1507 995 1597 1035 queis

880 1037 1095 1067 imbuebantur
1105 1047 1221 1071 omnes,
1236 1041 1269 1065 ut
1278 1047 1359 1066 nunc
1368 1037 1443 1072 fere,
1452 1037 1596 1077 ingenui:

881 1079 992 1118 quibus
1008 1085 1039 1110 et
1055 1081 1147 1110 Plato
1164 1080 1232 1109 vult
1256 1080 1376 1109 institui
1402 1090 1474 1109 suos
1501 1082 1597 1112 cives.

880 1124 973 1163 Diog.
990 1123 1131 1154 Laertius
1149 1122 1318 1164 [Zenone]‚
1330 1122 1497 1164 εὐχρηστεῖν
1508 1123 1596 1155 δὲκαὶ

879 1168 919 1196 ’τὰ
935 1166 1071 1205 ἐγκύκλια
1090 1166 1269 1207 μαθήματά
1285 1174 1370 1206 φησιν
1384 1166 1396 1195 ὁ
1418 1165 1597 1206 Χξύσιππος.

879 1211 924 1239 Αι]
941 1211 1140 1251 philosophia
1155 1211 1195 1240 sit
1211 1210 1307 1246 utilis,
1330 1209 1414 1239 nulla
1431 1215 1497 1240 erat
1512 1212 1596 1250 apud

878 1263 931 1283 eos
941 1255 1082 1293 quaestio.
1096 1254 1193 1284 Arist.
1206 1254 1356 1295 [Meteor.
1366 1263 1434 1292 cap.
1446 1253 1472 1283 Ι.
1483 1254 1536 1284 lib.
1548 1254 1594 1295 L]

876 1296 921 1327 ἐ’τι
932 1297 960 1327 δέ
975 1298 1036 1339 περὶ
1050 1298 1179 1338 κεξαύνων
1194 1299 1344 1333 πτώσεως,
1355 1297 1404 1326 καὶ
1416 1297 1594 1337 πξηστῆςων,

875 1341 924 1371 καὶ
941 1343 1081 1382 τυφώνων,
1103 1341 1150 1370 καὶ
1171 1344 1227 1371 τῶν
1242 1341 1338 1371 ἄλλων
1354 1343 1411 1370 τῶν
1430 1338 1593 1378 ἐγκυκλίων,

875 1383 929 1414 ὅσα
945 1385 989 1415 διαὶ
1004 1388 1054 1416 τῆν
1067 1385 1149 1424 πῆξιν
1163 1383 1317 1426 συμβαίνει
1333 1382 1419 1414 «πάθη
1434 1386 1489 1414 ’τῶν
1500 1385 1593 1415 αὐτῶν

874 1429 981 1458 τούτων
991 1430 1149 1469 σωμάτων,
1161 1439 1228 1468 quae
1243 1428 1362 1458 scilicet
1372 1427 1510 1467 quotidie
1525 1439 1593 1458 cer-

874 1471 973 1501 nimus
997 1473 1026 1502 in
1049 1482 1168 1512 usuque
1193 1471 1348 1502 communi
1372 1475 1450 1501 sunt.
1497 1472 1591 1510 Apud

873 1515 1054 1545 AEschinem
1072 1514 1192 1555 [contra
1207 1515 1413 1550 Timarchum,
1427 1526 1458 1555 p.
1471 1516 1524 1545 35.
1539 1515 1590 1545 ed.

874 1559 1003 1600 Reisk.]
1019 1560 1148 1598 legimus
1162 1560 1261 1601 χοροὺς
1272 1557 1443 1597 ἐγκυκλίους.
1461 1556 1530 1587 ἀλλ’
1546 1557 1589 1588 ἵνα

872 1604 915 1641 μὴ
931 1602 1022 1633 πλείω
1036 1601 1151 1641 γένηται
1171 1605 1211 1633 τὰ
1227 1603 1353 1642 πάρεργα
1368 1604 1423 1631 τῶν
1436 1600 1530 1641 ἔργων,
1550 1601 1590 1631 ad

872 1646 1038 1685 inceptum.
1062 1646 1272 1676 Glossarium:
1289 1644 1462 1687 defunctus,
1472 1646 1590 1675 ἀπολει-

872 1689 1040 1729 τουργήο-ας,
1055 1690 1244 1723 τελευτήσας.
1262 1690 1331 1719 Act.
1343 1689 1443 1718 XIII.
1461 1689 1506 1729 [v.
1518 1687 1590 1728 36.]

873 1732 970 1766 Δαβῖδ
982 1733 1038 1771 μὲν
1048 1735 1103 1773 γᾶς
1117 1732 1172 1773 ἰδία
1184 1732 1263 1773 γενεᾷ
1277 1731 1456 1772 ὑπηρετήσας
1473 1730 1511 1773 τῇ
1522 1731 1589 1761 θεοῦ

872 1773 969 1817 ςουλῇ,
984 1775 1117 1816 ἐκοιμήθη
1137 1776 1184 1806 καὶ
1199 1775 1354 1818 προσετέθη
1375 1774 1441 1814 πξός
1453 1776 1518 1809 τοὺς
1532 1785 1589 1805 πα-

872 1818 1058 1859 ‘tegumen-017.
1074 1820 1219 1860 ὑπηξετεῖν
1230 1824 1278 1849 est
1289 1820 1466 1860 λειτουργεῖν.
1483 1819 1590 1856 Reges

873 1864 954 1893 enim
978 1869 1049 1893 sunt
1069 1862 1182 1893 διάκονοι
1202 1862 1250 1892 καὶ
1275 1862 1427 1902 ,λειτουργοὶ
1447 1863 1497 1892 τοῦ
1517 1860 1589 1891 Θεοῦ.

875 1905 982 1945 [Rom.
993 1907 1095 1936 XIII.
1108 1906 1155 1946 1.]
1173 1906 1280 1935 Plato:
1293 1907 1347 1947 χξῆ
1356 1904 1384 1935 δὲ
1394 1907 1444 1938 τῆς
1455 1905 1589 1943 ἀειγενοῦς

873 1948 983 1987 φύσεως
996 1948 1191 1991 ἀντέχεσθαι,
1203 1949 1246 1988 τῷ
1258 1949 1365 1982 παῖδας
1376 1946 1483 1978 παίδων
1494 1960 1589 1978 κατα-

873 1992 1007 2028 λιπόντα,
1023 1993 1066 2023 οἷεῖ
1082 1993 1126 2032 τῷ
1139 1991 1189 2032 Θεῷ
1204 1990 1347 2032 ὑπηξέτας
1357 1989 1511 2021 ἀνθάὑτοῦ
1529 2002 1589 2020 πα·

873 2035 1014 2074 pasiadras.
1041 2036 1175 2077 [Legum
1191 2035 1265 2076 VLJ
1292 2035 1414 2074 Oportet
1432 2045 1588 2073 perennem

873 2084 1014 2109 naturam
1036 2089 1172 2116 asserere,
1192 2085 1219 2109 et
1233 2079 1318 2119 jzlios
1334 2078 1474 2118 filiorum
1495 2078 1588 2107 relin-

873 2129 1018 2161 quentem,
1037 2122 1101 2152 Deo
1115 2124 1262 2153 ministros
1280 2132 1334 2161 pro
1348 2131 1375 2151 se
1389 2122 1517 2151 tradere.
1540 2121 1587 2150 ἇν-

873 2163 1014 2206 τέχεσθαι
1037 2167 1088 2200 τῆς
1111 2166 1246 2204 ἀειγενοῦς
1272 2165 1396 2205 φύσεως,
1421 2170 1480 2201 est,
1504 2164 1588 2204 quod

874 2208 1062 2248 Phocylides
1077 2209 1219 2249 praecipit
1234 2220 1240 2239 ε

917 2275 971 2310 Δὸς
986 2288 1016 2306 τι
1033 2277 1117 2316 φύσει
1132 2277 1248 2313 καύτὸς,
1266 2275 1332 2307 τέκε
1351 2274 1374 2306 δ’
1393 2274 1537 2315 ἔμπαλιν,
1553 2276 1588 2309 ὡς

1044 2319 1214 2363 ἐλοχεύὲης.

873 2379 985 2419 “Quin
1002 2386 1031 2410 et
1052 2380 1114 2410 vita
1137 2382 1290 2420 cujusque
1316 2384 1452 2410 nostrum
1476 2378 1588 2408 militia

872 2429 921 2454 est
937 2434 1030 2463 super
1045 2423 1188 2454 terram-'¹
1203 2423 1289 2464 [Job.
1305 2424 1382 2453 vll.
1400 2423 1446 2464 1.]
1471 2422 1589 2452 Militia

872 2472 972 2497 autem
989 2467 1146 2508 λειτουργία
1167 2479 1223 2503 τις,
1243 2468 1395 2497 servitium
1420 2476 1477 2496 nos
1495 2476 1587 2495 voca·

871 2521 952 2540 mus.
985 2511 1078 2541 Unde
1091 2512 1121 2540 in
1139 2511 1290 2540 Ecclesiis
1302 2507 1472 2550 λειτουργία,
1487 2510 1588 2539 divine

871 2555 987 2584 service.
1014 2554 1194 2584 M.Tultius
1212 2553 1266 2593 [de
1282 2557 1454 2589 senectute,
1471 2563 1496 2582 c.
1516 2552 1585 2593 21.]

873 2601 895 2615 “
909 2598 988 2627 Dum
1006 2607 1111 2627 sumus
1134 2597 1166 2626 in
1188 2597 1235 2627 his
1253 2596 1365 2626 inclusi
1385 2596 1586 2636 compagibus

873 2640 1024 2680 corporis,
1044 2651 1168 2670 munere
1184 2640 1315 2679 quodam
1333 2639 1542 2675 necessitatis,
1557 2642 1589 2668 et

874 2683 960 2723 gravi
973 2694 1065 2723 opere
1082 2684 1303 2723 perfungimur.
1348 2684 1406 2713 Est
1424 2683 1503 2712 enim
1519 2682 1584 2711 aui-

873 2737 941 2756 mus
959 2727 1107 2763 coelestis,
1129 2738 1169 2757 ex
1193 2726 1345 2757 altissimo
1361 2725 1516 2756 domicilio
1532 2725 1585 2754 de-

873 2780 996 2809 pressus
1012 2775 1043 2800 et
1058 2771 1143 2809 quasi
1162 2771 1322 2800 demersus
1345 2770 1375 2798 in
1396 2773 1519 2802 terram,
1539 2768 1585 2796 lo·-

873 2824 942 2843 cum
960 2813 1074 2844 divinae
1090 2820 1204 2844 naturai
1224 2812 1447 2850 aeternivatique
1464 2814 1584 2840 contra-

873 2856 984 2886 rium.’'
1000 2857 1047 2898 [p.
1064 2859 1116 2888 87.
1132 2858 1181 2887 ed.
1199 2858 1255 2898 D.]
1280 2854 1428 2895 Synesius
1443 2853 1498 2892 [de
1513 2863 1583 2891 pro-

874 2900 1006 2942 vident]
1031 2899 1274 2940 ’taram-{funerat
1297 2900 1361 2937 γὰρ,
1373 2895 1419 2935 ἐφ’
1434 2895 1456 2936 ὦ
1471 2897 1584 2935 κοσμῆ-

873 2954 924 2972 σαι
954 2945 1004 2974 ’τὴν
1031 2943 1163 2985 πεςίγειον
1188 2943 1274 2982 λῆξιν.
1325 2942 1444 2979 Nempe
1473 2938 1582 2987 anima.

874 2986 1068 3017 Platonicum
1094 2988 1216 3026 dogma,
1239 2985 1334 3014 t'uisse
1355 2983 1470 3013 animos
1492 2987 1522 3011 et
1538 2992 1583 3011 vi-

874 3029 976 3068 guisse
993 3036 1061 3061 ante
1079 3040 1191 3069 corpus
1205 3029 1234 3058 in
1248 3027 1338 3063 coelo,
1351 3037 1409 3056 uon
1426 3026 1552 3056 haustos
1564 3035 1581 3054 e

873 3075 893 3103 3
911 3083 930 3103 1>
