1931 3323
336 183 422 227 400

337 292 511 322 laborarent
534 297 585 323 aut
608 294 865 332 periclitarentur,
891 296 954 327 illis
982 308 1050 328 suc-

337 339 507 373 currerent,
516 336 629 367 nullam
639 348 727 378 opem
735 339 848 369 ferrent
860 339 937 370 alios
952 341 1050 371 laces-

339 378 490 409 sentibus.
535 380 627 410 Certe
672 382 878 413 testimonium
920 384 1051 414 Athenis

338 421 495 452 Aristides
509 424 663 461 perbibet,
680 427 760 465 quod
779 426 974 457 verissimum
992 431 1050 457 est.

336 463 558 504 [Leuctrieal.
581 478 638 507 pro
655 469 909 505 Lacedaemoniis,
927 481 958 510 p.
974 473 1050 501 408

337 512 362 537 t.
394 509 422 538 Ι.
447 510 557 562 Jebb.]
567 510 668 562 Νου”ιόος
693 513 705 541 ὅ
729 512 850 547 παλαιὸς
876 513 958 551 λόγος
987 513 1051 544 ἐστ’

337 551 454 586 ἀληθὴς,
476 551 519 583 ὅτι
533 554 594 588 τοῖς
607 553 830 590 καθεκάστους’
810 568 960 608 ατυχουσι
980 560 1050 588 κοινὴ

337 596 427 625 πᾶσιν
442 594 564 628 ὕπεστιν
565 597 711 649 εὐτυχία,
733 599 767 629 τό
787 602 837 633 τῆς
857 601 966 633 πόλεως
979 601 1050 631 ταύ·

336 649 391 671 της
403 636 498 676 ἦθος,
487 639 537 679 υφ’
552 638 581 670 οὗ
594 641 741 681 σωζονται.
787 644 866 672 Nam
879 647 910 672 et
930 644 1050 674 Theba-

335 691 395 710 nos
413 682 452 712 de
465 693 498 713 se
511 694 568 713 non
579 685 694 724 optime
706 685 833 716 meritos
849 685 895 726 [p.
912 688 985 716 134.
1001 687 1051 716 ed.

335 723 378 755 D.
381 724 561 765 ]juverunt
563 733 668 757 contra
678 729 942 765 Lacedaemonios,
953 739 971 757 a
983 729 1051 768 qui-

337 768 397 798 bus
429 769 567 800 Thebani
591 781 731 809 magnam
755 771 896 811 injuriam
924 782 1052 811 accepe-

333 815 416 847 rant,
430 822 499 842 cum
514 824 615 843 arcem
636 814 803 844 Cadmeam
825 815 983 845 Phobidas
999 826 1051 845 oc-

334 860 491 894 cupasset.
537 857 578 886 Et
590 867 696 887 rursus
713 858 874 888 Leuctrica
895 858 1052 889 calamita-

337 903 368 928 te
391 898 496 928 fractis
522 899 633 939 opibus
651 901 964 938 Lacedaemoniorum,
980 902 1051 932 illos

336 940 489 977 vicissim,
507 944 647 980 quamvis
672 945 712 973 ab
734 945 797 974 illis
814 945 958 976 debellati
977 945 1051 976 fuis-

335 990 415 1020 sent,
430 989 537 1015 contra
553 986 616 1016 vim
640 987 854 1019 Thebanorum
877 991 1052 1025 tuebantur,

336 1039 396 1057 non
414 1028 503 1058 veriti
516 1028 595 1068 δόξαν
607 1029 775 1070 ἐμπληξίας
788 1031 965 1071 ὀφλισκάνειν
974 1035 1052 1073 παρα

335 1073 397 1105 τοῖς
413 1073 543 1112 πολλοῖς,
566 1073 666 1113 inquit
686 1075 769 1105 idem
794 1081 910 1113 auctor,
935 1077 967 1106 id
991 1082 1051 1113 est,

333 1116 496 1155 opinionem
521 1117 648 1147 levitatis
667 1123 695 1147 et
719 1119 934 1155 inconstantiae,
969 1121 1050 1159 quod

334 1163 436 1188 essent
461 1160 553 1190 modo
579 1161 697 1197 harum,
722 1163 814 1192 modo
834 1164 955 1193 illarum
980 1174 1047 1203 par-

333 1202 421 1232 tium.
468 1203 625 1235 Homerus
642 1205 773 1246 [Odyss.
788 1212 825 1236 Ὑ.
842 1209 914 1238 131.
927 1206 984 1247 55.]

375 1262 495 1294 τοιαύτη
511 1263 639 1316 γὰρέμοῖ
654 1276 750 1305 μητηρ
766 1266 864 1296 mim-{1
882 1278 934 1307 περ
948 1265 1046 1302 ἐοῦσα,

376 1304 576 1346 ἐμπληγδην’
568 1306 657 1349 ε’τερόν
672 1319 705 1347 γε
727 1307 780 1338 τίει
804 1309 934 1350 μερόπων
954 1309 1053 1351 ἀνθρώ-

418 1360 479 1380 πων

375 1391 497 1434 χείρονα,
513 1393 560 1424 τὸν
575 1393 604 1424 δέ
625 1394 654 1424 τ’
674 1393 766 1435 ἀρείον’
785 1396 952 1436 saraphad
977 1397 1051 1428 ἄπο-

420 1435 554 1477 «πέμπει.

333 1504 425 1534 Eust.
442 1503 611 1544 ἐμπλήγδην
625 1507 712 1547 wag&
727 1505 760 1536 τι)
779 1506 974 1547 ἐμπλησσειν,
990 1508 1050 1538 ἦτοι

333 1545 513 1586 ἐμπίπτειν,
536 1547 611 1584 ὅπως
631 1549 663 1580 ἂν
685 1550 772 1592 τύχοι
796 1551 857 1586 τοῖς
879 1551 1049 1593 πράγμασι.

333 1592 404 1621 Nec
426 1592 582 1632 vituperat
602 1597 730 1624 matrem
753 1594 967 1632 Telemachus,
995 1596 1050 1626 sed

336 1635 473 1665 studium
505 1641 596 1676 atque
633 1647 766 1667 amorem
799 1640 865 1677 ejus
895 1638 1049 1678 ingentem

336 1688 410 1717 erga
432 1679 531 1708 virum
547 1680 748 1716 demonstrat,
773 1681 856 1720 quod
872 1681 1049 1712 recentissi-

335 1731 418 1751 mum
428 1733 591 1762 quemque,
602 1724 742 1762 quamvis
753 1735 876 1760 vanum,
886 1726 916 1754 in
933 1726 1049 1755 honore

335 1765 465 1794 haberet
487 1767 638 1797 nuntium.
682 1767 802 1806 objicit
825 1768 966 1798 AEschini
983 1770 1048 1799 De-

334 1809 511 1839 mosthenes
524 1812 574 1842 τῆν
588 1808 753 1850 ἐμπληξίαν
762 1812 812 1845 τῆς
828 1811 995 1849 «πολιτείας,
1010 1812 1050 1842 de

334 1853 466 1890 quojam
481 1864 575 1893 supra
587 1854 736 1884 diximus.
750 1854 818 1884 Cic.
829 1859 917 1885 “non
935 1856 1050 1886 sentire

333 1893 416 1924 idem
441 1906 564 1937 semper
587 1898 626 1927 de
642 1908 709 1938 rep.
726 1898 781 1928 sed
806 1898 889 1928 idem
910 1904 1050 1940 spectare

332 1937 514 1970 debemus.”

376 1999 420 2004 --
435 1982 512 2013 ibid.
533 1983 572 2017 εἷς
587 1985 636 2014 τὴν
651 1982 763 2025 οἰκείαν]
788 1984 941 2014 Subaudis
965 1996 1014 2022 γην
1037 1998 1051 2016 η

333 2025 438 2066 χώραν,
453 2032 562 2056 terram
580 2032 632 2056 aut
650 2037 758 2067 agrum
773 2037 871 2057 suum.
895 2026 1054 2066 ἔμὲάλλειν

333 2073 380 2098 est
396 2070 545 2110 invadere,
557 2069 666 2108 etfines
676 2070 804 2100 aliorum
820 2071 948 2111 ingredi.
966 2071 1053 2101 Idem

332 2111 511 2148 εἶσβάλλειν,
539 2118 570 2142 et
594 2112 698 2146 ἐσβολὴ
723 2113 866 2153 Thucyd.

377 2158 459 2186 -3.
481 2156 509 2185 οὗ
525 2157 808 2197 συνεπιστρατεύσειν
831 2155 995 2197 οὐδετέροις]
1024 2158 1053 2188 Ι.

329 2199 426 2228 nutris
435 2200 555 2238 adjuto?
557 2198 641 2239 esjor
642 2199 996 2258 eadirgferendamitjug
987 2211 1055 2231 iam.

333 2241 495 2280 Denlqsse
477 2253 649 2296 ΕἬΙἾμαχΙιᾱν
658 2254 686 2272 01)
696 2253 860 2273 ’ΠΟΩΊΟὋΨΤΕᾸ
870 2255 936 2283 πξθς
946 2243 1053 2274 ΟυΟΕΤΕ-

332 2295 400 2324 ρους,
416 2284 485 2315 ἀλλ’
495 2285 589 2326 ε’ίωερ,
605 2286 797 2327 συμμαχίαν.
823 2287 896 2316 Hoc
912 2292 960 2316 est
973 2287 1052 2317 enim

333 2328 363 2358 οὐ
378 2328 652 2369 συνεπιστρατεύειν.
685 2331 748 2359 Sed
764 2330 957 2369 explicemus
972 2331 1052 2360 hunc

333 2371 437 2401 locum
464 2383 504 2402 ex
531 2371 727 2412 Thucydide,
757 2374 927 2413 eademque
957 2384 1052 2412 opera

334 2415 547 2454 Thucydidem
570 2416 780 2446 emendemus.
825 2416 878 2446 Sic
889 2416 969 2446 enim
983 2417 1049 2446 edi-

335 2461 400 2486 tum
418 2464 466 2488 est
485 2459 556 2499 [lib.
574 2461 602 2489 Ι.
618 2470 646 2489 ο.
661 2459 732 2500 44.]
762 2460 923 2490 Postridie
951 2464 1050 2491 muta-

335 2505 407 2530 runt
424 2503 601 2532 sententiam
618 2503 824 2533 Athenienses
843 2502 890 2544 [p.
911 2506 984 2535 135.
1001 2504 1050 2534 ed.

335 2545 377 2573 D.
380 2545 393 2586 ]
410 2543 576 2598 Κερκυραίοις
591 2544 774 2598 συμμαχίαν
791 2546 847 2586 μὲν
866 2560 909 2587 μη
932 2547 1051 2577 Ιποιησα-

335 2586 450 2623 &aff
438 2599 515 2617 ωστε
531 2590 595 2623 τοὺς
613 2589 715 2624 αὐτους
739 2588 855 2631 ἐχθροὺς
879 2602 927 2620 και
953 2589 1051 2631 φίλους

333 2630 464 2671 νομίζειν,
488 2631 529 2671 (εἰ
545 2633 599 2672 γαρ
614 2630 662 2662 ἔπι
676 2633 823 2674 Κόρινθον’
814 2632 937 2665 εκέλευον
951 2633 1050 2672 σφίσιν

334 2685 357 2703 οι
378 2676 534 2714 Κερκυραῖοι
550 2674 705 2714 ξυμπλειν,
732 2675 838 2708 {auom—²
852 2689 884 2707 αν
908 2677 1005 2712 αὐτοις
1019 2678 1048 2708 αῖ

334 2716 402 2757 προς
416 2729 481 2752 τους
498 2719 727 2753 Πελοποννησίους
739 2720 894 2759 σπονδαὶ)’
884 2720 1050 2763 επιμαχίαν

333 2759 359 2789 δ’
378 2760 556 2797 ἐποιησοιντο,
584 2774 620 2792 τη
648 2763 780 2793 ἀλληλων
800 2763 918 2801 Beneficia,
941 2764 988 2795 ἒίιν
1003 2776 1049 2798 τις

333 2802 382 2834 ἔπι
393 2804 532 2846 Κέρκυραν
542 2805 579 2846 ἰἠ,
590 2818 606 2836 η
614 2804 765 2840 'Aer'nngun
754 2819 768 2837 η
781 2818 845 2840 τους
856 2808 963 2838 τούτων
971 2807 1048 2848 ξυμ-

333 2849 462 2889 μάχους.
509 2849 604 2879 Illum
626 2849 818 2889 Thucydidis
833 2851 935 2881 locum
951 2856 984 2882 ut
999 2852 1045 2882 in-

335 2892 522 2931 telligerem,
537 2892 614 2922 fecit
627 2892 677 2922 hic
688 2893 921 2924 Demosthenis.
967 2895 1046 2925 Nam

336 2935 396 2964 etsi
419 2936 609 2966 Scholiastes
630 2937 707 2967 hanc
734 2938 846 2976 probat
869 2937 1045 2974 lectionem,

335 2987 435 3018 neque
446 2979 541 3010 ullum
553 2980 582 3010 in
595 2990 630 3009 ea
648 2981 825 3020 scrupulum
841 2979 971 3017 invenit,
986 2982 1044 3011 mi·-

332 3020 364 3050 hi
380 3026 481 3052 tamen
495 3033 646 3063 nunquam
663 3023 823 3055 satisfecit.
868 3024 938 3055 Non
954 3024 1045 3056 dubi-

685 186 943 229 DOUNAEI
977 187 1460 232 PRAELEOTIONES

1089 301 1130 333 to,
1147 301 1350 336 permutatam
1375 307 1444 327 esse
1460 296 1566 327 sedem
1594 295 1688 326 duum
1707 306 1799 328 voca-

1088 340 1239 376 bulorum,
1256 347 1348 379 atque
1363 340 1406 370 ita
1425 340 1588 378 legendum
1602 351 1609 370 ι
1631 339 1799 381 Κερκυραίοις

1086 381 1254 425 ἐπιμαχίαν
1269 384 1323 424 μὲν
1340 385 1383 423 μῆ
1407 383 1598 414 ποιήσασθαι.
1645 385 1686 414 Et
1705 393 1798 413 mox:

1087 426 1271 468 συμμαχίαν
1293 425 1318 456 δ’
1336 426 1513 464 ἐποιήσαντο,
1537 426 1576 468 τῇ
1590 426 1722 457 ἀλλήλων
1737 426 1802 460 βοη-

1087 469 1152 500 θεῖν.
1198 469 1431 510 [Adversantur
1466 472 1604 501 Dounaeo
1649 470 1799 501 Abresch.

1088 514 1246 544 Dilucidd.
1264 514 1379 544 Thucc.
1404 524 1437 552 p.
1449 517 1503 545 49.
1518 518 1550 544 et
1565 513 1739 544 Gottleber.
1762 513 1802 544 ad

1087 557 1182 587 Thne.
1200 562 1222 587 t.
1239 558 1267 587 Ι.
1284 568 1316 597 p.
1333 558 1386 588 95.
1404 558 1526 599 Buca]
1572 556 1665 594 Quod
1679 555 1801 595 perspi-

1086 611 1176 630 cuum
1193 604 1240 630 est
1256 611 1295 630 ex
1312 600 1417 631 verbis
1440 600 1541 640 ipsius
1561 600 1710 637 auctoris,
1734 598 1799 637 pri-

1086 653 1168 673 mum
1181 644 1247 674 his:
1263 644 1286 673 εἶ
1296 646 1351 683 γὰρ
1367 642 1415 674 ἐπι
1432 643 1557 685 Κόρινθον
1572 641 1695 673 ἐκέλευον
1704 641 1801 683 σφίσιν

1086 697 1108 714 οι
1135 688 1290 738 ΙΕερκυραῖοι
1318 687 1477 726 ξυμπλειν.
1520 687 1601 717 Haec
1617 686 1697 716 enim
1716 691 1800 715 certe

1088 727 1160 757 est'
1150 728 1314 770 επιμαχία.
1361 729 1483 758 Deinde
1499 740 1539 759 ex
1564 739 1614 766 eo,
1641 729 1724 768 quod
1749 739 1798 758 se-

1087 770 1210 809 quitur:
1234 770 1400 812 ἐπιμαχίαν
1415 770 1439 801 δ’
1453 771 1633 807 ἐποιησαντο,
1649 784 1685 803 τη
1709 772 1800 803 ἀλλή-

1087 819 1142 843 λων
1157 812 1277 844 Εἷοηθειν.
1299 825 1367 853 quae
1382 815 1524 854 profecto
1550 819 1600 845 est
1622 814 1800 856 ξυμμαχία,

1088 867 1182 896 quum
1197 857 1311 887 bellum
1323 857 1512 893 defenditur,
1524 862 1570 894 ut,
1579 868 1648 888 cum
1660 858 1803 893 infertur,

1087 899 1252 941 ἐπιμαχία,
1265 901 1346 940 quod
1359 900 1516 930 confirmat
1525 900 1602 931 hoc
1594 911 1707 941 ipsum,
1718 902 1803 941 quod

1087 954 1168 974 nunc
1186 949 1352 975 tractamus
1369 943 1607 974 Demosthenis.
1631 944 1680 973 και
1695 947 1751 985 γὰρ
1769 945 1800 974 αἱ

1088 988 1267 1029 συμμαχίαι
1289 998 1386 1017 τουτον
1405 985 1506 1028 ’έχουσι
1528 986 1576 1018 τὸν
1597 986 1714 1027 τρόπον.
1740 998 1800 1027 quo

1088 1031 1200 1061 modo?
1225 1031 1263 1065 εἷς
1276 1032 1325 1063 τὴν
1348 1030 1448 1061 οἰκείαν
1472 1031 1497 1061 εἶ’
1518 1042 1565 1065 τις
1580 1028 1719 1070 ἔμέάλοι,
1735 1031 1800 1064 βοη-

1088 1074 1162 1111 em,
1177 1075 1206 1104 οὗ
1226 1073 1517 1116 συνεωιστρατεύεινε
1540 1084 1609 1114 quae
1625 1078 1674 1104 est
1688 1073 1802 1115 ἐπιμα-

1085 1116 1152 1158 χία.
1200 1118 1355 1149 Praeterea
1376 1117 1550 1148 testimonio
1573 1121 1632 1155 est,
1648 1119 1731 1157 quod
1748 1118 1802 1148 ad-

1081 1162 1201 1200 jicitur,
1215 1159 1253 1191 οἷν
1266 1161 1315 1192 καὶ
1330 1159 1481 1203 φροτίσειεν
1491 1160 1524 1191 ἄν
1538 1171 1594 1196 τις.
1637 1161 1706 1191 Illae
1721 1161 1802 1192 enim

1087 1205 1254 1235 societates
1270 1205 1338 1235 fidae
1363 1210 1433 1235 sunt
1455 1209 1486 1235 et
1501 1205 1608 1242 firmae,
1632 1205 1744 1244 quibus
1766 1216 1800 1236 se

1085 1247 1217 1279 invicem
1240 1249 1426 1286 defendunt3
1448 1248 1550 1284 leves,
1576 1247 1689 1287 quibus
1714 1249 1802 1288 adju-

1085 1296 1169 1322 tores
1183 1292 1259 1321 fiunt
1274 1293 1311 1321 ad
1335 1292 1448 1322 bellum
1465 1291 1533 1321 aliis
1555 1291 1757 1327 inferendum,
1772 1297 1804 1322 et

1086 1334 1149 1365 cito
1174 1336 1365 1365 deseruntur.
1409 1335 1574 1364 Postremo
1600 1334 1803 1375 Thucydides

1085 1378 1154 1418 ipse
1172 1384 1244 1417 post
1258 1388 1357 1418 pauca
1373 1377 1416 1418 [c.
1432 1377 1501 1418 53.]
1526 1388 1591 1408 rem
1605 1377 1695 1415 ponit
1710 1383 1800 1409 extra

1086 1422 1338 1452 controversiam.
1385 1421 1462 1451 Cum
1479 1421 1558 1451 enim
1581 1420 1732 1451 Corinthii
1753 1421 1802 1451 di-

1084 1464 1226 1495 xissent:
1246 1463 1422 1500 ἀδικεῖτε,
1398 1477 1419 1494 m
1436 1463 1527 1504 ἄνδρες
1547 1462 1696 1501 Ἀθηναιοι,
1713 1463 1800 1495 πολέ-

1084 1520 1142 1548 μου
1163 1508 1309 1563 ἄρχοντες,
1328 1519 1377 1538 και
1392 1507 1516 1541 σπονδὰς
1529 1506 1651 1541 λύοντες·
1669 1518 1799 1546 respon-

1085 1552 1178 1582 dent.
1196 1552 1259 1583 οὔτε
1274 1552 1402 1594 ἄρχομεν
1413 1549 1554 1592 πολέμου,
1569 1563 1590 1581 ω
1606 1551 1696 1590 ἄνδρες
1710 1557 1799 1582 Πελο-

1084 1596 1233 1632 ποννησιοι,
1248 1595 1311 1626 οὔτε
1328 1595 1452 1630 σπονδας
1465 1594 1582 1635 λύομεν,
1599 1595 1646 1635 [Ρ.
1661 1596 1736 1625 136.
1749 1596 1800 1625 ed.

1085 1639 1144 1679 D.]
1170 1637 1336 1680 Κερκυραίοις
1363 1637 1392 1669 δὲ
1417 1638 1508 1672 τοῖςδε
1537 1637 1712 1679 ξυμμάχοις
1738 1636 1800 1669 οῧσι

1085 1681 1175 1715 Βοηθοι
1192 1682 1322 1723 ἤλθομεν.
1354 1683 1450 1717 Ecce,
1465 1691 1543 1721 quos
1559 1681 1590 1712 in
1606 1681 1733 1711 tutelam
1751 1692 1800 1712 re-

1084 1731 1241 1766 ceperant,
1264 1725 1444 1766 ξυμμαχους
1475 1724 1621 1776 appellat.
1665 1724 1708 1754 At
1731 1724 1802 1754 loco

1085 1769 1246 1808 superiore
1258 1769 1408 1807 scriptum
1422 1772 1486 1798 est:
1504 1766 1668 1809 ἐπιμαχίαν
1683 1765 1708 1797 δ’
1723 1766 1802 1798 ἐποι-

1083 1823 1202 1849 ησαντο,
1228 1824 1264 1854 τῃ
1293 1812 1426 1842 ἀλληλων
1451 1809 1571 1842 Εοηθεῗν.
1618 1811 1729 1849 Itaque
1750 1811 1801 1841 hic

1085 1856 1275 1886 Scholiastes
1300 1859 1427 1885 coactus
1449 1860 1497 1885 est
1520 1855 1636 1890 dicere,
1663 1855 1715 1885 τὴν
1726 1852 1801 1884 ἐπνι-

1084 1898 1212 1941 μαχίαν,
1228 1896 1410 1940 συμμαχίαν
1429 1897 1518 1938 λέγει.
1563 1897 1625 1928 Sed
1645 1907 1702 1927 cur
1717 1907 1802 1927 com-

1084 1947 1218 1973 mutaret
1231 1942 1297 1972 haec
1309 1941 1450 1971 nomina.
1442 1941 1454 1961 ‘²
1477 1941 1540 1971 imo
1557 1951 1651 1980 supra
1662 1951 1800 1970 commu-

1086 1989 1149 2015 tata
1166 1990 1236 2015 sunt
1253 1984 1329 2016 vitio
1353 1985 1560 2020 librariorum,
1589 1988 1622 2013 ut
1643 1983 1710 2023 jam
1729 1984 1802 2015 luce

1087 2028 1156 2068 ipsa
1171 2028 1284 2058 clarius
1297 2029 1413 2058 ducere
1423 2027 1578 2058 existimo.
1595 2028 1684 2057 Unus
1701 2027 1802 2058 adhue

1087 2075 1185 2101 restat
1210 2072 1390 2111 scrupulus,
1418 2071 1500 2111 quod
1530 2070 1575 2101 ait
1596 2080 1726 2109 magnus
1752 2070 1804 2101 hic

1088 2119 1208 2152 auctor,
1232 2112 1412 2168 ξυμμαχίαν
1443 2113 1499 2154 μὲν
1525 2115 1568 2153 μη
1596 2112 1801 2150 ‘mammaeae

1087 2157 1164 2188 ὥστε
1180 2170 1245 2191 τους
1256 2169 1357 2192 αυτους
1371 2156 1494 2199 ἓχθρους
1507 2157 1555 2187 και
1565 2155 1661 2197 φίλους
1673 2155 1803 2197 νομίζειν,

1088 2201 1171 2241 quod
1186 2201 1289 2232 foedus
1300 2201 1483 2231 offensivum
1496 2203 1528 2229 et
1543 2199 1737 2229 defensivum
1748 2210 1803 2229 vo-

1087 2250 1186 2275 catur.
1231 2244 1303 2274 Hoc
1327 2243 1421 2284 igitur
1448 2242 1601 2282 geminum
1626 2243 1730 2273 foedus
1755 2247 1804 2274 est

1086 2286 1251 2340 ἐπιμαχία,
1265 2297 1339 2324 non,
1352 2291 1386 2316 nt
1399 2286 1491 2325 vulgo
1506 2286 1657 2321 creditur,
1672 2297 1802 2336 συμμα-

1085 2329 1152 2372 χία.
1198 2330 1262 2368 Qui
1282 2330 1360 2361 enim
1377 2329 1544 2360 amicorum
1560 2334 1722 2369 oppugnat
1740 2329 1800 2359 ini-

1085 2375 1195 2410 micos,
1207 2373 1260 2403 hic
1275 2373 1392 2404 amicos
1406 2372 1527 2403 facilius
1540 2373 1688 2403 defendet
1702 2371 1803 2402 laces-

1085 2417 1175 2447 sitos.
1219 2416 1382 2447 AEsohines
1414 2415 1538 2457 [contra
1553 2416 1802 2457 Ctesiphontem,

1084 2471 1116 2500 Ρ.
1132 2463 1208 2492 480³.
1223 2461 1273 2491 ed.
1290 2460 1415 2501 Reisk]
1441 2457 1608 2499 ἀπορῶνδ’“
1599 2457 1655 2495 σ’,τι
1674 2458 1798 2500 χρησαι-

1084 2515 1118 2533 το
1130 2503 1211 2534 αὑτῶ
1231 2503 1403 2557 (Καλλίας
1391 2516 1403 2533 ο
1414 2501 1596 2542 Χαλκιδευς),
1621 2501 1670 2532 καὶ
1686 2513 1801 2541 παραγ-

1083 2545 1258 2586 γελλομένης
1272 2545 1320 2578 ἐπ’
1334 2545 1418 2577 αὐτον
1431 2546 1479 2578 ἤδη
1490 2543 1656 2585 στρατείας,
1665 2543 1736 2585 μίαν
1750 2543 1800 2574 ἐλ-

1083 2589 1152 2620 πίδα
1163 2592 1268 2622 Mam-»³2¹1
1278 2591 1394 2621 κατεῖδε
1409 2602 1461 2624 της
1469 2587 1620 2629 σωτηρίας,
1632 2587 1730 2627 ἔνορκον
1744 2593 1800 2617 λα-

1083 2633 1143 2667 βεῖν
1158 2632 1203 2665 τόν
1228 2631 1377 2665 Ἀθηναίων
1398 2633 1495 2673 δημον,
1511 2632 1675 2672 σύμμαχον
1695 2630 1798 2670 ὄνομα·

1083 2676 1208 2714 σθέντα,
1223 2676 1379 2714 βοηθήσειν,
1392 2675 1439 2708 ἐάν
1453 2688 1500 2711 τις
1514 2675 1561 2707 ἐπ’
1575 2674 1658 2705 αὐτὸν
1672 2673 1708 2714 ἴῃ.
1733 2674 1796 2704 Ρο-

1084 2725 1199 2751 strema
1226 2722 1320 2751 verba
1343 2720 1514 2755 declarant,
1540 2716 1720 2759 συμμαχίαν
1739 2718 1797 2747 foe-

1082 2765 1142 2795 dus
1159 2775 1227 2795 esse
1244 2764 1436 2795 solummodo
1451 2761 1657 2793 defensivum.
1700 2760 1799 2790 Erant

1082 2807 1289 2839 Athenienses
1312 2804 1617 2838 Lacedaemoniorum
1644 2802 1721 2840 socii
1752 2807 1798 2833 at-

1082 2861 1142 2891 que
1157 2851 1248 2882 amici
1263 2862 1270 2881 :
1295 2855 1382 2882 erant
1398 2850 1553 2880 Arcadum
1568 2847 1701 2878 inimici:
1728 2846 1796 2886 qui-

1081 2896 1213 2926 buscum
1240 2895 1387 2925 hactenns
1401 2892 1502 2924 foedus
1521 2892 1667 2927 inierunt,
1681 2900 1720 2920 ne
1734 2891 1794 2920 La.-

1081 2938 1289 2969 cedaemonios
1307 2937 1508 2968 offenderent.
1553 2935 1634 2966 Haec
1649 2937 1699 2964 est
1713 2944 1796 2973 συμ-

1080 2980 1193 3023 μαχία.
1238 2983 1288 3012 De
1303 2990 1363 3021 qua
1378 2978 1615 3019 Xenophontem
1635 2976 1795 3007 audiamus

1081 3024 1199 3066 [rerum
1216 3026 1395 3056 Graecarum
1409 3023 1485 3055 VII.
1503 3024 1534 3055 4
1550 3022 1599 3065 6.]
1622 3031 1685 3056 τοις
1696 3018 1795 3061 μέντοι
