1931 3323
304 187 388 229 518

304 296 440 322 utuntur.
486 293 645 331 Onoqsand.
663 293 795 331 Strateg.
819 303 846 322 c.
869 295 921 323 26,
943 303 1013 333 χξη-

303 337 473 373 σιμώτατον
488 335 519 365 δι’]
531 347 584 365 που
598 337 682 365 τοῦτο
697 336 743 364 καὶ
761 334 826 374 πρὸς
842 335 1015 375 ἑτεςογλαὲσ-

305 389 369 411 σους
384 378 568 418 συμμαχίας
589 381 642 408 τῶν
663 377 755 407 ἐθνῶν·
773 379 834 408 οὔτε
853 382 907 418 γὰρ
926 378 1015 416 λέγειν

305 421 368 450 οὔτε
383 422 493 460 ξυνιενοιι
509 422 650 460 δυνάμενοι
663 423 752 459 φωνῐς
766 420 925 460 ἀλλοτρίας,
937 421 1016 459 αὐτῷ

304 463 347 501 ’τῷ
366 463 608 503 παξασυνθίιμοιτι
627 465 741 503 κξίνῡυσι
763 462 796 493 τό
815 475 846 494 τε
863 463 952 504 φίλιον
967 465 1014 493 καὶ

303 505 337 536 τὸ
354 507 499 547 πολέμιον.
530 508 658 537 Servius
674 508 711 537 ad
735 507 832 536 locum
852 508 937 546 Virg.
950 509 1011 545 jam

305 550 482 586 adductum,
507 555 527 568 “
551 551 574 580 it
605 551 679 580 belli
710 555 822 580 tessera
851 549 1014 588 signum:”

304 597 325 610 “
341 593 519 632 Symbolum
545 593 687 623 bellicum
713 594 794 632 quod
817 593 854 622 ad
882 604 1012 632 pugnam

302 636 485 666 exeuntibus
496 638 597 672 datur,
612 647 656 665 sc.
667 642 792 676 propter
802 636 1012 664 confusionem

305 679 471 715 vitandam,
493 681 546 710 Gr.
570 680 684 709 dicitur
703 677 848 717 σύνθημα,
865 684 896 707 ut
912 678 966 707 fuit
983 678 1011 707 in

303 722 385 752 bello
405 723 495 752 Marii
509 728 518 740 ‘
530 724 589 752 Lar
607 722 714 755 Deus,’
728 721 756 750 in
769 722 862 760 5311ae
880 726 887 737 ¹
900 720 1012 759 Apollo

305 765 533 804 Delpliicus,'in
543 765 690 796 Caesaris‘
704 765 806 792 Venus
816 763 1013 792 Genetrix.''’

304 809 437 848 Appian.
452 807 542 847 Ἐμφ.
559 809 579 838 Ι.
597 808 629 837 ii.
643 808 686 847 [c.
702 806 772 847 76.]
790 807 828 836 de
840 807 945 846 praelio
958 806 1012 836 illo

303 852 388 881 fatali
411 853 449 881 de
474 853 553 881 Caes.
579 856 610 880 et
636 851 746 889 Pomp.
772 851 812 878 τὰ
838 847 1013 888 συνθήματα

301 894 482 929 ἀναδιδόντος,
505 895 516 923 ὅ
537 893 592 933 μὲν
618 894 738 932 Καῖσαρ,
754 891 917 932 Ἀφροδίτην
932 899 1012 922 Νικη-

302 938 390 977 φόρον,
413 938 424 967 ὁ
451 938 478 967 δὲ
505 940 664 976 Πομπηΐας,
696 935 837 975 Ἠρακλέα
862 933 1011 966 Ἀνίκητον.

303 982 402 1010 Ambo
416 982 472 1010 hoo
490 980 649 1014 vocabula,
666 977 796 1019 σύνθημα
810 984 840 1008 et
856 978 1012 1018 σύμβολον,

301 1034 319 1053 a
339 1034 371 1053 re
389 1024 500 1053 bellica
516 1024 556 1052 ad
573 1023 719 1052 eroticum
738 1027 890 1052 certamen
909 1022 1011 1051 tradu-

302 1066 351 1096 xit
367 1067 476 1096 Acbill.
491 1066 559 1096 Tat.
577 1066 615 1095 de
632 1066 737 1104 vipera
757 1071 786 1094 et
803 1075 935 1094 muraena
951 1065 972 1095 l.
990 1065 1011 1095 i.

301 1109 367 1151 [ap.
392 1110 458 1151 sim]
484 1108 550 1138 ὅταν
572 1108 611 1141 εἷς
629 1107 675 1138 τὸν
689 1110 783 1148 γάμον
802 1106 941 1137 ἐθέλωσιν
956 1109 1010 1137 ἀλ-

300 1152 392 1185 λήλοις
407 1151 557 1187 συνελθεῖν,
574 1153 585 1181 ὃ
600 1151 654 1190 μὲν
669 1152 706 1185 εἷς
726 1150 771 1181 τὸν
785 1150 912 1188 αἶγιαλόν
927 1149 1013 1181 ἐλθὼν

301 1195 405 1235 συξίζει
422 1196 488 1235 πρὸς
503 1197 551 1225 τὶν
567 1194 728 1228 Θάλασσαν,
744 1195 781 1235 ’τῇ
801 1195 917 1235 μυξαίνῃ
933 1194 1012 1233 σύμ-

300 1239 389 1273 βολον·
411 1241 424 1270 ἦ
445 1239 473 1269 δὲ
494 1237 611 1278 γνυρίζει
626 1239 659 1268 τὸ
679 1237 829 1277 σύνθημα,
845 1237 892 1266 καὶ
910 1236 941 1266 ἐκ,
959 1241 1013 1267 τῶν

300 1282 440 1321 κύματ-ων
461 1281 620 1311 ἀναδύεται.
660 1284 758 1320 Atque
785 1281 813 1309 in
837 1281 894 1309 boc
920 1291 1010 1310 sensu

300 1325 425 1355 militari
443 1325 570 1354 sumitur
584 1324 741 1364 σύμβολον,
757 1334 824 1353 cum
838 1323 1012 1362 antiquissi-

301 1379 378 1398 mam
400 1369 480 1398 illam
506 1378 637 1397 normam
656 1373 687 1397 et
710 1367 924 1406 compendium
943 1367 1011 1397 fidei

302 1422 447 1441 vocamus
463 1415 470 1429 ‘
481 1413 658 1450 Symbolum
672 1408 916 1450 Apostolorum)
955 1411 1013 1440 Est

301 1455 381 1485 enirn
396 1456 452 1484 boo
463 1454 651 1494 Symbolum,
662 1460 732 1483 nota
749 1465 799 1482 seu
815 1458 944 1488 tessera,
958 1464 1010 1483 seu

301 1498 420 1537 signum
439 1509 500 1538 quo
516 1497 702 1527 discernitur
719 1496 805 1526 miles
821 1496 1011 1526 Christianus

301 1543 338 1571 ab
357 1542 498 1572 Ethnico.
545 1540 712 1570 Vocabulis
732 1539 810 1570 enim
829 1539 1012 1569 militaribus

301 1585 429 1614 multum
446 1585 599 1614 delectata
616 1584 738 1613 videtur
757 1582 851 1613 Prim.
868 1583 1011 1621 Eccles.;

300 1629 382 1657 unde
399 1630 407 1645 ‘
423 1628 563 1658 Ecclesia
585 1625 740 1662 militans,’
763 1630 794 1656 et
809 1631 817 1644 ‘
834 1627 1010 1655 Sacramen-

300 1670 388 1707 tum‚'
406 1677 436 1701 et
456 1671 616 1709 ejusmodi,
630 1672 718 1708 juxta
736 1669 812 1699 illud
830 1670 924 1698 sancti
943 1669 1010 1699 Iob.

303 1713 348 1753 [c.
369 1714 421 1743 vii.
439 1715 485 1754 1.]
512 1718 532 1731 “
550 1714 664 1743 Militia
686 1718 731 1741 est
759 1713 822 1742 vita
847 1711 1010 1741 hominis.''

302 1757 417 1787 Ruffin.
431 1758 459 1786 in
478 1757 561 1795 Exp.
575 1757 712 1796 Symbol.
727 1755 770 1795 [ᾗ.
784 1756 831 1796 52.]
858 1756 936 1784 “Nc
951 1765 1010 1793 qua

301 1800 365 1829 doli
376 1800 533 1839 subreptio
543 1800 603 1835 fiat,
616 1799 760 1838 Symbola
771 1799 904 1828 discreta
915 1808 1008 1826 unus-

300 1843 429 1882 quisque
456 1844 522 1872 dux
549 1843 613 1871 suis
642 1842 788 1871 militibus
815 1842 919 1875 tradit,
942 1851 1009 1879 quae

301 1886 410 1917 Latine
429 1887 476 1916 vel
498 1887 583 1924 signa
599 1885 648 1915 vel
671 1884 784 1914 indicia
805 1883 1009 1921 nominantur,

300 1930 455 1959 utsiforte
469 1928 713 1967 occurreritquis
724 1928 829 1966 dequo
839 1927 1008 1962 dubitetur,

298 1974 503 2011 interrogatus
514 1972 684 2011 symbolum
699 1971 775 2010 prod
783 1975 810 2000 at
820 1971 846 2000 si
859 1970 898 2000 sit
914 1970 1009 2000 bostis

298 2027 334 2046 an
363 2014 499 2045 socius.’'
548 2015 727 2054 Symbolum
751 2014 846 2053 igitur
876 2014 1008 2054 Aposto-

296 2059 410 2094 lorum,
437 2057 526 2097 quasi
556 2059 675 2097 signum
705 2062 736 2087 et
764 2062 890 2092 tessera,
916 2057 1008 2095 γνώςι-

298 2113 368 2141 σμα
383 2101 431 2130 καὶ
446 2101 594 2140 σύνθημα,
611 2100 717 2130 militis
734 2099 913 2129 Christiani.
938 2101 1006 2129 Non

298 2145 379 2175 enim
393 2146 485 2184 (pace
503 2141 835 2183 Augustinisswiffissom
850 2142 1007 2182 Apostoli-

298 2199 368 2219 oum
389 2188 516 2222 dictum,
536 2187 623 2227 quasi
646 2187 774 2224 collatio,
799 2193 818 2214 Α
842 2192 951 2214 SHoTT
975 2196 1009 2216 or

299 2238 411 2261 RECKO
418 2238 514 2266 NING,
524 2242 540 2260 a
550 2230 720 2270 συμβάλλω
729 2230 855 2270 confero,
865 2229 912 2258 vel
926 2230 1005 2268 quod

299 2274 443 2314 Apostoli
468 2274 498 2303 in
529 2285 617 2304 unum
644 2273 863 2303 convenientes
895 2272 1008 2312 singuli

300 2318 459 2348 articulum
470 2327 557 2347 suum
572 2317 757 2350 conferrent,
770 2316 819 2346 vel
835 2315 935 2354 “quia
944 2316 1008 2345 col-

297 2361 359 2391 lata
377 2360 408 2390 in
431 2370 522 2391 unum
543 2360 699 2391 catholicae
721 2359 798 2398 tegis
817 2359 906 2394 fides,
926 2369 1007 2398 sym-

300 2404 363 2433 boli
381 2404 529 2434 brevitate
544 2402 721 2443 colligit-iffi
738 2403 790 2443 (ut
804 2401 940 2440 loquitur
954 2402 1007 2432 ille

300 2445 405 2487 [Tom.
422 2458 452 2477 x.
468 2448 608 2486 Append.
622 2456 712 2477 serm.
730 2444 817 2487 423)
839 2445 914 2474 'rum
928 2445 1007 2475 enim

299 2500 357 2519 non
373 2495 453 2519 esset
467 2490 659 2529 Symbolum,
676 2489 731 2519 sed
747 2488 907 2529 Symbola:
924 2494 1007 2519 certe

298 2531 442 2572 σύμξολον
451 2543 505 2571 pro
513 2533 665 2563 collatione
674 2543 731 2562 non
744 2531 896 2571 reperitur
906 2531 934 2560 in
945 2532 1006 2561 ullo

297 2576 427 2615 probato
444 2577 497 2605 Gr.
515 2581 651 2612 auctore,
663 2576 716 2605 sed
730 2579 843 2604 tantum
859 2574 1007 2614 συμβολὴ,

298 2619 378 2649 unde
403 2619 505 2649 δεῖπνον
527 2618 583 2649 ἀπὸ
605 2617 756 2657 συμβολῆς
774 2618 822 2647 vel
842 2616 1006 2657 συμέολῶν,

295 2672 376 2692 coena
406 2662 560 2697 collatitio,
586 2668 683 2691 CLUB.
714 2660 879 2699 symbolam
910 2661 1008 2697 dedit,

296 2705 509 2740 coenavit,non
520 2704 702 2745 symbolum.
726 2704 796 2740 Quo
807 2704 904 2743 magis
912 2704 1006 2734 miror

295 2749 424 2779 doctiss.
443 2748 608 2787 Lexicogr.
634 2747 678 2777 H.
704 2747 848 2787 Stephan.
872 2748 1003 2786 Symbo-

294 2791 358 2822 lum
373 2791 586 2831 Apostolicum
604 2790 706 2829 potius
723 2791 760 2819 ab
776 2790 832 2820 hac
849 2789 1002 2828 siguifica—

294 2834 376 2865 tione
393 2835 479 2865 verbi
495 2833 678 2874 συμβάλλειν
693 2832 845 2867 derivare,
859 2843 946 2871 quam
963 2834 1000 2863 ab

292 2879 399 2914 altera,
412 2877 499 2917 quasi
514 2877 661 2917 σύμβολον
675 2877 830 2906 diceretur
842 2876 928 2914 quasi
941 2877 1000 2906 col·

291 2921 362 2951 latio
379 2931 433 2951 seu
449 2921 599 2957 collecti03
623 2930 690 2950 cum
708 2924 805 2949 tamen
822 2919 887 2959 ipse
903 2919 997 2949 fatea-

288 2968 338 2994 tur
353 2974 386 2993 se
405 2964 519 2994 nullum
537 2975 574 2994 ex
592 2962 732 2993 classicis
750 2962 926 2992 auctoribus
942 2972 996 2992 ex-

286 3006 418 3046 emplum
436 3008 561 3038 citatum
579 3007 715 3037 invenire
728 3005 869 3037 nominis.
918 3005 995 3045 Σύμ-

592 187 640 228 Τ.
674 184 948 228 STANLEII
985 183 1459 227 ANNOTATIONES

1050 289 1126 321 ἔολον
1140 292 1233 332 igitur
1246 291 1468 331 Apostolicum,
1479 291 1564 331 quasi
1574 295 1693 322 tessera
1701 288 1758 319 mi-

1051 335 1158 370 litaris,
1185 335 1334 374 σύνθημα,
1357 335 1516 374 γνώρισμα.
1568 336 1668 373 Atque
1689 333 1755 362 haec

1050 378 1146 416 prima
1168 384 1214 407 est
1237 379 1416 418 significatio
1439 378 1528 417 hujus
1550 377 1646 412 vocis,
1665 385 1755 416 quam

1050 422 1135 460 sequi
1160 422 1281 450 videtur
1311 422 1377 450 Lat.
1405 421 1521 459 Interp.
1548 420 1576 450 in
1603 420 1661 449 hoo
1687 420 1755 448 loeo

1051 464 1211 493 Demostli.
1234 465 1304 493 dum
1331 464 1425 493 vertit
1448 469 1589 493 tesseram.
1641 462 1702 491 Sed
1726 465 1758 491 et.

1049 508 1144 536 altera
1166 511 1225 542 est,
1242 517 1309 546 quae
1331 517 1388 536 non
1410 506 1509 536 minus
1530 506 1579 535 hic
1600 505 1756 539 convenit,

1049 561 1107 588 qna
1128 551 1249 588 ponitur
1267 551 1331 579 liaec
1348 559 1409 578 vox
1428 550 1455 578 in
1478 560 1532 579 usu
1553 548 1677 583 forensi,
1696 547 1756 577 viz.

1047 592 1169 633 ἐνέχυρον
1181 594 1226 622 rel
1235 594 1324 622 etiam
1335 590 1465 633 ἀρ’ῥαζῶν,
1473 594 1591 631 pignus,
1599 590 1691 621 arrha
1700 600 1754 620 seu

1047 636 1182 671 arrhabo,
1196 642 1213 663 Α
1228 642 1374 664 PLEDGE
1386 646 1418 664 or
1428 641 1601 669 EARNEST,
1611 633 1758 673 quicquid

1048 679 1174 708 daturin
1187 678 1304 715 signum
1314 689 1366 707 sen
1376 684 1585 716 argumentum
1597 678 1757 716 cujuscun-

1048 732 1105 760 que
1119 726 1292 750 contractus
1305 720 1471 750 ratificandi
1484 725 1536 750 ant
1546 719 1756 756 confirmandi,

1048 765 1115 793 sive
1133 763 1275 803 promissi
1293 764 1358 792 sive
1374 762 1490 792 debiti:
1509 774 1576 793 nam
1593 762 1756 802 σύσσημον,

1047 807 1202 846 σύμβολον,
1219 804 1350 847 ἐνέχυξον,
1367 805 1502 846 ἆρ’ῥαβὼν,
1519 807 1549 835 ἱιι
1568 808 1622 836 bac
1639 806 1756 843 signiti-

1048 851 1167 880 catione
1180 850 1259 878 idem
1276 857 1355 879 sunt.
1386 848 1453 878 Etsi
1470 849 1549 878 enim
1564 849 1688 887 proprie
1702 848 1754 879 ἐνέ-

1046 904 1128 935 χυςον
1146 893 1185 922 sit
1202 891 1233 921 τὸ
1249 891 1387 932 δεδομένον
1399 891 1475 932 ὑπὲρ
1488 890 1584 932 χρέους
1603 892 1639 925 εἷς
1656 893 1754 931 ἀσφά-

1047 943 1136 972 λειαν,
1150 937 1259 976 pignus
1281 945 1335 965 seu
1352 934 1509 974 hypotheca
1525 931 1568 965 r‘ei
1582 945 1645 975 quae
1659 936 1756 965 credi-

1047 981 1104 1009 tori
1119 979 1157 1008 ad
1172 979 1358 1008 securitatem
1374 978 1508 1008 truditur
1529 977 1577 1007 vel
1596 978 1756 1018 obligatur,

1046 1024 1127 1061 quod
1140 1020 1165 1051 ἐν
1177 1020 1270 1062 ἑχυςῷ
1279 1026 1380 1060 ponat,
1392 1021 1421 1050 in
1434 1026 1499 1051 tuto
1512 1021 1643 1051 collocet
1654 1021 1755 1051 credi·

1047 1071 1107 1095 tam
1133 1065 1304 1105 pecuniam,
1331 1064 1423 1102 vulgo
1449 1070 1571 1092 PAWNS
1591 1074 1624 1093 or
1648 1071 1755 1093 MORT-

1049 1115 1154 1143 GAGE,
1163 1107 1195 1137 τὸ
1207 1107 1244 1142 εἰς
1256 1108 1416 1147 ἀσφάλειαν
1426 1107 1640 1145 ἀντάλλαγμα.
1657 1105 1757 1148 Ἀῥρα-

1046 1151 1101 1184 βὼν
1115 1157 1213 1181 autem
1228 1152 1257 1180 in
1276 1150 1449 1181 venditione
1467 1154 1497 1178 et
1513 1150 1667 1189 emptione
1683 1161 1756 1189 pro-

1045 1196 1112 1233 prie
1130 1196 1229 1225 locum
1249 1195 1368 1228 habeat,
1388 1198 1420 1223 ut.
1436 1193 1475 1222 sit
1496 1193 1621 1232 proprie
1644 1193 1755 1232 pignus

1046 1239 1127 1277 quod
1139 1239 1176 1267 ab
1190 1243 1306 1267 emente
1320 1237 1409 1266 datur
1420 1237 1562 1266 vendenti
1574 1236 1603 1265 in
1617 1241 1754 1266 anteces-

1047 1292 1110 1311 sum
1121 1281 1282 1311 solutionis
1291 1280 1398 1318 integri
1410 1279 1552 1318 pretii,ad
1562 1279 1755 1309 securitatem

1048 1335 1091 1354 sc.
1110 1324 1291 1358 venditoris,
1309 1328 1339 1352 ut
1356 1333 1418 1352 rem
1435 1333 1504 1351 esse
1517 1328 1647 1361 emptam
1667 1323 1755 1358 sciat,

1048 1368 1061 1397 ἡ
1082 1366 1129 1397 ἐπὶ
1145 1368 1211 1399 ταῖς
1226 1367 1307 1400 ὠναῖς
1323 1367 1402 1405 παρὰ.
1416 1368 1470 1394 τῶν
1484 1363 1635 1405 ὢνουμὲνοον
1650 1376 1755 1405 προκα-

1047 1410 1156 1443 ταβολῆ
1168 1408 1244 1449 ὑπὲρ
1260 1410 1434 1448 ἀσφαλείας,
1447 1413 1478 1438 ut
1489 1414 1521 1437 ut
1532 1409 1595 1438 liaec
1605 1408 1648 1438 ita
1662 1419 1693 1438 se
1705 1409 1756 1438 ba-

1049 1455 1149 1484 beant.
1194 1453 1429 1482 Consunduntur
1456 1456 1555 1480 tamen
1586 1451 1755 1490 saepissime

1048 1497 1093 1526 bae
1111 1507 1218 1526 voces:
1243 1502 1273 1526 et
1287 1495 1413 1526 arrhabo
1429 1495 1466 1524 de
1483 1495 1611 1534 pignore
1626 1495 1750 1531 dicitur,

1047 1541 1129 1579 quod
1143 1545 1248 1570 mutuo
1509 1538 1545 1567 ad
1559 1537 1755 1569 securitatem

1048 1583 1192 1613 creditori
1218 1581 1442 1621 praestandam3
1467 1586 1497 1610 et
1515 1583 1625 1622 pignus
1645 1582 1684 1611 de
1708 1591 1756 1611 ar-

1046 1627 1191 1662 rhabone,
1207 1625 1258 1665 qui
1282 1627 1311 1656 in
1335 1624 1499 1664 emptionis
1517 1630 1547 1654 et
1567 1624 1754 1655 venditionis

1047 1675 1201 1699 contractu
1219 1667 1392 1698 intercedit.
1420 1669 1591 1706 Utrumque
1607 1667 1755 1707 σύμβολον

1046 1718 1076 1742 et
1088 1712 1250 1752 σύσσημον.
1277 1711 1460 1751 [Hermipp.
1476 1721 1525 1749 ap.
1539 1710 1618 1739 Poll.
1636 1721 1665 1749 p.
1678 1713 1753 1742 483.

1045 1757 1093 1784 ed.
1111 1756 1208 1785 Basil.
1224 1754 1335 1794 1536]
1353 1755 1431 1793 παρὰ
1447 1755 1500 1782 τῶν
1512 1753 1646 1783 καπῆλων
1662 1754 1752 1791 λήψο-

1043 1811 1101 1837 μαι
1114 1799 1146 1827 τὸ
1161 1798 1316 1837 σύμβολον.
1331 1797 1441 1837 pignus
1451 1807 1467 1825 a
1484 1797 1663 1834 cauponibus
1677 1798 1753 1827 occi-

1042 1843 1134 1881 piam,
1151 1842 1217 1871 sive
1233 1839 1364 1870 arrham.
1410 1838 1556 1878 Σύμβολον
1570 1841 1649 1868 enim
1670 1840 1754 1878 quic-

1044 1885 1117 1923 quid
1141 1885 1238 1914 arrliae
1260 1884 1329 1912 loco
1353 1883 1454 1912 datur.
1489 1882 1598 1920 Lysias
1616 1881 1661 1923 [p.
1680 1885 1753 1914 154.

1047 1930 1096 1959 13.
1112 1929 1161 1957 ed.
1182 1926 1305 1966 steph]
1323 1925 1411 1960 ’έλαβε
1431 1923 1574 1964 σύμςολον
1590 1927 1676 1965 wag&
1698 1925 1752 1957 βα-

1043 1970 1146 2006 σιλέως
1160 1972 1209 2000 τοῦ
1224 1970 1367 2009 μεγάλου.
1392 1969 1504 1998 Atben.
1522 1969 1543 1998 l.
1559 1969 1603 1998 iii.
1622 1968 1666 2008 [c.
1683 1970 1752 2011 3⁴2]

1043 2013 1180 2054 σύμέολά
1198 2025 1243 2047 τις
1263 2010 1480 2052 ἀπαιτούμενός
1492 2018 1573 2051 φησι.
1596 2012 1715 2051 qnidam
1735 2025 1754 2042 ιι

1043 2067 1097 2097 qno
1121 2058 1247 2097 symbola
1278 2056 1495 2094 repetebantur.
1540 2055 1639 2084 Vetus
1663 2056 1752 2086 Com.

1042 2101 1124 2140 apud
1152 2100 1231 2130 Poll.
1259 2100 1306 2140 [p.
1332 2100 1406 2130 483.
1431 2098 1480 2128 ed.
1504 2098 1618 2139 1536]
1646 2099 1754 2138 οἴμοι,

1042 2143 1073 2173 τί
1098 2143 1190 2183 δςέισω
1214 2141 1360 2182 σύμβολον
1393 2140 1569 2181 κεκαρμένος.
1600 2143 1644 2171 1ιεί
1667 2141 1751 2178 mihi,

1042 2188 1113 2227 qnid
1131 2185 1252 2228 jucium
1271 2184 1395 2225 symbolo
1424 2190 1588 2214 emunctus.
1614 2184 1750 2224 κεκάρθαι

1042 2231 1109 2261 sive
1131 2231 1242 2270 καρῆναι
1262 2230 1418 2268 eleganter
1438 2227 1552 2257 dicitur
1575 2227 1626 2266 qui
1648 2228 1750 2266 aliqua

1041 2284 1074 2303 re
1097 2278 1258 2303 emunctus
1282 2277 1313 2301 et
1332 2270 1482 2310 spoliatus
1504 2274 1559 2300 est.
1578 2271 1751 2301 “consiliis

1043 2316 1155 2346 nostris
1174 2316 1240 2346 laus
1256 2320 1304 2345 est
1321 2320 1438 2344 attonsa
1454 2313 1640 2344 Laconum.'’
1664 2313 1746 2354 [Cic.

1040 2361 1134 2390 Taso.
1158 2359 1180 2388 l.
1205 2369 1236 2389 v.
1263 2357 1332 2398 17.]
1371 2355 1522 2394 Quoniam
1546 2362 1645 2387 autem
1668 2368 1750 2396 sym-

1042 2403 1142 2433 bolum
1153 2413 1206 2432 seu
1216 2402 1328 2442 pignus
1342 2401 1414 2430 dare
1427 2410 1487 2429 non
1503 2400 1612 2435 solent,
1624 2400 1679 2431 nisi
1694 2401 1748 2440 qni

1041 2445 1183 2485 praesenti
1204 2445 1334 2484 pecunia
1358 2442 1575 2479 destituuntur,
1590 2443 1660 2473 hinc
1677 2444 1750 2474 ada-

1041 2489 1124 2529 gium
1141 2489 1179 2518 de
1195 2488 1316 2518 homine
1333 2497 1442 2526 egeno,
1458 2490 1489 2516 et
1504 2485 1553 2516 cui

1040 2533 1163 2571 quidem
1176 2540 1365 2561 nummorum
1376 2529 1523 2569 suppetit,
1532 2527 1589 2559 οὐδὲ
1601 2528 1748 2569 σύμβολον

1038 2575 1112 2616 ἔχει.
1129 2584 1163 2604 ne
1173 2574 1334 2613 symbolum
1347 2573 1460 2613 quidem
1469 2572 1564 2602 habet.
1588 2572 1689 2610 Atque
1703 2573 1747 2603 ita

1039 2619 1087 2648 bic
1115 2616 1259 2657 σύμέολον
1285 2627 1340 2656 pro
1364 2617 1485 2655 pignore
1508 2626 1562 2645 seu
1589 2615 1693 2656 arrha,
1717 2620 1748 2645 et

1037 2660 1180 2701 σύμέολον
1194 2663 1246 2695 τῆς
1258 2658 1407 2700 σωτηρίας,
1428 2660 1536 2698 pignus
1553 2658 1666 2689 salutis.
1690 2659 1746 2688 Gr.

1038 2704 1226 2744 posteriores
1249 2709 1376 2733 externa
1398 2701 1452 2731 illa
1475 2701 1572 2740 sigua,
1596 2711 1649 2731 sen
1673 2700 1746 2730 Ele—

1036 2752 1137 2777 menta
1163 2746 1386 2781 Eucharistica‚
1407 2744 1552 2784 Symbola
1576 2743 1744 2783 appellant,

1035 2791 1120 2831 quasi
1140 2789 1278 2828 symbola
1298 2799 1351 2818 seu
1371 2788 1458 2826 signa
1473 2787 1610 2825 corporis
1628 2791 1660 2816 et
1675 2797 1744 2816 san-

1034 2834 1135 2872 guinis
1153 2832 1280 2868 Christi,
1298 2842 1364 2871 quae
1380 2835 1411 2860 et
1426 2828 1566 2870 σύμβολα
1581 2831 1633 2862 viic
1645 2840 1742 2861 σωτη-

1031 2876 1090 2917 ρίας
1101 2877 1163 2906 dici
1176 2879 1317 2916 possunt,
1331 2873 1427 2904 arrhae
1436 2883 1491 2903 seu
1501 2874 1626 2912 pignora
1638 2873 1743 2903 salutis

1031 2926 1146 2950 nostran
1179 2918 1336 2949 Differ-unt
1350 2915 1490 2957 σύμβολα
1506 2920 1538 2945 et
1556 2914 1740 2954 συμβόλαια.

1030 2961 1166 3002 σύμέολα
1183 2966 1254 2992 sunt
1262 2963 1400 3002 pignora,
1408 2964 1525 2995 lessam,
1538 2964 1621 2995 ποῖα,
1634 2958 1741 2988 arrha-

1030 3007 1110 3037 bones
1125 3005 1177 3046 (ut.
1188 3003 1342 3044 diximus)
1352 3003 1401 3044 qui
1411 3003 1524 3033 dantur
1532 3000 1740 3041 adfirmandos
