1931 3323
334 213 417 254 372

335 321 541 360 Πλειστοάναξ,
556 332 610 351 rex
627 331 743 357 eorum,
758 322 897 360 ἀπόγονος.
941 324 1044 362 Reges

335 364 415 393 enim
453 365 754 396 Lacedaemoniorum
791 371 875 397 erant
910 366 1045 396 Hercule

334 407 468 437 oriundi.
495 409 588 438 Hunc
599 409 803 440 reducendum
820 409 850 439 in
863 410 991 450 patriam
1004 410 1045 440 A·

335 451 421 503 pollo
437 452 591 488 monebat,
604 460 655 481 ant
669 453 776 483 famem
794 455 1045 506 exspectandam.

334 492 474 533 ἀναφὲξειν
497 497 551 535 γὰρ
576 493 608 525 -ra
636 497 780 534 κατάγειν.
802 497 922 526 simum
946 497 974 527 δὲ
999 499 1046 526 τὴν

335 534 386 567 ύνιν
404 538 627 568 Lacedaemonii
644 540 760 574 dicunt,
776 540 808 569 id
825 545 883 576 est,
896 551 1044 570 20¹.me⁷em

336 579 383 619 [p.
396 582 448 611 43.
461 581 509 611 ed.
524 582 563 610 D.
567 581 579 621 ]
596 582 731 623 εὐλάξειν,
747 583 859 623 ἀξὸσειν.
883 584 1047 623 lrocigitur

336 623 437 653 voluit
464 626 637 655 oraculum:
673 627 700 656 οὐ
727 627 925 657 λυσιτελησειν
951 628 1047 660 αὐτοῖς

336 668 386 697 τῆν
401 668 448 705 γῆν
463 678 600 708 γεωργειν,
615 670 694 700 ὥσπε
698 682 708 695 :¹
724 669 745 698 εἰ
761 671 886 708 ἇξγυξοῖς
901 669 1048 710 ἐργαλείοις

337 707 471 750 ἒχξωντο,
484 712 527 741 ait
543 713 743 748 Scholiastes,
761 711 807 751 [p.
822 716 898 743 713.
914 719 936 742 t.
954 715 980 742 Ι.
997 714 1045 744 ed.

337 753 490 795 Οοῑιίεῧ.]
515 760 546 784 ut
570 755 665 794 igitur
686 755 715 784 οὐ
741 757 900 790 λυσιτελεῖ,
924 755 950 784 si
978 756 1047 795 quis

335 805 428 826 aureo
442 798 612 836 piscaretur
624 799 724 833 hamo,
739 799 783 828 sic
798 799 826 828 οὐ
843 798 901 828 λύει
913 797 955 827 τοὶ
967 800 1048 834 τέλη,

335 839 364 868 si
382 840 430 870 vel
452 850 544 870 aureo
562 842 611 871 vel
634 846 780 879 argenteo
797 852 921 872 vomere
943 842 1048 880 fruges

335 889 501 921 quaereret,
519 884 571 913 sed
589 884 659 923 plus
672 885 845 914 detrimenti
861 894 949 923 quam
965 895 1048 913 emo-

335 926 462 955 lumenti
480 933 613 965 caperet.

335 970 394 1004 xit,
421 968 554 1009 [OEdipo
570 972 727 1008 Tyranno,
744 980 773 999 v.
790 972 864 1000 316.
885 971 928 1009 s.]
952 969 1048 997 διαλε-

335 1010 473 1050 λυμένως,
489 1013 590 1052 φξονεῖν
603 1014 638 1045 ὡς
652 1012 740 1047 δεινὸν,
756 1011 824 1041 ἔνθα
837 1013 878 1049 μὴ
895 1011 965 1042 τέλη
988 1011 1047 1042 λύει

333 1056 481 1094 φρονοῦντι.
507 1055 557 1084 ubi
582 1055 770 1085 Triclinius:
804 1053 866 1084 ἔνθα
892 1054 925 1085 τὸ
949 1056 1049 1095 φξονεῖν

333 1098 362 1127 οὐ
384 1098 542 1133 λυσιτελεῖ,
568 1108 627 1127 non
649 1108 741 1136 operte
760 1096 890 1136 pretium
913 1105 966 1134 est,
989 1109 1048 1129 non

333 1141 458 1178 expedit,
476 1152 535 1170 non
548 1147 589 1171 est
603 1143 690 1171 tanti.
712 1141 871 1172 Juvenalis
888 1141 968 1182 [IX.
982 1142 1048 1172 Sat.

334 1194 367 1213 v.
383 1186 436 1214 027.
455 1184 498 1225 5.]

345 1246 366 1259 “
381 1243 466 1273 Utile
483 1247 513 1273 et
528 1243 586 1273 hoe
602 1242 707 1274 'multis
722 1243 794 1276 vitae
808 1255 918 1284 genus,
934 1249 964 1274 at
975 1244 1049 1274 mihi

507 1287 622 1316 nullum

378 1330 456 1359 Inde
471 1340 574 1369 operae
591 1330 756 1369 pretinm.''

335 1387 403 1418 Cic.
418 1388 471 1429 [ad
487 1389 623 1419 Atticum
635 1390 683 1419 ΙΙ.
694 1400 743 1429 ep·
755 1393 807 1421 13.
816 1391 914 1431 extr.]
927 1394 947 1408 “
956 1401 1049 1430 quare

334 1431 410 1461 mihi
441 1433 546 1467 erede,
576 1436 785 1473 φιλοσοφῶμεν,
831 1435 960 1464 Juratus
991 1434 1050 1464 tibi

334 1484 465 1513 possum
481 1475 596 1511 dicere,
620 1476 695 1506 nihil
720 1487 790 1506 esse
808 1477 916 1513 tanti,''
933 1478 965 1507 id
992 1482 1050 1513 est,

335 1517 409 1548 οὐδὲν
437 1518 503 1548 εῖναι
533 1519 766 1560 λυσιτελέστεζον
793 1522 843 1550 τοῦ
875 1522 1052 1560 φιλοσοφεῖν.

334 1561 455 1591 Plinius
467 1562 572 1600 junior
583 1563 621 1592 ad
638 1564 812 1602 Trajanum,
826 1563 1050 1604 [Panegyri00‚

335 1615 363 1635 c.
379 1607 410 1634 6.
425 1605 452 1645 ᾗ.
466 1604 512 1644 2.]
531 1610 552 1622 “
566 1606 597 1635 Si
614 1611 713 1636 tamen
728 1608 792 1636 baec
805 1608 870 1637 sola
882 1612 946 1637 erat
960 1608 1050 1644 ratio,

335 1658 403 1686 quae
420 1652 449 1677 te
471 1649 604 1687 publicae
627 1650 736 1679 salutis
759 1651 974 1690 gubernaculis
998 1652 1052 1681 ad-

335 1695 485 1726 moveret,
509 1702 607 1731 prope
635 1698 684 1739 ejt
709 1697 740 1722 ut
764 1694 947 1729 exclamem,
973 1695 1051 1724 tanti

333 1733 464 1763 fuissess’
487 1740 589 1764 λυσιτε
592 1737 688 1765 λῦσαι.
714 1736 819 1766 Simile
834 1738 907 1766 illu
923 1738 1052 1773 Lucani,

338 1775 735 1818 [11b1v33s07s]

346 1839 367 1853 “
383 1836 474 1874 Quod
491 1836 517 1866 si
534 1848 592 1867 nou
606 1837 696 1867 aliam
710 1843 840 1868 venturo
855 1839 918 1868 fata
934 1840 1052 1870 Neroni

378 1881 533 1910 Invenere
548 1881 643 1917 viam,
658 1887 718 1911 etc.

377 1923 448 1953 Jam
467 1923 554 1959 nihil,
570 1934 588 1953 ο
606 1925 729 1963 Superi,
744 1925 909 1964 querimur.
934 1926 1053 1957 scelera

509 1967 570 1996 ista
585 1969 729 2008 nefasque

380 2008 452 2038 Hac
467 2011 610 2040 mercede
627 2010 781 2050 placent.’'

334 2069 423 2108 quasi
453 2070 582 2104 diceret,
610 2075 658 2099 est
686 2071 760 2101 tanti
789 2071 951 2102 defunctos
982 2082 1052 2102 esse

336 2116 384 2142 tot
399 2113 489 2142 hellis
513 2113 670 2144 civilibus.
716 2114 879 2153 Euripides
902 2115 1053 2156 [inAlce·

337 2155 429 2193 stide,
446 2167 475 2186 v.
493 2158 568 2187 630.
586 2157 629 2198 s.]
647 2157 784 2196 simplici
802 2159 915 2188 verbo:

595 2217 672 2256 φημὶ
687 2217 828 2253 τοιούτους
842 2218 954 2257 γάμους

379 2258 452 2290 λύειν
466 2257 613 2300 ξεστοῖσιν,
628 2260 642 2291 ἢ
659 2262 766 2300 γαμεῖν
778 2261 826 2290 οὐκ
839 2261 924 2300 ἄξιον.

336 2323 392 2348 aut
408 2328 527 2349 uxorem
542 2320 647 2349 ducere
660 2330 717 2349 non
732 2321 857 2359 expedit.
883 2331 1053 2360 quanquam

337 2361 427 2391 aliter
442 2362 629 2393 Scholiastes
650 2362 702 2393 ille
718 2363 849 2402 exponit
871 2363 972 2394 locum
997 2365 1053 2394 So-

337 2405 480 2443 phoclis:
504 2406 621 2446 εἴρηται,
636 2406 731 2445 φησιν,
752 2405 784 2436 ἐκ
806 2409 976 2447 μεταφοςῖις
997 2409 1055 2436 τῶν

337 2446 427 2487 φόροις·
441 2447 637 2488 υποκειμένων,
651 2462 694 2483 ους
708 2448 734 2480 εἴ
752 2461 798 2483 τις
820 2452 877 2480 τῶν
891 2450 978 2490 φόρων
992 2449 1051 2489 ἐξὲ-

337 2495 393 2525 λοι,
407 2492 562 2522 λυσιτελεῖ.
578 2492 624 2533 [p.
638 2496 690 2523 44
700 2493 750 2522 ed.
764 2495 792 2522 D
796 2494 820 2534 .]
836 2495 914 2523 Nam
928 2492 962 2523 τὸ
973 2493 1055 2528 τελος

338 2538 388 2562 est
403 2534 492 2564 etiam
508 2534 597 2575 φόρος,
613 2536 750 2577 vectigal,
766 2537 925 2566 tributum.
936 2537 1054 2576 prodest

339 2574 386 2605 hic
402 2578 529 2615 quilem,
544 2584 573 2607 et
596 2580 679 2609 valde
703 2580 868 2610 commodus
883 2585 935 2615 est,
951 2580 976 2609 si
992 2582 1054 2620 quis

337 2619 519 2650 tributorum
534 2631 623 2651 onera
636 2623 744 2653 demat.
780 2624 842 2653 Sed
859 2623 943 2662 prior
959 2623 1053 2662 signi-

337 2662 440 2692 ficatio
455 2664 505 2692 τοῦ
520 2662 619 2697 τέλους
633 2664 705 2694 hnic
722 2667 818 2696 verbo
839 2666 914 2696 mihi
931 2666 1054 2697 videtur

339 2706 450 2746 aptior.
466 2707 636 2747 Sophocles
653 2707 699 2747 [in
715 2709 850 2745 Electra,
866 2720 913 2740 vs.
925 2709 1037 2750 1005.]

415 2764 474 2795 λύει
488 2767 543 2806 γὰρ
558 2766 635 2805 ἡμᾶς
649 2765 732 2802 οὐδὲν,
748 2766 800 2797 οὐδ’
814 2765 976 2807 ἐπωφελεῖ.

337 2825 420 2864 quod
438 2824 497 2854 utri
515 2824 555 2854 sit
569 2824 816 2863 interpretationi
837 2827 978 2866 propius,
994 2829 1052 2858 Le-

337 2868 547 2907 ctorjudicet.
581 2869 750 2898 Atlienaeus
768 2870 838 2910 [lib.
855 2871 910 2900 Vl.
928 2881 959 2909 p.
975 2873 1050 2902 227.

337 2912 375 2941 F.
392 2912 442 2940 ed.
460 2912 607 2952 Casaub]
630 2922 681 2941 καν
701 2911 757 2951 μὲν
777 2911 869 2942 οὐσίαν
887 2913 952 2955 ἔχῃ,
974 2926 1004 2948 ης
1021 2916 1051 2945 αἶ

337 2953 464 2993 πρόσοδοι
481 2954 578 2984 λύουσι
600 2956 815 2994 τάναλώματα.
838 2957 861 2986 si
876 2966 936 2985 rem
956 2957 1050 2994 habet,

336 2998 422 3036 cnjus
436 2999 550 3027 aeditus
559 3003 685 3036 pensant
701 2999 849 3037 impensas.
887 3000 1050 3030 Postremo

334 3046 475 3079 tanquam
489 3041 696 3080 Colophonem
712 3042 788 3073 illud
800 3042 961 3074 Juvenalis
975 3054 1050 3082 quo-

657 928 708 957 Sic
725 928 803 956 enim
818 927 988 965 Sophocles
1002 925 1056 956 di-.

684 212 954 255 DOUNAEI‘
972 213 1451 259 PRAELECTIONES

1079 334 1137 363 que
1154 324 1312 360 addamus,
1330 323 1411 365 [Sat.
1424 324 1487 354 ΙΙΙ.
1502 334 1531 354 ν.
1547 326 1599 355 21.
1612 322 1653 364 s.]

1091 396 1112 409 “
1127 391 1190 422 Hic
1218 396 1289 423 tuno
1311 391 1496 428 Umbrifius,
1519 392 1641 431 quando
1663 391 1794 427 artibus,

1252 435 1362 475 inquit,
1375 435 1513 465 honestis

1122 479 1234 510 Nullus
1250 480 1280 509 in
1294 481 1368 510 urbe
1383 480 1482 515 locus,
1497 478 1579 509 nulla
1590 477 1794 508 emolumenta

1251 521 1422 564 laborum‚”

1079 582 1247 621 migremus
1262 594 1302 613 ex
1326 584 1411 619 urbe,
1435 582 1468 612 id
1492 586 1551 618 est,
1568 581 1687 621 quando
1709 590 1794 610 com-

1080 627 1192 664 pendia
1203 632 1295 666 atque
1309 627 1513 656 emolumenta
1524 636 1582 655 non
1595 629 1795 664 compensant

1080 670 1210 706 labores,
1226 681 1303 709 quos
1319 670 1429 700 studiis
1444 668 1663 708 impendimus.

1123 730 1167 735 —-
1182 713 1257 743 ibid.
1281 714 1342 747 τοῖς
1365 715 1518 753 τολμῶσιν
1538 711 1579 753 ὃν]
1609 710 1706 748 Quasi
1733 720 1794 739 non

1082 765 1187 785 omnes
1212 755 1245 785 id
1268 757 1423 791 auderent,
1440 767 1475 785 ac
1490 766 1528 785 ne
1544 755 1632 785 multi
1648 753 1792 793 quidem:

1082 798 1184 827 nullus
1201 799 1333 837 denique
1347 809 1405 828 non
1418 799 1546 828 audacia
1559 797 1705 836 singulari
1718 807 1795 836 prae-

1082 840 1176 870 ditus.
1198 841 1247 871 καῖ
1260 841 1345 870 τοῦτό
1359 853 1410 878 μοι
1424 841 1498 870 δοκεῖ
1509 840 1599 878 λέγειν
1610 839 1794 878 ἀποτεινόμε-

1082 892 1121 915 νος
1136 880 1200 921 προς
1216 881 1361 921 Αἰσχίνην·
1372 881 1400 915 ὃς
1416 882 1447 912 ἐκ
1459 882 1627 916 Μακεδονίας
1640 882 1797 913 ἐπανελθὼν

1082 922 1139 953 ἀπὸ
1159 926 1209 957 τῆς
1232 924 1395 963 πρεσβείας,
1418 927 1542 966 μακροὺς
1565 925 1699 965 διεξῆλθεν
1715 925 1741 955 ἐν
1755 925 1800 964 τῷ

1082 967 1162 1007 δήμῳ
1177 967 1244 1007 πρὸς
1255 966 1301 996 τὸν
1315 969 1455 997 Φίλιππον
1468 968 1621 1008 εἰρημένους
1633 968 1713 1008 αὐτῷ’
1727 968 1796 1009 ὑπὲξ

1081 1009 1285 1050 Ἀμφιπόλεως
1301 1010 1410 1048 λόγους,
1427 1017 1461 1041 ut
1475 1012 1544 1051 ipse
1565 1014 1663 1051 jactat
1681 1018 1796 1052 φιλοτι-

1080 1053 1221 1094 μούμενος
1234 1053 1260 1083 ἐν
1275 1053 1314 1095 τῇ
1325 1053 1467 1095 ἀπολογία
1479 1057 1529 1090 τῆς
1544 1054 1798 1096 παξαωςεσβείας,

1083 1108 1166 1137 saepe
1182 1098 1238 1127 hae
1254 1087 1318 1127 arte
1334 1099 1520 1138 promeritus
1537 1099 1695 1138 populum.

1124 1159 1167 1163 --
1182 1141 1258 1170 ibid.
1283 1140 1369 1175 οὑτως
1386 1142 1510 1181 ἦγουμαι
1525 1142 1652 1183 φορτικόν
1662 1153 1709 1171 και
1723 1152 1798 1171 επα-

1081 1182 1174 1225 χθὲς]
1193 1184 1272 1214 Haeo
1286 1186 1347 1214 duo
1363 1185 1493 1221 nomina,
1504 1197 1571 1225 quae
1587 1197 1671 1226 saepe
1685 1191 1720 1215 ut
1736 1196 1799 1215 συν-

1082 1229 1181 1266 ώνυμα
1195 1228 1389 1269 copulantur,
1406 1229 1525 1259 Seneca
1541 1230 1578 1258 ad
1595 1231 1723 1259 verbum
1742 1239 1799 1258 ex-

1083 1271 1207 1311 pressit,
1220 1271 1276 1311 [de
1284 1272 1585 1312 benefic11s11.c.0.›.]
1601 1273 1799 1302 “Molestum

1084 1316 1211 1344 verbum
1229 1320 1287 1350 est,
1312 1325 1488 1352 onerosum,
1506 1320 1536 1346 et
1558 1316 1694 1346 demisso
1710 1316 1798 1346 vultu

1084 1358 1260 1392 dicendum,
1272 1357 1395 1399 Rogo.”
1418 1357 1524 1399 φορτίον
1536 1359 1616 1389 enim
1632 1369 1716 1395 omas,
1727 1358 1801 1388 ἐπα-

1083 1400 1174 1441 χθὲς,
1204 1402 1362 1431 molestum.
1402 1401 1555 1444 ἄχθομαι,
1583 1403 1697 1433 moleste
1715 1401 1802 1443 fero.

1087 1444 1177 1474 Dem.
1196 1444 1266 1497 [pro
1280 1445 1410 1481 Cmona,
1422 1456 1455 1485 p.
1446 1448 1538 1476 ‚226
1543 1446 1557 1486 ]
1574 1447 1635 1480 τοῖς
1649 1446 1802 1477 ἐπαινοῦσι

1086 1485 1132 1516 δ”
1123 1488 1239 1522 εαυτοὺς
1253 1487 1424 1529 ἄχθεσθαι.
1460 1489 1611 1524 Laertius,
1630 1490 1712 1530 [vit.
1725 1489 1802 1519 Phi-

1086 1531 1144 1561 los.
1156 1531 1230 1561 V.11
1244 1532 1334 1573 11e.]
1358 1531 1456 1574 ἄχθος
1465 1531 1541 1563 λύπη
1554 1532 1717 1572 βαξύνουσα.
1732 1533 1801 1564 Cic.

1087 1578 1108 1591 “
1120 1575 1271 1614 aegritudo
1286 1575 1454 1614 premens‚'
1457 1575 1526 1606 'vel
1542 1577 1643 1616 potius
1656 1586 1799 1615 gravans.

1088 1616 1135 1656 [p.
1151 1620 1204 1649 45.
1219 1619 1268 1648 ed.
1285 1620 1313 1647 D
1319 1619 1346 1672 ‚J’
1362 1618 1460 1659 ἄχθος
1475 1619 1567 1649 etiam
1592 1624 1640 1650 est
1661 1629 1745 1657 ortus,
1768 1624 1803 1650 ut
1824 1631 1829 1636 ·

1086 1659 1200 1691 ἐτώσιον
1216 1661 1314 1703 ἄχθος
1331 1662 1450 1702 ἀρούρης,
1467 1663 1582 1693 telluris
1595 1664 1704 1694 inutile
1723 1674 1801 1702 pon-

1087 1704 1153 1734 dus.
1197 1705 1368 1744 Sophocles
1384 1706 1423 1735 de
1437 1706 1519 1741 Diis,
1535 1706 1646 1745 [Ajace
1663 1707 1802 1743 horario,

1087 1758 1134 1776 vs.
1149 1748 1221 1778 951.
1225 1747 1237 1788 ]
1252 1759 1300 1777 και
1313 1750 1369 1787 μὴν
1384 1747 1458 1786 ἄγαν
1468 1747 1626 1790 ὑπερέριθές
1637 1748 1696 1780 τόδ’
1710 1748 1802 1791 ἄχθος

1086 1801 1197 1821 ηνυσαν·
1214 1791 1266 1831 qui
1289 1791 1507 1822 interemerant
1528 1793 1667 1831 Ajacem,
1683 1799 1714 1824 et
1738 1794 1801 1823 Mi-

1086 1844 1211 1864 nervam
1239 1834 1350 1864 innuit.
1393 1836 1451 1864 Est
1477 1834 1569 1865 etiam
1594 1835 1680 1877 ἄχος,
1713 1836 1804 1872 λύπη,

1086 1877 1227 1913 molestia,
1242 1877 1321 1907 unde
1336 1876 1445 1918 ἄχθος,
1457 1882 1491 1908 ut
1503 1878 1639 1918 μαλακὸς
1650 1878 1805 1920 μαλθακος

1087 1920 1194 1949 addita
1209 1921 1310 1950 litera.
1354 1921 1421 1951 Cic.
1436 1921 1509 1961 [pro
1527 1922 1652 1952 Rabirio
1669 1924 1755 1953 Post.
1773 1934 1802 1953 c.

1088 1963 1186 2003 10.·]
1179 1968 1201 1982 ‘
1213 1963 1354 1994 odiosum
1370 1965 1528 2003 negotium
1546 1965 1696 1996 Postumo
1712 1966 1802 1996 vitle-

1087 2005 1208 2037 baturfl’
1222 2007 1347 2048 φορτικὸν
1356 2009 1493 2048 πρέἰγμα.
1507 2008 1697 2039 “molestum
1710 2010 1802 2040 etiam

1086 2060 1195 2080 nomen
1211 2051 1324 2089 ipsum.
1329 2050 1346 2064 ''
1369 2049 1507 2092 ἐπαχθὲς
1520 2051 1568 2081 καὶ
1583 2051 1718 2092 τοῦνομα.
1739 2055 1802 2083 're-

1087 2094 1217 2130 renuas,
1232 2093 1417 2134 [Heautont.
1427 2095 1492 2124 111.
1504 2096 1536 2130 3,
1547 2095 1593 2136 6.]
1612 2099 1621 2112 ‘
1633 2096 1681 2126 vel
1691 2096 1778 2126 heri'
1770 2106 1803 2126 m

1087 2136 1234 2167 convivio
1249 2147 1339 2176 quam
1359 2137 1559 2167 immodestus
1578 2137 1686 2168 fuisti?
1710 2149 1802 2178 quam

1087 2180 1236 2210 molestus
1246 2179 1269 2209 ?'
1289 2179 1416 2221 φοξτικόν
1430 2181 1511 2211 enim
1527 2181 1585 2210 suit
1600 2180 1646 2210 καὶ
1662 2181 1801 2223 ἄκοσμον,

1088 2227 1097 2242 ‘
1108 2234 1228 2253 manum
1241 2234 1300 2253 non
1315 2224 1478 2260 abstinere,
1486 2223 1613 2253 amicam
1624 2224 1715 2255 amici
1728 2227 1802 2255 sub-

1087 2267 1203 2306 agitare
1219 2266 1251 2296 in
1263 2266 1429 2302 convivio‚'
1440 2266 1506 2306 [vel
1520 2267 1693 2308 subigitare,
1705 2273 1737 2298 ut
1748 2269 1800 2299 ed.

1088 2309 1222 2340 Bentlei.
1247 2310 1298 2349 qui
1314 2314 1346 2340 et
1359 2310 1391 2339 in
1405 2311 1474 2340 loco
1490 2314 1579 2340 antea
1600 2311 1727 2341 laudato
1747 2312 1803 2342 de·-

1087 2353 1147 2382 dit:
1176 2353 1224 2384 vel
1240 2353 1306 2383 heri
1321 2353 1352 2383 in
1368 2353 1503 2383 vino——.
1519 2351 1624 2394 Beck]
1641 2359 1675 2384 ut
1696 2354 1802 2385 Comi-

1087 2406 1142 2425 cus
1157 2395 1303 2436 loquitur.
1347 2397 1417 2427 Jam
1438 2396 1465 2426 si
1484 2397 1646 2427 molestum
1661 2401 1692 2427 et
1708 2408 1803 2437 grave

1088 2443 1135 2469 est
1147 2441 1186 2469 ab
1203 2439 1263 2469 alio
1283 2440 1403 2470 laudari
1425 2440 1526 2476 nimis,
1543 2444 1578 2469 nt
1592 2439 1691 2480 inquit
1709 2441 1801 2471 Euri-

1086 2483 1189 2522 pides,
1200 2482 1320 2523 [Orest.
1331 2484 1442 2525 1162]
1454 2481 1534 2523 Ca'zgoc
1546 2495 1577 2513 τι
1588 2481 1638 2524 κᾴν
1648 2482 1716 2523 τῷδ’
1724 2483 1805 2515 ’ἐστιν

1087 2525 1230 2556 αἰνεῖσθαι
1246 2525 1320 2563 λίαν,
1335 2532 1447 2566 quanto
1464 2526 1574 2566 magis,
1598 2527 1623 2556 si
1645 2531 1676 2556 te
1697 2527 1801 2567 ipsum

1087 2569 1263 2608 importune
1279 2570 1464 2600 laudaveris.
1509 2570 1694 2600 “Antonius
1714 2571 1802 2607 milri,

1087 2612 1188 2652 inquit
1211 2613 1334 2649 Cicero,
1362 2613 1418 2654 [ad
1445 2612 1584 2644 Atticum
1607 2613 1653 2642 X.
1677 2623 1726 2652 ep.
1753 2614 1802 2655 8.]

1088 2656 1238 2695 praemisit
1253 2656 1375 2687 odiosas
1395 2655 1534 2691 literas,''
1549 2656 1580 2685 in
1596 2656 1708 2695 quibus
1723 2662 1801 2694 erat,

1089 2699 1201 2738 “Quia
1217 2705 1246 2729 te
1264 2701 1357 2730 nimio
1375 2700 1446 2739 plus
1467 2699 1576 2739 diligo,
1593 2709 1651 2728 non
1675 2710 1802 2738 possum

1088 2743 1294 2780 dissimulare,
1307 2742 1381 2773 mihi
1395 2743 1504 2773 famam
1516 2752 1649 2781 quoque,
1663 2744 1803 2782 quamvis

1088 2786 1129 2816 sit
1144 2787 1231 2822 falsa,
1245 2786 1346 2826 magni
1359 2785 1450 2816 esse.'
1453 2785 1603 2826 ’φορτικὰ
1617 2786 1802 2826 γράμματα.

1089 2830 1291 2859 Veruntamen
1309 2830 1462 2860 Pindarus
1476 2828 1638 2864 affirmans,
1645 2828 1800 2881 [Olymp.

1086 2873 1152 2902 IX.
1168 2873 1236 2913 59.]
1252 2885 1286 2902 το
1301 2870 1469 2913 καυχᾶσθαι
1483 2873 1562 2912 mig&
1579 2882 1669 2912 καιςον
1682 2871 1800 2911 μανίαι-

1086 2927 1130 2945 σιν
1155 2915 1327 2955 ὑωοκςεκειν,
1354 2916 1386 2945 id
1408 2921 1466 2950 est,
1494 2913 1624 2954 συναδειν,
1648 2917 1800 2946 concinere

1086 2960 1218 2994 insaniis,
1228 2965 1349 2997 tempus
1362 2968 1431 2988 esse
1443 2957 1570 2993 indicat,
1580 2968 1648 2987 cum
1660 2957 1712 2987 id'
1702 2969 1799 2998 εμμε-

1085 3004 1141 3035 λῶς
1168 3003 1228 3031 liat.
1262 3011 1328 3030 nam
1355 3007 1386 3030 et
1412 3000 1573 3030 Plutarchi
1599 3001 1723 3032 libellus
1750 3007 1799 3031 est

1085 3044 1146 3086 περὶ
1162 3046 1212 3075 τοῦ
1227 3044 1419 3085 ἀνεπιφθόνως
1432 3042 1552 3076 ἐπαινεῖν
1579 3042 1687 3075 ἑαυτόν.
1732 3045 1802 3076 Xe-
