1931 3323
321 215 405 255 278
674 215 708 256 I.
744 216 779 256 I.
811 215 1036 259 REISKE
1070 216 1393 257 ANNOTATA

503 362 586 403 AD
620 362 1018 404 DELATIONEM
1053 362 1115 402 IN
1146 361 1574 405 THEOCRINEM.

365 540 459 569 1322.
473 542 502 569 1.
525 538 617 579 ἡμῶν]
636 543 699 569 erat
716 539 792 569 euim
810 538 903 569 actori
920 538 1022 572 frater,

321 581 537 616 Aristocrates,
566 584 653 622 cujus
683 583 753 612 facit
784 583 965 612 mentionem
993 591 1021 619 p.

322 626 414 656 1343.
432 628 462 654 4.

361 684 405 691 --
426 671 454 697 ⁶2.
471 667 537 707 πρὸς
551 669 598 697 τὴν
615 666 710 706 πόλιν]
726 668 754 696 b.
775 677 802 697 e.
816 667 844 696 in
861 677 951 696 causa
967 677 1022 704 pu-

320 709 409 740 blica.
425 712 533 741 tulerat
548 711 625 740 enim
640 716 726 749 pater
737 710 859 744 actoris,
872 710 921 747 qui
939 716 1022 738 actor

319 758 367 784 est
382 753 557 791 Epichares,
575 754 684 791 legem,
697 753 825 781 vetustis
836 753 956 790 legibus
969 753 1020 782 ad-

320 802 570 834 versantem‚quo
586 796 664 825 sacto
681 798 822 833 majestas
835 794 942 834 populi
957 795 1020 825 vio-

317 837 446 870 labatur.
467 850 496 868 v.
514 849 543 877 p.
560 841 653 869 1:326.
673 842 702 867 Ξ.

360 898 403 906 -—
418 884 448 912 3.
465 881 579 921 διπλοῦ]
604 880 673 920 quia
689 880 801 910 mulcta
816 880 868 911 illa
883 890 942 911 non
958 880 1021 910 fue-

319 928 365 956 rat
382 929 459 954 stato
476 929 611 962 tempore
628 924 736 953 soluta.

362 984 403 989 —
424 969 452 997 6.
477 966 731 1007 ὑπολογισάμενος]
755 967 841 1005 'I'ayL
867 966 932 996 vult
956 966 1022 996 ὑπο-

318 1010 511 1047 λογισάμενον.
534 1011 593 1039 Sed
611 1010 732 1048 vulgata
750 1010 823 1040 bene
839 1009 937 1038 habet.
971 1009 1021 1040 In-

318 1051 453 1081 finitivus
470 1053 557 1082 etiam
579 1063 646 1081 curn
668 1052 853 1081 nominativo
872 1056 951 1081 amat
970 1063 1021 1081 co—

317 1095 428 1132 pulari.
445 1096 493 1124 vel
509 1095 613 1124 referri
636 1099 739 1135 potest
759 1094 962 1125 nominativus
984 1096 1021 1125 ad

319 1137 476 1176 ἡγησάμην.

362 1182 454 1210 1323.
470 1183 501 1210 4.
528 1179 641 1221 ταῦτα]
666 1181 766 1210 malim
783 1180 905 1214 ταύτας.
930 1185 963 1210 ut
981 1181 1020 1211 ad

317 1220 436 1262 ἐνδείξεις
451 1223 566 1252 redeat.

359 1283 402 1289 ·—
416 1267 446 1295 5.
459 1265 636 1305 καινότατον]
650 1268 845 1301 novissimum,
860 1267 1020 1296 recentissi-

316 1318 408 1338 mum.
420 1319 486 1338 nam
502 1310 577 1338 alias
595 1310 776 1339 vocabulum
788 1310 845 1339 hoc
862 1309 939 1338 solet
954 1320 1020 1338 ora-

317 1355 365 1381 tor
381 1352 470 1381 aliter
482 1362 639 1391 usurpare,

359 1411 402 1417 —
419 1398 469 1426 14.
494 1395 594 1434 Νόμος.
621 1395 735 1436 odom]
762 1395 849 1428 Φάσις
873 1394 1021 1433 expunxi.

316 1442 400 1466 reete
418 1438 496 1468 enim
516 1449 546 1477 p.
567 1440 660 1468 1324.
676 1440 708 1467 7.
731 1438 851 1468 demum
875 1447 929 1466 suo
953 1437 1020 1466 loco

316 1479 436 1519 legitur.
459 1482 589 1510 nondum
606 1481 657 1510 illa
674 1481 762 1514 Φάσις
779 1481 923 1510 recitatur
936 1481 1020 1518 (nam

314 1522 347 1552 id
376 1533 406 1562 p.
425 1526 518 1554 1324.
540 1524 661 1554 demum
683 1524 740 1563 fit),
761 1524 816 1553 sed
842 1523 891 1554 lex
909 1524 1020 1553 solum-

314 1566 416 1597 modo.

357 1625 400 1632 ·—
419 1611 468 1640 18.
493 1607 555 1639 ἔστι
578 1608 622 1648 δὲ]
644 1608 765 1638 correxi
787 1607 831 1638 ἔτι
855 1607 883 1638 δὲ
902 1609 1020 1647 judicio

315 1660 395 1681 meo.
405 1658 541 1690 proeterea
555 1663 661 1692 quoque
670 1653 711 1682 les
721 1652 778 1681 haec
790 1653 843 1681 ista
855 1653 1021 1682 denuntiat.

315 1695 495 1724 subauditur
509 1696 586 1725 enim
604 1694 731 1733 προλέγει
747 1695 759 1723 ὁ
773 1694 854 1732 νόμος
869 1705 884 1724 e
902 1697 997 1724 v.-16.

358 1753 400 1759 —
418 1741 470 1768 20.
486 1735 508 1766 ὦ
524 1736 661 1777 Θεοκςίνη]
679 1738 742 1767 baec
758 1738 813 1767 tibi
829 1738 911 1767 dicta
927 1738 1018 1767 velim

316 1783 348 1809 et
363 1780 478 1818 scripta
493 1781 661 1810 existimes.

356 1827 466 1854 -Ἡ,
494 1825 533 1853 τὰ
561 1825 612 1856 τῆς
639 1821 762 1862 πόλεως]
787 1822 855 1852 scil.
879 1820 980 1857 δίκαιοι,
1004 1821 1018 1854 ἢ

316 1865 508 1906 συμφέρονται.

357 1926 400 1932 —-
416 1911 466 1939 ⁹23.
491 1910 570 1938 κατὰ
585 1908 691 1938 ταύτην
705 1906 754 1938 την
769 1907 888 1947 ἔνδειξιν]
913 1918 1018 1937 secun-

315 1951 386 1982 dum
403 1951 490 1987 hanc,
515 1961 602 1990 quam
626 1952 715 1989 jussu
741 1951 836 1988 patris
860 1956 965 1980 contra
987 1955 1018 1982 te

314 1994 440 2024 exhibui
464 1995 596 2034 praetori,
617 1994 853 2029 accusationem,
869 1993 958 2023 titulo
978 1992 1018 2023 ἔν-

315 2035 430 2076 δείξεως.

356 2098 397 2102 -
408 2082 459 2110 24.
477 2079 606 2122 φῇναντι]
623 2079 742 2109 correxi
759 2077 883 2120 φῇνοιντα,
898 2090 936 2109 ex
953 2079 1017 2109 edi-

312 2122 395 2152 tione
416 2128 447 2152 et
467 2125 640 2161 conjectura
656 2122 776 2152 Wolfii.
821 2122 1017 2152 Constructio

313 2165 378 2194 haec
398 2171 460 2195 est:
484 2167 530 2195 aio
546 2165 727 2195 Theocrinem
742 2166 832 2194 teneri
857 2165 898 2204 τῷ
915 2165 1018 2205 [culpa

314 2207 381 2248 τοῦ]
398 2210 439 2248 μὴ
450 2207 623 2247 ἐπεξελθεῖν,
639 2208 714 2248 quod
726 2218 784 2237 ποη
801 2214 964 2245 persecutus
978 2214 1019 2238 est

313 2250 402 2287 litem,
410 2250 542 2292 φῇναντα,
551 2258 744 2290 posteaquam,
754 2251 842 2290 φάο-ιν
851 2250 1019 2280 exhibuisset

312 2300 413 2324 contra
443 2294 609 2324 Micionem.
646 2293 768 2334 φῄναντσι
800 2304 856 2322 non
887 2294 1017 2323 cohaeret

314 2346 380 2366 cnm
398 2335 520 2367 Μικίωνα.
536 2337 588 2372 ita,
606 2341 638 2366 ut
651 2337 687 2366 ad
704 2347 771 2366 eum
787 2337 946 2372 reseratur,
961 2337 1016 2366 sed

313 2379 442 2409 refertur
466 2381 503 2409 ad
529 2377 675 2418 Θεοκςίνην.
699 2384 730 2409 et
750 2383 798 2409 est
824 2378 904 2408 idem
929 2389 964 2409 ac
990 2380 1017 2409 si

313 2421 463 2473 dixisset:
488 2421 586 2454 ἐπειδὴ
600 2422 690 2464 ’έφῃνεν
712 2422 723 2451 ὁ
743 2420 880 2462 Θεοκρίνης
898 2421 944 2451 τὸν
963 2428 1015 2451 Μι-

312 2474 405 2494 mewa.

357 2509 451 2537 1394.
468 2511 499 2539 4.
513 2507 562 2537 καὶ
577 2507 648 2546 μηδὲ
666 2507 732 2538 ἒῖὶτε
747 2507 842 2546 λόγους
857 2506 958 2544 λέγειν,
973 2509 1016 2538 εὑ-

311 2547 456 2590 ρεθήσεται
472 2549 607 2591 τάληθὲς]
627 2551 761 2581 correxi:
781 2550 879 2590 καῖμῆ
890 2549 954 2579 {ez-re
971 2550 1017 2580 λό-

311 2604 375 2631 γους
387 2592 486 2628 αὐτοὺς
501 2592 589 2630 λέγειν
612 2592 695 2633 [h.e.
711 2596 752 2632 μὴ
776 2592 954 2634 ἐπιτρέπητε
968 2594 1017 2623 αὖ·

311 2635 371 2669 τοῖς
390 2634 485 2674 λόγους
500 2634 616 2676 λὲγειν],
633 2636 758 2676 εὑρήσετε
779 2635 917 2670 τάληθές.
938 2637 1018 2666 inve-

312 2679 397 2708 nietis
411 2688 521 2713 verum,
536 2679 559 2707 si
574 2689 632 2707 non
648 2681 744 2708 sinetis
757 2689 800 2709 eos
813 2689 907 2719 nugas
921 2689 1017 2719 agere,

311 2726 339 2751 et
353 2721 508 2751 mendaciis
519 2730 565 2749 vos
579 2722 796 2751 circumvenire.

356 2765 451 2794 1325.
468 2767 497 2795 4.
512 2763 590 2802 μήτε
610 2765 673 2797 τοὺς
690 2763 810 2804 ἄλλους]
832 2764 863 2793 id
881 2768 939 2799 est,
953 2765 1018 2797 τοὺς·

311 2807 354 2845 μὴ
369 2806 530 2839 ἀδικοῦντας
543 2807 598 2834 τῶν
615 2804 752 2846 ἔμπέξων.
772 2806 937 2836 dissimiles
954 2807 1017 2836 illis

311 2849 543 2885 mercaioribus,
567 2848 728 2888 improbis,
749 2849 779 2878 h.
800 2860 828 2879 e.
850 2850 963 2888 probos
987 2854 1018 2879 et

311 2891 466 2922 honestos.

355 2952 398 2958 -
413 2936 444 2964 8.
459 2936 514 2965 τῶν
532 2932 788 2973 συκοφαντούντων]
810 2933 912 2963 malim
935 2944 1017 2963 συκο-

313 2979 423 3015 φαντῶν
435 2977 464 3006 in
480 2976 666 3006 nominativo
681 2976 838 3016 singulari,
849 2981 881 3005 et
891 2975 955 3006 sine
970 2987 1015 3006 ar-

313 3019 420 3056 ticulo,
445 3019 564 3050 tametsi
589 3019 727 3059 sequitur
755 3018 855 3048 αὐτᾶν.
880 3029 947 3049 nam
974 3030 1017 3053 τις

1056 536 1271 575 complectitur
1283 536 1517 570 multitudinem,
1528 540 1557 565 et
1573 535 1664 567 αὐτῶν
1678 535 1759 566 idern

1057 585 1114 615 est,
1131 585 1221 618 atque
1236 581 1291 608 τῶν
1306 579 1445 610 τοιούτων.
1489 578 1546 607 Sed
1566 579 1667 616 potius
1687 579 1757 608 dedi

1055 624 1094 653 de
1112 633 1177 652 ineo
1193 633 1281 652 sensu
1297 622 1360 662 ποιῇ
1372 624 1410 652 τὰ
1426 624 1479 651 τῶν
1494 621 1743 660 συκοφαντούντων.

1099 684 1141 689 -—
1164 669 1213 697 13.
1232 665 1254 694 εἷ
1278 665 1332 705 μέν
1353 677 1383 695 τι
1407 664 1594 703 πεποιηκότα]
1616 665 1714 694 malim
1735 664 1758 694 εἶ

1055 707 1108 746 μέν
1129 721 1157 738 τι
1179 709 1253 742 εἰδὼς
1278 708 1469 738 πεποιηκότα.
1493 718 1557 737 nam
1582 707 1648 738 sine
1665 708 1758 737 dubio

1056 752 1143 781 deest
1159 752 1187 781 h.
1201 752 1220 781 Ι.
1238 757 1291 783 aut
1306 751 1392 787 εἰδὼς,
1406 758 1457 782 aut
1472 751 1570 781 simile
1582 750 1668 788 quid,
1683 755 1759 779 tam-

1056 795 1111 823 etsi
1129 794 1269 823 Dorville
1295 795 1330 823 ad
1357 794 1512 825 Chariton.
1528 804 1558 832 p.
1583 795 1655 823 642.
1678 793 1758 832 Tay-

1055 836 1118 866 loro
1131 835 1681 871 ευῑιεοι“ἰὴί1,οκίεῑίηιαιιὶἰπεποιηκότα,
1691 846 1759 865 esse

1055 880 1260 910 accusativum
1283 880 1466 911 absolutum.
1509 880 1578 911 Non
1599 889 1647 910 me
1669 879 1758 918 sugit,

1055 933 1072 951 a
1091 922 1206 953 Graeeis
1222 922 1376 961 ejusmodi
1390 922 1581 953 accusativos
1606 922 1759 953 absolutos

1055 964 1205 1004 usurpari.
1250 966 1311 995 Sed
1334 965 1382 996 hic
1399 966 1482 995 locus
1499 965 1560 996 illis
1575 965 1677 995 nullus
1700 970 1758 1001 est,

1054 1013 1085 1039 et
1108 1012 1246 1046 poterant
1269 1008 1299 1038 ei
1320 1008 1364 1039 rei
1387 1009 1529 1047 exempla
1549 1008 1760 1039 accommoda-

1055 1051 1134 1080 tiora
1149 1051 1290 1089 proferri.
1333 1051 1530 1082 constructio
1545 1056 1609 1080 est:
1634 1051 1656 1081 εἰ
1671 1049 1756 1081 καθυ-

1055 1095 1124 1133 φῐῖκε
1135 1093 1271 1134 Θεοκξίνης
1286 1093 1317 1123 τὲ
1327 1097 1462 1134 πξᾶγμα,
1477 1095 1552 1128 εἰδὼς
1565 1095 1648 1133 (cum
1663 1095 1758 1130 sciret,

1054 1147 1228 1177 quamquam
1251 1138 1359 1176 nosset)
1375 1136 1420 1167 τὸν
1441 1136 1562 1168 Μικίωνα.
1587 1136 1758 1167 πεποιηκότι

1054 1191 1083 1208 τι
1099 1181 1214 1215 τούτων,
1229 1180 1248 1209 ἑὶ
1260 1179 1436 1210 πεποιηκέναι
1450 1181 1496 1210 τὸν
1506 1179 1627 1210 Μικίωνα
1638 1179 1757 1219 ἔγραψεν

1055 1222 1067 1251 ὁ
1079 1220 1222 1263 Θεοκρίνης.

1096 1282 1138 1288 —-
1155 1269 1206 1295 021.
1221 1265 1325 1295 καὶτὸν
1335 1265 1415 1305 νόμον
1428 1266 1456 1295 οὗ
1470 1265 1548 1304 μόνον
1561 1264 1606 1295 τᾶν
1621 1264 1756 1305 πρότερον,

1054 1308 1134 1338 ἀλλὰ
1157 1308 1204 1338 καὶ
1228 1308 1274 1339 τόν
1297 1308 1414 1348 atq-rim]
1442 1309 1538 1337 sensit
1556 1308 1681 1339 Jurinus
1696 1307 1756 1337 loci

1055 1351 1172 1386 vitium,
1185 1356 1215 1380 et
1229 1352 1449 1390 quodammodo
1464 1351 1619 1385 indicavit,
1635 1351 1687 1380 sed
1699 1361 1756 1380 non

1054 1394 1235 1431 persanavit.
1267 1395 1460 1424 Solummodo
1473 1393 1520 1422 καὶ
1535 1394 1664 1423 sustulit.
1696 1394 1757 1423 Sed

1054 1440 1116 1464 tum
1133 1437 1161 1466 οὐ
1176 1436 1255 1475 μόνον
1278 1442 1357 1466 stare
1379 1437 1494 1476 nequit.
1518 1437 1638 1466 videtur
1653 1441 1756 1466 orator

1054 1479 1198 1509 dedisse:
1220 1480 1248 1509 οὐ
1264 1479 1319 1518 μὲν
1337 1478 1382 1509 τὸν
1404 1479 1546 1519 «πρότερον,
1563 1479 1642 1508 ἀλλά
1656 1489 1687 1516 γε
1711 1478 1757 1508 τόν

1054 1521 1154 1562 ἀρτίως
1167 1540 1211 1546 —
1226 1533 1282 1552 non
1298 1523 1468 1562 superiorem
1489 1523 1602 1562 quidem
1619 1523 1699 1552 z'uam
1717 1522 1755 1552 le-

1052 1575 1116 1605 gem
1137 1566 1266 1600 violavit,
1282 1576 1381 1595 verum
1399 1572 1493 1595 tamen
1517 1565 1593 1595 banc
1612 1569 1687 1595 certe
1706 1575 1756 1604 po-

1053 1609 1196 1637 steriorem
1206 1609 1334 1638 violavit.
1345 1609 1416 1638 dedi
1429 1609 1466 1638 de
1477 1619 1555 1638 meo:
1566 1608 1588 1638 εἶ
1598 1607 1645 1637 καὶ
1656 1609 1699 1647 μὴ
1712 1607 1758 1638 τὸν

1054 1650 1191 1691 πεότεξον,
1208 1652 1287 1680 ἀλλά
1300 1662 1331 1689 γε
1347 1650 1393 1681 τὸν
1409 1649 1517 1692 ἀρτίως.

1096 1711 1136 1716 ·-
1154 1697 1205 1725 25.
1226 1694 1407 1734 πράττοντα]
1432 1694 1560 1723 subaudi
1585 1693 1693 1723 ἑαυτόν.
1714 1693 1755 1723 nil

1053 1741 1129 1772 erat,
1141 1747 1194 1767 cur
1207 1738 1337 1767 Wolfius
1351 1737 1399 1766 hic
1409 1738 1644 1772 obhaeresceret,
1654 1746 1758 1775 quam-

1055 1789 1141 1817 quam
1157 1782 1224 1818 ejus
1241 1780 1385 1820 πράττων,
1401 1779 1427 1809 si
1442 1780 1511 1809 libri
1529 1779 1613 1812 dent,
1627 1789 1682 1808 uon
1700 1780 1756 1819 sim

1051 1823 1279 1861 repudiaturus.
1304 1830 1465 1861 utrumque
1492 1822 1617 1860 perinde
1642 1822 1755 1852 bonum

1054 1870 1109 1895 est.
1155 1866 1311 1895 Sententia
1341 1871 1386 1894 est
1400 1876 1406 1894 ε
1439 1865 1533 1903 justis
1561 1869 1592 1894 et
1621 1864 1754 1895 honestis

1052 1908 1163 1945 agendi
1188 1909 1286 1938 modis
1302 1908 1448 1946 indipisci
1468 1912 1585 1947 partem
1609 1908 1756 1937 bonorum

1053 1956 1161 1987 ratam,
1187 1951 1216 1981 h.
1237 1962 1264 1981 e.
1287 1951 1457 1987 dimidiam,
1483 1956 1516 1981 ut
1537 1961 1554 1981 e
1575 1961 1663 1980 versu
1685 1961 1754 1990 pen.

1053 1999 1180 2023 constat.

1095 2039 1190 2067 1326.
1207 2039 1237 2067 7.
1265 2036 1435 2076 emes—raa]
1452 2040 1519 2065 ante
1534 2035 1691 2074 φανήσεται
1709 2036 1756 2066 vi·

1052 2080 1140 2109 detur
1152 2080 1260 2110 deesse
1274 2079 1321 2109 καὶ
1331 2082 1384 2119 γᾶς
1399 2080 1473 2109 κατὰ
1486 2079 1593 2108 τοῦτον.
1607 2089 1676 2108 ‘nam
1685 2083 1712 2109 et
1724 2089 1756 2109 ex

1052 2121 1105 2152 hac
1121 2122 1183 2163 lege
1205 2124 1344 2152 constabit
1365 2132 1430 2152 eum
1451 2123 1588 2152 aerarium
1606 2131 1672 2151 esse.
1695 2121 1754 2152 nisi

1052 2165 1174 2195 brevius
1190 2166 1337 2195 malumus
1353 2162 1375 2204 ὦ
1392 2164 1572 2206 [εοίΙ.νόμῳ]
1585 2165 1755 2204 φανήσεται,

1051 2218 1110 2246 qno
1127 2208 1211 2237 ducit
1228 2210 1335 2238 Bavar.
1351 2208 1426 2237 dans
1446 2205 1459 2235 ‘o'
1478 2207 1645 2244 φανήσεται.
1665 2207 1754 2237 facile

1050 2250 1151 2288 potuit
1166 2263 1187 2280 ω
1202 2251 1344 2280 excidere
1360 2250 1391 2280 in
1412 2250 1542 2279 confinio
1560 2260 1628 2279 cum
1649 2250 1755 2280 eadem

1050 2293 1137 2322 litera
1153 2294 1182 2323 in
1199 2294 1255 2323 fine
1273 2293 1358 2323 vocis
1374 2292 1533 2332 proximae.
1546 2296 1578 2322 et
1593 2292 1665 2322 dedi
1679 2290 1699 2333 ᾧ
1713 2293 1753 2324 de

1049 2346 1127 2365 meo.

1091 2396 1133 2401 —-
1148 2380 1199 2408 15.
1223 2377 1325 2420 ὀλίγον]
1351 2378 1473 2408 correxi
1495 2376 1601 2415 ὀλίγων.
1625 2388 1693 2408 nam
1718 2389 1755 2409 ea

1051 2431 1122 2450 vera
1149 2427 1196 2450 est
1217 2422 1309 2450 lectio
1331 2426 1467 2451 veterum
1491 2421 1668 2456 editionum,
1689 2431 1753 2460 prae

1049 2474 1108 2502 qua
1124 2474 1221 2503 neque
1238 2464 1412 2500 Lambinus,
1423 2465 1460 2493 ab
1476 2463 1579 2502 inepto
1592 2463 1753 2494 scholiasta

1050 2507 1210 2545 deceptus,
1231 2506 1387 2537 intrudere
1408 2506 1560 2542 vitiosam,
1577 2516 1674 2544 neque
1698 2507 1752 2537 de-

1050 2550 1173 2579 fendere
1198 2550 1309 2579 sactum
1331 2550 1389 2579 hoc
1410 2549 1572 2588 Taylorus,
1594 2549 1751 2579 debuerat.

1050 2597 1246 2631 opponuntur
1260 2592 1311 2622 hic
1323 2592 1400 2622 inter
1412 2602 1443 2621 se
1453 2593 1540 2630 pauci
1551 2591 1683 2626 homines,
1700 2592 1752 2630 qui

1051 2640 1120 2665 sunt
1135 2639 1317 2665 mercatores
1333 2640 1363 2665 et
1383 2634 1572 2669 navicularii,
1587 2644 1653 2663 cum
1674 2635 1751 2664 mul-

1050 2679 1097 2713 tis,
1123 2678 1175 2717 qui
1199 2683 1268 2708 sunt
1294 2682 1358 2707 tota
1383 2677 1482 2707 tribus
1496 2676 1609 2712 Attica,
1634 2677 1752 2708 decima

1050 2731 1121 2760 pars
1133 2721 1238 2760 populi
1251 2731 1259 2758 3
1277 2725 1340 2750 tum
1354 2720 1492 2750 homines
1502 2719 1680 2758 plerumque,
1698 2730 1751 2759 per

1050 2763 1212 2793 maximam
1226 2763 1295 2793 vitae
1306 2766 1434 2802 partem,
1445 2762 1526 2791 domo
1537 2761 1672 2797 absentes,
1683 2771 1752 2792 cum

1050 2806 1100 2842 iis,
1112 2806 1164 2845 qui
1179 2816 1328 2845 ‘nunquam
1340 2806 1420 2835 domo
1433 2805 1547 2834 absunt.

1091 2867 1134 2871 —
1150 2850 1201 2878 16.
1224 2847 1318 2888 ὥσπερ
1340 2847 1352 2876 ὅ
1375 2845 1491 2886 Μικίων]
1513 2846 1578 2876 scil.
1602 2847 1681 2883 πλεῖ,
1701 2842 1754 2878 vei

1050 2891 1139 2922 ωοιεῗ.
1163 2889 1242 2924 ὅστις
1262 2900 1322 2920 non
1343 2890 1381 2920 ad
1405 2889 1568 2919 Micionem
1590 2889 1682 2926 redit,
1698 2890 1752 2921 sed

1050 2934 1088 2964 ad
1102 2933 1309 2964 Theocrinem.

1092 2994 1135 3000 —-
1152 2978 1203 3007 20.
1227 2975 1302 3008 εῑδὼς
1317 2991 1360 2997 —-
1374 2971 1548 3015 ζιειξόμενος]
1571 2983 1637 3004 cum
1658 2975 1753 3010 sciret,

1051 3020 1099 3049 vel
1113 3019 1241 3059 quamvis
1257 3023 1365 3048 teneret
1378 3017 1450 3058 leget
1460 3034 1502 3040 —
1518 3022 1614 3048 tamen
1627 3026 1680 3055 per
1693 3019 1750 3048 vim
