1931 3323
294 196 377 238 264

669 199 704 241 Ι.
729 191 764 241 l.
789 199 1010 242 REISKE
1043 201 1364 244 ANNOTATA

523 395 607 437 AD
641 395 1005 439 ORATIONEM
1038 396 1104 440 IN
1140 398 1507 443 CALLIPPUM.

291 522 293 525 ¹
337 511 466 541 Videtur
482 512 530 542 hic
549 512 706 552 Callippus
717 513 798 543 idem
807 523 874 543 esse
889 513 1003 553 Callip-

294 565 353 593 pus
370 555 556 590 Paeaniensis
576 562 688 591 orator,
709 558 797 594 cujus
817 557 953 586 meminit
969 567 1001 595 p.

293 599 347 627 87.
364 600 392 628 9.
415 609 434 627 a
455 608 514 637 qno
539 609 572 628 se
595 599 711 628 victum
734 600 844 628 fatetur
865 600 894 629 in
910 610 1001 629 causa

292 640 470 680 παρανόμων.
515 644 609 672 Actor
625 652 729 672 rursus
746 647 793 671 est
809 643 888 672 idem
906 644 1000 682 Apol-

291 684 428 714 lodorus.

289 752 291 754 .
336 729 431 758 1235.
448 731 478 759 2.
500 726 653 768 &vegam-roc]
678 727 867 767 significatur
884 728 999 767 Callip-

317 780 363 800 us.

288 779 312 809 P
340 816 498 845 123612.
522 825 598 848 ουτος
619 823 644 842 ον
663 813 710 842 καὶ
733 812 834 852 αὐτὸς]
859 818 998 864 transpo-

290 856 337 886 sui
353 868 420 887 meo
436 856 572 896 periculo
589 856 719 896 primum
734 857 915 886 vocabulum
932 859 997 887 sic:

287 897 314 928 ὃν
336 900 384 929 καὶ
407 898 485 935 οἷτος
506 899 600 934 αὐτός.
623 905 795 929 nontamen
812 899 916 935 video,
931 911 998 938 qnae

290 943 338 972 vis
352 944 423 973 insit
437 943 467 972 iu
486 954 533 977 eo,
550 948 583 972 ut
597 943 754 982 Callippus
765 943 871 972 eodem
885 943 923 973 de
937 944 997 983 Ly-

289 996 364 1015 cone
380 992 460 1025 agat,
475 986 514 1015 de
528 995 588 1024 quo
601 991 697 1015 actor.

328 1046 372 1051 —
387 1032 438 1059 14.
463 1028 616 1068 Δεκελλεῖ]
641 1028 763 1058 detraxi
780 1039 869 1058 unum
886 1035 916 1059 λ.
933 1035 997 1059 erat

288 1071 412 1110 quidem
428 1072 524 1101 forma
540 1073 629 1110 hujus
646 1071 761 1102 ethnici
776 1072 926 1112 regularis
943 1079 995 1103 Δε-

287 1114 415 1149 κελειεύς.
461 1115 521 1143 Sed
548 1115 691 1145 usitatum
715 1115 773 1145 fuit
797 1115 943 1149 Δεκελεύς.
967 1127 995 1146 v.

286 1157 412 1197 interpr.
429 1159 467 1187 ad
483 1158 635 1188 Herodot.
651 1161 680 1189 9.
695 1160 749 1189 73.

329 1218 373 1222 —
385 1202 436 1231 15.
451 1201 604 1242 Λαμπρεῖ]
621 1202 703 1232 citat
718 1203 747 1231 b.
758 1202 779 1231 1.
798 1201 951 1241 Harpocr.
964 1212 994 1232 v.

285 1243 473 1284 Λαμπτρεύς.
496 1255 563 1274 nam
587 1245 631 1274 sic
649 1245 693 1275 ibi
713 1249 761 1275 est
779 1250 948 1280 exaratum,
965 1251 996 1274 et

288 1292 370 1323 sunt,
386 1287 437 1327 qui
455 1288 530 1317 hanc
547 1287 743 1327 scriptionem
760 1288 929 1327 praeferant.

326 1348 371 1352 -—
385 1341 456 1370 pen.
473 1330 595 1371 ἰδιώτης]
619 1333 694 1361 bene
709 1331 812 1367 habet,
828 1331 995 1369 significat-

285 1383 344 1411 que
362 1374 511 1403 hominem
527 1374 705 1412 ignobilem,
726 1374 900 1408 obscurum,
916 1384 945 1403 v.
961 1385 993 1413 p.

286 1418 381 1447 1243.
397 1419 448 1447 22.
472 1417 523 1446 ubi
536 1417 573 1445 ab
586 1416 716 1456 ἰδιωτείᾳ,
734 1416 920 1445 obscuritate
936 1419 994 1446 Ge—

284 1459 434 1498 phisiadis
449 1460 485 1488 ad
510 1460 677 1489 claritatem
697 1464 727 1488 et
743 1459 908 1498 potentiam
925 1460 994 1489 Cal-

284 1502 363 1542 lippi
379 1507 614 1542 argumentatur.

328 1547 422 1575 1237.
439 1548 468 1577 9.
493 1543 650 1576 ἐκπλέοντα.
665 1544 763 1585 αὐτὸν]
781 1543 991 1576 anacoluthon.

283 1594 368 1618 recta
380 1589 476 1619 oratio
491 1589 665 1628 postulabat
675 1587 838 1623 ἒκπλεόντος
851 1587 950 1618 αὐτοῦ.

326 1649 369 1654 -
395 1635 446 1662 14.
481 1631 607 1673 vav-tour]
644 1637 708 1661 erat
737 1631 816 1660 enim
848 1631 993 1661 Phormio

283 1680 396 1714 praesto
412 1675 602 1714 Apollodoro
616 1673 789 1713 injudicio.

327 1736 369 1741 ———
382 1721 432 1748 13.
447 1716 666 1758 ἀποκριναμένου
679 1729 707 1747 u..
724 1729 754 1746 τ.
771 1716 818 1757 λ..]
835 1716 991 1753 distinguo

284 1771 431 1800 personas
447 1761 491 1791 sic
504 1772 510 1790 ε
536 1761 681 1790 Phormio
696 1761 864 1799 respondet
874 1759 991 1799 Callip-

283 1815 336 1844 po,
349 1815 381 1834 se
393 1810 582 1843 caeterosque
595 1814 706 1833 mensae
722 1802 822 1832 socios
836 1803 990 1841 Lyconem

284 1848 361 1877 bene
377 1858 478 1877 nosse.
495 1848 662 1886 interrogat
677 1847 714 1876 ad
731 1847 795 1875 haec
815 1846 990 1885 Callippns,

281 1888 338 1930 ἂρα.
352 1891 400 1920 καὶ
415 1889 517 1932 ἐχρῆτο
532 1892 609 1930 ὑμῖν.
632 1900 668 1920 an
684 1900 786 1919 mensa
806 1893 908 1918 vestra
924 1893 990 1919 ute-

283 1935 371 1964 batur
382 1935 480 1976 Lyco,
493 1934 524 1963 h.
537 1944 564 1963 e.
579 1944 616 1963 an
626 1933 770 1972 pecunias
783 1942 853 1962 suas
864 1942 919 1971 per
931 1943 989 1963 vos

282 1977 467 2007 exercebat?
500 1976 562 2017 ἔφη,
580 1976 695 2011 aiebat,
717 1976 747 2006 h.
765 1986 792 2005 e.
815 1975 990 2012 affirmabat,

282 2020 436 2050 Phormio.
482 2020 555 2055 Sed,
583 2019 715 2049 addebat
740 2019 832 2054 idem,
861 2029 915 2048 cnr
945 2024 989 2055 tu,

282 2063 435 2103 Callippe,
448 2064 504 2093 hoc
516 2062 709 2102 interrogas?
725 2072 816 2102 quare
827 2072 885 2101 ego
895 2061 989 2092 inter-

281 2107 407 2146 rogem?
424 2107 522 2146 inquit
535 2105 708 2146 Callippus,
722 2106 749 2135 si
763 2104 842 2136 scire
860 2105 918 2141 vis,
933 2105 990 2135 tibi

278 2150 389 2180 dicam.

288 2220 290 2222 .
323 2211 366 2216 —-
381 2195 432 2223 21.
455 2191 550 2227 εὐθέως
566 2193 771 2234 παραχρῆμα]
796 2192 872 2222 bene
887 2191 988 2223 habet.

281 2236 371 2276 copia
387 2237 511 2266 dicendi
524 2241 582 2267 est.
608 2237 713 2266 Solent
724 2236 789 2265 haec
801 2235 864 2264 duo
881 2235 988 2273 saepis-

281 2280 356 2309 sime
375 2279 455 2309 inter
470 2290 502 2309 se
518 2279 675 2318 conjungi,
689 2289 757 2308 cum
777 2288 893 2308 summa
908 2278 989 2307 cele-

279 2322 354 2352 ritas
377 2322 539 2352 indicanda
562 2328 618 2352 est.
663 2322 770 2352 Statim
794 2321 823 2351 in
846 2321 899 2350 illo
919 2321 988 2371 ipso

280 2366 416 2404 negotio,
432 2366 461 2395 h.
475 2377 502 2396 e.
518 2366 598 2396 inter
619 2365 701 2395 illam
722 2365 818 2404 ipsam
841 2365 986 2394 sermoci-

278 2408 442 2439 nationem.

291 2478 295 2479 γ
321 2469 364 2475 —-
380 2454 432 2483 23.
455 2451 548 2482 Λύκων
560 2449 769 2492 Ἡρακλεώτης]
792 2451 868 2480 bene
883 2451 987 2481 habet.

279 2506 310 2525 v.
325 2505 356 2524 v.
372 2498 423 2526 12.

322 2540 416 2568 1238.
446 2541 497 2568 12.
528 2535 785 2579 ἐπιγεγραμμένον]
809 2537 911 2567 malim
939 2547 984 2575 γε-

277 2592 397 2620 γξαιμμ.
409 2581 552 2619 simplex.

322 2642 365 2647 —
381 2626 432 2654 16.
455 2622 537 2654 οἶσθά
551 2634 607 2659 τοι,
622 2621 690 2663 ἔφη]
706 2622 808 2653 malim
830 2621 912 2652 οἶσθα
928 2621 985 2652 τοί-

276 2677 328 2704 νυν,
344 2666 406 2706 ἔφη.

324 2712 418 2741 1239.
434 2711 466 2739 ’7.
490 2707 626 2748 πξόξενον]
652 2708 773 2738 videtur
792 2709 898 2739 horum
915 2719 984 2745 ver-

277 2755 384 2783 borum
401 2753 466 2782 haec
478 2751 627 2782 sententia
638 2761 705 2780 esse
718 2762 724 2780 ε
741 2751 774 2781 Si
785 2753 858 2790 quid
871 2752 985 2792 Cephi-

276 2797 379 2826 siades
395 2795 467 2825 mihi
484 2795 559 2824 velit
569 2794 698 2832 eripere,
710 2794 798 2831 sciat,
809 2805 857 2824 me
873 2805 984 2834 proxe-

275 2850 347 2869 num
363 2849 432 2869 esse
445 2837 709 2872 Heracleotarum,
732 2837 783 2867 cui
804 2838 926 2868 difficile
944 2839 984 2868 sit

275 2882 394 2921 aliquid
410 2882 439 2912 vi
454 2880 642 2920 extorqueri.

319 2943 362 2948 —
378 2927 430 2956 10.
453 2924 475 2953 εἰ
497 2924 556 2965 μῆ]
580 2923 647 2953 scil.
662 2922 814 2961 Βουλοίμην
831 2934 874 2952 σοι
898 2923 982 2964 χαρί-

293 2967 384 2998 εσθαι.

275 2969 292 3010 ζ
317 3028 359 3034 —-
378 3013 427 3042 18.
449 3007 543 3051 οὗτος]
566 3013 613 3040 est
629 3007 799 3048 Callippns,
820 3007 915 3042 ἐκεῖνος
936 3013 982 3039 est

1035 512 1141 549 Pasio‚
1157 519 1244 553 pater
1259 514 1380 544 actoris.

1077 574 1120 579 —
1138 559 1190 587 21.
1213 558 1238 587 εἴ
1262 557 1321 598 τις]
1353 558 1478 588 correxi
1507 558 1576 593 ἥτις.
1621 559 1682 590 Sed
1710 564 1742 590 et

1034 599 1140 630 ταύτην
1155 600 1276 630 videtur
1291 606 1360 640 post
1382 600 1482 636 πίστις
1501 612 1571 632 esse
1589 603 1741 634 collocan-

1033 642 1117 672 dum.

1075 703 1119 708 -—
1133 688 1185 716 22.
1207 684 1277 727 ἐγὼ]
1301 686 1403 716 malim
1419 686 1486 726 ἐμέ.

1074 745 1117 750 -
1128 731 1179 758 27.
1196 729 1249 759 οὐδ’
1262 729 1287 759 ἐν
1298 727 1335 763 οἷς
1352 729 1442 771 λέγει]
1460 734 1624 770 corruptus
1639 731 1740 762 locus.

1031 771 1191 801 manifesto
1208 773 1345 811 quaedam
1358 773 1478 803 desunt.
1503 784 1520 803 8
1536 774 1681 804 varietate
1697 776 1740 805 le-

1032 813 1142 843 ctionis
1157 814 1197 843 nil
1214 815 1380 854 colligitur,
1399 826 1458 854 quo
1474 816 1583 846 vitium
1605 822 1739 848 sanetur.

1032 856 1113 885 Est'
1105 866 1135 885 rn
1149 867 1185 887 ea
1201 857 1272 888 ουδὲν
1285 859 1380 891 αὐτοῖς
1395 858 1483 896 λέγει.
1505 864 1537 889 et
1552 860 1610 889 hoc
1625 862 1737 899 recepi.

1076 901 1170 930 1240.
1194 903 1226 930 4.
1256 899 1329 942 παρ’
1353 901 1447 942 αὐτῷ]
1473 902 1557 941 apud
1580 913 1659 940 eum,
1685 906 1741 934 Pa·

1031 940 1158 972 sionem.

1072 1002 1115 1007 ——
1128 985 1205 1016 ibid.
1226 986 1288 1017 ἄνευ
1302 986 1404 1028 αυτοῦ]
1428 987 1494 1016 sine
1509 997 1555 1022 se,
1569 987 1725 1028 Callippo.

1072 1045 1115 1050 —
1130 1031 1160 1059 5.
1176 1032 1273 1070 λαχὼν
1288 1029 1317 1060 δὲ
1327 1030 1384 1070 ——]
1408 1030 1564 1060 Sententia
1576 1035 1641 1061 est:
1661 1032 1738 1062 Cum

1030 1071 1259 1112 Callippusjam
1269 1073 1461 1103 exhibuisset
1470 1073 1586 1103 arbitro
1598 1073 1737 1105 libellum

1029 1115 1233 1146 accusationis
1249 1122 1355 1146 contra
1363 1120 1479 1155 patrem
1491 1116 1618 1152 actoris,
1629 1118 1738 1148 Pasio-

1028 1167 1108 1194 nem,
1123 1158 1304 1198 poenituisse
1317 1159 1432 1197 ipsum,
1447 1159 1636 1199 Callippum,
1651 1161 1737 1196 facti,

1028 1200 1160 1240 ideoque
1175 1203 1336 1240 repetiisse
1353 1202 1439 1232 illum
1453 1202 1589 1232 libellum
1603 1204 1640 1233 ab
1657 1204 1738 1234 arbi-

1028 1248 1088 1280 tro,
1104 1248 1136 1273 et
1150 1249 1244 1274 totam
1258 1245 1341 1275 litem
1359 1246 1531 1281 sustulisse,
1545 1250 1650 1276 contra
1665 1257 1736 1277 con-

1028 1286 1172 1317 ditionem
1196 1288 1318 1318 Pasioni
1341 1288 1553 1327 proposuisse,
1578 1289 1607 1318 si
1633 1289 1737 1326 vellet,

1028 1334 1061 1359 ut
1082 1330 1238 1370 negotium
1257 1331 1354 1361 amico
1377 1331 1530 1361 communi
1546 1332 1736 1372 permittere-

1027 1377 1086 1402 tur.

1068 1433 1112 1438 --
1127 1418 1178 1446 18.
1201 1415 1310 1457 θέλων]
1331 1417 1434 1447 malim
1457 1416 1601 1452 θέλοντος.
1623 1423 1655 1448 et
1677 1419 1734 1449 hoc

1027 1458 1066 1488 de
1081 1469 1150 1489 meo
1164 1460 1248 1496 dedi,
1265 1465 1298 1489 ut
1315 1460 1355 1490 sit
1370 1461 1539 1490 sententia:
1563 1468 1687 1500 sperant
1703 1473 1735 1492 se

1027 1501 1116 1531 vobis
1126 1512 1340 1540 persuasuros,
1352 1508 1386 1533 ut
1397 1503 1541 1538 credatis,
1552 1504 1736 1542 Lysithiden

1027 1553 1086 1573 non
1116 1545 1211 1575 fuisse
1242 1546 1485 1581 commissurum,
1516 1551 1550 1576 ut
1579 1548 1736 1578 damnaret

1025 1590 1156 1626 patrem,
1167 1598 1235 1617 cum
1247 1588 1376 1628 [vel,1si]
1390 1594 1476 1630 pater
1487 1587 1604 1619 nollet'
1596 1601 1664 1629 lpse
1677 1591 1736 1621 sibi

1021 1629 1120 1670 judex
1137 1630 1211 1665 fieri,
1228 1632 1257 1661 h.
1270 1642 1297 1661 e.
1314 1632 1394 1661 ultro
1408 1632 1558 1662 desistere
1570 1634 1608 1662 ab
1622 1634 1734 1673 injusta

1025 1673 1091 1708 lite,
1106 1679 1138 1702 et
1153 1675 1226 1703 satis
1238 1674 1380 1714 Callippo
1395 1675 1508 1704 facere.

1067 1733 1110 1738 —
1135 1719 1187 1747 22.
1209 1715 1336 1758 ἐξούλης]
1368 1722 1495 1758 propter
1520 1718 1675 1749 detentam
1701 1725 1733 1750 et

1023 1758 1201 1798 denegatam
1224 1760 1365 1801 Callippo
1388 1760 1559 1800 pecuniam,
1581 1772 1648 1801 quae
1672 1763 1734 1802 ipsi

1020 1802 1138 1840 judicio
1154 1803 1259 1832 arbitri
1277 1809 1360 1837 esset
1376 1803 1560 1843 adjudicata.

1068 1863 1110 1868 —
1128 1848 1168 1877 23
1190 1845 1329 1886 ἀργυρίου]
1352 1857 1410 1876 non
1425 1851 1524 1876 antem
1539 1847 1609 1877 aeris
1623 1848 1733 1886 debiti,

1024 1887 1062 1917 de
1077 1899 1138 1927 quo
1154 1890 1287 1919 nondum
1307 1889 1454 1930 cognovit
1474 1890 1599 1927 arbiter,
1614 1893 1733 1931 aut'ju-

1024 1931 1096 1966 dex,
1112 1932 1308 1967 debeaturne,
1324 1943 1380 1963 nec
1395 1943 1442 1963 ne.

1067 1992 1109 1997 —-
1125 1978 1175 2006 27.
1190 1973 1234 2005 δ’τι
1248 1975 1302 2014 μὲν
1317 1987 1359 2005 ουν
1373 1975 1637 2030 προκαλεσαμένου]
1660 1977 1733 2008 dedi

1024 2017 1063 2047 de
1072 2028 1141 2048 meo
1151 2019 1291 2057 judicio:
1303 2018 1346 2049 ἔτι
1358 2018 1413 2057 μὲν
1422 2016 1463 2048 ουν
1473 2019 1501 2049 οὐ
1511 2021 1732 2060 πςοκαλεσίιμε-

1023 2071 1072 2094 νος.
1116 2062 1205 2100 Quod
1222 2061 1323 2101 itaque
1342 2062 1516 2103 Callippns,
1536 2072 1627 2100 nnnc,
1644 2070 1732 2103 patre

1024 2103 1106 2134 vivis
1123 2111 1256 2141 exemto,
1274 2106 1303 2135 in
1319 2105 1455 2135 dedecus
1471 2106 1538 2144 ejus
1553 2107 1730 2144 mentiatur,

1024 2157 1041 2176 a
1071 2157 1104 2177 se
1131 2148 1266 2178 delatum
1295 2149 1355 2188 ipsi
1381 2148 1592 2188 jusjurandum
1623 2149 1731 2187 fuisse,

1023 2190 1104 2229 quod
1122 2201 1180 2220 non
1194 2192 1261 2221 suit.

1068 2236 1160 2264 1241.
1175 2236 1205 2264 8.
1228 2233 1281 2265 ὑπο
1294 2235 1344 2265 τοῦ
1364 2233 1487 2267 Λύκωνος
1501 2233 1550 2264 καὶ
1565 2233 1727 2277 Φορμίωνος]

1023 2281 1095 2315 post
1110 2276 1232 2311 Λύκωνος
1250 2278 1346 2317 adjeci
1368 2287 1496 2313 comma,
1513 2281 1544 2307 et
1565 2283 1729 2316 postremae

1024 2319 1092 2349 voci
1101 2320 1176 2350 duas
1188 2325 1359 2359 postremas
1374 2320 1479 2350 literas
1491 2320 1625 2351 detraxi.
1647 2322 1731 2353 redit

1023 2362 1072 2392 hic
1095 2363 1310 2399 nominativus,
1335 2362 1467 2403 Φορμίων,
1489 2363 1526 2393 ad
1549 2363 1595 2399 id,
1613 2365 1695 2404 quod
1713 2375 1730 2395 e

1023 2406 1231 2444 superioribus
1243 2407 1334 2437 tacite
1343 2407 1541 2446 repetendum
1554 2411 1613 2442 est,
1624 2407 1673 2437 καὶ
1684 2406 1728 2438 ἔτι

1023 2447 1145 2489 Φοςμίων
1158 2448 1276 2481 {vemas
1298 2450 1389 2488 τούτῳ
1409 2447 1509 2480 πίστιν
1530 2449 1627 2480 δοῦναι.
1650 2451 1730 2486 item,

1021 2492 1095 2530 quod
1106 2492 1187 2522 Phor
1189 2495 1246 2523 mio
1254 2503 1309 2524 sese
1317 2493 1431 2523 obtuter
1432 2493 1456 2522 it
1467 2492 1729 2532 adjusjaeaerandum

1021 2536 1052 2564 in
1067 2534 1144 2565 hanc
1148 2534 1348 2577 formulam
1334 2548 1348 2566 η
1364 2537 1421 2575 μῆν
1432 2553 1485 2565 -.

1062 2596 1106 2601 —
1122 2582 1173 2609 10.
1189 2585 1220 2609 et
1236 2583 1288 2610 11.
1303 2579 1399 2620 αὐτῷ]
1417 2583 1578 2617 utrumque
1593 2577 1672 2608 redit
1686 2578 1726 2608 ad

1020 2621 1248 2653 Phormionem.

1061 2682 1104 2687 ——
1120 2668 1171 2695 14.
1196 2677 1210 2696 η
1226 2665 1271 2706 τι]
1293 2664 1415 2696 correxi
1429 2663 1455 2694 εἴ
1466 2674 1507 2695 τι.
1529 2663 1554 2693 si
1577 2663 1659 2705 quid.
1674 2669 1726 2695 aut

1017 2718 1091 2738 num
1105 2709 1185 2748 quid.

1060 2768 1104 2774 ·—-
1118 2754 1170 2782 20.
1193 2749 1375 2792 &apo-regar]
1391 2755 1451 2780 tam
1467 2749 1651 2789 eorum„qui
1667 2750 1725 2780 mi-

1018 2793 1061 2830 hi,
1077 2794 1185 2830 actori,
1208 2799 1368 2829 testantur,
1383 2804 1471 2832 qnam
1487 2792 1690 2824 Phormionis.

1059 2837 1189 2867 -ibid.
1209 2837 1254 2867 τὸν
1272 2836 1365 2877 νόμον]
1390 2836 1542 2875 significat
1564 2836 1664 2875 legem
1686 2837 1724 2866 il-

1016 2880 1090 2915 lam,
1108 2891 1175 2920 qnae
1199 2891 1231 2919 p.
1253 2880 1342 2921 hujus
1358 2890 1389 2910 v.
1404 2882 1436 2909 4.
1462 2878 1521 2909 suit
1544 2889 1725 2910 commemo-

1015 2928 1090 2952 rata.

1058 2983 1100 2988 —
1123 2967 1175 2996 26.
1198 2963 1317 3006 Θρᾴκην]
1342 2964 1485 2995 Valesius
1507 2965 1544 2995 ad
1568 2966 1722 3005 Harpoer.

1016 3018 1046 3048 p.
1065 3011 1137 3039 211.
1155 3008 1399 3044 emendam-«um,
1411 3008 1552 3048 quoniam
1568 3008 1720 3048 Harpocr.
