1997 3323
304 219 332 260 4
650 217 685 259 Ι.
718 216 755 261 Ι.
788 218 1013 262 REISKE
1044 220 1364 264 PRAEFATIO

301 323 564 355 transcribendum
586 325 823 366 locupletandae,
844 327 920 357 alias
943 327 1141 358 decurtandae
1164 333 1255 369 atque
1276 328 1502 366 contrahendae,
1523 327 1655 368 denique
1673 327 1770 360 variis

302 376 403 407 modis
419 376 597 416 digerendae
614 383 705 418 atque
725 380 977 409 transformandae
995 384 1026 409 et
1045 382 1246 411 retractandae
1268 387 1384 417 essent,
1407 380 1557 411 incideret
1578 381 1644 411 haec
1663 390 1770 421 opera,

303 428 403 457 virum
425 438 557 467 gnavum
576 434 606 460 et
623 436 764 470 vegetum
786 422 958 469 postulans,
975 431 1005 460 in
1021 435 1143 471 tempus
1160 436 1221 462 tam
1244 432 1393 472 iniquum,
1410 437 1444 462 ut
1461 442 1517 471 per
1532 436 1626 462 tutam
1646 436 1769 461 aetatem

302 491 401 510 meam
417 481 554 521 iniquius
569 483 651 512 aliud
668 493 820 522 nunquam
838 483 1006 522 attigerim.
1035 484 1104 514 Jam
1120 485 1297 524 complures
1321 495 1416 514 annos
1432 485 1561 515 molesta
1574 488 1606 514 et
1617 483 1769 514 insidiosa

300 531 387 574 (nam
404 533 546 572 pertinax
567 539 598 564 et
613 534 739 565 rebellis
757 534 839 575 erat)
855 534 946 564 tussis
972 535 1053 565 vires
1077 545 1160 565 meas
1180 536 1389 566 labefactarat.
1431 537 1500 567 Jam
1517 536 1554 566 ab
1569 535 1693 565 ineunte
1708 535 1768 565 hoc

301 594 374 614 vere
390 585 428 614 ad
448 585 506 615 hoc
528 585 591 616 diei
612 586 713 622 saevit,
733 586 821 615 fibras
839 587 1017 626 pulmoneas
1034 586 1146 624 erodit,
1161 588 1279 623 evellit,
1298 592 1451 625 exscreat,
1467 587 1589 618 radices
1603 587 1677 617 vitae
1693 596 1769 616 meae

300 636 459 672 convellit,
476 642 507 667 et
523 638 660 668 dilaniat.
706 640 774 677 Qua
789 638 861 668 mali
880 638 1081 669 diuturnitate
1098 644 1128 669 et
1146 640 1267 670 saevitie
1281 645 1342 670 tam
1357 651 1424 670 snm
1441 642 1567 676 fractus,
1583 644 1615 669 et
1629 637 1770 669 exinani·

299 691 361 723 tus,
381 693 412 718 et
429 693 607 725 enervatus,
622 694 655 719 ut
672 690 726 720 vix
743 690 772 719 in
790 690 932 720 cubiculo
951 691 997 721 vel
1015 690 1097 720 lecto
1114 690 1198 732 (nam
1215 692 1259 722 sic
1275 692 1479 731 loquebantur
1495 696 1628 727 veteres,
1644 691 1698 720 sed
1714 689 1770 719 ho-

299 738 410 775 dierni,
423 740 498 770 hanc
516 740 711 771 Latinitatem
728 742 805 771 haud
824 742 992 781 capientes,
1008 742 1040 772 in
1056 753 1123 773 oeco
1141 744 1444 783 usurpant,literulis
1462 743 1642 774 exercendis
1659 753 1768 772 conse-

299 789 403 829 crato)
420 796 525 822 rectus
540 796 571 821 et
586 797 730 823 constans
747 793 933 822 inambulare
956 793 1084 833 possim.
1131 794 1204 824 Hoc
1227 800 1275 825 est
1295 795 1372 825 illud
1387 795 1614 835 iniquissimum
1635 799 1769 834 tempus,

299 842 380 880 quod
396 842 478 878 dico,
491 853 551 882 quo
567 855 736 883 oppressus
755 845 965 874 annotationes
979 846 1036 875 hoc
1054 846 1208 876 volumine
1225 847 1463 886 comprehensas
1475 845 1656 885 conscripsi,
1671 850 1702 874 et
1713 855 1768 875 va-

297 894 422 930 riantes,
437 895 553 926 dudum
570 901 640 926 ante
659 897 815 932 collectas,
832 897 916 926 auxi.
962 897 1132 928 Habebunt
1149 898 1179 928 in
1199 895 1376 928 aestimanda
1393 909 1459 928 mea
1472 908 1567 937 opera
1584 897 1769 927 Demosthe-

298 946 366 975 nica
380 947 458 986 aequi
474 947 580 978 arbitri
597 949 704 978 horum
721 948 981 978 incommodorum
999 953 1030 978 et
1046 949 1182 978 humanae
1199 949 1384 979 infirmitatis
1400 950 1559 979 rationem.

341 999 409 1028 Jam
424 999 553 1028 seorsim
569 1000 644 1029 mihi
661 1000 699 1029 de
714 999 876 1029 Tourrello
888 999 986 1029 adhuc
1000 999 1138 1030 nonnihil
1154 1004 1200 1029 est
1216 1000 1453 1035 admonendum,
1464 1004 1626 1038 antequam
1637 998 1769 1029 ulterius

298 1051 476 1088 procedam.
506 1052 619 1091 Magna
636 1051 740 1091 utique
757 1055 827 1081 sunt
843 1051 1013 1090 meritoque
1029 1051 1182 1081 celebrata
1197 1051 1353 1082 Tourrelli
1369 1051 1408 1081 de
1425 1049 1634 1081 Demosthene
1650 1049 1770 1079 merita.

299 1100 374 1136 Sed,
400 1106 433 1131 ut
451 1107 555 1132 orator
578 1103 712 1133 disertus
734 1103 845 1142 magis,
869 1104 921 1142 qui
944 1107 1021 1139 erat,
1042 1113 1133 1142 quam
1157 1109 1191 1132 ut
1216 1103 1339 1133 subtilis
1361 1102 1501 1138 criticus,
1525 1101 1768 1132 Demosthenem

299 1156 448 1183 tractasse
464 1154 538 1184 mihi
554 1149 641 1184 visus
659 1159 717 1192 est,
731 1160 762 1185 et
776 1155 807 1185 in
821 1155 996 1194 colligenda
1011 1155 1139 1185 materia
1151 1155 1382 1189 annotationum
1393 1154 1609 1184 historicarum
1622 1154 1769 1192 majorem

298 1203 491 1241 industriam,
508 1210 540 1235 et
555 1206 584 1235 in
603 1206 792 1236 extricandis
810 1206 898 1236 nodis
920 1206 1145 1246 chronologicis
1160 1211 1250 1246 atque
1268 1206 1476 1247 genealogicis
1493 1205 1768 1244 solertiam,‘quam

297 1254 328 1284 in
344 1257 567 1295 perspiciendis
584 1258 744 1288 sententiis
766 1258 917 1295 obscuris,
931 1263 983 1288 aut
1006 1258 1127 1288 mendis
1142 1258 1333 1298 corrigendis
1349 1257 1546 1297 sagacitatem
1563 1261 1654 1296 atque
1671 1255 1769 1286 felici-

298 1311 390 1337 tatem
412 1310 610 1347 approbasse.
655 1310 872 1349 Saepenumero
894 1321 911 1340 a
934 1310 1094 1340 sententiis
1111 1310 1241 1340 oratoris
1258 1310 1303 1340 ita
1321 1310 1383 1340 late
1404 1309 1569 1346 aberravit,
1584 1313 1617 1338 ut
1636 1312 1768 1344 constet,

297 1368 380 1394 eum,
397 1370 465 1389 cum
483 1371 499 1389 e
516 1362 691 1400 conjectura
715 1362 858 1397 vertisse,
876 1366 939 1391 tum
954 1364 1063 1392 Graece
1079 1362 1228 1392 nescisse.
1274 1361 1378 1391 Homo
1397 1361 1530 1399 'rayloro
1552 1360 1582 1390 in
1601 1359 1767 1390 sedulitate

298 1411 430 1441 oratoris
444 1411 609 1442 historicos
622 1418 652 1443 et
666 1412 898 1453 chronologicos
913 1413 1060 1452 scopulos
1073 1413 1199 1443 tollendi
1217 1412 1404 1448 simillimus,
1419 1422 1436 1442 a
1446 1411 1574 1450 reliquis
1590 1412 1657 1450 ejus
1670 1410 1769 1447 vitiis,

295 1462 412 1500 putidae
430 1467 461 1492 et
476 1463 653 1502 caliginosae
669 1464 816 1494 dictionis
833 1465 1037 1501 affectatione,
1054 1464 1188 1495 vanitate
1206 1469 1236 1494 et
1252 1463 1427 1503 arrogantia
1443 1462 1639 1498 scholastica,
1657 1467 1767 1492 venatu

295 1518 328 1542 et
344 1514 503 1544 venditatu
516 1515 715 1545 minutiarum
729 1516 817 1551 liber,
833 1517 990 1546 humanior
1002 1522 1094 1556 atque
1106 1517 1273 1552 liberalior,
1287 1516 1481 1546 utFrancnm
1497 1515 1640 1544 decebat.
1663 1515 1769 1554 Opera

296 1566 363 1604 ejus
382 1566 413 1595 in
428 1566 474 1596 his
494 1567 607 1596 nostris
631 1568 722 1597 terris
743 1568 867 1598 inventu
891 1568 1047 1598 rarissima
1066 1568 1156 1598 multi
1176 1573 1327 1598 emtorum
1347 1566 1408 1596 mei
1425 1566 1541 1605 operis,
1562 1567 1602 1596 de
1623 1576 1684 1605 quo
1700 1576 1768 1596 cer·

294 1615 412 1646 tissime
428 1617 502 1647 mihi
524 1623 656 1655 constat,
676 1629 808 1649 summas
833 1620 908 1649 mihi
932 1620 1045 1659 gratias
1066 1619 1200 1649 habituri
1225 1624 1339 1654 essent,
1356 1619 1383 1648 si
1411 1618 1518 1648 liceret
1539 1617 1618 1657 ipsis
1643 1628 1766 1657 per.me

293 1667 503 1697 Tourrelliana
517 1668 576 1698 hoc
591 1668 622 1698 in
642 1669 796 1699 volumine
810 1671 912 1709 legere
929 1682 938 1709 3
956 1681 1083 1709 quorum
1095 1677 1244 1700 erutorum
1262 1670 1342 1700 bona
1358 1680 1430 1710 pars
1446 1669 1544 1708 magis
1561 1669 1765 1699 annotationi-

292 1718 349 1747 bus
365 1718 532 1756 historicis,
547 1731 636 1759 quam
654 1720 770 1750 criticis
787 1721 920 1752 ducitur.
949 1723 990 1752 Et
1003 1722 1084 1752 solas
1101 1721 1258 1751 'Pourrelti
1275 1721 1487 1751 annotationes
1499 1731 1567 1750 cum
1581 1720 1766 1757 summariis,

292 1768 403 1808 cuique
423 1771 552 1800 orationi
574 1772 757 1810 proemissis,
776 1773 841 1802 sine
861 1773 1011 1802 Francica
1027 1773 1198 1803 orationum
1216 1773 1369 1808 versione,
1389 1772 1415 1802 si
1431 1771 1612 1808 edidissem,
1627 1772 1657 1802 id
1682 1772 1766 1811 quod

287 1820 351 1858 jam
368 1821 511 1858 parabam
526 1823 793 1857 facere,videntur
808 1823 869 1853 illae
885 1834 990 1863 parum
1007 1824 1088 1855 ultra
1103 1824 1300 1864 alphabetum
1318 1825 1488 1863 impleturae
1504 1823 1617 1853 fuisse:
1646 1833 1765 1860 verum,

293 1881 326 1902 re
347 1873 525 1912 diligentius
550 1874 713 1912 pensitata,
736 1875 837 1905 visum
861 1880 909 1906 est
934 1877 971 1906 ab
994 1876 1052 1906 hoc
1078 1875 1238 1916 proposito
1262 1875 1434 1911 desistere3
1459 1885 1496 1904 ne
1519 1884 1596 1904 nieae
1619 1874 1766 1911 materiae,

292 1924 381 1962 cujus
403 1928 518 1954 tantum
544 1930 734 1966 suppeteret,
750 1926 780 1956 in
798 1931 882 1956 tanta
899 1927 1067 1966 spatiorum
1090 1927 1242 1966 angustia,
1260 1937 1348 1967 quam
1370 1925 1529 1956 &Volfiana
1545 1930 1635 1965 atque
1652 1926 1765 1965 Taylo·

292 1985 366 2004 rana
381 1976 454 2005 mihi
466 1976 613 2016 reliquam
629 1978 890 2013 fecerunt,locum
905 1989 1031 2018 prorsus
1045 1979 1281 2019 praecluderem.
1308 1977 1429 2007 Deinde
1441 1987 1559 2014 noram,
1570 1978 1633 2016 jam
1647 1977 1765 2008 dudum

291 2028 462 2064 permultos
477 2029 665 2059 desiderium
678 2040 810 2060 mearum
829 2031 1060 2061 annotationum
1076 2031 1234 2070 aegerrime
1247 2031 1341 2067 ferre,
1355 2040 1432 2069 quos
1444 2029 1561 2060 diutius
1575 2030 1765 2070 suspendere

290 2080 376 2109 nefas
393 2080 512 2110 fuisset.
537 2082 635 2111 Porro
649 2092 767 2117 noram,
781 2083 917 2113 homines
929 2084 1028 2122 copiis
1044 2084 1179 2114 librariis
1191 2083 1346 2113 affluentes
1357 2082 1489 2122 queri,si
1501 2087 1648 2121 cogantur
1657 2083 1764 2113 eadem

290 2141 395 2161 rursus
412 2142 607 2171 emere‚¹quae
620 2134 682 2171 jam
705 2135 820 2163 dudum
843 2134 873 2163 iu
897 2135 1005 2164 t'orulis
1024 2136 1147 2172 habent,
1171 2135 1288 2165 divites
1305 2144 1415 2174 nempe
1437 2133 1483 2163 illi
1499 2137 1590 2172 atque
1607 2133 1702 2170 beati,
1723 2134 1764 2164 de

289 2181 417 2211 aliorum
434 2183 563 2221 penuria
580 2184 691 2214 securi.
731 2185 808 2213 Tum
824 2185 976 2214 Tourrelli
993 2185 1155 2224 quicquam
1181 2185 1375 2215 redditurum
1400 2194 1549 2224 nusquam
1576 2194 1764 2223 receperam.

289 2233 377 2264 Alias
395 2235 463 2273 pari
475 2234 547 2276 jure
562 2236 654 2266 etiam
672 2236 855 2266 Lucchesini
873 2237 1147 2267 commentationes
1159 2236 1288 2267 fuissent
1305 2236 1500 2272 recudendae,
1515 2246 1582 2275 quae
1594 2236 1766 2267 Toum-eni-

290 2287 355 2317 anis
377 2288 420 2317 nil
436 2288 561 2323 cedunt,
576 2293 607 2319 et
626 2288 744 2324 nescio,
761 2298 797 2318 an
822 2289 1050 2327 quodammodo
1067 2300 1190 2329 quoque
1209 2289 1409 2328 praeferendae
1427 2288 1499 2324 sint,
1520 2288 1680 2327 nihiloque
1696 2298 1763 2318 cre-

289 2339 406 2368 briores
422 2338 549 2369 inventu
568 2340 615 2370 his
638 2339 669 2369 iu
687 2340 777 2370 terris
795 2345 877 2370 sunt.
922 2341 1141 2371 Praevidebam
1165 2351 1301 2380 quoque,
1317 2351 1376 2370 non
1393 2350 1486 2379 posse
1504 2339 1582 2375 fieri,
1598 2339 1763 2379 quominus

287 2395 423 2430 coeptum
445 2391 501 2420 hoc
517 2402 616 2421 meum
631 2391 813 2422 deteriorem
829 2391 861 2422 in
879 2398 997 2431 partem
1023 2392 1180 2432 acciperet
1195 2392 1383 2423 Athanasius
1400 2394 1555 2431 Augerus,
1568 2392 1608 2422 V.
1623 2392 1658 2422 C.
1684 2392 1764 2422 Pro-

287 2442 387 2471 sessor
403 2442 587 2481 eloquentiae
604 2443 724 2481 Regius
742 2443 772 2473 in
790 2444 931 2483 Collegio
950 2444 1205 2483 Rothomagensi‚
1220 2455 1237 2473 a
1253 2454 1314 2483 quo
1331 2444 1417 2473 brevi
1433 2447 1506 2482 post
1521 2443 1762 2474 Demosthenem

287 2493 467 2522 universum
483 2493 630 2523 Francice
647 2495 802 2525 redditum
820 2500 849 2524 et
864 2495 1010 2525 historice
1026 2496 1193 2535 criticeque
1210 2495 1412 2525 illuminatum
1429 2498 1658 2534 exspectamuS.
1703 2495 1761 2526 Cui

286 2549 322 2573 ut
337 2548 433 2574 totum
450 2544 730 2576 Tourrellianarum
742 2547 939 2586 reliquiarum
956 2547 1114 2577 arbitrium
1129 2547 1247 2578 salvum
1266 2552 1297 2577 et
1313 2547 1461 2576 intactum
1476 2546 1694 2584 relinquerem,
1707 2547 1761 2585 jus

286 2600 317 2625 et
329 2596 372 2625 fas
389 2595 575 2635 postulabat.
622 2597 682 2627 Sed
699 2598 739 2627 ad
755 2598 798 2627 rei
811 2603 904 2637 caput
921 2598 1043 2627 tandem
1063 2598 1206 2628 devenio.
1252 2598 1407 2637 Reliquiae
1423 2598 1470 2627 hae
1486 2596 1706 2627 Tourrellianae
1721 2607 1759 2627 ne

285 2647 385 2686 dignae
398 2648 520 2687 quidem
536 2652 607 2677 sunt
619 2649 738 2678 recudi.
769 2651 894 2679 Scatent
910 2650 1032 2686 scoriis,
1050 2660 1124 2689 quas
1141 2650 1269 2690 eliquari
1286 2660 1341 2690 par
1356 2649 1484 2680 fuisset:
1509 2659 1578 2690 quae
1594 2659 1644 2678 res
1659 2659 1760 2688 neque

285 2698 352 2732 otii,
376 2709 475 2737 neque
500 2699 652 2728 stomachi
676 2700 735 2729 mei
762 2705 819 2729 est.
867 2700 929 2730 Vix
956 2700 1047 2731 tertia
1071 2711 1174 2730 earum
1198 2711 1270 2740 pars
1297 2701 1334 2731 ad
1365 2700 1607 2730 Demosthenem
1632 2699 1760 2739 proprie

285 2748 447 2788 quicquam
463 2749 555 2785 facit;
576 2749 696 2789 reliqua
715 2750 921 2786 miscellanea,
938 2751 1084 2788 trivialia,
1108 2752 1214 2782 nescio
1241 2763 1332 2792 quam
1357 2762 1442 2788 vera,
1465 2761 1482 2781 e
1498 2751 1650 2786 Morerio,
1675 2751 1760 2780 Bau-

282 2800 412 2836 orando,
429 2800 581 2830 similibus
598 2802 809 2840 promtuariis,
825 2812 961 2837 corrasa,
980 2807 1010 2832 et
1028 2803 1126 2832 veluti
1143 2805 1247 2843 scopis
1260 2813 1427 2833 conversa:
1447 2812 1630 2842 quamquam
1647 2802 1703 2832 hoc
1719 2801 1758 2832 ad

283 2850 430 2880 invidiam
448 2852 528 2881 bono
546 2852 612 2882 viro
629 2853 800 2882 faciendam
823 2853 940 2883 dictum
958 2853 1065 2889 nolim,
1083 2854 1179 2890 aiens,
1194 2865 1243 2885 me
1259 2855 1317 2884 hoc
1338 2864 1398 2896 non
1415 2854 1581 2893 explorata
1595 2864 1641 2889 re,
1659 2865 1759 2894 neque

282 2905 366 2930 certa
389 2902 518 2932 scientia
541 2903 698 2939 fidentem,
723 2905 778 2934 sed
799 2915 882 2934 mera
906 2905 1057 2945 probabili
1077 2906 1254 2944 suspicione
1280 2906 1405 2936 ductum
1425 2905 1544 2936 dicere.
1587 2906 1760 2946 inquirant,

282 2961 412 2990 quorum
428 2954 556 2984 interest
569 2955 625 2984 hac
639 2954 669 2984 in
685 2965 718 2984 re
732 2960 847 2985 certam
865 2956 1026 2986 veritatem
1045 2956 1287 2996 deprehendere.

327 3004 508 3034 tVolfianam
526 3007 599 3036 item
616 3006 899 3046 interpretationem
914 3008 1052 3038 Latinam
1067 3008 1374 3039 Demosthenicarum
1387 3008 1584 3049 reliquiarum
1602 3005 1707 3040 multis
1716 3010 1757 3040 de
