1931 3323
346 181 429 222 454
468 178 978 221 AMERSFOORDTII
1013 178 1087 219 ET
1117 175 1460 218 SCHAEFERI
1491 175 1749 218 ANNOTT.

346 291 440 316 esset.
465 287 506 316 Et
524 287 653 316 fortasse
671 290 771 316 natum
789 290 837 315 est
852 296 868 315 e
885 285 983 315 tribus
995 284 1057 323 syl-

345 328 424 358 labis
448 329 711 359 antecedentibus.
755 329 817 358 Sed
838 332 942 358 tuetur
965 327 1055 357 etiam

346 371 519 411 Dionysius
534 372 676 402 Halic.1.
691 382 718 400 c.
733 372 771 400 ad
785 382 814 400 v.
831 372 884 401 27.
902 372 1007 400 IDEM.

387 431 431 436 —
455 416 507 444 23.
535 412 619 442 'ri-—
630 412 744 454 ἐχθροὺς
773 412 899 454 ἔχοντες]
939 413 1056 442 Eadem

343 456 409 486 sere
427 458 520 486 verba
534 456 612 486 infra
628 460 788 486 occurrunt
803 466 835 494 p.
853 457 927 485 ⁶296.
943 457 995 485 25.
1011 459 1056 484 at-

344 509 403 537 que
427 499 558 528 citantur
583 498 614 527 in
639 499 709 528 loco
728 498 839 537 saepius
862 497 986 527 laudato
1017 498 1056 527 de

343 541 446 570 Rhod.
457 540 558 571 libert.
572 544 682 581 p.192.
694 544 722 571 4.
739 551 804 579 sqq.
819 540 923 570 Habet
935 541 999 570 fere
1016 540 1055 569 si-

343 583 429 613 milia
452 584 607 613 Isocrates
623 585 740 614 Amart.
764 594 795 622 p.
811 585 885 613 681.
909 585 968 615 πῶς
989 582 1058 616 εἰκὸς

343 625 481 656 Νικίαν-
496 625 562 666 πξός
576 627 635 661 τοῖς
647 627 820 666 ὑπάρχουσιν
831 624 940 665 ἐχθξοῖς
951 625 1057 664 ἑτὲξους

343 668 483 708 διαφόρους
498 667 658 706 ποιεισθοιι;
677 672 947 698 Amsnsroonnr.

387 729 430 734 —
443 716 545 750 antep.
561 710 783 751 ὁμολογοῦντας]
802 709 971 748 Dionysius
989 709 1055 738 Ha-

341 754 395 784 lic.
416 754 438 783 l.
465 764 492 783 c.
519 753 557 783 ad
580 765 610 792 p.
639 757 711 784 180.
737 755 788 782 07.
816 750 1055 800 ὡμολογημένους.

342 797 405 826 Sed
417 801 520 826 nostra
532 797 683 834 scriptura
695 795 850 833 aliquanto
864 795 995 833 gravior.
1006 796 1056 833 qui

341 837 557 879 ipsijiztentur‚
573 839 639 868 scii.
657 848 690 867 se
706 838 808 867 hostes
825 847 905 867 esse.
923 837 1055 866 Semn-

344 893 422 914 FER.

385 943 427 947 -
437 934 507 963 pen.
521 921 808 964 παρασκευαζόμεθα.
817 940 858 945 -
870 921 1053 962 ἀμυνόμεθα]

341 968 418 997 Cod.
438 967 540 997 Bekk.
570 964 1055 1006 παρασκευασώμεθα-ἀμυνού-

340 1009 438 1049 μεθα.
466 1010 598 1048 Legam:
624 1008 1055 1048 παρασκευασόμεὲτοι-ἄμυ-

341 1050 474 1091 νούμεθα.
490 1051 597 1083 Imm.

384 1112 427 1117 —-
449 1094 524 1124 ibid.
556 1092 964 1135 παξασκευαζόμεΘα-πξδς
991 1093 1053 1123 ’τού-

340 1137 420 1177 τους]
438 1138 528 1176 Apud
545 1138 759 1176 Thucydidem
771 1138 819 1167 11.
830 1140 883 1167 20.
895 1148 962 1167 cum
976 1147 1055 1176 prae-

340 1180 494 1219 positione
511 1180 548 1213 εἷς
568 1181 707 1219 jungitur
722 1181 779 1209 hoc
801 1181 946 1210 verbum:
971 1191 1055 1220 vage-

340 1221 550 1263 σκευασμένους
565 1223 593 1256 ἐς
608 1222 741 1262 πόλεμον.
761 1223 1039 1253 ΑΜΕΒεΡοοῐιΒΤ.

383 1283 427 1288 --
444 1266 497 1295 ult.
512 1265 568 1305 μέν
579 1265 628 1306 γε]
645 1277 679 1304 γε
696 1267 773 1295 bene
786 1266 903 1295 delevit
919 1265 1055 1296 Bekker.

341 1309 540 1339 SanEFnrt.

384 1353 422 1381 P.
438 1354 512 1383 286.
531 1355 560 1382 2.
577 1351 631 1392 οὐχ
647 1348 778 1384 ἦδὲως-
789 1351 926 1394 ἐχόντων]
940 1352 978 1382 V.
990 1356 1053 1381 not.

340 1394 378 1424 ad
389 1405 420 1434 p.
435 1397 508 1425 5283.
522 1398 574 1425 11.
598 1396 685 1425 Bene
697 1396 836 1425 Graecum
851 1405 984 1433 ususque
996 1396 1056 1424 fre-

339 1437 461 1475 quentis
474 1436 557 1472 ἡδέως
572 1437 647 1478 ἔχειν
661 1437 714 1467 τινί
727 1449 733 1468 ;
749 1448 808 1468 non
818 1439 958 1467 Graecum
974 1438 1055 1471 ἡδέως

341 1480 416 1521 ἔχειν
430 1480 514 1516 τινος,
534 1482 616 1520 quod
634 1481 793 1510 Machonis
813 1482 983 1520 fragmento
1004 1491 1054 1519 ap.

339 1523 521 1553 Athenaeum
545 1524 648 1553 intulit
673 1523 849 1563 Lennepius
870 1524 907 1553 ad
932 1523 1055 1554 Phalar.

339 1576 371 1604 p.
387 1568 461 1596 332.
478 1576 506 1595 a.
519 1565 625 1596 Imm.

384 1625 426 1630 —-
441 1611 472 1639 3.
488 1608 534 1638 ὅτι
546 1610 572 1639 νὴ
589 1608 633 1638 Δί’
650 1609 818 1639 ἀκούσονται
834 1620 861 1638 κ.
878 1620 909 1638 τ.
925 1609 972 1649 λ.]
999 1609 1057 1638 Est

340 1651 407 1680 haec
437 1652 572 1690 ὑποψοξίι.
631 1653 740 1690 ltaque
774 1651 933 1687 Reiskius,
964 1662 1054 1690 quem

339 1694 603 1724 Amersfoordtius
625 1700 750 1723 secutus
772 1699 832 1730 est,
862 1699 930 1731 post
958 1694 1055 1727 αὐτοῖς

338 1745 499 1774 perperam
535 1736 640 1775 posuit
674 1736 794 1775 signum
833 1736 1054 1774 interrogandi.

340 1778 471 1807 Mutavi.
487 1778 592 1808 IDEM.

383 1838 425 1843 --
441 1823 471 1850 4.
485 1821 595 1860 αὐτοῖς]
614 1821 689 1850 Post
703 1821 733 1849 h.
743 1831 771 1849 v.
786 1819 949 1850 Bekkerus
965 1820 1067 1858 plener

339 1862 560 1902 interpungens
578 1864 737 1901 sequentia
753 1863 798 1891 sic
814 1863 990 1891 continuat.
1005 1863 1054 1891 αὐ-

340 1916 405 1938 τους
418 1904 441 1934 δ’
457 1905 485 1934 οὐ
501 1917 552 1945 ‘nec
554 1906 612 1945 οξᾷν
627 1910 648 1933 ὠ
657 1905 732 1944 πξὸς
742 1906 791 1934 τοῦ
802 1904 865 1938 Διὸς
881 1905 975 1934 oleo-&e
991 1916 1055 1934 του-

339 1958 392 1985 ⁷⁰3
409 1948 587 1978 Verissime.
615 1948 681 1978 Jam
699 1953 836 1986 apparet,
851 1958 940 1986 quam
959 1958 1054 1977 vanus

339 1971 432 2020 fue⁷rit
459 1993 614 2030 conjector
631 1991 789 2024 Reiskius,
807 2001 874 2020 cum
897 1995 928 2019 et
951 1989 1056 2020 πείσειν

340 2038 413 2072 post
427 2035 513 2063 τοῦτο
529 2034 701 2063 addendum
715 2038 866 2070 censeret,
879 2038 910 2062 et
924 2034 971 2063 οὐκ
985 2038 1054 2064 ante

341 2075 433 2116 οἴομαι
450 2077 516 2116 ipse
533 2077 670 2106 adderet.
689 2076 795 2105 Imm.

383 2137 426 2142 —-
443 2121 473 2149 5.
490 2117 532 2160 ὦ]
558 2120 578 2149 ὢ
596 2119 681 2148 malit
697 2120 906 2149 Boissonadus
928 2119 965 2148 ad
982 2118 1054 2149 Ari-

343 2166 461 2192 staenet.
479 2173 510 2201 p.
527 2165 601 2193 209.
615 2161 720 2192 IDEM.

383 2205 517 2234 —ibid.
542 2204 588 2234 οὐκ
614 2204 723 2244 οἶόμοιι]
750 2204 951 2244 Negationem
980 2203 1053 2233 Rei-

342 2247 428 2277 skius
464 2248 634 2277 rectissime
673 2249 711 2276 de
749 2258 804 2276 suo
842 2247 971 2277 addidit.
1019 2246 1053 2276 Si

341 2290 455 2320 omissa
475 2290 580 2326 fuerit,
598 2291 697 2319 nulius
712 2290 842 2319 idoneus
859 2300 968 2319 sensus
984 2300 1053 2318 ver-

340 2334 446 2362 borum
477 2334 605 2373 reperiri
633 2338 747 2372 potest.
775 2333 1052 2364 AMERsr-oonnr.

340 2376 542 2414 Negationem
560 2377 724 2406 Bekkerus
736 2375 909 2406 rectissime
926 2376 1053 2405 delevit.

342 2419 380 2447 V.
400 2424 462 2448 not.
478 2420 515 2449 ad
532 2431 561 2449 v.
579 2420 774 2450 Samma.

384 2479 427 2486 —-—
439 2464 469 2492 6.
493 2461 563 2492 ἀλλ’
583 2461 658 2492 οὔπω
674 2461 778 2502 μείζων
797 2473 825 2491 κ.
842 2473 872 2492 τ.
888 2461 935 2501 λ.]
960 2461 1053 2497 Vide,

344 2509 378 2534 ul„
393 2515 466 2534 vara
482 2505 594 2535 vibiam
613 2510 769 2544 sequatur.
793 2506 869 2534 Cum
885 2505 964 2534 enim
974 2504 1053 2537 Rei-

341 2546 429 2576 skins
456 2558 514 2576 non
540 2548 675 2583 vidissit‚
703 2550 762 2581 πῶς
790 2547 920 2577 στικτέον
943 2558 974 2577 v.
1003 2550 1054 2577 10.

341 2596 530 2620 commentus
545 2595 591 2619 est
607 2590 706 2627 ἄλογον
719 2591 873 2629 quiddam,
893 2590 972 2629 quod
992 2589 1054 2619 sru-

342 2638 404 2662 stra
424 2638 553 2663 excusat
573 2634 765 2663 contentione
788 2632 904 2663 orandi.
950 2632 1055 2669 Nunc,

341 2675 551 2714 superioribus
577 2685 592 2704 a
611 2675 756 2705 Bekkero
777 2682 860 2706 recte
886 2675 1054 2712 distinctis,

341 2719 407 2748 haeo
418 2718 844 2757 antecedentibusjunguntur
857 2719 1055 2756 λογικώτατα.

341 2762 450 2792 IDEM.

384 2806 474 2834 —7.
499 2802 568 2832 ἀλλ’
590 2802 619 2844 ἢ]
648 2803 824 2842 Legenduin
850 2807 897 2832 est
921 2802 993 2833 οὐδὲν
1015 2802 1057 2833 οὖν

341 2846 410 2876 ἄλλ’
425 2847 457 2880 ἢ,
464 2842 636 2876 nihitaliud
650 2848 717 2876 uisi.
753 2848 822 2876 Hoc
839 2847 984 2875 scribitur
998 2858 1056 2886 pro

341 2889 412 2920 ουδὲν
427 2890 501 2919 ἄλλο
523 2889 548 2919 ἥ.
595 2890 692 2919 Recte
710 2889 841 2919 vertitur
862 2887 939 2918 nihil
954 2889 1058 2939 plane,

338 2942 465 2971 prorsus.
488 2933 561 2962 Vid.
573 2933 717 2970 Hoogev.
731 2933 765 2962 nd
782 2932 887 2971 Viger.
903 2932 940 2960 de
955 2923 1058 2962 Idiot-

339 2976 408 3005 ism.
423 2986 453 3014 p.
472 2977 546 3006 439.
575 2976 696 3014 Saepius
711 2975 904 3004 confunditur
922 2985 990 3004 cum
1011 2975 1053 3004 οὗ-

339 3017 366 3049 ἐν
388 3017 457 3048 ἀλλ’
477 3017 503 3054 ἢ,
529 3019 585 3049 hoc
609 3023 655 3050 est
679 3020 757 3050 ἀλλὰ
784 3017 809 3056 ἦ,
830 3023 1042 3059 prater-quam,

1092 284 1172 322 quod
1197 283 1315 313 monuit
1333 284 1395 321 jam
1418 283 1497 313 idem
1512 283 1656 322 Hoogev.
1672 284 1711 313 de
1728 284 1803 313 Par-

1092 326 1143 355 tic.
1162 327 1198 355 1..
1216 327 1272 355 Gr.
1288 336 1318 364 p.
1334 328 1365 355 4.
1383 331 1414 355 et
1429 327 1526 356 fusius
1541 336 1572 364 p.
1584 328 1637 356 302.
1653 326 1700 356 Cf.
1710 326 1802 355 etiam

1091 368 1230 397 Matthiae
1248 369 1382 397 Gramm.
1397 369 1451 397 Gr.
1467 378 1497 406 p.
1514 371 1588 399 903.
1605 368 1803 398 Manifestius

1091 416 1219 449 apparet
1243 411 1316 439 ἄλλο
1337 411 1418 449 apud
1439 412 1677 440 Demosthenem
1694 422 1721 440 c.
1735 411 1806 440 Ma-

1091 458 1198 482 cartat.
1214 463 1245 491 p.
1265 455 1358 483 1066.
1375 456 1426 483 12.
1442 453 1489 482 οὐκ
1503 453 1535 483 ἃν
1549 452 1737 494 ἔχοι-ἄλλ’
1751 450 1806 482 οὐδ’

1090 495 1176 525 ὁτιοῦν
1205 494 1412 535 ἀποκρίνασθαι
1436 495 1448 524 ὅ
1470 497 1559 531 νει-ναῖς,
1582 495 1597 526 ἢ
1620 495 1726 525 ὁ’τι-.
1751 494 1804 524 ubi

1092 538 1243 568 Reiskins
1259 538 1336 568 male
1352 539 1443 567 habet
1455 537 1535 568 ἀλλ’.
1552 542 1623 568 etc.
1639 538 1803 577 Phaenipp.

1090 592 1123 620 p.
1143 583 1236 611 1047.
1253 592 1283 611 v.
1298 581 1352 611 ult.
1373 579 1444 610 οὐδὲν
1463 581 1536 610 ἄλλο
1549 579 1772 620 κατασκευάζεις
1787 579 1802 611 ἢ

1091 641 1143 652 --.
1167 624 1296 653 Inverso
1309 624 1415 653 ordine
1426 623 1516 653 habet
1528 624 1723 662 Thucydides
1735 624 1802 652 111.

1092 669 1142 697 14.
1167 666 1240 696 ἑίλλο
1255 666 1329 697 οὐδὲν
1350 665 1411 697 ἢέκ
1426 668 1477 703 γῐς
1497 665 1686 707 ἐναυμάχουν.
1731 666 1802 695 Hoc

1089 708 1162 737 item
1180 710 1295 747 saepius
1311 710 1456 745 occurrit,
1468 714 1616 748 sequente
1633 708 1716 738 πλήν.
1763 709 1804 738 Ε-

1091 751 1192 789 empla
1216 751 1318 781 attulit
1334 751 1475 781 Matthiae
1500 752 1521 782 l.
1541 762 1569 781 c.
1592 751 1702 790 quibus
1723 751 1802 780 adde

1092 794 1260 822 Isocratem
1286 795 1453 823 Panathen.
1480 804 1511 832 p.
1533 796 1607 825 437.
1631 793 1705 823 ουδὲν
1729 793 1803 823 ἄλλο

1090 836 1274 875 πράττοντας
1289 836 1568 876 [Lacedaemonios]
1595 835 1652 865 ουδὲ
1675 836 1803 869 βουλευο-

1087 878 1199 919 μένους,
1215 880 1294 909 ωλῆν
1309 878 1389 912 ὅπως
1402 879 1542 918 μάλιστα
1550 877 1605 918 μὲν
1613 879 1745 909 ἁπάντων
1757 879 1805 918 ἄξ-

1089 921 1191 959 {ovo-w·
1210 921 1232 951 εἰ
1250 921 1277 951 δὲ
1292 923 1348 961 μὴ,
1358 921 1589 952 Πελοποννησίων.
1604 926 1636 951 et
1650 921 1717 953 sine
1731 922 1805 950 ἄλλο

1089 964 1166 993 ibid.
1180 976 1209 1004 p.
1226 965 1300 995 405.
1326 963 1428 994 ουδέν”
1415 975 1490 1006 εχων
1505 963 1644 1002 ἐγκαλεῖν,
1661 966 1732 995 πλὴν
1748 964 1803 994 δ’τι.

1089 1007 1295 1046 Hoogeveen.
1319 1007 1357 1036 de
1382 1008 1497 1037 Partic.
1525 1008 1568 1041 L„
1581 1009 1634 1037 Gr.
1656 1017 1689 1046 p.
1707 1010 1804 1037 1061.

1089 1055 1204 1086 monet,
1221 1050 1294 1080 οὐδὲν
1313 1049 1386 1079 ἄλλο
1407 1051 1478 1081 πλὴν
1495 1050 1645 1088 usurpari,
1661 1060 1751 1088 quum
1770 1051 1805 1080 de

1089 1093 1286 1123 multitudine
1306 1093 1350 1122 vel
1369 1093 1557 1132 plenitudine
1573 1093 1644 1132 quid
1660 1098 1799 1133 negatur.

1090 1136 1138 1165 De
1152 1136 1211 1165 alia
1227 1136 1355 1166 formula
1369 1136 1441 1166 οὐδὲν
1455 1134 1524 1165 ἀλλ’
1537 1134 1550 1166 ἢ
1563 1136 1603 1164 cf.
1619 1135 1700 1165 idem
1716 1136 1804 1165 Hoo-

1090 1188 1216 1216 geveen.
1242 1180 1279 1208 ad
1309 1179 1415 1218 Viger.
1444 1189 1475 1218 p.
1505 1180 1579 1209 438.
1613 1179 1743 1217 Legitur
1768 1189 1804 1208 ea

1089 1223 1170 1260 apud
1194 1222 1431 1252 Demosthenem
1456 1232 1488 1261 p.
1513 1222 1621 1251 Phauo
1647 1232 1674 1251 c.
1696 1222 1800 1261 Apho-

1090 1265 1161 1294 bum
1177 1267 1290 1304 p.847.
1304 1265 1370 1294 init.
1387 1275 1426 1294 ex
1442 1264 1653 1296 emendatione
1666 1264 1800 1294 Reiskii:

1090 1307 1148 1337 οὐδὲ
1164 1307 1327 1348 τετόλμηκε
1343 1308 1443 1337 διώκειν
1455 1307 1534 1348 [τινὰ
1549 1304 1723 1346 μαξτυςίοιν]
1734 1305 1804 1336 ἀλλ’

1091 1349 1104 1380 ἢ
1122 1350 1239 1381 ταύτην.
1262 1352 1310 1380 lta
1325 1356 1356 1380 et
1371 1362 1398 1380 c.
1415 1351 1552 1380 Pantaen.
1567 1360 1598 1388 p.
1614 1352 1688 1380 982.
1708 1354 1735 1379 1.
1749 1361 1803 1389 μι-

1089 1393 1206 1423 σεῖσθαι
1217 1393 1316 1434 μέντοι
1327 1395 1407 1428 τινὰς
1423 1392 1636 1432 [foeneratores
1649 1403 1684 1422 ac
1697 1403 1804 1422 numu-

1089 1436 1199 1477 larios]
1229 1435 1340 1471 εἰκότως
1361 1436 1393 1465 ἂν
1417 1434 1464 1475 υφ’
1486 1436 1575 1474 ὑμῶν,
1597 1434 1624 1463 οἳ
1643 1433 1744 1476 τέχνην
1768 1434 1802 1464 τό

1090 1481 1218 1532 σιξῖιγμοι
1241 1477 1422 1519 πεποιημένοι
1444 1478 1521 1518 μήτε
1544 1481 1713 1517 συγγνώμης
1731 1476 1808 1517 μήτ’

1089 1522 1181 1552 ἄλλου
1194 1521 1308 1562 μηδενος
1319 1521 1387 1551 εἰσὶν
1402 1520 1473 1551 ἀλλ’
1487 1520 1501 1552 ἢ
1518 1522 1566 1550 τοῦ
1583 1519 1715 1554 πλείονος.
1729 1531 1804 1560 quo-

1090 1576 1157 1595 rum
1174 1566 1337 1594 verborum
1362 1563 1564 1604 posteriorem
1586 1568 1704 1601 partem
1720 1569 1804 1594 recte

1090 1608 1309 1647 interpretatus
1332 1613 1379 1637 est
1394 1607 1544 1636 Reiskius
1565 1607 1604 1635 ad
1627 1607 1657 1635 h.
1675 1607 1694 1636 Ι.
1721 1610 1753 1636 et
1772 1606 1802 1635 in

1092 1651 1159 1680 lnd.
1180 1662 1207 1680 v.
1224 1650 1307 1680 εἰναιε
1323 1651 1372 1690 qui
1388 1660 1478 1689 neque
1492 1649 1608 1679 veniam
1627 1649 1804 1689 [misericor-

1089 1693 1186 1733 dzam]
1211 1703 1301 1732 neque
1323 1695 1478 1732 quicquam
1499 1691 1587 1721 aliud
1605 1698 1713 1721 curant
1729 1701 1804 1730 prce-

1090 1741 1221 1774 terquam
1230 1741 1389 1774 (μιιεεειιηι,
1401 1735 1565 1764 subaudito
1574 1734 1661 1763 δοῦλοι
1674 1732 1741 1764 vel’
1732 1744 1803 1763 ewa-

1089 1776 1230 1807 τηδευταί.
1247 1788 1316 1806 cum
1328 1788 1389 1816 quo
1399 1777 1468 1807 loco
1478 1777 1577 1816 quoad
1593 1786 1713 1806 sensum
1731 1787 1803 1806 con-

1091 1820 1267 1849 venitalius
1291 1831 1319 1849 c.
1342 1820 1473 1849 Macart.
1490 1830 1522 1858 p.
1538 1821 1633 1849 1073.
1650 1822 1702 1849 18.
1722 1818 1803 1849 ἐνδει-

1089 1862 1227 1901 κνύμενοι,
1247 1862 1290 1891 ὅτι
1313 1860 1414 1895 οὐδενὸς
1437 1862 1534 1896 αὐτοῖς
1554 1860 1639 1902 μέλει
1663 1863 1734 1892 πλὴν
1754 1863 1805 1891 τοῦ

1090 1906 1275 1934 πλεονεκτεῖν.
1300 1904 1371 1934 Sine
1386 1905 1547 1943 negatione
1563 1904 1805 1934 occurritinter·

1089 1948 1216 1987 rogandi
1237 1947 1468 1986 significatione.
1499 1946 1696 1984 Hesychius:
1711 1946 1804 1976 ’Άλλο

1089 2001 1130 2019 τι.
1153 1989 1178 2019 ἐν
1200 1989 1330 2030 {geavia-sa
1346 1988 1486 2019 Ἀττικοί.
1530 1990 1633 2027 Atque
1650 1994 1698 2019 est
1712 1990 1804 2019 ctiam

1088 2032 1142 2068 ita,
1159 2034 1207 2062 ubi
1227 2034 1313 2072 legas
1333 2033 1407 2062 ἄλλο
1417 2031 1473 2063 nn&
1488 2044 1496 2070 3
1510 2041 1606 2062 nonne
1618 2033 1633 2061 ἓ
1655 2032 1704 2062 Cf.
1721 2034 1804 2062 Mat-

1088 2076 1160 2105 thiae
1187 2076 1209 2105 l.
1233 2087 1261 2105 c.
1285 2086 1315 2114 p.
1341 2077 1414 2106 675.
1447 2076 1577 2114 Vigerus
1601 2085 1632 2114 p.
1653 2077 1725 2107 152.
1752 2076 1803 2114 qui

1088 2123 1189 2148 tanuen
1207 2119 1284 2148 maie
1301 2119 1432 2148 vertisse
1449 2118 1570 2147 videtur
1583 2117 1683 2147 locum
1699 2118 1802 2147 Hero-

1088 2161 1154 2190 doti
1171 2161 1218 2191 ΙΙ.
1232 2164 1282 2191 14.
1299 2161 1372 2190 ἄλλο
1386 2173 1416 2190 τι
1433 2160 1447 2192 ἢ
1460 2162 1482 2190 οἶ
1499 2161 1596 2190 ταῦτα
1609 2160 1740 2194 οἰκέοντες
1754 2160 1802 2190 Αἶ-

1088 2202 1215 2241 γυπτίων
1245 2204 1404 2234 πεινήσουσι
1417 2213 1424 2239 ;
1451 2205 1594 2243 numquid
1617 2202 1804 2243 AEgyptii—

1077 2247 1165 2287 fame
1188 2247 1350 2276 laboraturi
1374 2248 1468 2276 sunt?
1495 2247 1606 2281 Verte:
1630 2256 1724 2275 nonne
1749 2246 1804 2276 AE-

1086 2291 1183 2329 gyptii
1195 2288 1326 2330 —fame
1338 2289 1500 2319 laboraturi
1514 2294 1581 2319 sunt
1594 2288 1607 2317 ?
1621 2288 1691 2318 Alia
1702 2293 1751 2318 est
1765 2289 1804 2318 si-

1088 2333 1258 2370 gnificatio,
1283 2332 1309 2361 si
1328 2333 1476 2362 scribatur
1491 2330 1521 2360 τί
1535 2331 1610 2361 ἄλλο
1632 2330 1658 2362 ἦ.
1680 2331 1801 2370 Thucy-

1087 2375 1176 2405 dides
1193 2376 1231 2404 V.
1251 2377 1303 2406 98·
1325 2374 1355 2403 τί
1370 2375 1444 2404 ἄλλο
1462 2373 1476 2405 ἢ
1492 2375 1557 2408 τοὺς
1579 2375 1761 2414 ὑπάξχοντοις
1777 2373 1804 2403 ἔ-

1086 2416 1186 2458 χθροὺς
1197 2417 1384 2457 μεγαλύνετε.
1394 2419 1674 2448 AMEnsFoonD‘r.
1687 2418 1803 2447 Nostro

1088 2462 1157 2490 loco
1171 2461 1384 2499 similibusque
1400 2461 1474 2490 nihil
1490 2459 1656 2499 quidquam
1666 2459 1804 2496 interest,

1089 2503 1158 2533 ἄλλ’
1172 2504 1290 2533 scribas
1315 2513 1350 2532 an
1372 2501 1450 2532 ἀλλ’.
1493 2502 1553 2532 Sed
1575 2503 1703 2532 aliorum
1719 2502 1804 2532 loco-

1089 2557 1156 2576 rum
1171 2557 1337 2585 eorumque
1360 2556 1418 2575 non
1438 2555 1605 2584 paucorum
1629 2554 1666 2575 ea
1687 2550 1733 2575 est
1751 2556 1802 2575 na—

1088 2594 1168 2623 tura,
1186 2594 1218 2619 ut
1237 2593 1418 2619 aversentur
1438 2586 1510 2618 ἄλλ’
1531 2589 1628 2618 solum
1645 2588 1806 2618 admittant

1089 2631 1167 2662 ἀλλ’.
1214 2632 1450 2671 Orthographiae
1465 2631 1558 2670 igitur
1569 2630 1738 2665 constantia
1748 2641 1806 2670 po-

1091 2677 1219 2713 scin-ut
1239 2676 1439 2716 posteriorem
1461 2673 1611 2704 rationem
1626 2673 1738 2711 ubique
1755 2684 1803 2702 se-

1090 2729 1228 2757 quamur.
1273 2717 1400 2747 Scilicet
1417 2717 1529 2757 linguae
1554 2726 1626 2746 usus
1648 2725 1716 2744 cum
1732 2726 1804 2754 pro-

1089 2763 1188 2791 fectus
1204 2766 1287 2791 esset
1303 2762 1342 2790 ab
1358 2759 1428 2789 ἄλλ’
1444 2759 1472 2800 ἢ,
1493 2770 1566 2789 mox
1589 2758 1626 2788 ab
1643 2763 1745 2797 etymo
1761 2758 1804 2788 ita

1090 2804 1228 2840 deflexit,
1246 2809 1277 2833 nt
1299 2803 1458 2833 immemor
1480 2801 1608 2840 originis
1622 2801 1726 2834 ,solam
1745 2801 1804 2831 sor-

1090 2847 1200 2877 mulam
1214 2845 1283 2876 ἀλλ’
1298 2845 1312 2877 ἢ
1329 2850 1519 2885 agnosceret.
1535 2845 1734 2874 ὃοΗΑΕιἚη.

1132 2907 1174 2912 -
1190 2890 1267 2919 ibid.
1283 2886 1507 2930 ῥαψῳδήσουσιν]
1533 2887 1633 2916 Vertit
1656 2886 1804 2916 Reiskius

1090 2933 1120 2962 in
1145 2931 1213 2962 Iud.
1238 2934 1382 2962 incassum
1406 2931 1536 2971 garrire.
1580 2930 1663 2959 Loco
1691 2934 1803 2966 autem,

1091 2986 1180 3014 quem
1204 2975 1280 3005 ilinc
1296 2974 1412 3009 retunt,
1432 2984 1462 3002 c.
1481 2971 1618 3011 Aristog.
1636 2971 1664 3002 1.
1680 2982 1711 3010 p.
1728 2973 1804 3005 ¹770.

1092 3021 1141 3049 14.
1166 3018 1214 3048 ed.
1240 3016 1346 3047 Reisk.
1371 3016 1494 3047 additur
1517 3014 1626 3056 μάτην,
1649 3014 1806 3054 quodne..
