1997 3323
389 195 442 235 60
767 193 799 236 Ι.
824 194 858 236 Ι,
885 191 1102 234 REIsKE
1136 193 1457 234 ANNOTATA

387 300 478 332 fastu,
495 298 664 334 insolentia,
679 299 843 338 protervia,
859 299 1036 338 petulantia.
1061 302 1091 328 3.

388 341 439 369 sed
458 341 536 370 hoc'
529 352 559 370 m
585 342 703 380 primis,
727 342 790 371 weil
813 353 844 372 er
864 342 981 372 alternat
1000 340 1094 371 nichts

386 383 478 432 ‹Iabey
494 384 642 421 zerlieltrt‚
664 386 714 414 der
731 385 862 425 {ustmg
877 385 929 413 {lei
943 384 1033 414 Snclze
1047 393 1093 423 say

377 423 442 466 jzia
456 426 518 462 ihn,
533 428 584 457 wie
606 438 637 457 er
659 428 736 457 ‹mch
752 430 850 456 imme»
865 427 944 455 walle
961 427 1007 467 [be
1011 437 1094 456 cause

389 468 423 498 he
438 469 506 499 boses
519 475 550 500 at
570 471 613 500 all.
628 472 707 500 times
722 470 843 509 nothing
861 469 896 508 by
912 470 945 504 it,
961 469 1007 499 the
1022 472 1094 499 issue

385 510 422 553 «f
432 512 481 542 the
496 512 581 553 thing
600 515 622 542 is
638 512 694 552 sor
710 512 769 541 him
791 511 917 542 whether
930 511 964 542 he
984 512 1045 542 will
1063 523 1095 541 or

387 554 464 595 notJ,
484 555 565 595 quia,
584 555 755 594 quicunque
779 555 838 584 erit
860 566 968 584 causae
981 555 1094 591 exitus,

388 598 454 628 sive
485 599 638 628 secundus
664 597 734 633 sibi,
760 598 826 627 sive
856 599 1015 634 adversus,
1044 609 1094 628 res

389 651 465 676 suae,
481 641 637 670 AEsoliinis
654 646 738 679 puta,
753 646 826 680 post
840 652 961 671 causam
984 642 1094 671 dictam

386 684 525 724 (etiamsi
555 684 714 723 amissam)
746 684 837 713 nihilo
873 685 997 714 meliore
1027 685 1095 714 loco

388 731 487 762 erunt,
499 736 586 765 quam
597 727 718 757 fuerunt
729 736 797 757 ante
807 737 906 757 oausae
918 728 1094 758 dictionem.

387 770 419 799 Si
438 770 509 799 nihil
525 770 672 806 lucretur,
686 770 759 799 nihil
781 774 880 799 tamen
898 781 1002 800 rursus
1017 771 1095 801 mul-

388 813 513 842 tabitur.
546 811 590 841 Er
614 819 705 853 wagts
730 812 896 843 verlohrner
922 812 1022 844 Weise.
1046 824 1096 855 ge—

391 857 482 884 wiunt
497 865 538 890 er,
554 856 592 884 ist
607 865 633 885 es
654 857 730 886 desto
745 857 843 890 besser,
858 856 994 885 ver-liehrt
1009 867 1052 892 er,
1069 867 1097 886 so

389 899 427 927 ist
452 908 482 927 er
513 899 619 927 darum
648 899 729 929 nicht
756 898 918 928 schlimmer
943 900 1030 934 dran,
1055 900 1098 929 als

387 940 492 971 vorhin
516 940 607 982 [if'he
629 943 713 977 wins,
734 944 758 972 it
781 943 802 971 is
824 941 870 971 the
893 942 994 977 better,
1016 941 1047 982 if
1064 942 1099 972 he

388 985 467 1020 lases,
486 995 513 1013 so
529 986 554 1013 is
573 983 607 1014 he
611 984 670 1026 for
685 985 748 1015 that
762 995 862 1015 reason
881 991 930 1015 not
947 984 993 1015 the
1013 995 1099 1015 worse

389 1026 439 1067 ‘ff’
454 1037 485 1056 as
500 1026 622 1067 ὑφῆψε]
651 1028 776 1067 Ingenio
793 1028 817 1057 si
834 1032 919 1057 natus
936 1039 1032 1058 essem
1051 1039 1099 1065 eo,

390 1075 422 1099 ut
439 1070 542 1099 studio
570 1070 749 1108 delectarer,
772 1071 854 1110 quod
878 1082 935 1109 ego
956 1071 1098 1101 miserum

390 1114 505 1143 ducens
517 1123 665 1152 nunquam
679 1125 736 1144 non
748 1115 858 1152 refugi,
871 1115 924 1143 sed
934 1115 985 1144 alii
999 1125 1100 1152 quam-

390 1156 514 1194 plurimi
530 1161 609 1186 totas
630 1161 736 1187 aetates
759 1158 790 1187 in
812 1168 848 1186 eo
863 1162 1034 1193 conterunt,
1047 1168 1100 1187 ne-

390 1209 450 1237 que
476 1199 580 1229 satiari
599 1206 741 1239 possunt,
762 1206 794 1230 ut
813 1200 928 1230 similes
949 1201 1100 1231 dictiones

390 1252 426 1271 ex
442 1242 621 1273 auctoribus
635 1243 665 1272 in
682 1244 870 1279 adversaria,
893 1248 946 1272 aut
967 1245 997 1273 in
1018 1254 1100 1273 com-

391 1286 555 1315 mentarios
572 1296 643 1316 suos
656 1292 857 1326 comportent,
869 1286 969 1316 nullus
980 1287 1101 1323 dubim,

392 1328 488 1358 multo
518 1328 656 1359 altiorem
683 1330 866 1360 exstiturum
892 1329 988 1359 fuisse
1014 1340 1100 1360 acer-

391 1381 462 1400 vum
475 1372 610 1400 locorum
628 1383 666 1402 ex
684 1372 766 1402 omni
781 1378 870 1402 aetate
881 1378 912 1402 et
926 1373 1033 1402 ordine
1049 1383 1101 1402 au-

390 1419 511 1443 ctorum
527 1419 747 1450 constructum,
763 1416 815 1445 ubi
835 1415 930 1445 dictio
951 1415 983 1445 ἐκ
996 1426 1102 1456 περιου-

391 1454 456 1490 σίαις
485 1458 629 1487 occurrit.
674 1458 776 1488 Multo
805 1458 910 1497 plures
941 1458 1016 1488 mihi
1034 1445 1100 1488 ’loci

390 1500 508 1529 similes
531 1505 729 1530 occurrerent
750 1502 875 1531 Graecos
897 1501 1023 1540 legenti,
1047 1502 1100 1531 sed

390 1543 544 1573 transmisi
570 1543 742 1583 plerosque,
765 1554 833 1573 cum
860 1544 1036 1574 adversaria
1062 1545 1100 1573 ad

390 1596 509 1616 manum
528 1597 584 1616 non
602 1587 907 1627 essent,pigeretque
922 1587 1101 1627 quaerendo-

390 1640 457 1659 rum
475 1640 548 1669 ergo
573 1640 708 1668 surgere.
753 1629 905 1660 Annotavi
925 1635 1023 1660 tamen
1045 1630 1102 1660 hos

390 1683 516 1712 paucos,
533 1683 610 1712 quos
625 1673 675 1703 hic
692 1683 870 1713 proponam,
887 1673 967 1703 unde
982 1678 1102 1703 consta-

389 1715 448 1751 bit,
475 1717 551 1745 hanc
579 1716 744 1746 dictionem
770 1717 813 1746 ita
838 1727 905 1746 esse
931 1727 948 1746 a
972 1716 1102 1746 vetustis

391 1764 577 1798 usurpatam,
596 1764 630 1788 ut
653 1759 773 1789 illarum
795 1759 896 1794 trium¹
912 1769 988 1799 quas
1010 1760 1102 1798 paulo

389 1806 459 1831 ante
472 1802 696 1838 enumerabam,
706 1802 960 1842 significationum
969 1802 1103 1842 vestigia

393 1844 468 1874 satis
484 1845 613 1885 insignia
625 1845 653 1875 in
671 1846 710 1875 iis
730 1850 906 1886 appareant.
929 1856 986 1876 non
1003 1850 1102 1876 tamen

393 1887 536 1917 omnibus
553 1888 674 1918 omnino
695 1888 773 1918 locis
788 1889 850 1918 illae
872 1894 935 1919 tres
949 1889 1102 1928 significa-

393 1931 494 1961 tiones
511 1931 598 1961 simul
613 1931 727 1967 insunt,
738 1932 793 1962 sed
808 1932 860 1962 alii
875 1932 944 1962 loco
961 1933 1036 1967 lnec,
1051 1931 1103 1961 alii

392 1974 461 2010 alia,
478 1984 603 2013 quarum
620 1985 688 2014 quae
704 1975 814 2015 cuique
826 1975 996 2011 conveniat,
1010 1986 1026 2004 e
1043 1975 1103 2005 loci

390 2018 541 2056 cujusque
557 2022 663 2048 natura
678 2018 882 2058 colligendum
896 2022 952 2048 est.
983 2018 1104 2048 Primus

391 2061 487 2100 igitur
501 2066 568 2090 esto
584 2061 670 2091 locus
689 2061 753 2096 ille,
767 2061 900 2091 omnium
919 2060 1103 2102 κορυφαιότα-

389 2115 451 2140 τος,
467 2104 534 2133 fons
557 2104 754 2144 reliquorum,
768 2104 960 2144 Thucydidis
976 2105 1014 2133 V.
1032 2106 1105 2134 103.

393 2148 446 2176 ubi
462 2146 604 2186 praecipit
617 2147 749 2188 χρῆσθαι
768 2147 807 2186 τῇ
829 2146 922 2178 ἐλπίδι
946 2147 978 2177 ἐκ
999 2157 1104 2188 *negano-

391 2189 467 2225 σίας.
485 2189 528 2219 uti
544 2190 664 2229 quidem
682 2201 748 2230 spe,
764 2195 970 2220 verumtamen
995 2201 1055 2219 non
1073 2193 1105 2219 ut

392 2232 537 2272 praesidio
549 2233 705 2271 palmatio,
720 2233 774 2263 sed
789 2243 823 2262 er
836 2242 1057 2271 supervacaneo,
1072 2243 1106 2263 ex

392 2275 570 2313 abundanti,
595 2276 680 2305 velut
703 2275 889 2305 adminiculo
912 2276 1104 2311 secundario,

392 2319 474 2357 quod
489 2329 547 2348 non
573 2323 604 2348 tu
628 2318 751 2358 quidem
777 2319 959 2358 asperneris,
975 2323 1106 2349 attamen

393 2362 439 2391 illi
454 2361 609 2391 minimum
621 2362 753 2392 omnium
764 2361 892 2392 tribuas.
909 2362 953 2391 sic
967 2372 1002 2391 ea
1017 2362 1107 2398 fidas,

395 2410 428 2434 ut
443 2405 507 2434 sine
525 2405 585 2434 ulla
603 2405 708 2435 fraude
723 2411 775 2435 tua
791 2415 917 2444 prorsus
932 2405 1107 2444 aequissimo

394 2447 493 2477 animo
510 2457 614 2477 careas
631 2449 686 2478 hac
696 2449 837 2484 anchora,
851 2448 921 2487 quia
931 2448 1028 2478 multo
1042 2448 1107 2489 plu-

393 2490 478 2520 ribus
494 2491 650 2529 multoque
667 2491 852 2521 firmioribus
866 2490 934 2520 aliis
945 2491 1060 2522 niteris.
1073 2496 1106 2521 ut

394 2533 420 2562 si
437 2543 568 2572 prosper
580 2535 682 2563 exitus
693 2534 760 2574 spei
774 2540 833 2564 tuae
844 2534 1037 2573 respondeat,
1053 2534 1107 2564 lae-

393 2576 478 2606 teris.
495 2575 542 2605 sin
559 2580 588 2606 te
604 2577 697 2612 sallat,
712 2577 752 2606 nil
774 2577 846 2607 ideo
862 2577 1014 2607 deteriore
1037 2577 1106 2607 loco

393 2618 446 2648 sis.
495 2618 558 2648 Dio
573 2619 810 2658 chrysostomus
826 2631 857 2659 p.
874 2622 948 2651 493.
963 2623 1012 2651 ⁰29.
1033 2631 1106 2659 que-

391 2661 479 2696 ritur,
503 2662 698 2692 Tarsensium
723 2664 870 2701 quosdam
891 2662 1106 2693 πολιτεύεσθαι

393 2703 427 2733 ἐκ
441 2703 609 2744 ‘'regiona-laq.
624 2716 721 2744 remp.
739 2706 888 2745 attingere
905 2707 1016 2742 obiter,
1033 2707 1106 2736 sub-

394 2747 507 2777 secivis
522 2747 749 2782 horis,fallendi
767 2748 820 2778 otii
835 2759 920 2787 erg0,
933 2751 1020 2788 cujus
1037 2760 1104 2779 cum

393 2790 528 2820 nonniliil
543 2791 839 2830 supersitanegotiis
852 2792 1106 2831 domesticisper-

392 2832 521 2869 actis,in
535 2833 661 2869 curiam,
678 2834 709 2862 in
723 2834 821 2863 forum
839 2834 1010 2872 provolant,
1024 2836 1105 2874 quod

391 2876 504 2906 melius
520 2881 621 2915 agant,
636 2887 694 2906 non
710 2876 866 2906 habentes.
899 2877 1105 2907 Philostratus

392 2929 424 2957 p.
442 2921 516 2949 520.
533 2922 584 2950 22.
608 2919 640 2948 ἐκ
657 2919 812 2960 ‘regnove-ia:
835 2918 946 2959 ἐκράτει
968 2922 1017 2952 τὴν
1041 2931 1106 2961 πρε-

393 2961 503 2993 σβείαν.
532 2961 689 2992 obtinebat
718 2963 900 3002 legationem
933 2974 950 2992 e
981 2974 1105 3002 supera-

394 3005 569 3042 bundantia,
592 3006 618 3036 b.
637 3017 664 3036 e.
687 3016 744 3037 non
769 3006 960 3037 solummodo
983 3017 1104 3037 causam

1126 298 1278 333 vincebat,
1293 299 1332 328 ob
1347 310 1434 338 quam
1452 299 1562 329 missus
1584 297 1615 328 in
1631 299 1745 328 Urbem
1767 299 1833 328 fue-

1128 347 1184 377 rat,
1203 342 1255 370 sed
1273 341 1364 370 etiam
1387 343 1507 380 insuper
1522 342 1631 371 multas
1652 341 1834 380 impetrabat

1128 384 1305 423 largitiones
1328 391 1359 413 et
1382 385 1505 424 gratias,
1520 395 1616 424 neque
1634 388 1767 424 rogatas,
1782 394 1833 413 ne-

1127 437 1186 466 que
1207 430 1355 465 speratas,
1370 426 1441 456 item
1463 438 1494 466 p.
1510 429 1651 459 534.19.
1694 426 1834 457 Julianus

1128 470 1157 499 in
1176 470 1378 510 Misopogone
1390 470 1518 510 (citatus
1533 470 1685 500 avalesio
1697 470 1736 500 ad
1753 469 1835 500 Har—

1129 523 1213 563 poci.
1229 523 1260 552 p.
1278 512 1350 552 46.)
1375 511 1453 545 δ’στις
1475 511 1597 553 ἄρχοντα
1619 512 1736 554 ὕβρισεν,
1759 509 1837 545 οὗτος

1128 554 1160 584 ἐκ
1175 554 1334 595 περιουσίας
1355 557 1420 589 τοὺς
1434 555 1532 595 νόμους
1552 557 1753 586 κατεπάτησε.
1776 565 1835 584 non

1128 598 1228 637 ipsum
1255 599 1445 628 solummodo
1471 598 1678 637 magistratum
1704 599 1838 628 dehone-

1129 647 1201 678 stat,
1222 642 1275 671 sed
1298 643 1416 680 insuper
1428 652 1548 681 quoque
1571 641 1654 680 leges
1667 641 1752 680 ipsas
1768 651 1838 679 pro-

1129 684 1241 714 culcat.
1284 685 1431 715 Libanius
1451 686 1488 714 T.
1503 685 1530 714 Ι.
1544 695 1574 723 p.
1589 685 1664 715 714.
1686 687 1736 714 10.
1764 685 1785 712 οἳ
1806 683 1839 713 ἐκ

1129 725 1286 767 veseroncia:
1309 727 1351 767 τῷ
1374 727 1492 768 πολέμῳ
1516 727 1654 768 χςώμενοι
1683 732 1763 763 sunt,
1785 727 1838 765 qui

1131 771 1211 801 bella
1224 776 1332 811 gerunt
1353 781 1435 801 mera
1457 781 1496 800 ex
1514 770 1642 801 libidine
1657 775 1686 800 et
1700 769 1838 810 petulan-

1131 814 1183 849 tia,
1200 814 1255 844 otii
1268 813 1392 843 fallendi
1405 825 1509 849 causa,
1525 823 1582 843 non
1598 814 1657 852 q'uo
1672 824 1737 843 rem
1753 823 1838 842 suam

1130 857 1251 893 faciant,
1277 858 1331 886 sed
1357 857 1430 896 quia
1453 857 1526 886 nihil
1551 856 1703 886 amittunt.
1746 856 1839 895 Apud

1131 899 1357 940 Hermogenem
1375 911 1407 938 p.
1400 903 1489 929 .110.
1504 899 1553 929 ed.
1566 899 1668 938 Crisp.
1681 903 1773 938 caput
1790 904 1840 928 cst

1132 942 1192 981 περὶ
1208 945 1262 972 τῶν
1281 941 1313 972 ἐκ
1333 941 1489 982 περιουσίας
1502 940 1667 982 προοιμίων,
1682 942 1720 971 de
1736 942 1841 980 prolo-

1131 985 1212 1023 quiis
1220 985 1410 1020 accessoriis,
1421 995 1489 1024 quae
1500 985 1596 1014 veluti
1606 984 1757 1014 mantissa}
1773 985 1841 1014 loco

1132 1028 1296 1063 adduntur¹
1310 1029 1433 1058 tametsi
1455 1028 1521 1058 siue
1541 1027 1580 1057 iis
1601 1037 1722 1068 quoque
1744 1027 1841 1057 oratio

1134 1070 1194 1101 sibi
1210 1076 1341 1101 constet.

1175 1132 1219 1136 —
1233 1117 1284 1145 20.
1300 1113 1313 1143 ὃ
1328 1113 1427 1155 φυσει]
1442 1113 1564 1144 correxi
1580 1113 1620 1143 de
1633 1123 1703 1143 meo
1719 1123 1808 1143 sensu
1822 1111 1841 1141 ἃ

1133 1156 1181 1197 (iu
1205 1162 1311 1187 neutro
1339 1157 1468 1199 plurali)
1492 1164 1524 1196 φ.
1548 1168 1611 1197 qua:
1633 1162 1750 1207 natura<¹
1764 1155 1842 1196 (non

1134 1201 1211 1239 qued
1234 1199 1368 1239 natura.)
1388 1211 1447 1230 non
1476 1200 1556 1230 enim
1582 1198 1750 1229 cohaere18
1773 1209 1841 1228 cum

1134 1242 1230 1283 ἕτερον.
1245 1243 1340 1280 aliud,
1355 1244 1441 1283 quod.
1452 1253 1649 1283 nequaquam.
1676 1241 1764 1272 Sed
1756 1240 1844 1282 ἕτερον

1134 1292 1237 1325 aptum
1253 1291 1301 1316 est
1314 1296 1354 1316 ex
1371 1285 1564 1325 ἐλαττοῦμαι.
1581 1287 1710 1315 alterum
1726 1295 1843 1321 eorum,

1135 1329 1245 1369 quibus
1259 1329 1383 1359 inferior
1395 1339 1463 1359 sum
1472 1328 1622 1365 AEschini,
1636 1329 1693 1358 hoc
1706 1332 1763 1358 est.
1778 1332 1844 1357 tum

1135 1377 1256 1402 enarrat
1270 1372 1357 1403 illud.
1378 1371 1397 1401 ἃ
1416 1373 1446 1402 in
1462 1376 1570 1402 neutro
1589 1371 1699 1410 plurali
1713 1372 1844 1401 refertur

1135 1416 1172 1445 ad
1188 1416 1351 1454 insequens
1371 1414 1478 1445 τούτων
1492 1413 1578 1446 τοίνυν
1592 1425 1683 1445 versu
1699 1416 1752 1445 23.
1775 1424 1843 1453 quae

1134 1463 1242 1488 natura
1265 1458 1437 1488 hominibus
1459 1458 1600 1488 omnibus
1621 1457 1735 1493 insunt,
1755 1462 1787 1486 ut
1800 1474 1844 1479 -—-

1135 1511 1238 1531 eorum
1256 1501 1361 1540 igitur,
1375 1500 1503 1531 alterum
1526 1500 1648 1540 quidem
1662 1517 1706 1524 —-
1717 1500 1845 1530 alterum

1134 1553 1209 1573 vero
1222 1562 1276 1573 —.

1177 1605 1220 1610 ——
1236 1597 1306 1626 pen.
1330 1585 1375 1617 ἐὰν
1390 1585 1414 1615 θ’
1429 1586 1476 1626 ἐφ’
1490 1586 1578 1629 “i—J
1604 1587 1793 1625 Hermogen.
1811 1596 1843 1625 p.

1135 1632 1209 1661 429.
1231 1631 1242 1660 ὁ
1264 1629 1292 1660 δὲ
1315 1629 1500 1668 Δημοσθένης
1520 1629 1546 1660 ἐν
1566 1630 1609 1669 τῷ
1629 1630 1689 1670 περὶ
1706 1629 1845 1668 Στεφάνου

1134 1672 1252 1712 μέλλων
1274 1673 1371 1704 ἑαυτὸν
1384 1672 1504 1702 ἐπαινεῖν
1515 1672 1564 1703 καὶ
1584 1675 1633 1703 'riv
1649 1672 1748 1702 ἑαυτοῦ
1763 1678 1846 1702 πολι-

1135 1714 1220 1750 τείαν,
1235 1717 1376 1750 πολλάκις
1388 1718 1494 1758 χρῆται
1510 1716 1548 1757 τῇ
1562 1717 1670 1757 ἀνάγκῃ
1684 1714 1782 1754 λέγων·
1799 1713 1846 1744 ἐὰν

1136 1759 1163 1789 δὲ
1179 1758 1223 1798 ἐφ’
1239 1760 1258 1789 ἃ
1271 1759 1319 1790 καὶ
1335 1759 1473 1791 πεποίηκα
1484 1777 1536 1788 —.

1177 1820 1218 1824 --
1235 1805 1287 1832 10.
1303 1803 1408 1832 τούτων
1421 1801 1562 1842 μέγιστόν
1581 1801 1661 1843 ἐστι]
1684 1802 1705 1831 f.
1728 1800 1845 1837 τούτων,

1136 1845 1162 1875 ἓν
1175 1848 1230 1876 τῶν
1244 1845 1392 1884 μεγίστων
1403 1844 1491 1876 ἐστίν.

1178 1907 1220 1910 -
1234 1892 1283 1919 12.
1295 1888 1410 1928 ὁμοίως]
1422 1899 1479 1918 non
1492 1888 1625 1919 ooliaeret
1636 1898 1703 1918 cum
1714 1887 1846 1921 ἀκοῦσαι,

1137 1932 1190 1961 sed
1215 1942 1282 1961 cum
1307 1933 1394 1971 ὑμῶν.
1425 1942 1442 1961 a
1470 1931 1556 1961 vobis
1579 1930 1698 1961 cunctis
1721 1929 1847 1970 pariter,

1136 1979 1268 2014 excepto
1284 1975 1416 2010 nemine,
1436 1973 1531 2004 nobili
1546 1972 1726 2013 ignobilive‚
1740 1976 1848 2012 poten-

1136 2022 1166 2047 te
1183 2028 1218 2047 an
1234 2018 1364 2053 infirmo,
1380 2028 1452 2047 sene
1466 2027 1502 2047 an
1523 2018 1650 2056 juvene,
1663 2021 1737 2056 peto
1753 2020 1845 2055 atque

1137 2062 1300 2091 contendo.

1180 2106 1320 2135 227.18.
1338 2103 1488 2144 διαβολὰς]
1513 2103 1699 2134 Scholiastes
1714 2080 1847 2132 Hermo-

1138 2148 1243 2186 genis:
1267 2146 1361 2177 διττὸν
1376 2145 1410 2176 τὸ
1424 2148 1475 2180 τῆς
1488 2145 1654 2180 διαβολης”
1640 2156 1737 2184 ονομα..
1752 2143 1800 2174 ἐπί
1815 2154 1849 2174 τε

1138 2192 1191 2230 γὰρ
1207 2192 1258 2223 τῆς
1278 2187 1406 2223 aiaconi.-
1428 2189 1516 2224 αὐτῆς
1536 2188 1799 2230 (calumniatione,
1814 2192 1849 2217 ut

1138 2233 1169 2262 in
1195 2232 1313 2272 vulgari
1334 2243 1472 2263 sermone
1499 2231 1667 2271 accipitur)
1689 2230 1851 2267 τάττεται,

1139 2276 1174 2309 ὡς
1196 2278 1275 2316 παρὰ.
1298 2275 1446 2315 Μενάνδρῳ·
1469 2275 1519 2305 οὐκ
1539 2274 1619 2305 ἔστιν
1640 2273 1699 2305 οὐδὲ
1721 2273 1850 2308 διάβολος

1138 2319 1223 2357 γραῦς
1237 2318 1313 2349 ἔνδον.
1334 2319 1381 2348 καὶ
1396 2317 1444 2349 ἐπὶ
1459 2319 1510 2352 τῆς
1523 2318 1703 2358 κατηγορίας,
1716 2318 1752 2350 ὣς
1769 2322 1852 2356 Anu..

1139 2360 1165 2391 ἐν
1179 2361 1224 2401 τῷ
1238 2361 1306 2401 περὶ
1328 2362 1468 2400 Στεφάνου
1481 2361 1574 2401 φησίν·
1591 2362 1640 2402 6ξῶ
1656 2363 1721 2400 γᾶς,
1736 2359 1778 2390 δ’τι
1794 2361 1851 2395 τὰς

1140 2403 1234 2438 αἰτίας
1247 2404 1295 2434 καὶ
1307 2407 1362 2439 τὰς
1376 2403 1511 2445 διαβολὰς
1525 2422 1578 2434 -.

1182 2465 1225 2470 --
1240 2450 1292 2478 20.
1310 2445 1472 2488 παρελθεῖν]
1488 2447 1607 2477 Citath.
1622 2448 1643 2478 l.
1655 2448 1807 2484 Harpocr.
1820 2456 1849 2475 v.

1141 2490 1304 2531 παρελθεῖν,
1329 2491 1531 2531 interpretans
1557 2490 1620 2520 ἀντὶ
1650 2491 1701 2519 τοῦ
1728 2490 1850 2518 νικῆσαι.

1142 2535 1247 2564 Simile
1273 2535 1400 2564 ductum
1423 2543 1440 2563 a
1465 2533 1652 2564 certantibus
1679 2542 1770 2562 cursu
1798 2541 1851 2560 seu

1141 2577 1286 2616 equestri,
1299 2587 1351 2607 seu
1362 2576 1474 2613 curuli,
1488 2582 1519 2606 et
1533 2574 1789 2606 contendentibus
1805 2574 1851 2603 in-

1142 2625 1188 2649 ter
1202 2631 1270 2650 sese
1285 2624 1482 2659 praevertere.

1183 2681 1226 2685 —
1238 2664 1289 2693 25.
1303 2661 1487 2703 μὲλλων-]
1505 2663 1714 2700 Hermogenes
1729 2670 1760 2698 p.
1775 2660 1850 2690 352.

1141 2718 1170 2735 αι
1186 2705 1209 2734 δ’
1227 2705 1414 2736 ἔνδοιαστικαι
1433 2703 1591 2744 ἐπικρίσεις
1603 2701 1688 2734 ηττον
1702 2701 1801 2755 {xpum
1817 2700 1852 2731 ’τό

1140 2748 1308 2785 ἐνδιάθετον,
1323 2747 1413 2780 heluat
1427 2747 1525 2787 μέντοι
1540 2744 1640 2777 ουδὲν“
1626 2757 1709 2777 ηττον
1723 2745 1789 2781 εἶσι,
1802 2743 1852 2774 καὶ

1139 2793 1255 2830 μαλλον
1267 2791 1434 2832 προσήκουσι
1446 2790 1484 2831 τῇ
1498 2790 1647 2830 βαρύτητι.
1663 2786 1722 2819 οιον·
1737 2787 1854 2828 μέλλων

1141 2835 1170 2865 δὲ
1185 2834 1266 2864 τουτ’
1281 2833 1346 2864 talou
1360 2831 1417 2864 Clov
1432 2832 1537 2867 παντὸς
1553 2838 1613 2862 etc.

1183 2880 1257 2908 2528.
1274 2878 1305 2908 5.
1331 2876 1354 2906 εἶ
1375 2875 1431 2916 μὲν
1450 2873 1492 2906 οὖν
1509 2875 1571 2916 περὶ
1584 2875 1642 2915 —]
1659 2875 1803 2912 Syrianus
1819 2883 1852 2912 p.

1140 2923 1193 2952 79.
1207 2922 1244 2950 ad
1256 2921 1447 2958 Hermogen.
1456 2920 1596 2957 μάλιστα
1607 2929 1664 2956 μεν
1677 2928 1717 2946 ουν
1733 2916 1776 2946 δεῖ
1789 2915 1852 2955 mg?

1140 2964 1173 2994 τὸ
1193 2962 1338 3002 κρινόμενον
1355 2961 1504 2992 ἵστασθαι
1525 2963 1629 2991 ’στᾶσαν
1649 2962 1698 2991 τὴν
1718 2960 1853 2989 δικαιολο-

1139 3006 1210 3045 γίαν.
1222 3006 1244 3037 εἶ
1258 3005 1280 3036 δ’
1293 3006 1346 3047 ἄρα
1357 3017 1386 3036 τι
1399 3004 1572 3043 κατεπείγει
1587 3002 1684 3044 ἔξωθέν
1698 3014 1761 3033 τινα
1773 3013 1853 3043 wag>-
