<?xml version="1.0" encoding="UTF-8"?>
<!DOCTYPE html PUBLIC "-//W3C//DTD XHTML 1.0 Transitional//EN"
    "http://www.w3.org/TR/xhtml1/DTD/xhtml1-transitional.dtd">
<html xmlns="http://www.w3.org/1999/xhtml" xml:lang="en" lang="en">
 <head>
  <title>
</title>
<meta http-equiv="Content-Type" content="text/html;charset=utf-8" />
  <meta name='ocr-system' content='tesseract 3.04.00' />
  <meta name='ocr-capabilities' content='ocr_page ocr_carea ocr_par ocr_line ocrx_word'/>
</head>
<body>
  <div class='ocr_page' id='page_1' title='image "./oratoresatticie09dobs/oratoresatticie09dobs_0533.png"; bbox 0 0 1931 3322; ppageno 0'>
   <div class='ocr_carea' id='block_1_1' title="bbox 341 188 1436 233">
    <p class='ocr_par' dir='ltr' id='par_1_1' title="bbox 341 188 1436 233">
     <span class='ocr_line' id='line_1_1' title="bbox 341 188 1436 233; baseline 0 -3"><span class='ocrx_word' id='word_1_1' title='bbox 341 188 406 230; x_wconf 93' lang='lat' dir='ltr'><em>IN</em></span> <span class='ocrx_word' id='word_1_2' title='bbox 438 188 611 230; x_wconf 92' lang='lat' dir='ltr'><strong>ORAT.</strong></span> <span class='ocrx_word' id='word_1_3' title='bbox 644 188 726 230; x_wconf 95' lang='lat' dir='ltr'><em>DE</em></span> <span class='ocrx_word' id='word_1_4' title='bbox 757 188 1058 233; x_wconf 86' lang='lat' dir='ltr'><strong>RHODIOR.</strong></span> <span class='ocrx_word' id='word_1_5' title='bbox 1091 188 1436 232; x_wconf 88' lang='lat' dir='ltr'><strong>LIBERTATE.</strong></span> 
     </span>
    </p>
   </div>
   <div class='ocr_carea' id='block_1_2' title="bbox 164 292 989 337">
    <p class='ocr_par' dir='ltr' id='par_1_2' title="bbox 164 292 989 337">
     <span class='ocr_line' id='line_1_2' title="bbox 164 292 989 337; baseline 0.001 -13"><span class='ocrx_word' id='word_1_6' title='bbox 164 293 232 335; x_wconf 45' lang='grc' dir='ltr'>[οἷ’</span> <span class='ocrx_word' id='word_1_7' title='bbox 213 308 242 325; x_wconf 78' lang='grc' dir='ltr'>ο.</span> <span class='ocrx_word' id='word_1_8' title='bbox 245 292 281 335; x_wconf 91' lang='lat'><em>]’</em></span> <span class='ocrx_word' id='word_1_9' title='bbox 271 294 318 325; x_wconf 74' lang='grc' dir='ltr'>επὶ</span> <span class='ocrx_word' id='word_1_10' title='bbox 328 296 466 335; x_wconf 76' lang='grc' dir='ltr'>προφάσει</span> <span class='ocrx_word' id='word_1_11' title='bbox 475 297 526 330; x_wconf 72' lang='grc' dir='ltr'><em>τῆς</em></span> <span class='ocrx_word' id='word_1_12' title='bbox 537 296 605 337; x_wconf 63' lang='grc' dir='ltr'>περὶ</span> <span class='ocrx_word' id='word_1_13' title='bbox 615 298 679 331; x_wconf 79' lang='grc' dir='ltr'>τοὺς</span> <span class='ocrx_word' id='word_1_14' title='bbox 687 298 870 336; x_wconf 79' lang='grc' dir='ltr'>στρατιώτας</span> <span class='ocrx_word' id='word_1_15' title='bbox 904 306 989 325; x_wconf 90' lang='lat' dir='ltr'><em>sors:</em></span> 
     </span>
    </p>
   </div>
   <div class='ocr_carea' id='block_1_3' title="bbox 149 338 869 3068">
    <p class='ocr_par' dir='ltr' id='par_1_3' title="bbox 156 338 869 551">
     <span class='ocr_line' id='line_1_3' title="bbox 161 338 869 388; baseline 0.004 -21"><span class='ocrx_word' id='word_1_16' title='bbox 161 339 318 388; x_wconf 75' lang='grc' dir='ltr'>χρημάτων</span> <span class='ocrx_word' id='word_1_17' title='bbox 333 339 465 380; x_wconf 77' lang='grc' dir='ltr'><strong><em>συνεχοῦς</em></strong></span> <span class='ocrx_word' id='word_1_18' title='bbox 478 338 628 380; x_wconf 72' lang='grc' dir='ltr'>χορηγίοις-τ</span> <span class='ocrx_word' id='word_1_19' title='bbox 654 340 768 369; x_wconf 84' lang='lat' dir='ltr'><em>modo&#39;</em></span> <span class='ocrx_word' id='word_1_20' title='bbox 760 350 789 369; x_wconf 78' lang='lat' dir='ltr'><em>in</em></span> <span class='ocrx_word' id='word_1_21' title='bbox 807 341 869 370; x_wconf 88' lang='lat' dir='ltr'><em>dat.</em></span> 
     </span>
     <span class='ocr_line' id='line_1_4' title="bbox 162 380 867 421; baseline 0.007 -13"><span class='ocrx_word' id='word_1_22' title='bbox 162 380 258 409; x_wconf 80' lang='lat' dir='ltr'><em>absol.</em></span> <span class='ocrx_word' id='word_1_23' title='bbox 286 382 350 410; x_wconf 87' lang='lat' dir='ltr'><em>sine</em></span> <span class='ocrx_word' id='word_1_24' title='bbox 375 383 544 421; x_wconf 67' lang='lat' dir='ltr'><em>praeposit„</em></span> <span class='ocrx_word' id='word_1_25' title='bbox 567 388 601 411; x_wconf 85' lang='lat' dir='ltr'><em>ut</em></span> <span class='ocrx_word' id='word_1_26' title='bbox 622 383 760 421; x_wconf 64' lang='lat' dir='ltr'><em>Thncjd.</em></span> <span class='ocrx_word' id='word_1_27' title='bbox 783 383 803 412; x_wconf 85' lang='lat' dir='ltr'><em>l.</em></span> <span class='ocrx_word' id='word_1_28' title='bbox 824 383 867 413; x_wconf 89' lang='lat' dir='ltr'><em>iii.</em></span> 
     </span>
     <span class='ocr_line' id='line_1_5' title="bbox 161 422 867 465; baseline 0.001 -12"><span class='ocrx_word' id='word_1_29' title='bbox 161 422 247 463; x_wconf 80' lang='lat'><strong>[86.]</strong></span> <span class='ocrx_word' id='word_1_30' title='bbox 260 422 398 462; x_wconf 71' lang='grc' dir='ltr'>ἔπεμψαν</span> <span class='ocrx_word' id='word_1_31' title='bbox 409 425 460 458; x_wconf 66' lang='grc' dir='ltr'><em>τῖς</em></span> <span class='ocrx_word' id='word_1_32' title='bbox 474 425 636 459; x_wconf 77' lang='grc' dir='ltr'>οἶκειὸτητος</span> <span class='ocrx_word' id='word_1_33' title='bbox 650 426 800 465; x_wconf 76' lang='grc' dir='ltr'>προφάσει,</span> <span class='ocrx_word' id='word_1_34' title='bbox 815 426 867 455; x_wconf 87' lang='lat' dir='ltr'><em>sub</em></span> 
     </span>
     <span class='ocr_line' id='line_1_6' title="bbox 156 466 865 507; baseline 0.004 -12"><span class='ocrx_word' id='word_1_35' title='bbox 156 471 300 504; x_wconf 77' lang='lat' dir='ltr'><em>praetestu</em></span> <span class='ocrx_word' id='word_1_36' title='bbox 315 466 539 507; x_wconf 77' lang='lat' dir='ltr'><em>familiaritatis</em></span> <span class='ocrx_word' id='word_1_37' title='bbox 564 469 611 497; x_wconf 89' lang='lat' dir='ltr'><em>vel</em></span> <span class='ocrx_word' id='word_1_38' title='bbox 638 469 791 504; x_wconf 74' lang='lat' dir='ltr'><em>amicitiae5</em></span> <span class='ocrx_word' id='word_1_39' title='bbox 823 468 865 498; x_wconf 87' lang='lat' dir='ltr'><em>sic</em></span> 
     </span>
     <span class='ocr_line' id='line_1_7' title="bbox 160 508 864 561; baseline 0.003 -24"><span class='ocrx_word' id='word_1_40' title='bbox 160 508 230 537; x_wconf 81' lang='lat' dir='ltr'><em>Act.</em></span> <span class='ocrx_word' id='word_1_41' title='bbox 238 509 338 539; x_wconf 84' lang='lat' dir='ltr'><em>xxvii.</em></span> <span class='ocrx_word' id='word_1_42' title='bbox 351 510 417 550; x_wconf 79' lang='grc'>[30.</span> <span class='ocrx_word' id='word_1_43' title='bbox 423 510 610 561; x_wconf 70' lang='grc' dir='ltr'>]προφάσει“</span> <span class='ocrx_word' id='word_1_44' title='bbox 596 521 630 543; x_wconf 81' lang='grc' dir='ltr'><em>ως</em></span> <span class='ocrx_word' id='word_1_45' title='bbox 639 509 864 551; x_wconf 75' lang='grc' dir='ltr'>ἐκπρώραςμελ-</span> 
     </span>
    </p>

    <p class='ocr_par' dir='ltr' id='par_1_4' title="bbox 149 550 865 2865">
     <span class='ocr_line' id='line_1_8' title="bbox 159 550 865 593; baseline 0.003 -13"><span class='ocrx_word' id='word_1_46' title='bbox 159 550 262 581; x_wconf 77' lang='grc' dir='ltr'>λόντων</span> <span class='ocrx_word' id='word_1_47' title='bbox 285 552 411 593; x_wconf 78' lang='grc' dir='ltr'>ἀγκύρας</span> <span class='ocrx_word' id='word_1_48' title='bbox 431 552 566 589; x_wconf 78' lang='grc' dir='ltr'><strong><em>ἐκτείνειν,</em></strong></span> <span class='ocrx_word' id='word_1_49' title='bbox 583 554 633 583; x_wconf 88' lang='lat' dir='ltr'><em>sub</em></span> <span class='ocrx_word' id='word_1_50' title='bbox 653 554 769 583; x_wconf 84' lang='lat' dir='ltr'><em>obtentu</em></span> <span class='ocrx_word' id='word_1_51' title='bbox 785 554 865 592; x_wconf 80' lang='lat' dir='ltr'><em>quasi</em></span> 
     </span>
     <span class='ocr_line' id='line_1_9' title="bbox 158 593 864 636; baseline 0.003 -14"><span class='ocrx_word' id='word_1_52' title='bbox 158 593 301 625; x_wconf 81' lang='lat' dir='ltr'><em>anchoras</em></span> <span class='ocrx_word' id='word_1_53' title='bbox 314 602 405 625; x_wconf 82' lang='lat' dir='ltr'><em>essent</em></span> <span class='ocrx_word' id='word_1_54' title='bbox 421 597 566 626; x_wconf 74' lang='lat' dir='ltr'><em>extensuri</em></span> <span class='ocrx_word' id='word_1_55' title='bbox 581 596 650 636; x_wconf 81' lang='lat' dir='ltr'><em>(ubi</em></span> <span class='ocrx_word' id='word_1_56' title='bbox 673 599 794 625; x_wconf 75' lang='lat' dir='ltr'><strong>notetur</strong></span> <span class='ocrx_word' id='word_1_57' title='bbox 810 595 864 624; x_wconf 85' lang='lat' dir='ltr'><em>illa</em></span> 
     </span>
     <span class='ocr_line' id='line_1_10' title="bbox 159 637 861 679; baseline 0.003 -14"><span class='ocrx_word' id='word_1_58' title='bbox 159 638 299 675; x_wconf 84' lang='lat' dir='ltr'><em>syntaxis</em></span> <span class='ocrx_word' id='word_1_59' title='bbox 315 639 454 678; x_wconf 70' lang='grc' dir='ltr'>προφάσει</span> <span class='ocrx_word' id='word_1_60' title='bbox 465 640 512 674; x_wconf 77' lang='grc' dir='ltr'><em>ὡς,</em></span> <span class='ocrx_word' id='word_1_61' title='bbox 527 639 577 668; x_wconf 86' lang='lat' dir='ltr'><em>sub</em></span> <span class='ocrx_word' id='word_1_62' title='bbox 585 643 728 676; x_wconf 70' lang='lat' dir='ltr'><em>pra’teatu</em></span> <span class='ocrx_word' id='word_1_63' title='bbox 742 637 841 679; x_wconf 84' lang='lat' dir='ltr'><em>quasi)</em></span> <span class='ocrx_word' id='word_1_64' title='bbox 855 649 861 667; x_wconf 92' lang='lat'>:</span> 
     </span>
     <span class='ocr_line' id='line_1_11' title="bbox 158 680 862 720; baseline 0.001 -11"><span class='ocrx_word' id='word_1_65' title='bbox 158 680 250 709; x_wconf 86' lang='lat' dir='ltr'><em>modo</em></span> <span class='ocrx_word' id='word_1_66' title='bbox 271 691 339 710; x_wconf 89' lang='lat' dir='ltr'><em>cum</em></span> <span class='ocrx_word' id='word_1_67' title='bbox 361 692 475 717; x_wconf 61' lang='lat' dir='ltr'><em>accus„</em></span> <span class='ocrx_word' id='word_1_68' title='bbox 497 681 591 720; x_wconf 88' lang='lat' dir='ltr'><em>idque</em></span> <span class='ocrx_word' id='word_1_69' title='bbox 606 680 656 710; x_wconf 83' lang='lat' dir='ltr'><em>vel</em></span> <span class='ocrx_word' id='word_1_70' title='bbox 672 681 862 719; x_wconf 88' lang='lat' dir='ltr'><em>praecedente</em></span> 
     </span>
     <span class='ocr_line' id='line_1_12' title="bbox 157 722 861 763; baseline 0.004 -12"><span class='ocrx_word' id='word_1_71' title='bbox 157 723 315 763; x_wconf 78' lang='lat' dir='ltr'><em>praeposit.</em></span> <span class='ocrx_word' id='word_1_72' title='bbox 325 725 406 753; x_wconf 72' lang='grc' dir='ltr'>κατὰ</span> <span class='ocrx_word' id='word_1_73' title='bbox 419 722 548 759; x_wconf 75' lang='grc' dir='ltr'>ἐντελῶς,</span> <span class='ocrx_word' id='word_1_74' title='bbox 564 729 597 753; x_wconf 88' lang='lat' dir='ltr'><em>ut</em></span> <span class='ocrx_word' id='word_1_75' title='bbox 611 725 692 762; x_wconf 88' lang='lat' dir='ltr'><em>apud</em></span> <span class='ocrx_word' id='word_1_76' title='bbox 709 724 861 754; x_wconf 81' lang='lat' dir='ltr'><em>Herodot.</em></span> 
     </span>
     <span class='ocr_line' id='line_1_13' title="bbox 156 765 862 807; baseline 0.001 -13"><span class='ocrx_word' id='word_1_77' title='bbox 156 765 180 795; x_wconf 90' lang='lat' dir='ltr'><em>l.</em></span> <span class='ocrx_word' id='word_1_78' title='bbox 195 766 218 795; x_wconf 90' lang='lat' dir='ltr'><em>i.</em></span> <span class='ocrx_word' id='word_1_79' title='bbox 235 765 321 806; x_wconf 62' lang='lat'><em>[29]</em></span> <span class='ocrx_word' id='word_1_80' title='bbox 336 768 413 796; x_wconf 73' lang='grc' dir='ltr'>κατὰ</span> <span class='ocrx_word' id='word_1_81' title='bbox 425 765 538 807; x_wconf 69' lang='grc' dir='ltr'>θεωρίης</span> <span class='ocrx_word' id='word_1_82' title='bbox 548 766 686 807; x_wconf 83' lang='grc' dir='ltr'>πρόφασιν</span> <span class='ocrx_word' id='word_1_83' title='bbox 696 766 862 802; x_wconf 79' lang='grc' dir='ltr'>ἐκπλώσας,</span> 
     </span>
     <span class='ocr_line' id='line_1_14' title="bbox 155 810 861 849; baseline 0.004 -13"><span class='ocrx_word' id='word_1_84' title='bbox 155 817 223 836; x_wconf 80' lang='lat' dir='ltr'><em>cum</em></span> <span class='ocrx_word' id='word_1_85' title='bbox 245 810 422 849; x_wconf 80' lang='lat' dir='ltr'><em>enavigasset</em></span> <span class='ocrx_word' id='word_1_86' title='bbox 446 811 497 840; x_wconf 85' lang='lat' dir='ltr'><em>sub</em></span> <span class='ocrx_word' id='word_1_87' title='bbox 522 815 664 848; x_wconf 68' lang='lat' dir='ltr'><em>praeceatu</em></span> <span class='ocrx_word' id='word_1_88' title='bbox 687 810 861 848; x_wconf 80' lang='lat' dir='ltr'><em>contempla-</em></span> 
     </span>
     <span class='ocr_line' id='line_1_15' title="bbox 156 851 860 887; baseline 0.004 -8"><span class='ocrx_word' id='word_1_89' title='bbox 156 851 262 887; x_wconf 83' lang='lat' dir='ltr'><em>tionis,·</em></span> <span class='ocrx_word' id='word_1_90' title='bbox 287 852 335 881; x_wconf 90' lang='lat' dir='ltr'><em>vel</em></span> <span class='ocrx_word' id='word_1_91' title='bbox 363 852 499 882; x_wconf 85' lang='lat' dir='ltr'><em>absolute</em></span> <span class='ocrx_word' id='word_1_92' title='bbox 516 857 546 882; x_wconf 87' lang='lat' dir='ltr'><em>et</em></span> <span class='ocrx_word' id='word_1_93' title='bbox 568 851 773 886; x_wconf 72' lang='grc' dir='ltr'>ἐλλειτστικῶς,</span> <span class='ocrx_word' id='word_1_94' title='bbox 789 854 860 882; x_wconf 90' lang='lat' dir='ltr'><em>sub-</em></span> 
     </span>
     <span class='ocr_line' id='line_1_16' title="bbox 155 894 862 934; baseline 0.004 -12"><span class='ocrx_word' id='word_1_95' title='bbox 155 894 258 923; x_wconf 78' lang='lat' dir='ltr'><em>audita</em></span> <span class='ocrx_word' id='word_1_96' title='bbox 287 896 444 934; x_wconf 86' lang='lat' dir='ltr'><em>praeposit.</em></span> <span class='ocrx_word' id='word_1_97' title='bbox 484 896 574 931; x_wconf 79' lang='grc' dir='ltr'>κατίι,</span> <span class='ocrx_word' id='word_1_98' title='bbox 612 900 702 934; x_wconf 87' lang='lat' dir='ltr'><em>atque</em></span> <span class='ocrx_word' id='word_1_99' title='bbox 731 895 774 924; x_wconf 89' lang='lat' dir='ltr'><em>ita</em></span> <span class='ocrx_word' id='word_1_100' title='bbox 802 895 862 925; x_wconf 84' lang='lat' dir='ltr'><em>fre-</em></span> 
     </span>
     <span class='ocr_line' id='line_1_17' title="bbox 155 936 859 978; baseline 0.004 -13"><span class='ocrx_word' id='word_1_101' title='bbox 155 937 295 975; x_wconf 88' lang='lat' dir='ltr'><em>quentius</em></span> <span class='ocrx_word' id='word_1_102' title='bbox 311 942 341 967; x_wconf 89' lang='lat' dir='ltr'><em>et</em></span> <span class='ocrx_word' id='word_1_103' title='bbox 361 938 532 977; x_wconf 83' lang='lat' dir='ltr'><em>elegantius</em></span> <span class='ocrx_word' id='word_1_104' title='bbox 545 943 575 967; x_wconf 86' lang='lat' dir='ltr'><em>et</em></span> <span class='ocrx_word' id='word_1_105' title='bbox 588 936 810 978; x_wconf 78' lang='grc' dir='ltr'>Ἀττικωτερῶς,</span> <span class='ocrx_word' id='word_1_106' title='bbox 826 943 859 968; x_wconf 88' lang='lat' dir='ltr'><em>ut</em></span> 
     </span>
     <span class='ocr_line' id='line_1_18' title="bbox 154 979 859 1021; baseline 0.006 -13"><span class='ocrx_word' id='word_1_107' title='bbox 154 979 234 1018; x_wconf 86' lang='lat' dir='ltr'><em>apud</em></span> <span class='ocrx_word' id='word_1_108' title='bbox 244 980 401 1010; x_wconf 89' lang='lat' dir='ltr'><em>Demosth.</em></span> <span class='ocrx_word' id='word_1_109' title='bbox 410 982 449 1010; x_wconf 92' lang='lat' dir='ltr'><em>de</em></span> <span class='ocrx_word' id='word_1_110' title='bbox 458 981 528 1011; x_wconf 90' lang='lat' dir='ltr'><em>Cor.</em></span> <span class='ocrx_word' id='word_1_111' title='bbox 539 980 582 1020; x_wconf 82' lang='lat'><em>[§.</em></span> <span class='ocrx_word' id='word_1_112' title='bbox 575 992 646 1019; x_wconf 82' lang='grc' dir='ltr'><em>.κγ.</em></span> <span class='ocrx_word' id='word_1_113' title='bbox 632 979 859 1021; x_wconf 78' lang='grc' dir='ltr'>’.]ἐξαπεστάλη</span> 
     </span>
     <span class='ocr_line' id='line_1_19' title="bbox 154 1022 861 1064; baseline 0.003 -13"><span class='ocrx_word' id='word_1_114' title='bbox 154 1023 251 1051; x_wconf 70' lang='grc' dir='ltr'>ταῦτα</span> <span class='ocrx_word' id='word_1_115' title='bbox 267 1023 307 1053; x_wconf 80' lang='grc' dir='ltr'>τοὶ</span> <span class='ocrx_word' id='word_1_116' title='bbox 328 1025 417 1053; x_wconf 86' lang='grc' dir='ltr'>πλοῖα</span> <span class='ocrx_word' id='word_1_117' title='bbox 432 1023 571 1064; x_wconf 79' lang='grc' dir='ltr'>πρόφασιν</span> <span class='ocrx_word' id='word_1_118' title='bbox 591 1022 646 1062; x_wconf 81' lang='grc' dir='ltr'>μὲν</span> <span class='ocrx_word' id='word_1_119' title='bbox 670 1024 705 1057; x_wconf 66' lang='grc' dir='ltr'>οὓς</span> <span class='ocrx_word' id='word_1_120' title='bbox 721 1023 768 1052; x_wconf 75' lang='grc' dir='ltr'>τὸν</span> <span class='ocrx_word' id='word_1_121' title='bbox 782 1035 861 1054; x_wconf 80' lang='grc' dir='ltr'>σιτον</span> 
     </span>
     <span class='ocr_line' id='line_1_20' title="bbox 153 1063 860 1104; baseline 0.004 -11"><span class='ocrx_word' id='word_1_122' title='bbox 153 1063 417 1104; x_wconf 70' lang='grc' dir='ltr'>παραπέμψοντα’</span> <span class='ocrx_word' id='word_1_123' title='bbox 407 1077 440 1096; x_wconf 84' lang='grc' dir='ltr'>εκ</span> <span class='ocrx_word' id='word_1_124' title='bbox 453 1078 502 1096; x_wconf 88' lang='grc' dir='ltr'><em>του</em></span> <span class='ocrx_word' id='word_1_125' title='bbox 514 1065 736 1096; x_wconf 71' lang='grc' dir='ltr'><strong>Ἑλλησπόντου.</strong></span> <span class='ocrx_word' id='word_1_126' title='bbox 747 1068 860 1096; x_wconf 78' lang='lat' dir='ltr'><em>emitte-</em></span> 
     </span>
     <span class='ocr_line' id='line_1_21' title="bbox 153 1107 858 1149; baseline 0.003 -13"><span class='ocrx_word' id='word_1_127' title='bbox 153 1107 264 1137; x_wconf 77' lang='lat' dir='ltr'><em>bantur</em></span> <span class='ocrx_word' id='word_1_128' title='bbox 281 1108 323 1138; x_wconf 83' lang='lat' dir='ltr'><em>hae</em></span> <span class='ocrx_word' id='word_1_129' title='bbox 338 1118 426 1138; x_wconf 79' lang='lat' dir='ltr'><em>naves</em></span> <span class='ocrx_word' id='word_1_130' title='bbox 448 1109 501 1139; x_wconf 85' lang='lat' dir='ltr'><em>sub</em></span> <span class='ocrx_word' id='word_1_131' title='bbox 522 1114 667 1148; x_wconf 55' lang='lat' dir='ltr'><em>praetextu</em></span> <span class='ocrx_word' id='word_1_132' title='bbox 682 1110 764 1148; x_wconf 80' lang='lat' dir='ltr'><em>quasi</em></span> <span class='ocrx_word' id='word_1_133' title='bbox 778 1107 858 1149; x_wconf 86' lang='lat' dir='ltr'><em>fru-</em></span> 
     </span>
     <span class='ocr_line' id='line_1_22' title="bbox 152 1150 857 1189; baseline 0.001 -9"><span class='ocrx_word' id='word_1_134' title='bbox 152 1157 281 1180; x_wconf 81' lang='lat' dir='ltr'><em>mentum</em></span> <span class='ocrx_word' id='word_1_135' title='bbox 304 1150 467 1182; x_wconf 83' lang='lat' dir='ltr'><em>advecturae</em></span> <span class='ocrx_word' id='word_1_136' title='bbox 490 1161 522 1182; x_wconf 79' lang='lat' dir='ltr'><em>ex</em></span> <span class='ocrx_word' id='word_1_137' title='bbox 543 1151 736 1189; x_wconf 78' lang='lat' dir='ltr'><em>Hellesponto,</em></span> <span class='ocrx_word' id='word_1_138' title='bbox 760 1150 857 1184; x_wconf 77' lang='grc' dir='ltr'>Βοηθή-</span> 
     </span>
     <span class='ocr_line' id='line_1_23' title="bbox 153 1192 857 1233; baseline 0.004 -11"><span class='ocrx_word' id='word_1_139' title='bbox 153 1205 241 1224; x_wconf 86' lang='grc' dir='ltr'>σοντα</span> <span class='ocrx_word' id='word_1_140' title='bbox 264 1192 292 1223; x_wconf 76' lang='grc' dir='ltr'><em>δὲ</em></span> <span class='ocrx_word' id='word_1_141' title='bbox 313 1204 340 1224; x_wconf 88' lang='grc' dir='ltr'><em>κ.</em></span> <span class='ocrx_word' id='word_1_142' title='bbox 356 1205 387 1223; x_wconf 82' lang='grc' dir='ltr'><em>τ.</em></span> <span class='ocrx_word' id='word_1_143' title='bbox 402 1199 432 1223; x_wconf 91' lang='grc' dir='ltr'><em>λ.</em></span> <span class='ocrx_word' id='word_1_144' title='bbox 454 1195 502 1223; x_wconf 84' lang='lat' dir='ltr'><em>sed</em></span> <span class='ocrx_word' id='word_1_145' title='bbox 527 1204 627 1224; x_wconf 85' lang='lat' dir='ltr'><em>revera</em></span> <span class='ocrx_word' id='word_1_146' title='bbox 649 1204 727 1233; x_wconf 85' lang='lat' dir='ltr'><em>opem</em></span> <span class='ocrx_word' id='word_1_147' title='bbox 750 1194 857 1225; x_wconf 80' lang='lat' dir='ltr'><em>latura:</em></span> 
     </span>
     <span class='ocr_line' id='line_1_24' title="bbox 153 1236 854 1277; baseline 0 -11"><span class='ocrx_word' id='word_1_148' title='bbox 153 1236 369 1275; x_wconf 81' lang='lat' dir='ltr'><em>Selymbrianis.</em></span> <span class='ocrx_word' id='word_1_149' title='bbox 388 1237 439 1266; x_wconf 91' lang='lat' dir='ltr'><em>ubi</em></span> <span class='ocrx_word' id='word_1_150' title='bbox 462 1241 583 1266; x_wconf 82' lang='lat' dir='ltr'><em>notetur</em></span> <span class='ocrx_word' id='word_1_151' title='bbox 597 1236 770 1272; x_wconf 72' lang='lat' dir='ltr'><em>antithesis,</em></span> <span class='ocrx_word' id='word_1_152' title='bbox 786 1237 854 1277; x_wconf 83' lang='grc' dir='ltr'>πρό-</span> 
     </span>
     <span class='ocr_line' id='line_1_25' title="bbox 153 1278 856 1319; baseline 0 -11"><span class='ocrx_word' id='word_1_153' title='bbox 153 1286 243 1317; x_wconf 82' lang='grc' dir='ltr'>φασιν</span> <span class='ocrx_word' id='word_1_154' title='bbox 258 1278 313 1318; x_wconf 80' lang='grc' dir='ltr'>μὲν</span> <span class='ocrx_word' id='word_1_155' title='bbox 327 1280 362 1312; x_wconf 83' lang='grc' dir='ltr'><em>ὡς</em></span> <span class='ocrx_word' id='word_1_156' title='bbox 376 1278 626 1319; x_wconf 71' lang='grc' dir='ltr'>παραπέμψοντα,</span> <span class='ocrx_word' id='word_1_157' title='bbox 643 1284 673 1309; x_wconf 84' lang='lat' dir='ltr'><em>et</em></span> <span class='ocrx_word' id='word_1_158' title='bbox 687 1278 856 1310; x_wconf 66' lang='grc' dir='ltr'>ξοηθῆσοντα</span> 
     </span>
     <span class='ocr_line' id='line_1_26' title="bbox 153 1320 856 1364; baseline 0.001 -13"><span class='ocrx_word' id='word_1_159' title='bbox 153 1320 194 1357; x_wconf 73' lang='grc' dir='ltr'>δὲ,</span> <span class='ocrx_word' id='word_1_160' title='bbox 211 1322 240 1351; x_wconf 92' lang='lat' dir='ltr'><em>h.</em></span> <span class='ocrx_word' id='word_1_161' title='bbox 255 1333 282 1352; x_wconf 87' lang='lat' dir='ltr'><em>e.</em></span> <span class='ocrx_word' id='word_1_162' title='bbox 294 1321 333 1364; x_wconf 67' lang='grc' dir='ltr'><em>τῇ</em></span> <span class='ocrx_word' id='word_1_163' title='bbox 347 1321 370 1351; x_wconf 79' lang='grc' dir='ltr'><em>δ’</em></span> <span class='ocrx_word' id='word_1_164' title='bbox 383 1323 506 1363; x_wconf 68' lang='grc' dir='ltr'>ἀληθείᾳ</span> <span class='ocrx_word' id='word_1_165' title='bbox 522 1321 705 1359; x_wconf 72' lang='grc' dir='ltr'>βοηθήσοντα,</span> <span class='ocrx_word' id='word_1_166' title='bbox 720 1323 764 1352; x_wconf 89' lang='lat' dir='ltr'><em>ita</em></span> <span class='ocrx_word' id='word_1_167' title='bbox 776 1323 856 1353; x_wconf 91' lang='lat' dir='ltr'><em>enim</em></span> 
     </span>
     <span class='ocr_line' id='line_1_27' title="bbox 152 1366 857 1405; baseline 0.001 -11"><span class='ocrx_word' id='word_1_168' title='bbox 152 1370 347 1405; x_wconf 85' lang='lat' dir='ltr'><em>opponuntur</em></span> <span class='ocrx_word' id='word_1_169' title='bbox 362 1376 444 1405; x_wconf 86' lang='lat' dir='ltr'><em>saepe</em></span> <span class='ocrx_word' id='word_1_170' title='bbox 467 1366 548 1405; x_wconf 88' lang='lat' dir='ltr'><em>apud</em></span> <span class='ocrx_word' id='word_1_171' title='bbox 564 1370 703 1395; x_wconf 84' lang='lat' dir='ltr'><em>auctores</em></span> <span class='ocrx_word' id='word_1_172' title='bbox 719 1366 857 1405; x_wconf 77' lang='grc' dir='ltr'>πρόφασιν</span> 
     </span>
     <span class='ocr_line' id='line_1_28' title="bbox 151 1407 856 1449; baseline 0.001 -12"><span class='ocrx_word' id='word_1_173' title='bbox 151 1407 207 1446; x_wconf 81' lang='grc' dir='ltr'>μὲν</span> <span class='ocrx_word' id='word_1_174' title='bbox 219 1412 250 1437; x_wconf 88' lang='lat' dir='ltr'><em>et</em></span> <span class='ocrx_word' id='word_1_175' title='bbox 265 1407 298 1437; x_wconf 74' lang='grc' dir='ltr'><em>τὸ</em></span> <span class='ocrx_word' id='word_1_176' title='bbox 313 1407 342 1438; x_wconf 78' lang='grc' dir='ltr'><em>δὲ</em></span> <span class='ocrx_word' id='word_1_177' title='bbox 358 1408 513 1449; x_wconf 60' lang='grc' dir='ltr'><em>ἀληθὲςρὶ</em></span> <span class='ocrx_word' id='word_1_178' title='bbox 529 1408 603 1448; x_wconf 75' lang='grc' dir='ltr'><em>λόγῳ</em></span> <span class='ocrx_word' id='word_1_179' title='bbox 616 1407 671 1449; x_wconf 81' lang='grc' dir='ltr'>μὲν</span> <span class='ocrx_word' id='word_1_180' title='bbox 687 1414 718 1438; x_wconf 78' lang='lat' dir='ltr'><em>et</em></span> <span class='ocrx_word' id='word_1_181' title='bbox 734 1408 802 1448; x_wconf 75' lang='grc' dir='ltr'><em>ἔργῳ</em></span> <span class='ocrx_word' id='word_1_182' title='bbox 816 1408 856 1444; x_wconf 75' lang='grc' dir='ltr'>δὲ,</span> 
     </span>
     <span class='ocr_line' id='line_1_29' title="bbox 153 1451 857 1492; baseline 0.003 -12"><span class='ocrx_word' id='word_1_183' title='bbox 153 1455 184 1480; x_wconf 87' lang='lat' dir='ltr'><em>et</em></span> <span class='ocrx_word' id='word_1_184' title='bbox 206 1451 328 1486; x_wconf 83' lang='lat' dir='ltr'><em>similia,</em></span> <span class='ocrx_word' id='word_1_185' title='bbox 353 1456 387 1481; x_wconf 88' lang='lat' dir='ltr'><em>nt</em></span> <span class='ocrx_word' id='word_1_186' title='bbox 409 1453 549 1491; x_wconf 79' lang='lat' dir='ltr'><em>Thuoyd.</em></span> <span class='ocrx_word' id='word_1_187' title='bbox 571 1452 594 1481; x_wconf 91' lang='lat' dir='ltr'><em>l.</em></span> <span class='ocrx_word' id='word_1_188' title='bbox 609 1452 650 1481; x_wconf 85' lang='lat' dir='ltr'><em>vi.</em></span> <span class='ocrx_word' id='word_1_189' title='bbox 671 1451 757 1492; x_wconf 61' lang='lat'><strong>[33]</strong></span> <span class='ocrx_word' id='word_1_190' title='bbox 782 1452 857 1492; x_wconf 69' lang='lat' dir='ltr'><em>‘argei-</em></span> 
     </span>
     <span class='ocr_line' id='line_1_30' title="bbox 153 1493 858 1535; baseline 0.003 -12"><span class='ocrx_word' id='word_1_191' title='bbox 153 1501 242 1532; x_wconf 77' lang='grc' dir='ltr'>φασιν</span> <span class='ocrx_word' id='word_1_192' title='bbox 254 1494 309 1533; x_wconf 85' lang='grc' dir='ltr'>μὲν</span> <span class='ocrx_word' id='word_1_193' title='bbox 316 1493 485 1533; x_wconf 73' lang='grc' dir='ltr'>’Ἐγεσταίων</span> <span class='ocrx_word' id='word_1_194' title='bbox 500 1495 675 1535; x_wconf 73' lang='grc' dir='ltr'><strong><em>ξυμμαχίᾳ,</em></strong></span> <span class='ocrx_word' id='word_1_195' title='bbox 692 1494 725 1524; x_wconf 81' lang='grc' dir='ltr'><em>τὸ</em></span> <span class='ocrx_word' id='word_1_196' title='bbox 743 1494 772 1524; x_wconf 81' lang='grc' dir='ltr'><em>Θὲ</em></span> <span class='ocrx_word' id='word_1_197' title='bbox 788 1496 858 1526; x_wconf 78' lang='grc' dir='ltr'><strong>ἀλη-</strong></span> 
     </span>
     <span class='ocr_line' id='line_1_31' title="bbox 152 1535 858 1578; baseline 0.003 -12"><span class='ocrx_word' id='word_1_198' title='bbox 152 1535 198 1570; x_wconf 79' lang='grc' dir='ltr'><em>θὲς</em></span> <span class='ocrx_word' id='word_1_199' title='bbox 220 1538 347 1571; x_wconf 76' lang='grc' dir='ltr'><em>Σικελίας</em></span> <span class='ocrx_word' id='word_1_200' title='bbox 369 1536 517 1578; x_wconf 79' lang='grc' dir='ltr'>ἐπιθυμίᾳ.</span> <span class='ocrx_word' id='word_1_201' title='bbox 561 1538 651 1568; x_wconf 86' lang='lat' dir='ltr'><em>Hanc</em></span> <span class='ocrx_word' id='word_1_202' title='bbox 676 1538 802 1577; x_wconf 86' lang='lat' dir='ltr'><em>phrasin</em></span> <span class='ocrx_word' id='word_1_203' title='bbox 827 1545 858 1568; x_wconf 86' lang='lat' dir='ltr'><em>et</em></span> 
     </span>
     <span class='ocr_line' id='line_1_32' title="bbox 153 1581 857 1621; baseline 0.004 -12"><span class='ocrx_word' id='word_1_204' title='bbox 153 1581 307 1618; x_wconf 81' lang='lat' dir='ltr'><em>syntaxin,</em></span> <span class='ocrx_word' id='word_1_205' title='bbox 334 1585 367 1610; x_wconf 87' lang='lat' dir='ltr'><em>ut</em></span> <span class='ocrx_word' id='word_1_206' title='bbox 394 1587 423 1610; x_wconf 85' lang='lat' dir='ltr'><em>et</em></span> <span class='ocrx_word' id='word_1_207' title='bbox 457 1591 562 1611; x_wconf 88' lang='lat' dir='ltr'><em>omnes</em></span> <span class='ocrx_word' id='word_1_208' title='bbox 589 1581 662 1610; x_wconf 86' lang='lat' dir='ltr'><em>alias</em></span> <span class='ocrx_word' id='word_1_209' title='bbox 689 1582 743 1610; x_wconf 84' lang='lat' dir='ltr'><em>Gr.</em></span> <span class='ocrx_word' id='word_1_210' title='bbox 768 1581 857 1621; x_wconf 82' lang='lat' dir='ltr'><em>Ling.</em></span> 
     </span>
     <span class='ocr_line' id='line_1_33' title="bbox 152 1623 856 1662; baseline 0.003 -10"><span class='ocrx_word' id='word_1_211' title='bbox 152 1623 329 1661; x_wconf 79' lang='lat' dir='ltr'><em>elegantias,</em></span> <span class='ocrx_word' id='word_1_212' title='bbox 357 1624 487 1662; x_wconf 85' lang='lat' dir='ltr'><em>primum</em></span> <span class='ocrx_word' id='word_1_213' title='bbox 521 1624 685 1653; x_wconf 85' lang='lat' dir='ltr'><em>hauserunt</em></span> <span class='ocrx_word' id='word_1_214' title='bbox 714 1629 856 1654; x_wconf 81' lang='lat' dir='ltr'><em>auctores</em></span> 
     </span>
     <span class='ocr_line' id='line_1_34' title="bbox 152 1666 856 1706; baseline 0.004 -12"><span class='ocrx_word' id='word_1_215' title='bbox 152 1676 191 1695; x_wconf 85' lang='lat' dir='ltr'><em>ex</em></span> <span class='ocrx_word' id='word_1_216' title='bbox 207 1666 301 1696; x_wconf 89' lang='lat' dir='ltr'><em>Hom.</em></span> <span class='ocrx_word' id='word_1_217' title='bbox 318 1666 508 1706; x_wconf 82' lang='lat' dir='ltr'><em>ingeniorum</em></span> <span class='ocrx_word' id='word_1_218' title='bbox 523 1668 627 1704; x_wconf 75' lang='lat' dir='ltr'><em>fonte3</em></span> <span class='ocrx_word' id='word_1_219' title='bbox 652 1667 697 1696; x_wconf 75' lang='lat' dir='ltr'><em>sie</em></span> <span class='ocrx_word' id='word_1_220' title='bbox 710 1668 788 1696; x_wconf 89' lang='lat' dir='ltr'><em>enim</em></span> <span class='ocrx_word' id='word_1_221' title='bbox 804 1667 856 1697; x_wconf 90' lang='lat' dir='ltr'><em>ille</em></span> 
     </span>
     <span class='ocr_line' id='line_1_35' title="bbox 151 1708 857 1750; baseline 0.003 -13"><span class='ocrx_word' id='word_1_222' title='bbox 151 1709 190 1738; x_wconf 89' lang='lat' dir='ltr'><em>Il.</em></span> <span class='ocrx_word' id='word_1_223' title='bbox 213 1714 249 1738; x_wconf 87' lang='lat' dir='ltr'><em>T.</em></span> <span class='ocrx_word' id='word_1_224' title='bbox 275 1708 383 1750; x_wconf 84' lang='lat'>[301.]</span> <span class='ocrx_word' id='word_1_225' title='bbox 408 1708 456 1739; x_wconf 76' lang='grc' dir='ltr'>ἐπὶ</span> <span class='ocrx_word' id='word_1_226' title='bbox 480 1709 507 1739; x_wconf 78' lang='grc' dir='ltr'><em>δὲ</em></span> <span class='ocrx_word' id='word_1_227' title='bbox 531 1710 704 1750; x_wconf 78' lang='grc' dir='ltr'>στενάχοντο</span> <span class='ocrx_word' id='word_1_228' title='bbox 730 1711 857 1747; x_wconf 81' lang='grc' dir='ltr'>γυναῖκες</span> 
     </span>
     <span class='ocr_line' id='line_1_36' title="bbox 151 1751 858 1793; baseline 0.001 -13"><span class='ocrx_word' id='word_1_229' title='bbox 151 1751 314 1791; x_wconf 77' lang='grc' dir='ltr'>Πάτροκλον</span> <span class='ocrx_word' id='word_1_230' title='bbox 341 1752 492 1793; x_wconf 78' lang='grc' dir='ltr'>πρόφασιν,</span> <span class='ocrx_word' id='word_1_231' title='bbox 519 1755 597 1792; x_wconf 67' lang='grc' dir='ltr'>σφῶν</span> <span class='ocrx_word' id='word_1_232' title='bbox 626 1753 642 1781; x_wconf 79' lang='grc' dir='ltr'>δ</span> <span class='ocrx_word' id='word_1_233' title='bbox 667 1753 759 1782; x_wconf 75' lang='grc' dir='ltr'>αὐτῶν</span> <span class='ocrx_word' id='word_1_234' title='bbox 785 1752 858 1782; x_wconf 70' lang='grc' dir='ltr'><em>κῆδέ</em></span> 
     </span>
     <span class='ocr_line' id='line_1_37' title="bbox 151 1793 856 1835; baseline 0.003 -12"><span class='ocrx_word' id='word_1_235' title='bbox 151 1793 274 1824; x_wconf 80' lang='grc' dir='ltr'>ἑκάστη.</span> <span class='ocrx_word' id='word_1_236' title='bbox 285 1796 436 1835; x_wconf 78' lang='lat' dir='ltr'><em>gemebant</em></span> <span class='ocrx_word' id='word_1_237' title='bbox 451 1801 549 1826; x_wconf 86' lang='lat' dir='ltr'><em>autem</em></span> <span class='ocrx_word' id='word_1_238' title='bbox 562 1796 666 1834; x_wconf 82' lang='lat' dir='ltr'><em>puelloe</em></span> <span class='ocrx_word' id='word_1_239' title='bbox 685 1795 856 1825; x_wconf 82' lang='lat' dir='ltr'><em>Patroclum</em></span> 
     </span>
     <span class='ocr_line' id='line_1_38' title="bbox 152 1838 856 1876; baseline 0.003 -10"><span class='ocrx_word' id='word_1_240' title='bbox 152 1838 242 1875; x_wconf 81' lang='lat' dir='ltr'><em>specie</em></span> <span class='ocrx_word' id='word_1_241' title='bbox 257 1838 307 1867; x_wconf 90' lang='lat' dir='ltr'><em>vel</em></span> <span class='ocrx_word' id='word_1_242' title='bbox 328 1842 485 1876; x_wconf 71' lang='lat' dir='ltr'><em>proetertu,</em></span> <span class='ocrx_word' id='word_1_243' title='bbox 510 1848 612 1868; x_wconf 80' lang='lat' dir='ltr'><em>earum</em></span> <span class='ocrx_word' id='word_1_244' title='bbox 636 1844 735 1867; x_wconf 84' lang='lat' dir='ltr'><em>autem</em></span> <span class='ocrx_word' id='word_1_245' title='bbox 757 1848 856 1868; x_wconf 81' lang='lat' dir='ltr'><em>revera</em></span> 
     </span>
     <span class='ocr_line' id='line_1_39' title="bbox 150 1880 856 1919; baseline 0.001 -10"><span class='ocrx_word' id='word_1_246' title='bbox 150 1880 259 1910; x_wconf 83' lang='lat' dir='ltr'><em>dolores</em></span> <span class='ocrx_word' id='word_1_247' title='bbox 274 1881 398 1919; x_wconf 75' lang='lat' dir='ltr'><em>singulae</em></span> <span class='ocrx_word' id='word_1_248' title='bbox 411 1891 485 1910; x_wconf 85' lang='lat' dir='ltr'><em>suos.</em></span> <span class='ocrx_word' id='word_1_249' title='bbox 529 1880 668 1918; x_wconf 83' lang='lat' dir='ltr'><em>Insignis</em></span> <span class='ocrx_word' id='word_1_250' title='bbox 692 1886 791 1911; x_wconf 83' lang='lat' dir='ltr'><em>autem</em></span> <span class='ocrx_word' id='word_1_251' title='bbox 809 1882 856 1910; x_wconf 78' lang='lat' dir='ltr'><em>hio</em></span> 
     </span>
     <span class='ocr_line' id='line_1_40' title="bbox 151 1923 856 1963; baseline 0.003 -11"><span class='ocrx_word' id='word_1_252' title='bbox 151 1928 251 1962; x_wconf 73' lang='lat' dir='ltr'><em>poetae</em></span> <span class='ocrx_word' id='word_1_253' title='bbox 267 1923 353 1953; x_wconf 83' lang='lat' dir='ltr'><em>locus</em></span> <span class='ocrx_word' id='word_1_254' title='bbox 364 1934 423 1953; x_wconf 91' lang='lat' dir='ltr'><em>non</em></span> <span class='ocrx_word' id='word_1_255' title='bbox 440 1928 555 1953; x_wconf 84' lang='lat' dir='ltr'><em>tantum</em></span> <span class='ocrx_word' id='word_1_256' title='bbox 572 1924 641 1953; x_wconf 87' lang='lat' dir='ltr'><em>huic</em></span> <span class='ocrx_word' id='word_1_257' title='bbox 658 1925 856 1963; x_wconf 87' lang='lat' dir='ltr'><em>syntaxi,sed</em></span> 
     </span>
     <span class='ocr_line' id='line_1_41' title="bbox 152 1966 856 2007; baseline 0.001 -12"><span class='ocrx_word' id='word_1_258' title='bbox 152 1966 244 1995; x_wconf 85' lang='lat' dir='ltr'><em>etiam</em></span> <span class='ocrx_word' id='word_1_259' title='bbox 271 1966 447 2005; x_wconf 86' lang='lat' dir='ltr'><em>proverbio,</em></span> <span class='ocrx_word' id='word_1_260' title='bbox 474 1966 614 2007; x_wconf 80' lang='grc' dir='ltr'>πρόφασιν</span> <span class='ocrx_word' id='word_1_261' title='bbox 640 1972 671 1996; x_wconf 90' lang='lat' dir='ltr'><em>et</em></span> <span class='ocrx_word' id='word_1_262' title='bbox 696 1977 797 1996; x_wconf 86' lang='lat' dir='ltr'><em>ansam</em></span> <span class='ocrx_word' id='word_1_263' title='bbox 826 1971 856 1996; x_wconf 86' lang='lat' dir='ltr'><em>et</em></span> 
     </span>
     <span class='ocr_line' id='line_1_42' title="bbox 151 2009 855 2049; baseline 0.001 -11"><span class='ocrx_word' id='word_1_264' title='bbox 151 2009 342 2039; x_wconf 81' lang='lat' dir='ltr'><em>occasionem</em></span> <span class='ocrx_word' id='word_1_265' title='bbox 355 2010 453 2039; x_wconf 86' lang='lat' dir='ltr'><em>dedit.</em></span> <span class='ocrx_word' id='word_1_266' title='bbox 475 2010 559 2039; x_wconf 88' lang='lat' dir='ltr'><em>Hinc</em></span> <span class='ocrx_word' id='word_1_267' title='bbox 569 2009 646 2039; x_wconf 86' lang='lat' dir='ltr'><em>enim</em></span> <span class='ocrx_word' id='word_1_268' title='bbox 660 2010 855 2049; x_wconf 89' lang='lat' dir='ltr'><em>proverbium</em></span> 
     </span>
     <span class='ocr_line' id='line_1_43' title="bbox 151 2051 855 2093; baseline 0.001 -12"><span class='ocrx_word' id='word_1_269' title='bbox 151 2053 388 2091; x_wconf 81' lang='lat' dir='ltr'><em>exsculpserunt</em></span> <span class='ocrx_word' id='word_1_270' title='bbox 400 2053 515 2092; x_wconf 84' lang='lat' dir='ltr'><em>posteri</em></span> <span class='ocrx_word' id='word_1_271' title='bbox 533 2053 693 2092; x_wconf 80' lang='grc' dir='ltr'>Πάτροκλον</span> <span class='ocrx_word' id='word_1_272' title='bbox 706 2051 855 2093; x_wconf 78' lang='grc' dir='ltr'>πρόφασιν,</span> 
     </span>
     <span class='ocr_line' id='line_1_44' title="bbox 152 2094 855 2135; baseline 0.003 -11"><span class='ocrx_word' id='word_1_273' title='bbox 152 2094 327 2125; x_wconf 84' lang='lat' dir='ltr'><em>Patroclum</em></span> <span class='ocrx_word' id='word_1_274' title='bbox 337 2095 552 2134; x_wconf 62' lang='lat' dir='ltr'><em>submittam,</em></span> <span class='ocrx_word' id='word_1_275' title='bbox 569 2096 608 2125; x_wconf 91' lang='lat' dir='ltr'><em>de</em></span> <span class='ocrx_word' id='word_1_276' title='bbox 623 2096 659 2125; x_wconf 90' lang='lat' dir='ltr'><em>iis</em></span> <span class='ocrx_word' id='word_1_277' title='bbox 674 2096 725 2134; x_wconf 90' lang='lat' dir='ltr'><em>qui</em></span> <span class='ocrx_word' id='word_1_278' title='bbox 741 2096 855 2135; x_wconf 89' lang='lat' dir='ltr'><em>aliquid</em></span> 
     </span>
     <span class='ocr_line' id='line_1_45' title="bbox 151 2138 855 2177; baseline 0.001 -10"><span class='ocrx_word' id='word_1_279' title='bbox 151 2139 209 2167; x_wconf 84' lang='lat' dir='ltr'><em>sub</em></span> <span class='ocrx_word' id='word_1_280' title='bbox 223 2143 376 2177; x_wconf 75' lang='lat' dir='ltr'><em>praetextu</em></span> <span class='ocrx_word' id='word_1_281' title='bbox 397 2138 508 2168; x_wconf 81' lang='lat' dir='ltr'><em>faciunt</em></span> <span class='ocrx_word' id='word_1_282' title='bbox 524 2138 571 2168; x_wconf 87' lang='lat' dir='ltr'><em>vel</em></span> <span class='ocrx_word' id='word_1_283' title='bbox 587 2139 685 2168; x_wconf 83' lang='lat' dir='ltr'><em>facere</em></span> <span class='ocrx_word' id='word_1_284' title='bbox 701 2139 855 2175; x_wconf 87' lang='lat' dir='ltr'><em>videntur,</em></span> 
     </span>
     <span class='ocr_line' id='line_1_46' title="bbox 151 2181 855 2220; baseline 0.003 -10"><span class='ocrx_word' id='word_1_285' title='bbox 151 2190 221 2210; x_wconf 87' lang='lat' dir='ltr'><em>cum</em></span> <span class='ocrx_word' id='word_1_286' title='bbox 238 2191 270 2211; x_wconf 88' lang='lat' dir='ltr'><em>re</em></span> <span class='ocrx_word' id='word_1_287' title='bbox 286 2192 357 2211; x_wconf 84' lang='lat' dir='ltr'><em>vera</em></span> <span class='ocrx_word' id='word_1_288' title='bbox 372 2181 455 2211; x_wconf 86' lang='lat' dir='ltr'><em>aliud</em></span> <span class='ocrx_word' id='word_1_289' title='bbox 477 2187 578 2220; x_wconf 85' lang='lat' dir='ltr'><em>agunt.</em></span> <span class='ocrx_word' id='word_1_290' title='bbox 625 2182 706 2211; x_wconf 79' lang='lat' dir='ltr'><em>Usus</em></span> <span class='ocrx_word' id='word_1_291' title='bbox 729 2187 776 2212; x_wconf 90' lang='lat' dir='ltr'><em>est</em></span> <span class='ocrx_word' id='word_1_292' title='bbox 797 2182 855 2212; x_wconf 85' lang='lat' dir='ltr'><em>hoc</em></span> 
     </span>
     <span class='ocr_line' id='line_1_47' title="bbox 151 2223 855 2264; baseline 0.001 -11"><span class='ocrx_word' id='word_1_293' title='bbox 151 2223 262 2262; x_wconf 81' lang='lat' dir='ltr'><em>adagio</em></span> <span class='ocrx_word' id='word_1_294' title='bbox 280 2224 362 2254; x_wconf 89' lang='lat' dir='ltr'><em>Plut.</em></span> <span class='ocrx_word' id='word_1_295' title='bbox 381 2224 506 2264; x_wconf 84' lang='lat' dir='ltr'><em>egregio</em></span> <span class='ocrx_word' id='word_1_296' title='bbox 521 2224 625 2254; x_wconf 88' lang='lat' dir='ltr'><em>libello</em></span> <span class='ocrx_word' id='word_1_297' title='bbox 645 2226 684 2254; x_wconf 83' lang='lat' dir='ltr'><em>de</em></span> <span class='ocrx_word' id='word_1_298' title='bbox 700 2225 791 2254; x_wconf 87' lang='lat' dir='ltr'><em>laude</em></span> <span class='ocrx_word' id='word_1_299' title='bbox 807 2225 855 2254; x_wconf 90' lang='lat' dir='ltr'><em>sui</em></span> 
     </span>
     <span class='ocr_line' id='line_1_48' title="bbox 149 2266 856 2308; baseline 0.001 -12"><span class='ocrx_word' id='word_1_300' title='bbox 149 2266 250 2305; x_wconf 86' lang='lat' dir='ltr'><em>ipsius</em></span> <span class='ocrx_word' id='word_1_301' title='bbox 270 2266 314 2307; x_wconf 85' lang='lat' dir='ltr'><em>[c.</em></span> <span class='ocrx_word' id='word_1_302' title='bbox 331 2266 399 2307; x_wconf 90' lang='lat'>19.]</span> <span class='ocrx_word' id='word_1_303' title='bbox 421 2268 492 2297; x_wconf 88' lang='lat' dir='ltr'><em>dnm</em></span> <span class='ocrx_word' id='word_1_304' title='bbox 525 2268 600 2297; x_wconf 84' lang='lat' dir='ltr'><em>alios</em></span> <span class='ocrx_word' id='word_1_305' title='bbox 634 2266 766 2308; x_wconf 86' lang='lat' dir='ltr'><em>(inquit)</em></span> <span class='ocrx_word' id='word_1_306' title='bbox 790 2268 856 2297; x_wconf 90' lang='lat' dir='ltr'><em>lau-</em></span> 
     </span>
     <span class='ocr_line' id='line_1_49' title="bbox 151 2309 857 2350; baseline 0.003 -11"><span class='ocrx_word' id='word_1_307' title='bbox 151 2309 271 2346; x_wconf 86' lang='lat' dir='ltr'><em>damus,</em></span> <span class='ocrx_word' id='word_1_308' title='bbox 287 2311 453 2340; x_wconf 86' lang='lat' dir='ltr'><em>cavendum</em></span> <span class='ocrx_word' id='word_1_309' title='bbox 483 2311 524 2349; x_wconf 76' lang='grc' dir='ltr'><em>μὴ</em></span> <span class='ocrx_word' id='word_1_310' title='bbox 551 2310 673 2349; x_wconf 75' lang='grc' dir='ltr'>δοκῶμεν</span> <span class='ocrx_word' id='word_1_311' title='bbox 696 2311 857 2350; x_wconf 86' lang='grc' dir='ltr'>Πάτροκλον</span> 
     </span>
     <span class='ocr_line' id='line_1_50' title="bbox 151 2351 855 2393; baseline 0.001 -10"><span class='ocrx_word' id='word_1_312' title='bbox 151 2351 303 2393; x_wconf 79' lang='grc' dir='ltr'>πρόφασιν,</span> <span class='ocrx_word' id='word_1_313' title='bbox 316 2354 394 2392; x_wconf 76' lang='grc' dir='ltr'>σφᾶς</span> <span class='ocrx_word' id='word_1_314' title='bbox 409 2351 433 2382; x_wconf 73' lang='grc' dir='ltr'><em>δ’</em></span> <span class='ocrx_word' id='word_1_315' title='bbox 447 2352 549 2388; x_wconf 72' lang='grc' dir='ltr'>αὐτοὺς</span> <span class='ocrx_word' id='word_1_316' title='bbox 561 2353 595 2383; x_wconf 81' lang='grc' dir='ltr'><em>δι’</em></span> <span class='ocrx_word' id='word_1_317' title='bbox 611 2352 713 2384; x_wconf 75' lang='grc' dir='ltr'>ἐκείνων</span> <span class='ocrx_word' id='word_1_318' title='bbox 727 2352 855 2384; x_wconf 78' lang='grc' dir='ltr'>ἐπαινεῖν.</span> 
     </span>
     <span class='ocr_line' id='line_1_51' title="bbox 150 2395 854 2435; baseline 0.004 -11"><span class='ocrx_word' id='word_1_319' title='bbox 150 2406 188 2425; x_wconf 80' lang='grc' dir='ltr'>πε</span> <span class='ocrx_word' id='word_1_320' title='bbox 201 2395 355 2425; x_wconf 85' lang='lat' dir='ltr'><em>videamur</em></span> <span class='ocrx_word' id='word_1_321' title='bbox 375 2397 407 2425; x_wconf 84' lang='lat' dir='ltr'><em>in</em></span> <span class='ocrx_word' id='word_1_322' title='bbox 429 2398 517 2435; x_wconf 78' lang='lat' dir='ltr'><em>specie</em></span> <span class='ocrx_word' id='word_1_323' title='bbox 536 2396 659 2427; x_wconf 85' lang='lat' dir='ltr'><em>laudare</em></span> <span class='ocrx_word' id='word_1_324' title='bbox 672 2397 854 2432; x_wconf 84' lang='lat' dir='ltr'><em>Patroclum,</em></span> 
     </span>
     <span class='ocr_line' id='line_1_52' title="bbox 151 2441 855 2478; baseline 0.004 -11"><span class='ocrx_word' id='word_1_325' title='bbox 151 2448 251 2468; x_wconf 84' lang='lat' dir='ltr'><em>revera</em></span> <span class='ocrx_word' id='word_1_326' title='bbox 275 2443 374 2468; x_wconf 84' lang='lat' dir='ltr'><em>autem</em></span> <span class='ocrx_word' id='word_1_327' title='bbox 401 2445 507 2469; x_wconf 84' lang='lat' dir='ltr'><em>nosmet</em></span> <span class='ocrx_word' id='word_1_328' title='bbox 533 2441 608 2478; x_wconf 84' lang='lat' dir='ltr'><em>ipsos</em></span> <span class='ocrx_word' id='word_1_329' title='bbox 631 2449 682 2478; x_wconf 83' lang='lat' dir='ltr'><em>per</em></span> <span class='ocrx_word' id='word_1_330' title='bbox 704 2441 803 2470; x_wconf 86' lang='lat' dir='ltr'><em>illum.</em></span> <span class='ocrx_word' id='word_1_331' title='bbox 824 2446 855 2470; x_wconf 87' lang='lat' dir='ltr'><em>et</em></span> 
     </span>
     <span class='ocr_line' id='line_1_53' title="bbox 151 2480 855 2522; baseline 0.004 -12"><span class='ocrx_word' id='word_1_332' title='bbox 151 2480 350 2511; x_wconf 74' lang='lat' dir='ltr'><em>Achill.&#39;1*at.</em></span> <span class='ocrx_word' id='word_1_333' title='bbox 547 2481 758 2522; x_wconf 79' lang='grc' dir='ltr'>ἔπεδράκυσεν</span> <span class='ocrx_word' id='word_1_334' title='bbox 746 2496 758 2512; x_wconf 93' lang='grc' dir='ltr'><em>ο</em></span> <span class='ocrx_word' id='word_1_335' title='bbox 775 2488 855 2513; x_wconf 86' lang='grc' dir='ltr'>Κλει-</span> 
     </span>
     <span class='ocr_line' id='line_1_54' title="bbox 149 2521 854 2565; baseline 0.003 -12"><span class='ocrx_word' id='word_1_336' title='bbox 149 2521 206 2557; x_wconf 80' lang='grc' dir='ltr'>νίας</span> <span class='ocrx_word' id='word_1_337' title='bbox 221 2523 307 2554; x_wconf 79' lang='grc' dir='ltr'>αὐτου</span> <span class='ocrx_word' id='word_1_338' title='bbox 322 2522 449 2562; x_wconf 77' lang='grc' dir='ltr'>λέγοντος</span> <span class='ocrx_word' id='word_1_339' title='bbox 470 2526 580 2561; x_wconf 81' lang='grc' dir='ltr'>ταῦτα,</span> <span class='ocrx_word' id='word_1_340' title='bbox 606 2526 766 2565; x_wconf 80' lang='grc' dir='ltr'>Πάτροκλον</span> <span class='ocrx_word' id='word_1_341' title='bbox 789 2526 854 2565; x_wconf 80' lang='grc' dir='ltr'>πρό-</span> 
     </span>
     <span class='ocr_line' id='line_1_55' title="bbox 150 2566 856 2607; baseline 0.006 -12"><span class='ocrx_word' id='word_1_342' title='bbox 150 2573 239 2605; x_wconf 82' lang='grc' dir='ltr'>φασιν</span> <span class='ocrx_word' id='word_1_343' title='bbox 264 2566 457 2606; x_wconf 70' lang='grc' dir='ltr'>ἀναμνησθεις</span> <span class='ocrx_word' id='word_1_344' title='bbox 485 2567 661 2607; x_wconf 82' lang='grc' dir='ltr'>Χαρικλέους.</span> <span class='ocrx_word' id='word_1_345' title='bbox 692 2568 749 2599; x_wconf 79' lang='lat' dir='ltr'><em>baec</em></span> <span class='ocrx_word' id='word_1_346' title='bbox 784 2570 856 2599; x_wconf 78' lang='lat' dir='ltr'><em>dum</em></span> 
     </span>
     <span class='ocr_line' id='line_1_56' title="bbox 152 2609 855 2641; baseline 0.003 -2"><span class='ocrx_word' id='word_1_347' title='bbox 152 2609 308 2639; x_wconf 81' lang='lat' dir='ltr'><em>Menelaus</em></span> <span class='ocrx_word' id='word_1_348' title='bbox 322 2618 519 2640; x_wconf 79' lang='lat' dir='ltr'><em>commemorat</em></span> <span class='ocrx_word' id='word_1_349' title='bbox 536 2623 553 2640; x_wconf 92' lang='lat' dir='ltr'><em>a</em></span> <span class='ocrx_word' id='word_1_350' title='bbox 572 2611 704 2641; x_wconf 85' lang='lat' dir='ltr'><em>Patrocli</em></span> <span class='ocrx_word' id='word_1_351' title='bbox 719 2622 788 2641; x_wconf 81' lang='lat' dir='ltr'><em>casu</em></span> <span class='ocrx_word' id='word_1_352' title='bbox 799 2622 855 2641; x_wconf 83' lang='lat' dir='ltr'><em>non</em></span> 
     </span>
     <span class='ocr_line' id='line_1_57' title="bbox 149 2652 855 2693; baseline 0.004 -11"><span class='ocrx_word' id='word_1_353' title='bbox 149 2652 345 2683; x_wconf 78' lang='lat' dir='ltr'><em>abhorrentia.</em></span> <span class='ocrx_word' id='word_1_354' title='bbox 358 2663 415 2682; x_wconf 90' lang='lat' dir='ltr'><em>non</em></span> <span class='ocrx_word' id='word_1_355' title='bbox 427 2653 512 2683; x_wconf 84' lang='lat' dir='ltr'><em>novit</em></span> <span class='ocrx_word' id='word_1_356' title='bbox 522 2654 582 2683; x_wconf 81' lang='lat' dir='ltr'><em>viz.</em></span> <span class='ocrx_word' id='word_1_357' title='bbox 593 2655 650 2683; x_wconf 85' lang='lat' dir='ltr'><em>hoc</em></span> <span class='ocrx_word' id='word_1_358' title='bbox 663 2655 855 2693; x_wconf 86' lang='lat' dir='ltr'><em>proverbium</em></span> 
     </span>
     <span class='ocr_line' id='line_1_58' title="bbox 152 2696 856 2737; baseline 0.003 -12"><span class='ocrx_word' id='word_1_359' title='bbox 152 2706 221 2725; x_wconf 87' lang='lat' dir='ltr'><em>esse</em></span> <span class='ocrx_word' id='word_1_360' title='bbox 232 2706 271 2725; x_wconf 84' lang='lat' dir='ltr'><em>ex</em></span> <span class='ocrx_word' id='word_1_361' title='bbox 284 2696 352 2725; x_wconf 90' lang='lat' dir='ltr'><em>loco</em></span> <span class='ocrx_word' id='word_1_362' title='bbox 363 2697 493 2734; x_wconf 84' lang='lat' dir='ltr'><em>quodam</em></span> <span class='ocrx_word' id='word_1_363' title='bbox 506 2697 634 2727; x_wconf 84' lang='lat' dir='ltr'><em>Homeri</em></span> <span class='ocrx_word' id='word_1_364' title='bbox 651 2698 856 2737; x_wconf 82' lang='lat' dir='ltr'><em>desumptum.</em></span> 
     </span>
     <span class='ocr_line' id='line_1_59' title="bbox 151 2738 857 2780; baseline 0.003 -12"><span class='ocrx_word' id='word_1_365' title='bbox 151 2738 229 2768; x_wconf 89' lang='lat' dir='ltr'><em>Cum</em></span> <span class='ocrx_word' id='word_1_366' title='bbox 244 2738 377 2778; x_wconf 76' lang='lat' dir='ltr'><em>captivae</em></span> <span class='ocrx_word' id='word_1_367' title='bbox 394 2739 537 2769; x_wconf 85' lang='lat' dir='ltr'><em>mulieres</em></span> <span class='ocrx_word' id='word_1_368' title='bbox 560 2740 697 2779; x_wconf 89' lang='lat' dir='ltr'><em>Trojanae</em></span> <span class='ocrx_word' id='word_1_369' title='bbox 722 2741 857 2780; x_wconf 83' lang='lat' dir='ltr'><em>praefica-</em></span> 
     </span>
     <span class='ocr_line' id='line_1_60' title="bbox 151 2782 857 2821; baseline 0.003 -10"><span class='ocrx_word' id='word_1_370' title='bbox 151 2791 217 2811; x_wconf 89' lang='lat' dir='ltr'><em>rum</em></span> <span class='ocrx_word' id='word_1_371' title='bbox 243 2791 328 2812; x_wconf 83' lang='lat' dir='ltr'><em>more</em></span> <span class='ocrx_word' id='word_1_372' title='bbox 357 2787 509 2821; x_wconf 86' lang='lat' dir='ltr'><em>coguntur</em></span> <span class='ocrx_word' id='word_1_373' title='bbox 537 2782 694 2813; x_wconf 80' lang='lat' dir='ltr'><em>lamentari</em></span> <span class='ocrx_word' id='word_1_374' title='bbox 721 2783 857 2813; x_wconf 83' lang='lat' dir='ltr'><em>Patrocli</em></span> 
     </span>
     <span class='ocr_line' id='line_1_61' title="bbox 151 2824 857 2865; baseline 0.004 -12"><span class='ocrx_word' id='word_1_375' title='bbox 151 2828 292 2860; x_wconf 82' lang='lat' dir='ltr'><em>mortem,</em></span> <span class='ocrx_word' id='word_1_376' title='bbox 314 2833 402 2854; x_wconf 83' lang='lat' dir='ltr'><em>veras</em></span> <span class='ocrx_word' id='word_1_377' title='bbox 425 2824 547 2864; x_wconf 87' lang='lat' dir='ltr'><em>quidem</em></span> <span class='ocrx_word' id='word_1_378' title='bbox 574 2825 724 2865; x_wconf 75' lang='lat' dir='ltr'><em>lacrymas</em></span> <span class='ocrx_word' id='word_1_379' title='bbox 751 2827 857 2856; x_wconf 80' lang='lat' dir='ltr'><em>funde-</em></span> 
     </span>
    </p>

    <p class='ocr_par' dir='ltr' id='par_1_5' title="bbox 152 2867 860 3031">
     <span class='ocr_line' id='line_1_62' title="bbox 152 2867 859 2908; baseline 0.003 -12"><span class='ocrx_word' id='word_1_380' title='bbox 152 2867 237 2902; x_wconf 83' lang='lat' dir='ltr'><em>bant,</em></span> <span class='ocrx_word' id='word_1_381' title='bbox 259 2867 313 2897; x_wconf 82' lang='lat' dir='ltr'><em>sed</em></span> <span class='ocrx_word' id='word_1_382' title='bbox 334 2877 393 2897; x_wconf 87' lang='lat' dir='ltr'><em>nou</em></span> <span class='ocrx_word' id='word_1_383' title='bbox 418 2872 545 2908; x_wconf 84' lang='lat' dir='ltr'><em>propter</em></span> <span class='ocrx_word' id='word_1_384' title='bbox 571 2868 766 2906; x_wconf 79' lang='lat' dir='ltr'><em>Patroclum3</em></span> <span class='ocrx_word' id='word_1_385' title='bbox 790 2879 859 2898; x_wconf 78' lang='lat' dir='ltr'><em>suas</em></span> 
     </span>
     <span class='ocr_line' id='line_1_63' title="bbox 153 2908 860 2951; baseline 0.004 -13"><span class='ocrx_word' id='word_1_386' title='bbox 153 2908 231 2939; x_wconf 86' lang='lat' dir='ltr'><em>euim</em></span> <span class='ocrx_word' id='word_1_387' title='bbox 254 2909 442 2940; x_wconf 77' lang='lat' dir='ltr'><em>calamitates</em></span> <span class='ocrx_word' id='word_1_388' title='bbox 466 2911 739 2951; x_wconf 76' lang='lat' dir='ltr'><em>captivitatemque</em></span> <span class='ocrx_word' id='word_1_389' title='bbox 764 2912 860 2941; x_wconf 82' lang='lat' dir='ltr'><em>defle-</em></span> 
     </span>
     <span class='ocr_line' id='line_1_64' title="bbox 153 2952 859 2994; baseline 0.007 -14"><span class='ocrx_word' id='word_1_390' title='bbox 153 2952 245 2982; x_wconf 80' lang='lat' dir='ltr'><em>bant:</em></span> <span class='ocrx_word' id='word_1_391' title='bbox 271 2952 434 2983; x_wconf 80' lang='lat' dir='ltr'><em>Patroclus</em></span> <span class='ocrx_word' id='word_1_392' title='bbox 459 2953 523 2983; x_wconf 88' lang='lat' dir='ltr'><em>illis</em></span> <span class='ocrx_word' id='word_1_393' title='bbox 547 2954 757 2994; x_wconf 75' lang='lat' dir='ltr'><em>lacrymationi</em></span> <span class='ocrx_word' id='word_1_394' title='bbox 780 2965 859 2994; x_wconf 86' lang='lat' dir='ltr'><em>prae-</em></span> 
     </span>
     <span class='ocr_line' id='line_1_65' title="bbox 153 2997 860 3031; baseline 0.006 -7"><span class='ocrx_word' id='word_1_395' title='bbox 153 2998 260 3028; x_wconf 80' lang='lat' dir='ltr'><em>textus</em></span> <span class='ocrx_word' id='word_1_396' title='bbox 269 2999 346 3031; x_wconf 79' lang='lat' dir='ltr'><em>erat,</em></span> <span class='ocrx_word' id='word_1_397' title='bbox 357 3006 428 3026; x_wconf 83' lang='lat' dir='ltr'><em>vera</em></span> <span class='ocrx_word' id='word_1_398' title='bbox 444 3006 537 3027; x_wconf 77' lang='lat' dir='ltr'><em>eausa</em></span> <span class='ocrx_word' id='word_1_399' title='bbox 550 3007 603 3027; x_wconf 85' lang='lat' dir='ltr'><em>sna</em></span> <span class='ocrx_word' id='word_1_400' title='bbox 616 2997 673 3027; x_wconf 79' lang='lat' dir='ltr'><em>sibi</em></span> <span class='ocrx_word' id='word_1_401' title='bbox 690 2998 860 3028; x_wconf 79' lang='lat' dir='ltr'><em>miseranda</em></span> 
     </span>
    </p>

    <p class='ocr_par' dir='ltr' id='par_1_6' title="bbox 196 3046 319 3068">
     <span class='ocr_line' id='line_1_66' title="bbox 196 3046 319 3068; baseline 0.016 -2"><span class='ocrx_word' id='word_1_402' title='bbox 196 3046 270 3068; x_wconf 80' lang='lat' dir='ltr'><em>vor..</em></span> <span class='ocrx_word' id='word_1_403' title='bbox 288 3047 319 3068; x_wconf 83' lang='grc' dir='ltr'>ν.</span> 
     </span>
    </p>
   </div>
   <div class='ocr_carea' id='block_1_4' title="bbox 1525 190 1604 232">
    <p class='ocr_par' dir='ltr' id='par_1_7' title="bbox 1525 190 1604 232">
     <span class='ocr_line' id='line_1_67' title="bbox 1525 190 1604 232; baseline 0.013 -1"><span class='ocrx_word' id='word_1_404' title='bbox 1525 190 1604 232; x_wconf 87' lang='lat'><em>521</em></span> 
     </span>
    </p>
   </div>
   <div class='ocr_carea' id='block_1_5' title="bbox 887 294 1607 3072">
    <p class='ocr_par' dir='ltr' id='par_1_8' title="bbox 887 294 1607 3072">
     <span class='ocr_line' id='line_1_68' title="bbox 1019 294 1607 338; baseline -0.002 -13"><span class='ocrx_word' id='word_1_405' title='bbox 1019 296 1091 326; x_wconf 86' lang='lat' dir='ltr'><em>ideo</em></span> <span class='ocrx_word' id='word_1_406' title='bbox 1121 297 1230 327; x_wconf 84' lang='lat' dir='ltr'><em>flebant</em></span> <span class='ocrx_word' id='word_1_407' title='bbox 1259 296 1418 338; x_wconf 75' lang='grc' dir='ltr'>Πάτροκλον</span> <span class='ocrx_word' id='word_1_408' title='bbox 1448 294 1607 335; x_wconf 65' lang='grc' dir='ltr'>πρόφασιν.</span> 
     </span>
     <span class='ocr_line' id='line_1_69' title="bbox 902 338 1604 379; baseline 0.001 -12"><span class='ocrx_word' id='word_1_409' title='bbox 902 339 951 368; x_wconf 82' lang='lat' dir='ltr'><em>Ita</em></span> <span class='ocrx_word' id='word_1_410' title='bbox 973 342 1004 368; x_wconf 88' lang='lat' dir='ltr'><em>et</em></span> <span class='ocrx_word' id='word_1_411' title='bbox 1026 339 1083 368; x_wconf 87' lang='lat' dir='ltr'><em>iste</em></span> <span class='ocrx_word' id='word_1_412' title='bbox 1100 340 1214 369; x_wconf 84' lang='lat' dir='ltr'><em>Clinias</em></span> <span class='ocrx_word' id='word_1_413' title='bbox 1239 340 1320 379; x_wconf 86' lang='lat' dir='ltr'><em>apud</em></span> <span class='ocrx_word' id='word_1_414' title='bbox 1345 338 1501 378; x_wconf 80' lang='lat' dir='ltr'><em>Eroticum</em></span> <span class='ocrx_word' id='word_1_415' title='bbox 1526 339 1604 368; x_wconf 88' lang='lat' dir='ltr'><em>hunc</em></span> 
     </span>
     <span class='ocr_line' id='line_1_70' title="bbox 901 376 1604 422; baseline 0 -12"><span class='ocrx_word' id='word_1_416' title='bbox 901 381 1089 420; x_wconf 86' lang='lat' dir='ltr'><em>Scriptorem</em></span> <span class='ocrx_word' id='word_1_417' title='bbox 1100 383 1302 422; x_wconf 81' lang='lat' dir='ltr'><em>illacrymavit</em></span> <span class='ocrx_word' id='word_1_418' title='bbox 1316 376 1516 412; x_wconf 83' lang='lat' dir='ltr'><em>nominatione</em></span> <span class='ocrx_word' id='word_1_419' title='bbox 1526 381 1604 410; x_wconf 88' lang='lat' dir='ltr'><em>Cha-</em></span> 
     </span>
     <span class='ocr_line' id='line_1_71' title="bbox 901 423 1604 466; baseline 0.001 -13"><span class='ocrx_word' id='word_1_420' title='bbox 901 423 986 453; x_wconf 84' lang='lat' dir='ltr'><em>riclis</em></span> <span class='ocrx_word' id='word_1_421' title='bbox 1000 425 1158 464; x_wconf 76' lang='grc' dir='ltr'>Πάτροκλον</span> <span class='ocrx_word' id='word_1_422' title='bbox 1171 425 1319 466; x_wconf 80' lang='grc' dir='ltr'>πρόφασιν,</span> <span class='ocrx_word' id='word_1_423' title='bbox 1330 435 1388 455; x_wconf 89' lang='lat' dir='ltr'><em>non</em></span> <span class='ocrx_word' id='word_1_424' title='bbox 1405 426 1443 454; x_wconf 90' lang='lat' dir='ltr'><em>ob</em></span> <span class='ocrx_word' id='word_1_425' title='bbox 1453 424 1604 454; x_wconf 85' lang='lat' dir='ltr'><em>Chariclis</em></span> 
     </span>
     <span class='ocr_line' id='line_1_72' title="bbox 901 467 1603 503; baseline 0 -8"><span class='ocrx_word' id='word_1_426' title='bbox 901 476 1002 496; x_wconf 85' lang='lat' dir='ltr'><em>casum</em></span> <span class='ocrx_word' id='word_1_427' title='bbox 1025 472 1057 496; x_wconf 86' lang='lat' dir='ltr'><em>et</em></span> <span class='ocrx_word' id='word_1_428' title='bbox 1083 467 1288 503; x_wconf 84' lang='lat' dir='ltr'><em>infortunium,</em></span> <span class='ocrx_word' id='word_1_429' title='bbox 1310 469 1363 498; x_wconf 85' lang='lat' dir='ltr'><em>sed</em></span> <span class='ocrx_word' id='word_1_430' title='bbox 1383 468 1421 497; x_wconf 91' lang='lat' dir='ltr'><em>ob</em></span> <span class='ocrx_word' id='word_1_431' title='bbox 1442 477 1528 497; x_wconf 84' lang='lat' dir='ltr'><em>suum</em></span> <span class='ocrx_word' id='word_1_432' title='bbox 1555 467 1603 496; x_wconf 91' lang='lat' dir='ltr'><em>illi</em></span> 
     </span>
     <span class='ocr_line' id='line_1_73' title="bbox 900 508 1601 551; baseline 0 -13"><span class='ocrx_word' id='word_1_433' title='bbox 900 510 1019 539; x_wconf 92' lang='lat' dir='ltr'><em>omnino</em></span> <span class='ocrx_word' id='word_1_434' title='bbox 1034 520 1089 548; x_wconf 86' lang='lat' dir='ltr'><em>par</em></span> <span class='ocrx_word' id='word_1_435' title='bbox 1100 515 1131 539; x_wconf 89' lang='lat' dir='ltr'><em>et</em></span> <span class='ocrx_word' id='word_1_436' title='bbox 1147 510 1253 539; x_wconf 82' lang='lat' dir='ltr'><em>simile.</em></span> <span class='ocrx_word' id='word_1_437' title='bbox 1297 511 1438 551; x_wconf 80' lang='grc' dir='ltr'>Πρόφασιν</span> <span class='ocrx_word' id='word_1_438' title='bbox 1460 508 1601 541; x_wconf 77' lang='grc' dir='ltr'>ποιεῖσθαι</span> 
     </span>
     <span class='ocr_line' id='line_1_74' title="bbox 899 550 1602 592; baseline 0.003 -12"><span class='ocrx_word' id='word_1_439' title='bbox 899 550 980 581; x_wconf 87' lang='lat' dir='ltr'><em>idem</em></span> <span class='ocrx_word' id='word_1_440' title='bbox 997 552 1078 591; x_wconf 91' lang='lat' dir='ltr'><em>quod</em></span> <span class='ocrx_word' id='word_1_441' title='bbox 1103 552 1346 592; x_wconf 67' lang='grc' dir='ltr'>προφασίζεσθαι,</span> <span class='ocrx_word' id='word_1_442' title='bbox 1363 555 1417 583; x_wconf 88' lang='lat' dir='ltr'><em>Gr.</em></span> <span class='ocrx_word' id='word_1_443' title='bbox 1435 553 1602 592; x_wconf 83' lang='lat' dir='ltr'><em>Lexicogr.</em></span> 
     </span>
     <span class='ocr_line' id='line_1_75' title="bbox 898 594 1600 635; baseline 0.003 -12"><span class='ocrx_word' id='word_1_444' title='bbox 898 594 1019 633; x_wconf 83' lang='lat' dir='ltr'><em>Aliquis</em></span> <span class='ocrx_word' id='word_1_445' title='bbox 1036 595 1149 633; x_wconf 88' lang='lat' dir='ltr'><em>aliquid</em></span> <span class='ocrx_word' id='word_1_446' title='bbox 1166 595 1305 635; x_wconf 82' lang='grc' dir='ltr'>πρόφασιν</span> <span class='ocrx_word' id='word_1_447' title='bbox 1319 597 1404 630; x_wconf 82' lang='grc' dir='ltr'>ποιεῖ,</span> <span class='ocrx_word' id='word_1_448' title='bbox 1420 607 1458 626; x_wconf 84' lang='lat' dir='ltr'><em>ex</em></span> <span class='ocrx_word' id='word_1_449' title='bbox 1477 606 1535 634; x_wconf 89' lang='lat' dir='ltr'><em>quo</em></span> <span class='ocrx_word' id='word_1_450' title='bbox 1548 606 1600 625; x_wconf 86' lang='lat' dir='ltr'><em>oc-</em></span> 
     </span>
     <span class='ocr_line' id='line_1_76' title="bbox 898 637 1600 678; baseline 0.003 -12"><span class='ocrx_word' id='word_1_451' title='bbox 898 638 1051 667; x_wconf 85' lang='lat' dir='ltr'><em>casionem</em></span> <span class='ocrx_word' id='word_1_452' title='bbox 1071 637 1188 677; x_wconf 89' lang='lat' dir='ltr'><em>arripit.</em></span> <span class='ocrx_word' id='word_1_453' title='bbox 1200 643 1230 667; x_wconf 88' lang='lat' dir='ltr'><em>et</em></span> <span class='ocrx_word' id='word_1_454' title='bbox 1244 648 1361 672; x_wconf 89' lang='lat' dir='ltr'><em>rursus,</em></span> <span class='ocrx_word' id='word_1_455' title='bbox 1375 637 1600 678; x_wconf 73' lang='grc' dir='ltr'>προφασίζομαι,</span> 
     </span>
     <span class='ocr_line' id='line_1_77' title="bbox 897 680 1599 720; baseline 0.001 -11"><span class='ocrx_word' id='word_1_456' title='bbox 897 681 1051 720; x_wconf 76' lang='grc' dir='ltr'>προφάσεις</span> <span class='ocrx_word' id='word_1_457' title='bbox 1064 680 1150 718; x_wconf 81' lang='grc' dir='ltr'>λέγω,</span> <span class='ocrx_word' id='word_1_458' title='bbox 1167 681 1322 720; x_wconf 80' lang='grc' dir='ltr'>προφάσεις</span> <span class='ocrx_word' id='word_1_459' title='bbox 1335 683 1416 718; x_wconf 76' lang='grc' dir='ltr'>ποιῶ,</span> <span class='ocrx_word' id='word_1_460' title='bbox 1438 681 1599 720; x_wconf 83' lang='grc' dir='ltr'>προφάσεσι</span> 
     </span>
     <span class='ocr_line' id='line_1_78' title="bbox 895 723 1602 764; baseline 0.001 -12"><span class='ocrx_word' id='word_1_461' title='bbox 895 725 1026 763; x_wconf 77' lang='grc' dir='ltr'>χρῶμαι.</span> <span class='ocrx_word' id='word_1_462' title='bbox 1078 726 1118 753; x_wconf 79' lang='lat' dir='ltr'><em>At</em></span> <span class='ocrx_word' id='word_1_463' title='bbox 1142 723 1296 764; x_wconf 83' lang='lat' dir='ltr'><em>(inquam)</em></span> <span class='ocrx_word' id='word_1_464' title='bbox 1327 724 1379 752; x_wconf 88' lang='lat' dir='ltr'><em>Gr.</em></span> <span class='ocrx_word' id='word_1_465' title='bbox 1404 733 1463 752; x_wconf 88' lang='lat' dir='ltr'><em>non</em></span> <span class='ocrx_word' id='word_1_466' title='bbox 1493 724 1602 754; x_wconf 86' lang='lat' dir='ltr'><em>dicunt</em></span> 
     </span>
     <span class='ocr_line' id='line_1_79' title="bbox 896 765 1598 805; baseline 0.001 -11"><span class='ocrx_word' id='word_1_467' title='bbox 896 767 1051 805; x_wconf 74' lang='grc' dir='ltr'>προφάσεις</span> <span class='ocrx_word' id='word_1_468' title='bbox 1062 768 1141 801; x_wconf 79' lang='grc' dir='ltr'>ποιῶ,</span> <span class='ocrx_word' id='word_1_469' title='bbox 1157 767 1210 796; x_wconf 90' lang='lat' dir='ltr'><em>sed</em></span> <span class='ocrx_word' id='word_1_470' title='bbox 1225 767 1372 804; x_wconf 76' lang='grc' dir='ltr'>ποιοῦμαι.</span> <span class='ocrx_word' id='word_1_471' title='bbox 1417 765 1504 796; x_wconf 90' lang='lat' dir='ltr'><em>Nihil</em></span> <span class='ocrx_word' id='word_1_472' title='bbox 1516 776 1598 795; x_wconf 86' lang='lat' dir='ltr'><em>com—</em></span> 
     </span>
     <span class='ocr_line' id='line_1_80' title="bbox 895 808 1598 839; baseline -0.001 -1"><span class='ocrx_word' id='word_1_473' title='bbox 895 810 1016 838; x_wconf 89' lang='lat' dir='ltr'><em>munius</em></span> <span class='ocrx_word' id='word_1_474' title='bbox 1032 820 1087 839; x_wconf 88' lang='lat' dir='ltr'><em>nec</em></span> <span class='ocrx_word' id='word_1_475' title='bbox 1109 809 1250 838; x_wconf 86' lang='lat' dir='ltr'><em>usitatius</em></span> <span class='ocrx_word' id='word_1_476' title='bbox 1275 810 1332 838; x_wconf 87' lang='lat' dir='ltr'><em>hoc</em></span> <span class='ocrx_word' id='word_1_477' title='bbox 1355 809 1449 838; x_wconf 87' lang='lat' dir='ltr'><em>verbo</em></span> <span class='ocrx_word' id='word_1_478' title='bbox 1472 809 1557 839; x_wconf 78' lang='grc' dir='ltr'>ποιεῖν</span> <span class='ocrx_word' id='word_1_479' title='bbox 1569 808 1598 838; x_wconf 88' lang='lat' dir='ltr'><em>in</em></span> 
     </span>
     <span class='ocr_line' id='line_1_81' title="bbox 895 851 1600 891; baseline 0 -11"><span class='ocrx_word' id='word_1_480' title='bbox 895 856 959 881; x_wconf 88' lang='lat' dir='ltr'><em>tota</em></span> <span class='ocrx_word' id='word_1_481' title='bbox 974 852 1062 891; x_wconf 82' lang='lat' dir='ltr'><em>Ling.</em></span> <span class='ocrx_word' id='word_1_482' title='bbox 1075 853 1130 882; x_wconf 84' lang='lat' dir='ltr'><em>Gr.</em></span> <span class='ocrx_word' id='word_1_483' title='bbox 1163 852 1292 890; x_wconf 83' lang='lat' dir='ltr'><em>Quando</em></span> <span class='ocrx_word' id='word_1_484' title='bbox 1308 856 1408 881; x_wconf 89' lang='lat' dir='ltr'><em>autem</em></span> <span class='ocrx_word' id='word_1_485' title='bbox 1422 853 1476 881; x_wconf 90' lang='lat' dir='ltr'><em>Gr.</em></span> <span class='ocrx_word' id='word_1_486' title='bbox 1493 851 1600 881; x_wconf 84' lang='lat' dir='ltr'><em>dicunt</em></span> 
     </span>
     <span class='ocr_line' id='line_1_82' title="bbox 895 893 1599 934; baseline 0 -10"><span class='ocrx_word' id='word_1_487' title='bbox 895 896 965 924; x_wconf 79' lang='grc' dir='ltr'>ποιῶ</span> <span class='ocrx_word' id='word_1_488' title='bbox 989 899 1060 930; x_wconf 71' lang='lat' dir='ltr'><em>act„</em></span> <span class='ocrx_word' id='word_1_489' title='bbox 1085 899 1116 924; x_wconf 90' lang='lat' dir='ltr'><em>et</em></span> <span class='ocrx_word' id='word_1_490' title='bbox 1139 896 1259 934; x_wconf 85' lang='lat' dir='ltr'><em>quando</em></span> <span class='ocrx_word' id='word_1_491' title='bbox 1282 895 1417 933; x_wconf 80' lang='grc' dir='ltr'>ποιοῦμαι</span> <span class='ocrx_word' id='word_1_492' title='bbox 1442 904 1523 934; x_wconf 76' lang='lat' dir='ltr'><em>paSS.</em></span> <span class='ocrx_word' id='word_1_493' title='bbox 1547 893 1599 924; x_wconf 85' lang='lat' dir='ltr'><em>vel</em></span> 
     </span>
     <span class='ocr_line' id='line_1_83' title="bbox 894 937 1600 974; baseline -0.001 -7"><span class='ocrx_word' id='word_1_494' title='bbox 894 937 988 974; x_wconf 88' lang='lat' dir='ltr'><em>med.‚</em></span> <span class='ocrx_word' id='word_1_495' title='bbox 1002 948 1060 967; x_wconf 87' lang='lat' dir='ltr'><em>non</em></span> <span class='ocrx_word' id='word_1_496' title='bbox 1082 937 1132 967; x_wconf 90' lang='lat' dir='ltr'><em>cui</em></span> <span class='ocrx_word' id='word_1_497' title='bbox 1155 937 1232 967; x_wconf 82' lang='lat' dir='ltr'><em>forte</em></span> <span class='ocrx_word' id='word_1_498' title='bbox 1256 938 1462 972; x_wconf 85' lang='lat' dir='ltr'><em>observatum,</em></span> <span class='ocrx_word' id='word_1_499' title='bbox 1482 947 1540 967; x_wconf 88' lang='lat' dir='ltr'><em>nec</em></span> <span class='ocrx_word' id='word_1_500' title='bbox 1553 942 1600 966; x_wconf 87' lang='lat' dir='ltr'><em>te·</em></span> 
     </span>
     <span class='ocr_line' id='line_1_84' title="bbox 891 980 1599 1022; baseline 0 -12"><span class='ocrx_word' id='word_1_501' title='bbox 891 990 974 1010; x_wconf 89' lang='lat' dir='ltr'><em>mere</em></span> <span class='ocrx_word' id='word_1_502' title='bbox 998 985 1028 1010; x_wconf 87' lang='lat' dir='ltr'><em>et</em></span> <span class='ocrx_word' id='word_1_503' title='bbox 1050 980 1163 1020; x_wconf 88' lang='lat' dir='ltr'><em>ubique</em></span> <span class='ocrx_word' id='word_1_504' title='bbox 1179 981 1312 1010; x_wconf 86' lang='lat' dir='ltr'><em>obvium.</em></span> <span class='ocrx_word' id='word_1_505' title='bbox 1327 980 1490 1022; x_wconf 69' lang='grc' dir='ltr'>(ποιήσετε,</span> <span class='ocrx_word' id='word_1_506' title='bbox 1510 981 1599 1010; x_wconf 84' lang='grc' dir='ltr'>ποιεῖ-</span> 
     </span>
     <span class='ocr_line' id='line_1_85' title="bbox 892 1021 1597 1063; baseline 0.003 -12"><span class='ocrx_word' id='word_1_507' title='bbox 892 1022 978 1058; x_wconf 68' lang='grc' dir='ltr'>σθαι,</span> <span class='ocrx_word' id='word_1_508' title='bbox 1002 1023 1032 1052; x_wconf 89' lang='lat' dir='ltr'><em>in</em></span> <span class='ocrx_word' id='word_1_509' title='bbox 1055 1024 1159 1053; x_wconf 90' lang='lat' dir='ltr'><em>eadem</em></span> <span class='ocrx_word' id='word_1_510' title='bbox 1184 1023 1332 1053; x_wconf 83' lang='lat' dir='ltr'><em>sententia</em></span> <span class='ocrx_word' id='word_1_511' title='bbox 1356 1023 1449 1063; x_wconf 87' lang='lat' dir='ltr'><em>paulo</em></span> <span class='ocrx_word' id='word_1_512' title='bbox 1474 1021 1597 1063; x_wconf 89' lang='lat' dir='ltr'><em>supra.)</em></span> 
     </span>
     <span class='ocr_line' id='line_1_86' title="bbox 893 1065 1596 1105; baseline 0.001 -10"><span class='ocrx_word' id='word_1_513' title='bbox 893 1067 941 1095; x_wconf 90' lang='lat' dir='ltr'><em>De</em></span> <span class='ocrx_word' id='word_1_514' title='bbox 957 1066 1044 1096; x_wconf 85' lang='lat' dir='ltr'><em>vario</em></span> <span class='ocrx_word' id='word_1_515' title='bbox 1067 1066 1164 1105; x_wconf 89' lang='lat' dir='ltr'><em>igitur</em></span> <span class='ocrx_word' id='word_1_516' title='bbox 1185 1077 1242 1096; x_wconf 87' lang='lat' dir='ltr'><em>usu</em></span> <span class='ocrx_word' id='word_1_517' title='bbox 1270 1067 1359 1105; x_wconf 87' lang='lat' dir='ltr'><em>hujus</em></span> <span class='ocrx_word' id='word_1_518' title='bbox 1382 1065 1468 1096; x_wconf 85' lang='lat' dir='ltr'><em>verbi</em></span> <span class='ocrx_word' id='word_1_519' title='bbox 1495 1066 1596 1105; x_wconf 89' lang='lat' dir='ltr'><em>quoad</em></span> 
     </span>
     <span class='ocr_line' id='line_1_87' title="bbox 892 1108 1597 1148; baseline 0 -10"><span class='ocrx_word' id='word_1_520' title='bbox 892 1119 997 1138; x_wconf 87' lang='lat' dir='ltr'><em>vocem</em></span> <span class='ocrx_word' id='word_1_521' title='bbox 1014 1119 1067 1139; x_wconf 90' lang='lat' dir='ltr'><em>seu</em></span> <span class='ocrx_word' id='word_1_522' title='bbox 1082 1110 1206 1139; x_wconf 85' lang='lat' dir='ltr'><em>formam</em></span> <span class='ocrx_word' id='word_1_523' title='bbox 1228 1109 1321 1139; x_wconf 84' lang='lat' dir='ltr'><em>activi</em></span> <span class='ocrx_word' id='word_1_524' title='bbox 1339 1114 1369 1138; x_wconf 89' lang='lat' dir='ltr'><em>et</em></span> <span class='ocrx_word' id='word_1_525' title='bbox 1383 1108 1511 1148; x_wconf 83' lang='lat' dir='ltr'><em>passivi,</em></span> <span class='ocrx_word' id='word_1_526' title='bbox 1527 1110 1597 1138; x_wconf 73' lang='grc' dir='ltr'>ποιῶ</span> 
     </span>
     <span class='ocr_line' id='line_1_88' title="bbox 891 1151 1595 1193; baseline 0.001 -13"><span class='ocrx_word' id='word_1_527' title='bbox 891 1156 923 1181; x_wconf 86' lang='lat' dir='ltr'><em>et</em></span> <span class='ocrx_word' id='word_1_528' title='bbox 933 1151 1148 1193; x_wconf 80' lang='grc' dir='ltr'>ποιοῦμαι(ι]εο</span> <span class='ocrx_word' id='word_1_529' title='bbox 1163 1152 1241 1182; x_wconf 85' lang='lat' dir='ltr'><em>enim</em></span> <span class='ocrx_word' id='word_1_530' title='bbox 1256 1152 1430 1191; x_wconf 89' lang='lat' dir='ltr'><em>promiscue</em></span> <span class='ocrx_word' id='word_1_531' title='bbox 1447 1161 1595 1190; x_wconf 87' lang='lat' dir='ltr'><em>usurpan-</em></span> 
     </span>
     <span class='ocr_line' id='line_1_89' title="bbox 891 1194 1596 1234; baseline 0.001 -11"><span class='ocrx_word' id='word_1_532' title='bbox 891 1194 956 1234; x_wconf 87' lang='lat' dir='ltr'><em>tur)</em></span> <span class='ocrx_word' id='word_1_533' title='bbox 966 1205 1067 1234; x_wconf 88' lang='lat' dir='ltr'><em>operae</em></span> <span class='ocrx_word' id='word_1_534' title='bbox 1078 1195 1210 1234; x_wconf 86' lang='lat' dir='ltr'><em>pretium</em></span> <span class='ocrx_word' id='word_1_535' title='bbox 1226 1195 1303 1225; x_wconf 79' lang='lat' dir='ltr'><em>duxi</em></span> <span class='ocrx_word' id='word_1_536' title='bbox 1317 1195 1438 1234; x_wconf 82' lang='lat' dir='ltr'><em>regulas</em></span> <span class='ocrx_word' id='word_1_537' title='bbox 1451 1195 1596 1233; x_wconf 90' lang='lat' dir='ltr'><em>quasdam</em></span> 
     </span>
     <span class='ocr_line' id='line_1_90' title="bbox 891 1237 1597 1278; baseline 0.001 -13"><span class='ocrx_word' id='word_1_538' title='bbox 891 1237 958 1268; x_wconf 87' lang='lat' dir='ltr'><em>sive</em></span> <span class='ocrx_word' id='word_1_539' title='bbox 974 1239 1216 1275; x_wconf 89' lang='lat' dir='ltr'><em>observationes,</em></span> <span class='ocrx_word' id='word_1_540' title='bbox 1231 1243 1323 1278; x_wconf 89' lang='lat' dir='ltr'><em>prout</em></span> <span class='ocrx_word' id='word_1_541' title='bbox 1336 1238 1410 1268; x_wconf 88' lang='lat' dir='ltr'><em>mihi</em></span> <span class='ocrx_word' id='word_1_542' title='bbox 1424 1237 1597 1276; x_wconf 85' lang='lat' dir='ltr'><em>intelligen-</em></span> 
     </span>
     <span class='ocr_line' id='line_1_91' title="bbox 889 1279 1596 1322; baseline 0.001 -13"><span class='ocrx_word' id='word_1_543' title='bbox 889 1280 960 1310; x_wconf 89' lang='lat' dir='ltr'><em>dum</em></span> <span class='ocrx_word' id='word_1_544' title='bbox 977 1281 1194 1317; x_wconf 88' lang='lat' dir='ltr'><em>subvenerunt,</em></span> <span class='ocrx_word' id='word_1_545' title='bbox 1210 1281 1298 1311; x_wconf 85' lang='lat' dir='ltr'><em>vobis</em></span> <span class='ocrx_word' id='word_1_546' title='bbox 1313 1281 1481 1320; x_wconf 90' lang='lat' dir='ltr'><em>impertire.</em></span> <span class='ocrx_word' id='word_1_547' title='bbox 1527 1279 1596 1322; x_wconf 90' lang='lat'><strong>(1.)</strong></span> 
     </span>
     <span class='ocr_line' id='line_1_92' title="bbox 889 1325 1597 1363; baseline 0.001 -11"><span class='ocrx_word' id='word_1_548' title='bbox 889 1326 971 1358; x_wconf 79' lang='grc' dir='ltr'>Ποιῶ,</span> <span class='ocrx_word' id='word_1_549' title='bbox 981 1334 1049 1353; x_wconf 89' lang='lat' dir='ltr'><em>cum</em></span> <span class='ocrx_word' id='word_1_550' title='bbox 1060 1325 1210 1363; x_wconf 78' lang='lat' dir='ltr'><em>significat</em></span> <span class='ocrx_word' id='word_1_551' title='bbox 1220 1325 1367 1354; x_wconf 83' lang='lat' dir='ltr'><em>actionem</em></span> <span class='ocrx_word' id='word_1_552' title='bbox 1377 1328 1597 1359; x_wconf 83' lang='lat' dir='ltr'><em>transeuntem,</em></span> 
     </span>
     <span class='ocr_line' id='line_1_93' title="bbox 889 1366 1595 1406; baseline 0.001 -11"><span class='ocrx_word' id='word_1_553' title='bbox 889 1366 1012 1404; x_wconf 90' lang='lat' dir='ltr'><em>ponitur</em></span> <span class='ocrx_word' id='word_1_554' title='bbox 1034 1366 1213 1406; x_wconf 87' lang='lat' dir='ltr'><em>plerumque</em></span> <span class='ocrx_word' id='word_1_555' title='bbox 1236 1367 1267 1396; x_wconf 89' lang='lat' dir='ltr'><em>in</em></span> <span class='ocrx_word' id='word_1_556' title='bbox 1290 1378 1364 1397; x_wconf 85' lang='lat' dir='ltr'><em>voce</em></span> <span class='ocrx_word' id='word_1_557' title='bbox 1388 1366 1501 1402; x_wconf 84' lang='lat' dir='ltr'><em>activa,</em></span> <span class='ocrx_word' id='word_1_558' title='bbox 1525 1376 1595 1396; x_wconf 86' lang='lat' dir='ltr'><em>cum</em></span> 
     </span>
     <span class='ocr_line' id='line_1_94' title="bbox 890 1409 1596 1449; baseline 0 -11"><span class='ocrx_word' id='word_1_559' title='bbox 890 1409 1000 1438; x_wconf 83' lang='lat' dir='ltr'><em>transit</em></span> <span class='ocrx_word' id='word_1_560' title='bbox 1014 1419 1056 1438; x_wconf 85' lang='lat' dir='ltr'><em>sc.</em></span> <span class='ocrx_word' id='word_1_561' title='bbox 1072 1410 1102 1438; x_wconf 88' lang='lat' dir='ltr'><em>in</em></span> <span class='ocrx_word' id='word_1_562' title='bbox 1118 1410 1273 1439; x_wconf 88' lang='lat' dir='ltr'><em>materiam</em></span> <span class='ocrx_word' id='word_1_563' title='bbox 1289 1410 1420 1449; x_wconf 85' lang='lat' dir='ltr'><em>aliquam</em></span> <span class='ocrx_word' id='word_1_564' title='bbox 1437 1414 1596 1439; x_wconf 78' lang='lat' dir='ltr'><em>externam</em></span> 
     </span>
     <span class='ocr_line' id='line_1_95' title="bbox 891 1450 1596 1492; baseline 0 -11"><span class='ocrx_word' id='word_1_565' title='bbox 891 1456 921 1481; x_wconf 88' lang='lat' dir='ltr'><em>et</em></span> <span class='ocrx_word' id='word_1_566' title='bbox 937 1451 1126 1492; x_wconf 80' lang='lat' dir='ltr'><em>sensibilem,</em></span> <span class='ocrx_word' id='word_1_567' title='bbox 1143 1457 1175 1481; x_wconf 91' lang='lat' dir='ltr'><em>ut</em></span> <span class='ocrx_word' id='word_1_568' title='bbox 1189 1453 1275 1482; x_wconf 82' lang='grc' dir='ltr'>ποιεῖν</span> <span class='ocrx_word' id='word_1_569' title='bbox 1285 1451 1363 1489; x_wconf 72' lang='grc' dir='ltr'>οἶκον,</span> <span class='ocrx_word' id='word_1_570' title='bbox 1376 1450 1463 1491; x_wconf 78' lang='grc' dir='ltr'>ξίφος,</span> <span class='ocrx_word' id='word_1_571' title='bbox 1477 1451 1596 1492; x_wconf 79' lang='grc' dir='ltr'>κόσμον,</span> 
     </span>
     <span class='ocr_line' id='line_1_96' title="bbox 890 1493 1596 1535; baseline 0.001 -12"><span class='ocrx_word' id='word_1_572' title='bbox 890 1493 982 1534; x_wconf 76' lang='grc' dir='ltr'>ἄρτον,</span> <span class='ocrx_word' id='word_1_573' title='bbox 998 1493 1156 1535; x_wconf 81' lang='grc' dir='ltr'>ἄνθρωπον,,</span> <span class='ocrx_word' id='word_1_574' title='bbox 1179 1497 1240 1535; x_wconf 67' lang='grc' dir='ltr'>γῆν,</span> <span class='ocrx_word' id='word_1_575' title='bbox 1261 1495 1372 1535; x_wconf 79' lang='grc' dir='ltr'>οὐρανὸν,</span> <span class='ocrx_word' id='word_1_576' title='bbox 1393 1501 1452 1525; x_wconf 88' lang='lat' dir='ltr'><em>etc.</em></span> <span class='ocrx_word' id='word_1_577' title='bbox 1478 1495 1520 1524; x_wconf 81' lang='lat' dir='ltr'><em>ibi</em></span> <span class='ocrx_word' id='word_1_578' title='bbox 1536 1505 1596 1525; x_wconf 87' lang='lat' dir='ltr'><em>non</em></span> 
     </span>
     <span class='ocr_line' id='line_1_97' title="bbox 891 1536 1595 1577; baseline 0 -10"><span class='ocrx_word' id='word_1_579' title='bbox 891 1536 1041 1573; x_wconf 83' lang='grc' dir='ltr'>ποιεῖσθαι,</span> <span class='ocrx_word' id='word_1_580' title='bbox 1059 1538 1112 1568; x_wconf 90' lang='lat' dir='ltr'><em>sed</em></span> <span class='ocrx_word' id='word_1_581' title='bbox 1129 1539 1223 1568; x_wconf 83' lang='grc' dir='ltr'>ποιεῖν.</span> <span class='ocrx_word' id='word_1_582' title='bbox 1271 1539 1395 1577; x_wconf 88' lang='lat' dir='ltr'><em>Loquor</em></span> <span class='ocrx_word' id='word_1_583' title='bbox 1407 1540 1468 1577; x_wconf 85' lang='lat' dir='ltr'><em>jam</em></span> <span class='ocrx_word' id='word_1_584' title='bbox 1483 1548 1542 1567; x_wconf 85' lang='lat' dir='ltr'><em>non</em></span> <span class='ocrx_word' id='word_1_585' title='bbox 1555 1538 1595 1567; x_wconf 91' lang='lat' dir='ltr'><em>de</em></span> 
     </span>
     <span class='ocr_line' id='line_1_98' title="bbox 890 1580 1594 1621; baseline 0 -11"><span class='ocrx_word' id='word_1_586' title='bbox 890 1581 1001 1618; x_wconf 86' lang='lat' dir='ltr'><em>poetis,</em></span> <span class='ocrx_word' id='word_1_587' title='bbox 1020 1581 1075 1611; x_wconf 91' lang='lat' dir='ltr'><em>sed</em></span> <span class='ocrx_word' id='word_1_588' title='bbox 1091 1581 1130 1610; x_wconf 90' lang='lat' dir='ltr'><em>de</em></span> <span class='ocrx_word' id='word_1_589' title='bbox 1149 1580 1262 1611; x_wconf 86' lang='lat' dir='ltr'><em>Atticis</em></span> <span class='ocrx_word' id='word_1_590' title='bbox 1284 1580 1479 1621; x_wconf 76' lang='grc' dir='ltr'>πεζογράφοις.</span> <span class='ocrx_word' id='word_1_591' title='bbox 1525 1580 1594 1621; x_wconf 75' lang='lat'><strong>(2.)</strong></span> 
     </span>
     <span class='ocr_line' id='line_1_99' title="bbox 890 1624 1596 1663; baseline 0 -10"><span class='ocrx_word' id='word_1_592' title='bbox 890 1624 966 1653; x_wconf 90' lang='lat' dir='ltr'><em>Cum</em></span> <span class='ocrx_word' id='word_1_593' title='bbox 995 1624 1152 1653; x_wconf 85' lang='lat' dir='ltr'><em>adverbiis</em></span> <span class='ocrx_word' id='word_1_594' title='bbox 1182 1625 1375 1663; x_wconf 89' lang='lat' dir='ltr'><em>conjunctum</em></span> <span class='ocrx_word' id='word_1_595' title='bbox 1411 1624 1502 1653; x_wconf 89' lang='lat' dir='ltr'><em>etiam</em></span> <span class='ocrx_word' id='word_1_596' title='bbox 1536 1624 1596 1653; x_wconf 88' lang='lat' dir='ltr'><em>hoc</em></span> 
     </span>
     <span class='ocr_line' id='line_1_100' title="bbox 893 1667 1596 1703; baseline 0.003 -8"><span class='ocrx_word' id='word_1_597' title='bbox 893 1669 1019 1696; x_wconf 88' lang='lat' dir='ltr'><em>verbum</em></span> <span class='ocrx_word' id='word_1_598' title='bbox 1051 1668 1136 1697; x_wconf 84' lang='grc' dir='ltr'>ποιεῖν</span> <span class='ocrx_word' id='word_1_599' title='bbox 1161 1667 1291 1696; x_wconf 83' lang='lat' dir='ltr'><em>activam</em></span> <span class='ocrx_word' id='word_1_600' title='bbox 1313 1667 1439 1696; x_wconf 85' lang='lat' dir='ltr'><em>sormam</em></span> <span class='ocrx_word' id='word_1_601' title='bbox 1466 1667 1596 1703; x_wconf 84' lang='lat' dir='ltr'><em>obtinet,</em></span> 
     </span>
     <span class='ocr_line' id='line_1_101' title="bbox 890 1707 1595 1745; baseline 0.001 -6"><span class='ocrx_word' id='word_1_602' title='bbox 890 1707 919 1739; x_wconf 69' lang='grc' dir='ltr'>εὖ</span> <span class='ocrx_word' id='word_1_603' title='bbox 942 1711 1037 1744; x_wconf 77' lang='grc' dir='ltr'>ποιεῖν,</span> <span class='ocrx_word' id='word_1_604' title='bbox 1060 1713 1165 1744; x_wconf 78' lang='grc' dir='ltr'>κακῶς,</span> <span class='ocrx_word' id='word_1_605' title='bbox 1191 1712 1298 1745; x_wconf 78' lang='grc' dir='ltr'>καλῶς,</span> <span class='ocrx_word' id='word_1_606' title='bbox 1322 1709 1441 1744; x_wconf 73' lang='grc' dir='ltr'>δικαίως,</span> <span class='ocrx_word' id='word_1_607' title='bbox 1458 1714 1519 1740; x_wconf 82' lang='lat' dir='ltr'><em>etc.</em></span> <span class='ocrx_word' id='word_1_608' title='bbox 1544 1710 1595 1740; x_wconf 77' lang='lat' dir='ltr'><em>hic</em></span> 
     </span>
     <span class='ocr_line' id='line_1_102' title="bbox 890 1752 1596 1793; baseline 0.001 -12"><span class='ocrx_word' id='word_1_609' title='bbox 890 1752 966 1782; x_wconf 87' lang='lat' dir='ltr'><em>enim</em></span> <span class='ocrx_word' id='word_1_610' title='bbox 983 1763 1041 1781; x_wconf 89' lang='lat' dir='ltr'><em>non</em></span> <span class='ocrx_word' id='word_1_611' title='bbox 1058 1752 1164 1782; x_wconf 85' lang='lat' dir='ltr'><em>dicunt</em></span> <span class='ocrx_word' id='word_1_612' title='bbox 1179 1753 1327 1793; x_wconf 77' lang='grc' dir='ltr'>ποιοῦμαι,</span> <span class='ocrx_word' id='word_1_613' title='bbox 1350 1754 1403 1782; x_wconf 88' lang='lat' dir='ltr'><em>scd</em></span> <span class='ocrx_word' id='word_1_614' title='bbox 1428 1754 1508 1783; x_wconf 78' lang='grc' dir='ltr'>ποιῶ.</span> <span class='ocrx_word' id='word_1_615' title='bbox 1555 1754 1596 1782; x_wconf 89' lang='lat' dir='ltr'><em>Et</em></span> 
     </span>
     <span class='ocr_line' id='line_1_103' title="bbox 889 1794 1594 1837; baseline 0 -12"><span class='ocrx_word' id='word_1_616' title='bbox 889 1795 1052 1834; x_wconf 89' lang='lat' dir='ltr'><em>aliquando</em></span> <span class='ocrx_word' id='word_1_617' title='bbox 1069 1806 1136 1824; x_wconf 87' lang='lat' dir='ltr'><em>cum</em></span> <span class='ocrx_word' id='word_1_618' title='bbox 1153 1797 1222 1825; x_wconf 84' lang='lat' dir='ltr'><em>adv.</em></span> <span class='ocrx_word' id='word_1_619' title='bbox 1236 1798 1325 1831; x_wconf 73' lang='grc' dir='ltr'>καλὲ,</span> <span class='ocrx_word' id='word_1_620' title='bbox 1341 1795 1422 1831; x_wconf 77' lang='grc' dir='ltr'>δεινοὶ,</span> <span class='ocrx_word' id='word_1_621' title='bbox 1440 1802 1499 1825; x_wconf 84' lang='lat' dir='ltr'><em>etc.</em></span> <span class='ocrx_word' id='word_1_622' title='bbox 1523 1794 1594 1837; x_wconf 78' lang='lat'>(3.)</span> 
     </span>
     <span class='ocr_line' id='line_1_104' title="bbox 889 1837 1592 1877; baseline 0.001 -10"><span class='ocrx_word' id='word_1_623' title='bbox 889 1840 976 1868; x_wconf 81' lang='grc' dir='ltr'>Ποιεῖν</span> <span class='ocrx_word' id='word_1_624' title='bbox 990 1848 1046 1877; x_wconf 91' lang='lat' dir='ltr'><em>pro</em></span> <span class='ocrx_word' id='word_1_625' title='bbox 1067 1840 1257 1868; x_wconf 69' lang='grc' dir='ltr'>καταστῖὲσαι</span> <span class='ocrx_word' id='word_1_626' title='bbox 1273 1839 1324 1868; x_wconf 89' lang='lat' dir='ltr'><em>vel</em></span> <span class='ocrx_word' id='word_1_627' title='bbox 1339 1837 1499 1876; x_wconf 75' lang='grc' dir='ltr'>ἀποδεῖξαι,</span> <span class='ocrx_word' id='word_1_628' title='bbox 1516 1839 1545 1868; x_wconf 80' lang='lat' dir='ltr'><em>h.</em></span> <span class='ocrx_word' id='word_1_629' title='bbox 1564 1849 1592 1868; x_wconf 88' lang='lat' dir='ltr'><em>e.</em></span> 
     </span>
     <span class='ocr_line' id='line_1_105' title="bbox 888 1879 1593 1920; baseline 0.001 -10"><span class='ocrx_word' id='word_1_630' title='bbox 888 1881 1020 1917; x_wconf 80' lang='lat' dir='ltr'><em>reddere,</em></span> <span class='ocrx_word' id='word_1_631' title='bbox 1043 1879 1167 1920; x_wconf 87' lang='lat' dir='ltr'><em>efficere,</em></span> <span class='ocrx_word' id='word_1_632' title='bbox 1188 1881 1360 1920; x_wconf 86' lang='lat' dir='ltr'><em>significans</em></span> <span class='ocrx_word' id='word_1_633' title='bbox 1383 1881 1593 1911; x_wconf 82' lang='lat' dir='ltr'><em>alterationem</em></span> 
     </span>
     <span class='ocr_line' id='line_1_106' title="bbox 891 1923 1595 1963; baseline 0.001 -10"><span class='ocrx_word' id='word_1_634' title='bbox 891 1934 943 1954; x_wconf 90' lang='lat' dir='ltr'><em>seu</em></span> <span class='ocrx_word' id='word_1_635' title='bbox 969 1923 1199 1963; x_wconf 80' lang='lat' dir='ltr'><em>productionem</em></span> <span class='ocrx_word' id='word_1_636' title='bbox 1226 1924 1381 1963; x_wconf 82' lang='lat' dir='ltr'><em>qualitatis</em></span> <span class='ocrx_word' id='word_1_637' title='bbox 1404 1924 1435 1953; x_wconf 89' lang='lat' dir='ltr'><em>iu</em></span> <span class='ocrx_word' id='word_1_638' title='bbox 1462 1934 1595 1962; x_wconf 88' lang='lat' dir='ltr'><em>persona</em></span> 
     </span>
     <span class='ocr_line' id='line_1_107' title="bbox 889 1966 1595 2006; baseline 0 -10"><span class='ocrx_word' id='word_1_639' title='bbox 889 1967 940 1997; x_wconf 88' lang='lat' dir='ltr'><em>vel</em></span> <span class='ocrx_word' id='word_1_640' title='bbox 963 1977 996 1996; x_wconf 88' lang='lat' dir='ltr'><em>re</em></span> <span class='ocrx_word' id='word_1_641' title='bbox 1017 1966 1130 2005; x_wconf 87' lang='lat' dir='ltr'><em>aliqua,</em></span> <span class='ocrx_word' id='word_1_642' title='bbox 1152 1966 1242 1996; x_wconf 84' lang='lat' dir='ltr'><em>etiam</em></span> <span class='ocrx_word' id='word_1_643' title='bbox 1265 1972 1324 1996; x_wconf 87' lang='lat' dir='ltr'><em>act.</em></span> <span class='ocrx_word' id='word_1_644' title='bbox 1351 1977 1410 1996; x_wconf 91' lang='lat' dir='ltr'><em>non</em></span> <span class='ocrx_word' id='word_1_645' title='bbox 1436 1977 1531 2006; x_wconf 71' lang='lat' dir='ltr'><em>pass„</em></span> <span class='ocrx_word' id='word_1_646' title='bbox 1560 1972 1595 1996; x_wconf 89' lang='lat' dir='ltr'><em>ut</em></span> 
     </span>
     <span class='ocr_line' id='line_1_108' title="bbox 889 2008 1593 2048; baseline 0.004 -10"><span class='ocrx_word' id='word_1_647' title='bbox 889 2008 1012 2039; x_wconf 76' lang='grc' dir='ltr'>ἀνόνητον</span> <span class='ocrx_word' id='word_1_648' title='bbox 1040 2011 1153 2040; x_wconf 67' lang='grc' dir='ltr'>ποιῆσαι</span> <span class='ocrx_word' id='word_1_649' title='bbox 1183 2010 1317 2039; x_wconf 82' lang='lat' dir='ltr'><em>inutilem</em></span> <span class='ocrx_word' id='word_1_650' title='bbox 1345 2010 1476 2044; x_wconf 79' lang='lat' dir='ltr'><em>reddere,</em></span> <span class='ocrx_word' id='word_1_651' title='bbox 1503 2008 1593 2048; x_wconf 78' lang='grc' dir='ltr'><strong>ἐξώλη</strong></span> 
     </span>
     <span class='ocr_line' id='line_1_109' title="bbox 888 2050 1595 2092; baseline 0.001 -11"><span class='ocrx_word' id='word_1_652' title='bbox 888 2054 973 2083; x_wconf 80' lang='grc' dir='ltr'>ποιεῖν</span> <span class='ocrx_word' id='word_1_653' title='bbox 985 2054 1133 2091; x_wconf 83' lang='lat' dir='ltr'><em>perditum</em></span> <span class='ocrx_word' id='word_1_654' title='bbox 1144 2050 1266 2092; x_wconf 74' lang='lat' dir='ltr'><em>efficere,</em></span> <span class='ocrx_word' id='word_1_655' title='bbox 1283 2052 1367 2091; x_wconf 83' lang='grc' dir='ltr'>σοφόν</span> <span class='ocrx_word' id='word_1_656' title='bbox 1381 2054 1467 2082; x_wconf 80' lang='grc' dir='ltr'>ποιεῖν</span> <span class='ocrx_word' id='word_1_657' title='bbox 1481 2054 1595 2091; x_wconf 79' lang='lat' dir='ltr'><em>sapien-</em></span> 
     </span>
     <span class='ocr_line' id='line_1_110' title="bbox 889 2094 1595 2135; baseline 0 -10"><span class='ocrx_word' id='word_1_658' title='bbox 889 2100 944 2126; x_wconf 87' lang='lat' dir='ltr'><em>tem</em></span> <span class='ocrx_word' id='word_1_659' title='bbox 969 2096 1103 2135; x_wconf 74' lang='lat' dir='ltr'><em>reddere,</em></span> <span class='ocrx_word' id='word_1_660' title='bbox 1125 2106 1183 2125; x_wconf 89' lang='lat' dir='ltr'><em>non</em></span> <span class='ocrx_word' id='word_1_661' title='bbox 1209 2095 1375 2126; x_wconf 64' lang='lat' dir='ltr'><em>welefo-Sat.</em></span> <span class='ocrx_word' id='word_1_662' title='bbox 1421 2094 1488 2135; x_wconf 86' lang='lat'><strong>(4.)</strong></span> <span class='ocrx_word' id='word_1_663' title='bbox 1507 2096 1595 2126; x_wconf 85' lang='grc' dir='ltr'>Ποιεῖν</span> 
     </span>
     <span class='ocr_line' id='line_1_111' title="bbox 888 2138 1593 2174; baseline 0.003 -6"><span class='ocrx_word' id='word_1_664' title='bbox 888 2139 978 2168; x_wconf 86' lang='lat' dir='ltr'><em>etiam</em></span> <span class='ocrx_word' id='word_1_665' title='bbox 993 2139 1131 2168; x_wconf 89' lang='lat' dir='ltr'><em>absolute</em></span> <span class='ocrx_word' id='word_1_666' title='bbox 1148 2138 1215 2169; x_wconf 88' lang='lat' dir='ltr'><em>sine</em></span> <span class='ocrx_word' id='word_1_667' title='bbox 1239 2149 1322 2174; x_wconf 87' lang='lat' dir='ltr'><em>casu,</em></span> <span class='ocrx_word' id='word_1_668' title='bbox 1347 2139 1385 2168; x_wconf 88' lang='lat' dir='ltr'><em>de</em></span> <span class='ocrx_word' id='word_1_669' title='bbox 1405 2138 1522 2168; x_wconf 80' lang='lat' dir='ltr'><em>factura</em></span> <span class='ocrx_word' id='word_1_670' title='bbox 1538 2149 1593 2170; x_wconf 86' lang='lat' dir='ltr'><em>seu</em></span> 
     </span>
     <span class='ocr_line' id='line_1_112' title="bbox 888 2182 1592 2222; baseline 0.001 -11"><span class='ocrx_word' id='word_1_671' title='bbox 888 2182 996 2211; x_wconf 85' lang='lat' dir='ltr'><em>fictura</em></span> <span class='ocrx_word' id='word_1_672' title='bbox 1023 2182 1155 2221; x_wconf 82' lang='lat' dir='ltr'><em>poetica,</em></span> <span class='ocrx_word' id='word_1_673' title='bbox 1182 2186 1243 2212; x_wconf 84' lang='lat' dir='ltr'><em>act.</em></span> <span class='ocrx_word' id='word_1_674' title='bbox 1268 2191 1406 2222; x_wconf 86' lang='lat' dir='ltr'><em>semper:</em></span> <span class='ocrx_word' id='word_1_675' title='bbox 1436 2188 1484 2211; x_wconf 86' lang='lat' dir='ltr'><em>est</em></span> <span class='ocrx_word' id='word_1_676' title='bbox 1511 2182 1592 2212; x_wconf 92' lang='lat' dir='ltr'><em>enim</em></span> 
     </span>
     <span class='ocr_line' id='line_1_113' title="bbox 888 2224 1593 2266; baseline 0.001 -12"><span class='ocrx_word' id='word_1_677' title='bbox 888 2227 965 2254; x_wconf 72' lang='grc' dir='ltr'>ωοιῶ</span> <span class='ocrx_word' id='word_1_678' title='bbox 981 2225 1077 2254; x_wconf 90' lang='lat' dir='ltr'><em>absol.</em></span> <span class='ocrx_word' id='word_1_679' title='bbox 1092 2224 1180 2266; x_wconf 83' lang='lat' dir='ltr'><em>facio</em></span> <span class='ocrx_word' id='word_1_680' title='bbox 1192 2225 1337 2260; x_wconf 81' lang='lat' dir='ltr'><em>carmina,</em></span> <span class='ocrx_word' id='word_1_681' title='bbox 1359 2225 1466 2264; x_wconf 84' lang='lat' dir='ltr'><em>poetice</em></span> <span class='ocrx_word' id='word_1_682' title='bbox 1488 2225 1593 2261; x_wconf 84' lang='lat' dir='ltr'><em>scribo,</em></span> 
     </span>
     <span class='ocr_line' id='line_1_114' title="bbox 887 2266 1594 2308; baseline 0.001 -11"><span class='ocrx_word' id='word_1_683' title='bbox 887 2274 921 2297; x_wconf 89' lang='lat' dir='ltr'><em>ut</em></span> <span class='ocrx_word' id='word_1_684' title='bbox 942 2267 1030 2307; x_wconf 77' lang='grc' dir='ltr'>ὥςπερ</span> <span class='ocrx_word' id='word_1_685' title='bbox 1055 2266 1180 2298; x_wconf 79' lang='grc' dir='ltr'>ἐποίησεν</span> <span class='ocrx_word' id='word_1_686' title='bbox 1195 2267 1333 2308; x_wconf 69' lang='grc' dir='ltr'>“’ομηρος,</span> <span class='ocrx_word' id='word_1_687' title='bbox 1358 2269 1509 2306; x_wconf 68' lang='grc' dir='ltr'>Σοφοκλῆς,</span> <span class='ocrx_word' id='word_1_688' title='bbox 1533 2272 1594 2299; x_wconf 86' lang='lat' dir='ltr'><em>etc.</em></span> 
     </span>
     <span class='ocr_line' id='line_1_115' title="bbox 887 2311 1595 2349; baseline 0 -8"><span class='ocrx_word' id='word_1_689' title='bbox 887 2312 962 2341; x_wconf 83' lang='lat' dir='ltr'><em>sicut</em></span> <span class='ocrx_word' id='word_1_690' title='bbox 979 2311 1123 2341; x_wconf 85' lang='lat' dir='ltr'><em>Homerus</em></span> <span class='ocrx_word' id='word_1_691' title='bbox 1145 2312 1176 2341; x_wconf 87' lang='lat' dir='ltr'><em>in</em></span> <span class='ocrx_word' id='word_1_692' title='bbox 1197 2311 1376 2341; x_wconf 80' lang='lat' dir='ltr'><em>carminibus</em></span> <span class='ocrx_word' id='word_1_693' title='bbox 1397 2311 1519 2349; x_wconf 82' lang='lat' dir='ltr'><em>scripsit,</em></span> <span class='ocrx_word' id='word_1_694' title='bbox 1535 2316 1595 2341; x_wconf 88' lang='lat' dir='ltr'><em>etc.</em></span> 
     </span>
     <span class='ocr_line' id='line_1_116' title="bbox 888 2352 1593 2393; baseline 0.001 -10"><span class='ocrx_word' id='word_1_695' title='bbox 888 2354 990 2393; x_wconf 85' lang='lat' dir='ltr'><em>Atque</em></span> <span class='ocrx_word' id='word_1_696' title='bbox 1013 2354 1060 2384; x_wconf 86' lang='lat' dir='ltr'><em>his</em></span> <span class='ocrx_word' id='word_1_697' title='bbox 1082 2355 1144 2384; x_wconf 77' lang='lat' dir='ltr'><em>sere</em></span> <span class='ocrx_word' id='word_1_698' title='bbox 1166 2354 1242 2384; x_wconf 83' lang='lat' dir='ltr'><em>locis</em></span> <span class='ocrx_word' id='word_1_699' title='bbox 1267 2359 1297 2383; x_wconf 86' lang='lat' dir='ltr'><em>et</em></span> <span class='ocrx_word' id='word_1_700' title='bbox 1313 2352 1593 2385; x_wconf 86' lang='lat' dir='ltr'><em>constructionibus</em></span> 
     </span>
     <span class='ocr_line' id='line_1_117' title="bbox 888 2395 1596 2427; baseline 0.001 -1"><span class='ocrx_word' id='word_1_701' title='bbox 888 2398 989 2427; x_wconf 83' lang='lat' dir='ltr'><em>Graeci</em></span> <span class='ocrx_word' id='word_1_702' title='bbox 1025 2397 1133 2427; x_wconf 84' lang='lat' dir='ltr'><em>dicunt</em></span> <span class='ocrx_word' id='word_1_703' title='bbox 1166 2398 1252 2427; x_wconf 74' lang='grc' dir='ltr'>ποιεῖν</span> <span class='ocrx_word' id='word_1_704' title='bbox 1284 2401 1314 2426; x_wconf 89' lang='lat' dir='ltr'><em>et</em></span> <span class='ocrx_word' id='word_1_705' title='bbox 1351 2407 1409 2426; x_wconf 90' lang='lat' dir='ltr'><em>non</em></span> <span class='ocrx_word' id='word_1_706' title='bbox 1443 2395 1596 2427; x_wconf 84' lang='grc' dir='ltr'>ποιεῖσθαι.</span> 
     </span>
     <span class='ocr_line' id='line_1_118' title="bbox 889 2440 1594 2479; baseline -0.001 -9"><span class='ocrx_word' id='word_1_707' title='bbox 889 2440 1025 2470; x_wconf 80' lang='lat' dir='ltr'><em>Rursum</em></span> <span class='ocrx_word' id='word_1_708' title='bbox 1049 2440 1116 2469; x_wconf 77' lang='lat' dir='ltr'><em>aliae</em></span> <span class='ocrx_word' id='word_1_709' title='bbox 1142 2440 1287 2479; x_wconf 89' lang='lat' dir='ltr'><em>loquendi</em></span> <span class='ocrx_word' id='word_1_710' title='bbox 1303 2440 1442 2470; x_wconf 84' lang='lat' dir='ltr'><em>formulae</em></span> <span class='ocrx_word' id='word_1_711' title='bbox 1468 2445 1547 2475; x_wconf 76' lang='lat' dir='ltr'><em>sunt,</em></span> <span class='ocrx_word' id='word_1_712' title='bbox 1562 2440 1594 2469; x_wconf 88' lang='lat' dir='ltr'><em>in</em></span> 
     </span>
     <span class='ocr_line' id='line_1_119' title="bbox 888 2483 1596 2522; baseline -0.003 -9"><span class='ocrx_word' id='word_1_713' title='bbox 888 2483 999 2522; x_wconf 88' lang='lat' dir='ltr'><em>quibus</em></span> <span class='ocrx_word' id='word_1_714' title='bbox 1021 2483 1184 2513; x_wconf 87' lang='lat' dir='ltr'><em>adhibetur</em></span> <span class='ocrx_word' id='word_1_715' title='bbox 1199 2483 1347 2513; x_wconf 66' lang='grc' dir='ltr'>ποιεῖσθαι</span> <span class='ocrx_word' id='word_1_716' title='bbox 1365 2488 1395 2512; x_wconf 90' lang='lat' dir='ltr'><em>et</em></span> <span class='ocrx_word' id='word_1_717' title='bbox 1416 2493 1476 2512; x_wconf 91' lang='lat' dir='ltr'><em>non</em></span> <span class='ocrx_word' id='word_1_718' title='bbox 1499 2483 1596 2519; x_wconf 83' lang='grc' dir='ltr'>ποιεῖν,</span> 
     </span>
     <span class='ocr_line' id='line_1_120' title="bbox 888 2526 1594 2566; baseline 0 -11"><span class='ocrx_word' id='word_1_719' title='bbox 888 2526 949 2556; x_wconf 87' lang='lat' dir='ltr'><em>illae</em></span> <span class='ocrx_word' id='word_1_720' title='bbox 977 2537 1051 2556; x_wconf 84' lang='lat' dir='ltr'><em>vero</em></span> <span class='ocrx_word' id='word_1_721' title='bbox 1081 2531 1153 2555; x_wconf 88' lang='lat' dir='ltr'><em>sunt</em></span> <span class='ocrx_word' id='word_1_722' title='bbox 1191 2526 1344 2566; x_wconf 84' lang='lat' dir='ltr'><em>praecipue</em></span> <span class='ocrx_word' id='word_1_723' title='bbox 1378 2526 1425 2555; x_wconf 89' lang='lat' dir='ltr'><em>hae</em></span> <span class='ocrx_word' id='word_1_724' title='bbox 1460 2526 1594 2565; x_wconf 88' lang='lat' dir='ltr'><em>quinque</em></span> 
     </span>
     <span class='ocr_line' id='line_1_121' title="bbox 889 2568 1595 2609; baseline 0 -11"><span class='ocrx_word' id='word_1_725' title='bbox 889 2569 1050 2609; x_wconf 88' lang='lat' dir='ltr'><em>(quantum</em></span> <span class='ocrx_word' id='word_1_726' title='bbox 1059 2568 1250 2609; x_wconf 86' lang='lat' dir='ltr'><em>observavi).</em></span> <span class='ocrx_word' id='word_1_727' title='bbox 1273 2569 1424 2609; x_wconf 78' lang='lat' dir='ltr'><em>(1.)Cum</em></span> <span class='ocrx_word' id='word_1_728' title='bbox 1438 2569 1595 2608; x_wconf 86' lang='lat' dir='ltr'><em>reciproce</em></span> 
     </span>
     <span class='ocr_line' id='line_1_122' title="bbox 889 2611 1596 2650; baseline -0.003 -8"><span class='ocrx_word' id='word_1_729' title='bbox 889 2613 1013 2650; x_wconf 86' lang='lat' dir='ltr'><em>ponitur</em></span> <span class='ocrx_word' id='word_1_730' title='bbox 1029 2616 1097 2641; x_wconf 88' lang='lat' dir='ltr'><em>ante</em></span> <span class='ocrx_word' id='word_1_731' title='bbox 1113 2612 1261 2642; x_wconf 81' lang='lat' dir='ltr'><em>vocabula</em></span> <span class='ocrx_word' id='word_1_732' title='bbox 1283 2611 1453 2648; x_wconf 80' lang='lat' dir='ltr'><em>relationis,</em></span> <span class='ocrx_word' id='word_1_733' title='bbox 1469 2613 1523 2641; x_wconf 87' lang='lat' dir='ltr'><em>Gr.</em></span> <span class='ocrx_word' id='word_1_734' title='bbox 1548 2611 1596 2640; x_wconf 89' lang='lat' dir='ltr'><em>di-</em></span> 
     </span>
     <span class='ocr_line' id='line_1_123' title="bbox 889 2654 1597 2694; baseline -0.004 -9"><span class='ocrx_word' id='word_1_735' title='bbox 889 2656 968 2685; x_wconf 86' lang='lat' dir='ltr'><em>citur</em></span> <span class='ocrx_word' id='word_1_736' title='bbox 990 2665 1075 2694; x_wconf 87' lang='lat' dir='ltr'><em>pass.</em></span> <span class='ocrx_word' id='word_1_737' title='bbox 1103 2654 1262 2690; x_wconf 67' lang='grc' dir='ltr'>ποιεῖσθαι,</span> <span class='ocrx_word' id='word_1_738' title='bbox 1285 2665 1345 2684; x_wconf 92' lang='lat' dir='ltr'><em>non</em></span> <span class='ocrx_word' id='word_1_739' title='bbox 1369 2658 1427 2684; x_wconf 84' lang='lat' dir='ltr'><em>act.</em></span> <span class='ocrx_word' id='word_1_740' title='bbox 1449 2655 1546 2689; x_wconf 83' lang='grc' dir='ltr'>ποιεῖν,</span> <span class='ocrx_word' id='word_1_741' title='bbox 1563 2659 1597 2683; x_wconf 89' lang='lat' dir='ltr'><em>ut</em></span> 
     </span>
     <span class='ocr_line' id='line_1_124' title="bbox 891 2695 1596 2737; baseline -0.004 -9"><span class='ocrx_word' id='word_1_742' title='bbox 891 2697 1030 2728; x_wconf 83' lang='grc' dir='ltr'>ποιεῖσθαι</span> <span class='ocrx_word' id='word_1_743' title='bbox 1047 2698 1165 2734; x_wconf 81' lang='grc' dir='ltr'>ἄκοιτιν,</span> <span class='ocrx_word' id='word_1_744' title='bbox 1181 2697 1298 2737; x_wconf 75' lang='grc' dir='ltr'>ἑταῖρον,</span> <span class='ocrx_word' id='word_1_745' title='bbox 1318 2695 1407 2736; x_wconf 83' lang='grc' dir='ltr'>φίλον,</span> <span class='ocrx_word' id='word_1_746' title='bbox 1424 2695 1596 2734; x_wconf 73' lang='lat' dir='ltr'><em>etc-facere</em></span> 
     </span>
     <span class='ocr_line' id='line_1_125' title="bbox 889 2738 1596 2777; baseline -0.006 -6"><span class='ocrx_word' id='word_1_747' title='bbox 889 2751 1017 2777; x_wconf 70' lang='lat' dir='ltr'><em>uxorem,</em></span> <span class='ocrx_word' id='word_1_748' title='bbox 1040 2742 1178 2777; x_wconf 84' lang='lat' dir='ltr'><em>amicum,</em></span> <span class='ocrx_word' id='word_1_749' title='bbox 1202 2747 1263 2771; x_wconf 86' lang='lat' dir='ltr'><em>etc.</em></span> <span class='ocrx_word' id='word_1_750' title='bbox 1287 2740 1345 2771; x_wconf 90' lang='lat' dir='ltr'><em>sibi</em></span> <span class='ocrx_word' id='word_1_751' title='bbox 1369 2749 1425 2774; x_wconf 90' lang='lat' dir='ltr'><em>sc.,</em></span> <span class='ocrx_word' id='word_1_752' title='bbox 1448 2738 1596 2768; x_wconf 73' lang='grc' dir='ltr'>ποιεῖσθαι</span> 
     </span>
     <span class='ocr_line' id='line_1_126' title="bbox 891 2781 1597 2825; baseline -0.003 -11"><span class='ocrx_word' id='word_1_753' title='bbox 891 2784 985 2814; x_wconf 80' lang='grc' dir='ltr'>παιδα</span> <span class='ocrx_word' id='word_1_754' title='bbox 1010 2785 1060 2814; x_wconf 91' lang='lat' dir='ltr'><em>vel</em></span> <span class='ocrx_word' id='word_1_755' title='bbox 1092 2783 1156 2820; x_wconf 81' lang='grc' dir='ltr'>υιόν,</span> <span class='ocrx_word' id='word_1_756' title='bbox 1176 2783 1281 2824; x_wconf 81' lang='lat' dir='ltr'><em>filium</em></span> <span class='ocrx_word' id='word_1_757' title='bbox 1301 2782 1420 2825; x_wconf 84' lang='lat' dir='ltr'><em>facere,</em></span> <span class='ocrx_word' id='word_1_758' title='bbox 1446 2781 1597 2820; x_wconf 80' lang='lat' dir='ltr'><em>adoptare,</em></span> 
     </span>
     <span class='ocr_line' id='line_1_127' title="bbox 892 2822 1598 2860; baseline -0.004 -4"><span class='ocrx_word' id='word_1_759' title='bbox 892 2827 974 2858; x_wconf 81' lang='lat' dir='ltr'><em>sibi:</em></span> <span class='ocrx_word' id='word_1_760' title='bbox 989 2837 1045 2857; x_wconf 82' lang='lat' dir='ltr'><em>neo</em></span> <span class='ocrx_word' id='word_1_761' title='bbox 1059 2827 1148 2857; x_wconf 81' lang='lat' dir='ltr'><em>ahter</em></span> <span class='ocrx_word' id='word_1_762' title='bbox 1157 2827 1264 2857; x_wconf 75' lang='lat' dir='ltr'><em>dicunt</em></span> <span class='ocrx_word' id='word_1_763' title='bbox 1278 2828 1332 2856; x_wconf 89' lang='lat' dir='ltr'><em>Gr.</em></span> <span class='ocrx_word' id='word_1_764' title='bbox 1343 2837 1396 2855; x_wconf 85' lang='grc' dir='ltr'>πα.</span> <span class='ocrx_word' id='word_1_765' title='bbox 1387 2824 1435 2853; x_wconf 48' lang='grc' dir='ltr'>’ἴδοι</span> <span class='ocrx_word' id='word_1_766' title='bbox 1448 2822 1598 2860; x_wconf 81' lang='grc' dir='ltr'>ποιεισθαι,</span> 
     </span>
     <span class='ocr_line' id='line_1_128' title="bbox 892 2867 1598 2910; baseline -0.004 -10"><span class='ocrx_word' id='word_1_767' title='bbox 892 2880 981 2910; x_wconf 83' lang='lat' dir='ltr'><em>quam</em></span> <span class='ocrx_word' id='word_1_768' title='bbox 995 2870 1087 2909; x_wconf 81' lang='grc' dir='ltr'>φίλον,</span> <span class='ocrx_word' id='word_1_769' title='bbox 1105 2870 1218 2906; x_wconf 76' lang='grc' dir='ltr'>ἄκοιτιν,</span> <span class='ocrx_word' id='word_1_770' title='bbox 1243 2880 1286 2899; x_wconf 86' lang='lat' dir='ltr'><em>so</em></span> <span class='ocrx_word' id='word_1_771' title='bbox 1303 2867 1462 2898; x_wconf 67' lang='grc' dir='ltr'>ποιεισὲαι.</span> <span class='ocrx_word' id='word_1_772' title='bbox 1484 2868 1598 2905; x_wconf 82' lang='lat' dir='ltr'><em>Quam-</em></span> 
     </span>
     <span class='ocr_line' id='line_1_129' title="bbox 892 2910 1599 2954; baseline -0.006 -11"><span class='ocrx_word' id='word_1_773' title='bbox 892 2914 995 2943; x_wconf 85' lang='lat' dir='ltr'><em>obrem</em></span> <span class='ocrx_word' id='word_1_774' title='bbox 1012 2924 1071 2943; x_wconf 88' lang='lat' dir='ltr'><em>non</em></span> <span class='ocrx_word' id='word_1_775' title='bbox 1086 2923 1163 2954; x_wconf 85' lang='lat' dir='ltr'><em>opus</em></span> <span class='ocrx_word' id='word_1_776' title='bbox 1181 2913 1250 2947; x_wconf 79' lang='lat' dir='ltr'><em>fait,</em></span> <span class='ocrx_word' id='word_1_777' title='bbox 1275 2916 1307 2941; x_wconf 89' lang='lat' dir='ltr'><em>ut</em></span> <span class='ocrx_word' id='word_1_778' title='bbox 1333 2911 1385 2950; x_wconf 88' lang='lat' dir='ltr'><em>qui</em></span> <span class='ocrx_word' id='word_1_779' title='bbox 1410 2910 1536 2949; x_wconf 83' lang='lat' dir='ltr'><em>scripsit</em></span> <span class='ocrx_word' id='word_1_780' title='bbox 1560 2912 1599 2940; x_wconf 84' lang='lat' dir='ltr'><em>de</em></span> 
     </span>
     <span class='ocr_line' id='line_1_130' title="bbox 893 2952 1600 2996; baseline -0.004 -10"><span class='ocrx_word' id='word_1_781' title='bbox 893 2956 989 2986; x_wconf 82' lang='lat' dir='ltr'><em>Idiot.</em></span> <span class='ocrx_word' id='word_1_782' title='bbox 1010 2961 1042 2986; x_wconf 86' lang='lat' dir='ltr'><em>et</em></span> <span class='ocrx_word' id='word_1_783' title='bbox 1055 2956 1107 2996; x_wconf 87' lang='lat' dir='ltr'><em>qui</em></span> <span class='ocrx_word' id='word_1_784' title='bbox 1123 2965 1220 2996; x_wconf 84' lang='lat' dir='ltr'><em>nuper</em></span> <span class='ocrx_word' id='word_1_785' title='bbox 1236 2955 1315 2993; x_wconf 78' lang='lat' dir='ltr'><em>apud</em></span> <span class='ocrx_word' id='word_1_786' title='bbox 1333 2964 1388 2983; x_wconf 85' lang='lat' dir='ltr'><em>nos</em></span> <span class='ocrx_word' id='word_1_787' title='bbox 1404 2952 1531 2993; x_wconf 86' lang='lat' dir='ltr'><em>prodiit,</em></span> <span class='ocrx_word' id='word_1_788' title='bbox 1544 2963 1600 2993; x_wconf 79' lang='lat' dir='ltr'><em>pe-</em></span> 
     </span>
     <span class='ocr_line' id='line_1_131' title="bbox 894 2996 1601 3030; baseline -0.003 -2"><span class='ocrx_word' id='word_1_789' title='bbox 894 2999 1041 3030; x_wconf 83' lang='lat' dir='ltr'><em>culiarem</em></span> <span class='ocrx_word' id='word_1_790' title='bbox 1069 2998 1313 3028; x_wconf 79' lang='lat' dir='ltr'><em>observationem</em></span> <span class='ocrx_word' id='word_1_791' title='bbox 1339 2997 1453 3026; x_wconf 80' lang='lat' dir='ltr'><em>faceret</em></span> <span class='ocrx_word' id='word_1_792' title='bbox 1479 2996 1518 3026; x_wconf 82' lang='lat' dir='ltr'><em>de</em></span> <span class='ocrx_word' id='word_1_793' title='bbox 1545 2996 1601 3026; x_wconf 73' lang='lat' dir='ltr'><em>hae</em></span> 
     </span>
     <span class='ocr_line' id='line_1_132' title="bbox 895 3044 953 3072; baseline -0.034 0"><span class='ocrx_word' id='word_1_794' title='bbox 895 3044 915 3072; x_wconf 78' lang='lat'><strong>3</strong></span> <span class='ocrx_word' id='word_1_795' title='bbox 933 3052 953 3070; x_wconf 86' lang='lat' dir='ltr'>x</span> 
     </span>
    </p>
   </div>
  </div>
 </body>
</html>
