1931 3323
334 217 420 260 332
599 218 655 259 H.
675 216 899 259 WOLFII
933 217 996 258 IN
1030 217 1047 257 I

330 322 479 362 loquendi
493 324 576 354 modi
597 335 638 355 ex
659 324 785 364 optimis
804 326 974 364 quibusque
995 335 1048 354 au-

332 367 470 397 ctoribus
486 373 732 407 congeret-entur.
765 369 865 405 Quale
880 379 957 407 opus
970 378 988 397 a
999 377 1048 397 me

328 420 427 440 annos
448 410 558 440 abhinc
578 412 739 442 duodecim
758 412 934 442 institutum
957 416 1048 450 atque

332 453 519 490 inchoatum,
531 455 644 484 crebrae
657 455 854 495 migrationes
871 461 901 485 et
917 465 1048 493 occupa—

333 496 433 526 tiones
444 496 681 537 interruperunt.

375 557 417 562 —
430 540 486 570 ult.
501 540 549 570 καὶ
566 540 657 583 μέχρι
678 542 742 582 του]
769 543 839 577 Pro,
863 539 954 581 ,za-{xes
977 539 1048 573 τινός

331 581 436 622 χρόνου,
452 583 492 612 ad
508 589 628 623 tempus,
651 585 677 614 οὐ
693 582 819 620 &Caio-24,
836 595 893 613 ιιοη
911 590 1047 613 ewistun-

332 631 386 655 τεν.
432 627 495 655 Sub
512 627 600 657 finem
616 627 704 665 hujus
727 629 883 662 orationis,
901 627 938 660 εἰς
954 627 1046 657 ἅπαν-

331 679 373 697 τα
385 668 432 698 1τὸν
443 667 492 710 πρό
503 671 552 700 τοῦ
565 670 700 710 πόλεμον.
710 671 753 700 ibi
763 672 813 700 τοῦ
825 681 881 700 non
897 681 952 708 pro
964 671 1046 708 τινὸς,

330 712 386 740 sed
401 722 456 751 pro
473 714 572 743 τούτου
589 714 722 752 ponitur.
761 715 939 752 Quanquam
956 714 1045 743 dubi-

329 754 387 784 tari
401 761 513 794 potest,
526 767 562 786 an
578 756 629 795 πξό
645 756 745 786 τούτου
760 755 896 797 πρότεςον,
911 756 958 785 vel
972 760 1046 796 πρῶ-

326 808 375 827 τον
396 798 522 837 πόλεμον
537 800 639 838 potius
660 801 700 829 sit
717 800 892 839 legendum.
936 800 1012 829 Nam
1031 802 1044 831 ἡ

327 841 505 882 κακογραφία
517 842 565 871 καὶ
581 841 717 880 ἀγνωσία,
734 843 845 872 multas
861 842 948 872 nobis
964 843 1045 881 parit

325 883 371 924 (si
400 885 462 914 diis
489 885 607 926 placet)
634 886 815 926 elegantiam,
843 891 875 916 et
902 887 1044 916 observa-

328 927 441 956 tiones.

373 970 410 999 P.
426 972 475 999 14.
496 973 525 1000 1.
545 971 633 1000 ταῦτ’
651 971 683 1002 ἂν
704 971 868 1014 ἐγνωκότες]
899 972 957 1002 Ιιιεε
979 982 1042 1002 sen.-

327 1013 428 1049 1irent,
452 1014 485 1042 ‘in
508 1012 563 1044 huc
581 1016 725 1045 sementia
747 1020 909 1046 manerent.
931 1016 1042 1052 ταῦτα,

327 1054 387 1086 lucc
399 1066 409 1084 :
425 1057 535 1091 ταῦτα,
551 1068 607 1096 pro
624 1060 664 1088 τα
675 1059 884 1095 αὐτὰ,εα(ἰεηι,
898 1063 929 1089 et
944 1058 1041 1089 ταῦτ’.

367 1115 410 1121 -
420 1099 497 1130 ibid.
513 1099 544 1129 ἐκ.
559 1103 614 1130 τῶν
629 1102 701 1141 ῦτρός
716 1102 751 1131 αὖ
758 1103 818 1136 τοὺς
832 1101 1040 1142 ἐγκλημάτων]

324 1140 358 1170 ob
375 1142 499 1172 crimina
519 1143 606 1173 illata
626 1145 680 1174 sibi
703 1156 722 1174 a
745 1146 895 1184 Philippo,
916 1146 967 1184 qui
986 1154 1039 1173 eos

325 1188 359 1212 ut
374 1186 510 1222 perfidos
534 1192 565 1216 et
587 1187 764 1227 foedifragos
788 1189 973 1217 criminatur,
999 1186 1038 1212 ob

323 1236 431 1265 pacem
447 1229 603 1260 nobiscum
620 1231 741 1261 factam.
787 1231 821 1259 Si
838 1238 895 1257 non
910 1226 973 1266 πρὸς
988 1227 1038 1256 αὖ·

322 1271 400 1305 τοὺς,
417 1272 470 1301 sed
498 1272 564 1313 πρὸς
586 1273 669 1304 αὐτὸν
693 1275 859 1312 legeretur,
889 1269 1039 1301 sententia

322 1318 418 1350 esset,
431 1320 550 1354 propter
563 1318 702 1356 injurias,
715 1315 816 1353 quibus
830 1323 858 1342 se
868 1313 904 1342 ab
919 1322 950 1341 eo
965 1311 1038 1353 afle-

319 1360 378 1386 ctos
392 1367 447 1387 esse
461 1365 638 1398 queruntur.

363 1416 407 1422 —-
422 1402 452 1430 2.
468 1403 588 1440 μισοῦσι
605 1398 667 1441 (τὸν
685 1396 840 1438 Φίλιπποι)
861 1397 950 1439 ἔχειν]
975 1398 1036 1428 ἀντὶ

323 1443 385 1478 τοῦ,
400 1441 480 1481 ἕξειν.

363 1502 407 1507 -—
422 1488 452 1516 3.
469 1484 544 1525 ὑπὲρ
556 1482 605 1524 οἷν]
629 1482 730 1513 ἐκείνων
747 1483 777 1513 ἃ.
795 1495 863 1523 quae
880 1489 947 1514 sunt
964 1485 1036 1515 illa?

319 1527 334 1556 ἦ
349 1527 509 1563 civois-wc&
523 1527 571 1558 καῖ
585 1527 813 1567 ἀνδξαποδισμός
831 1529 882 1561 τῆς
896 1527 1039 1569 πατρίδος.

321 1570 405 1600 Ecce
420 1572 530 1601 iterum
547 1572 729 1601 vaticinatus
742 1576 789 1601 est
801 1572 1036 1602 Demosthenes.

319 1613 499 1644 Evenerant
527 1614 609 1645 enim
640 1626 686 1651 ea,
718 1625 786 1654 quae
816 1614 926 1644 timere
957 1616 1037 1645 dixit

319 1656 494 1696 Olynthios.

361 1717 405 1723 —
420 1699 495 1730 issid.
517 1699 761 1740 καὶπεπόνθασιν]
798 1701 827 1730 Α
842 1700 966 1742 πάσχω,
987 1702 1036 1731 vel

319 1743 444 1782 antiquo
465 1744 559 1774 verbo
574 1743 681 1773 πὲνὲω.
727 1743 892 1781 Colligitur
914 1755 952 1774 ex
977 1745 1036 1774 hoc

319 1786 402 1821 loco,
420 1797 478 1816 non
492 1786 572 1816 inani
590 1786 765 1826 suspicione
780 1787 931 1826 impulsos
941 1788 1036 1827 Olyn-

317 1828 413 1865 thios,
428 1839 535 1868 pacem
552 1830 665 1860 fecisse
687 1840 755 1860 cum
777 1830 1034 1861 Atheniensibus:

319 1872 374 1901 sed
392 1883 431 1901 ex
454 1873 608 1911 aliquibus
630 1873 689 1902 sibi
710 1873 801 1903 factis
823 1873 944 1912 injuriis
967 1885 1037 1913 per-

318 1915 458 1954 spexisse
474 1916 613 1957 Philippi
633 1922 775 1953 mentem,
792 1917 933 1956 graviora
952 1918 1036 1956 cogi-

319 1959 424 1988 tantis.

359 2019 404 2024 —
419 2001 495 2032 ibid.
511 2002 539 2032 οὐ
555 2002 598 2032 δεῖ
610 2001 655 2042 δὴ]
672 2002 850 2039 Conclusio,
865 2003 914 2033 cui
931 2003 1034 2033 statim

316 2045 440 2083 subjicit
454 2045 651 2085 aetiologiam,
667 2056 684 2075 a
695 2046 874 2085 perniciosae
891 2048 1036 2078 cessatio-

315 2087 376 2123 nis,
391 2092 423 2118 et
439 2089 582 2119 salutaris
598 2089 757 2119 industriae
772 2089 937 2128 exemplis.

357 2148 401 2154 —-
420 2134 450 2162 4.
480 2131 754 2173 παραπεπτωκότα]
778 2133 805 2163 Α
821 2131 1035 2173 ωαξαωίωτω,

315 2183 387 2204 casu
402 2175 540 2206 oblatam.

358 2233 400 2240 ·—-
413 2219 443 2247 5.
458 2217 558 2248 ταύτόν
573 2217 654 2259 ὅπερ]
668 2218 791 2255 Cicero,
808 2222 830 2236 ¹‘
843 2220 912 2250 Non
926 2220 1033 2251 eadem

314 2264 363 2290 cst
378 2261 502 2291 collatio
518 2262 707 2291 accusatoris
724 2266 754 2291 et
768 2261 848 2292 rei.'’

356 2321 400 2327 —
416 2306 448 2333 6.
464 2304 487 2333 εἰ
500 2306 555 2345 γὰρ
568 2303 630 2345 δ’δ’]
649 2304 781 2335 Collatio
797 2305 1032 2342 contrariorum,

313 2346 388 2386 quid
406 2347 472 2377 fieri
488 2347 658 2378 debuisset.

355 2407 401 2412 —
411 2390 485 2420 ibid.
496 2389 558 2431 δ’δ’]
572 2389 629 2426 δ’τε,
644 2391 776 2430 quando:
790 2401 860 2427 non,
877 2390 933 2426 δ’τι,
945 2392 1033 2431 quod.

355 2449 400 2456 -
414 2432 490 2463 ibid.
506 2432 607 2473 ἥκομεν
625 2431 843 2476 Βεέοηθηκότες]
873 2436 1034 2465 veniremus

313 2476 463 2512 auxiliati,
483 2476 615 2514 scilicet,
629 2477 728 2516 pulsis
743 2478 907 2508 Thebanis.
951 2479 1032 2509 Vide

313 2518 343 2548 in
362 2518 498 2549 oratione
514 2520 771 2550 Chersonesitaua
786 2522 964 2551 concionem
978 2521 1032 2551 'Pi-

313 2561 440 2591 mothei.
485 2563 559 2593 Nisi
575 2564 654 2593 sorte
672 2564 906 2603 intelligendum
922 2569 970 2595 est
991 2566 1031 2595 de

313 2605 550 2642 Macedonibus,
569 2611 695 2637 auctore
718 2608 937 2643 Demosthene,
961 2609 1032 2648 pul-

315 2647 370 2677 sis.
390 2648 478 2687 cujus
499 2648 546 2678 rei
565 2650 745 2680 Plutarchus
766 2651 904 2682 meminit
923 2651 954 2682 in
967 2651 1032 2683 vita

315 2691 415 2720 nostri
426 2691 571 2722 auctoris.

357 2751 400 2756 -—
415 2736 446 2763 7.
463 2735 606 2776 wagio-av]
630 2736 766 2767 aderant.
809 2737 914 2767 Possit
937 2739 1031 2768 etiam

313 2776 377 2817 legi
393 2776 545 2818 παςῇεσ-αν,
564 2779 744 2817 prodiissent.
791 2780 848 2810 Est
869 2780 947 2811 enim
966 2792 1032 2811 wa.-

312 2819 393 2861 ριέναι
410 2822 536 2851 verbum
551 2822 590 2851 de
607 2821 646 2850 iis
660 2822 803 2861 usurpari
819 2824 955 2860 solitum,
977 2825 1031 2864 qui

315 2868 455 2902 surgunt,
465 2874 499 2894 ac
509 2864 539 2894 in
551 2865 685 2894 medium
696 2866 858 2904 prodeunt,
870 2867 908 2896 ad
918 2868 1032 2897 haben·

314 2906 386 2936 dam
402 2907 591 2942 concionem,
608 2907 689 2938 ’τουτὶ
705 2918 762 2948 pro
777 2910 874 2945 τοῦτο,
889 2914 922 2939 ut
939 2921 1031 2949 supra

316 2949 420 2979 ταύτὸν
434 2961 490 2989 pro
506 2950 607 2981 ταύτό.
653 2952 721 2981 Non
738 2951 872 2990 ignorari
889 2960 977 2991 puto,
994 2954 1030 2983 il-

328 2993 368 3022 ud
392 3003 460 3023 esse
484 2994 638 3024 Atticum:
663 2994 692 3024 in
710 2995 766 3024 hoc
786 3005 799 3024 v
819 2994 1030 3034 ἐφελκυστικόν,

318 3041 351 3065 ut
367 3042 488 3073 vocant,
505 3038 664 3074 accedere,
680 3038 720 3068 ad
738 3038 891 3070 vitandam
907 3042 956 3071 τὴν
971 3050 1028 3069 πα-

1056 249 1065 258 .
1100 215 1542 258 OLYNTHIACAM

1082 324 1219 363 ςάλληλον
1232 325 1286 353 τῶν
1301 323 1440 364 φονιέντων
1461 323 1555 361 θέσιν,
1573 328 1607 355 ut
1626 323 1798 366 Dionysius

1082 367 1339 397 Halicarnasseus
1354 368 1498 408 loquitur.

1124 428 1165 433 —-
1176 410 1254 440 ibid.
1266 410 1501 452 Ἀμφιπολιτῶν]
1514 410 1640 442 Scilicet
1650 409 1795 451 πςέσβιις.

1123 471 1166 477 -—
1182 454 1238 483 ult.
1263 454 1286 484 εἶ
1302 472 1344 476 -
1359 454 1580 496 παρειχόμεθα]
1602 454 1634 484 δί
1647 454 1794 484 exhibeba-

1080 506 1154 533 mus,
1170 507 1238 536 pro,
1263 497 1495 534 exhibuissemus,
1516 497 1658 536 ἐναλλαγῆ
1674 498 1794 528 Graecis

1080 545 1112 569 et
1127 541 1299 570 necessaria
1321 546 1353 571 et
1367 541 1520 579 frequens.
1545 544 1577 570 et
1598 551 1671 571 mox
1691 541 1794 580 sequi-

1080 588 1140 619 tur,
1157 583 1247 625 εἰ’χετ’
1259 584 1302 618 ἂν,
1313 583 1462 620 haberetis,
1477 584 1653 614 habuissetis.
1682 584 1794 614 Carent

1079 627 1160 657 enim
1176 628 1307 666 optativi
1320 632 1349 657 et
1361 627 1547 667 subjunctivi
1561 627 1751 666 imperfectis
1763 630 1794 656 et

1078 670 1385 709 plusquamperfectis
1399 682 1406 700 :
1441 681 1536 710 eaque
1565 670 1708 710 supplent
1736 670 1793 699 im-

1077 713 1222 751 perfectis
1243 714 1414 751 indicativi,
1436 714 1511 744 alias
1532 714 1639 744 addito
1655 713 1697 749 ἃν,
1716 713 1792 742 alias

1078 756 1202 786 omisso.
1246 758 1298 787 Sic
1314 758 1406 787 etiam
1421 756 1633 798 παρακειμένοις
1646 755 1694 786 καὶ
1711 757 1792 794 ὑπερ-

1077 797 1248 833 ‹run-renium.-
1275 799 1324 829 καὶ
1349 799 1486 840 ἀορίστοις
1515 805 1656 831 utuntur:
1685 799 1733 829 οὐκ.
1758 798 1793 827 ἂν

1078 841 1235 878 πεποίηκεν,
1251 841 1428 878 ἐπεποιήκει,
1440 842 1563 875 ἐποίησε.

1121 886 1155 915 Ρ.
1168 886 1219 915 15.
1234 887 1264 915 Ξ.
1276 885 1359 926 τότε]
1374 886 1471 924 Quasi
1483 887 1578 920 dicat,
1593 884 1709 915 statim:
1724 883 1790 913 sine

1077 928 1141 957 ullo
1164 935 1286 967 sumptu
1309 933 1341 959 et
1363 929 1477 962 labore,
1493 927 1588 957 misso
1610 932 1726 957 tantum
1747 928 1792 957 in-

1077 976 1194 1001 structo
1211 973 1309 1002 adhuc
1325 976 1356 1001 et
1373 971 1492 1001 victore
1504 970 1654 999 exercitu.

1118 1015 1247 1044 ——ibid.
1269 1018 1324 1044 τῶν
1337 1017 1420 1053 μετὰ,
1434 1013 1548 1053 ταῦτα]
1564 1011 1702 1048 Scilicet,
1719 1021 1792 1051 γενο-

1075 1056 1175 1097 μένων,
1193 1057 1429 1089 ἦκολουῧηκότων.

1116 1115 1160 1122 ——
1176 1103 1208 1131 3,
1222 1097 1460 1137 ἀπηλλαγμένοι]
1478 1097 1524 1126 Ab
1540 1097 1790 1137 ἀπαλλάττομαι,

1116 1156 1160 1162 —--
1182 1139 1256 1169 ibid.
1278 1139 1476 1179 πραγμάτων]
1500 1141 1658 1180 ἀσχολιῶν,
1682 1144 1790 1177 ληπὶὗν,

1073 1181 1210 1218 δαπανῶν,
1232 1181 1377 1222 πολέμων.
1421 1183 1706 1222 Amphipolitanum
1725 1184 1790 1213 bel·

1071 1224 1135 1254 lnm
1159 1225 1334 1255 constitisse
1362 1226 1602 1256 Atheniensibus
1626 1226 1710 1257 mille
1731 1228 1789 1257 du-

1073 1268 1170 1297 centis
1185 1268 1319 1303 talentis,
1334 1269 1423 1298 docet
1439 1269 1599 1308 Ulpianus,
1616 1270 1686 1308 plus
1701 1275 1790 1301 sexta

1072 1317 1158 1349 parte
1180 1311 1391 1342 aestimationis
1413 1312 1478 1350 agri
1502 1312 1610 1348 Attici,
1630 1323 1699 1351 quae
1719 1313 1790 1350 suit,

1072 1359 1107 1384 ut
1122 1355 1152 1384 in
1166 1355 1303 1385 oratione
1315 1355 1376 1395 πεξῖ
1390 1358 1555 1396 Συμμοριῶν
1569 1355 1712 1395 legimus,
1724 1355 1790 1395 ἐξά·

1072 1408 1115 1431 κις
1127 1397 1228 1440 χιλίων
1243 1399 1401 1429 ταλάντων.
1434 1399 1516 1429 Illud
1534 1399 1629 1438 igitur
1642 1409 1714 1430 vere
1731 1399 1790 1429 suit

1073 1441 1161 1470 haino
1182 1451 1274 1471 aureo
1291 1442 1416 1480 piscari,
1431 1443 1513 1481 quod
1529 1447 1561 1472 et
1581 1447 1684 1472 nostra
1698 1446 1790 1472 aetate

1073 1484 1184 1514 factum
1201 1485 1403 1514 meminimus.
1449 1485 1676 1516 Demosthenes
1692 1485 1789 1525 Olyn-

1072 1528 1171 1557 thiaca
1193 1528 1328 1558 secunda
1350 1531 1446 1559 1500.
1467 1529 1618 1559 ταλάντων
1638 1529 1790 1565 meminit,

1071 1573 1126 1600 τῶν
1146 1571 1245 1611 μάτην
1264 1571 1454 1611 ἀνηλωμένων.
1498 1572 1618 1602 Bellum
1636 1577 1735 1602 autem
1752 1572 1790 1602 il-

1071 1613 1124 1643 lud
1140 1614 1234 1645 fuisse
1253 1620 1312 1645 tam
1330 1615 1478 1655 Philippo
1489 1626 1578 1655 quam
1595 1615 1792 1645 Atheniensi·

1072 1659 1130 1686 bus
1154 1668 1257 1697 grave,
1281 1663 1344 1688 tum
1364 1669 1404 1688 ex
1431 1659 1639 1688 Demosthene
1657 1663 1790 1694 constat,

1071 1704 1134 1729 tum
1152 1711 1192 1730 ex
1209 1701 1357 1731 Isocratis
1373 1701 1465 1732 etiam
1478 1702 1574 1731 nostri
1587 1701 1776 1741 Philippica.

1113 1760 1155 1765 -—
1171 1744 1248 1774 ibid.
1273 1743 1348 1774 ἡνίκα
1362 1763 1404 1767 -
1420 1744 1442 1774 εἰ
1464 1745 1549 1786 τότε]
1576 1745 1787 1775 observandae

1072 1792 1142 1816 sunt
1158 1787 1234 1816 tales
1252 1788 1421 1826 particulae.

1114 1829 1192 1860 ibid.
1223 1830 1331 1872 Πύδνα]
1364 1831 1558 1870 Amphipolis
1576 1829 1657 1860 inter
1679 1831 1785 1861 Mace-

1071 1873 1194 1902 doniam
1211 1879 1240 1902 et
1251 1874 1430 1904 Thraciam:
1455 1875 1566 1913 Pydna
1580 1874 1787 1910 Macedoniae,

1071 1916 1209 1946 Potidaea
1230 1917 1380 1953 Thraciae,
1405 1918 1552 1947 Methone
1568 1917 1707 1952 Achaiae,
1724 1917 1787 1947 Pa-

1070 1969 1153 1998 gasae
1167 1959 1336 1990 Thessaliae
1346 1960 1510 2000 oppidum,
1522 1961 1601 1991 sicut
1617 1967 1648 1991 et
1660 1960 1784 1996 Pherae,

1047 2023 1059 2038 υ
1070 2007 1101 2032 et
1119 2004 1287 2042 Magnesia.

1112 2063 1155 2069 —-
1168 2049 1199 2077 4.
1215 2045 1401 2087 καθὲκαστα]
1427 2048 1506 2078 κατὰ
1521 2044 1647 2084 ἕκαστα,
1659 2057 1712 2088 per
1723 2047 1784 2077 sin·

1067 2089 1152 2130 gula,
1168 2090 1354 2130 singulatim.

1111 2150 1155 2155 --
1169 2134 1200 2163 5.
1218 2131 1444 2172 πολιορκούμενα
1460 2130 1683 2172 ἀπηγγέλλετο]
1699 2132 1782 2163 Atti-

1069 2186 1149 2211 cum,
1163 2185 1219 2215 pro
1235 2175 1472 2214 ἀπηγγέλλοντο.
1497 2174 1631 2215 ἑτέρωσις
1652 2175 1782 2212 numeri,

1068 2229 1240 2258 quanquam
1257 2219 1391 2258 optimus
1410 2218 1541 2258 quisque
1564 2218 1695 2257 scriptor
1710 2229 1782 2258 per·

1067 2267 1163 2302 petuo
1181 2262 1225 2292 sic
1240 2263 1324 2301 loqui
1341 2262 1429 2296 solet,
1455 2271 1490 2290 ac
1515 2261 1633 2291 neutris
1655 2262 1782 2301 plurali-

1072 2308 1128 2335 bus
1146 2306 1241 2335 verba
1252 2307 1384 2344 jungere
1399 2304 1576 2343 singularia.

1109 2347 1186 2377 ibid.
1210 2348 1317 2379 ’τούτων
1326 2348 1377 2389 ἑνὶ]
1395 2347 1522 2378 Scilicet
1529 2349 1585 2377 τῶν
1594 2344 1713 2389 χωρίων,
1726 2349 1781 2378 τῶν

1067 2389 1191 2421 πόλεων.

1109 2451 1153 2456 -
1164 2436 1193 2465 6.
1208 2434 1243 2468 ὡς
1256 2431 1406 2475 πςοσῆκεν]
1423 2433 1559 2469 Mature,
1573 2433 1711 2472 acjustis
1728 2443 1780 2463 co·-

1067 2477 1141 2516 piis,
1149 2476 1207 2507 nisi
1218 2478 1286 2516 quis
1296 2477 1340 2507 ita
1350 2476 1436 2507 malit
1446 2477 1631 2516 intelligere,
1642 2476 1677 2510 ὣς
1685 2487 1780 2517 τοξοσ-

1067 2522 1127 2551 ἲνκεν
1148 2518 1269 2556 Censen,
1294 2525 1329 2550 ut
1352 2519 1513 2560 significet,
1533 2530 1574 2550 ex
1605 2519 1704 2549 officio
1726 2519 1780 2549 de-

1066 2564 1170 2594 buisse
1184 2563 1388 2594 Athenienses
1405 2563 1469 2593 illis
1484 2564 1564 2593 ferre
1580 2571 1683 2601 opem.

1108 2624 1151 2630 —
1167 2610 1199 2638 ¹7.
1225 2607 1323 2648 αὐτοὶ]
1345 2607 1392 2637 διὰ
1425 2607 1566 2642 πολιτῶν,
1588 2605 1637 2634 καὶ
1666 2605 1709 2644 μὴ
1733 2603 1779 2635 διὰ

1065 2648 1145 2688 ξένων
1157 2649 1311 2689 ποιούμενοι
1325 2651 1381 2684 ’τᾶς
1397 2647 1541 2683 βοηθείας.
1743 2662 1746 2666 ·

1108 2694 1184 2724 ibid.
1205 2693 1289 2736 ῥᾴονι]
1322 2693 1472 2728 Effectus,
1493 2692 1559 2722 sive
1580 2694 1708 2721 eventus
1733 2690 1776 2720 in-

1065 2736 1202 2767 dustriae.

1108 2797 1152 2804 ——-
1168 2782 1198 2810 8.
1213 2780 1255 2809 νῦν
1271 2778 1317 2819 δὲ]
1341 2779 1425 2818 Quid
1441 2788 1501 2807 non
1520 2777 1586 2807 fieri
1611 2776 1779 2807 debuisse.

1107 2825 1191 2854 —9.
1212 2821 1386 2863 αὒτόματα]
1411 2821 1600 2860 αὐτομάτως,
1623 2820 1779 2860 ἀξγιύντών

1065 2867 1155 2905 ὑμῶν,
1163 2865 1211 2896 καὶ
1224 2864 1454 2906 διονυσιαζόντων,
1465 2862 1490 2893 ἒν
1499 2861 1673 2904 κξεανομίαις
1685 2874 1777 2893 κατοι-

1066 2909 1176 2950 ζόντων,
1197 2909 1245 2939 καὶ
1268 2909 1368 2949 χοροῖς·
1389 2906 1557 2948 ἔρῥιμμένων
1571 2906 1636 2947 πρὸς
1651 2908 1699 2937 τὴν
1713 2906 1779 2946 &ga-

1065 2954 1158 2994 χμῆν,
1174 2952 1221 2982 καὶ
1237 2951 1271 2981 τὸ
1282 2950 1442 2991 τςιώβολον,
1459 2955 1494 2980 ut
1511 2950 1665 2980 huciauus
1678 2949 1733 2978 ait.

1108 2996 1184 3025 ibid.
1207 2994 1382 3036 ηὐξήσαμεν]
1417 2994 1567 3030 Effectus,
1585 2993 1652 3024 sive
1685 3002 1776 3023 even.-

1071 3043 1120 3069 tus
1136 3037 1333 3069 cessationis.
