1931 3323
287 192 370 232 272

288 309 348 337 quo
369 298 443 328 moti
469 309 485 328 e
509 298 646 328 manibus
675 303 789 328 certum
820 298 1000 328 dimittimus

288 351 346 380 pro
362 341 498 371 incerto?
522 351 659 371 nummos
679 345 847 380 praesentes
871 351 927 380 pro
944 351 999 379 spe

287 384 390 414 dubia.
409 384 454 413 sin
472 389 572 414 autem
595 382 749 426 προϊέμεθα
767 395 822 423 per
837 395 869 413 se
887 389 955 419 stat,
971 388 1000 412 et

291 427 336 457 sic
352 428 430 457 nude
447 433 622 467 usurpatum
638 433 685 457 est
709 438 764 465 pro
782 425 953 466 προϊέμεθα
969 425 1001 454 τὸ

290 468 422 510 ἣμέτερον
447 470 577 510 ἀργύριον,
607 475 670 500 tum
701 471 844 499 mutanda
871 470 929 498 erit
953 469 1001 498 di—

291 513 413 542 stinctio
430 514 467 543 ad
492 515 569 543 hunc
592 514 737 543 moduni:
761 511 791 542 τί
812 511 946 546 λαβόντες
967 511 1001 541 τὸ

290 554 411 592 βέἔαιον,
441 558 591 595 quodnam
621 567 716 597 genus
747 555 921 585 securitatis
952 556 1000 585 vel

291 600 440 629 cautionis
451 600 567 638 adepti,
579 598 743 640 προϊέμεθα,
753 599 934 629 dimittimus
948 609 1000 628 no-

293 647 374 672 siros
391 643 549 672 numnios'!

334 702 378 707 -—
392 689 444 716 ΞΟ.
460 686 528 727 ὥρα]
548 687 623 715 bene
638 685 740 714 habet.
775 685 945 724 Appellant
956 685 1001 714 sic

294 728 394 758 Graeci
418 740 482 758 eam
508 729 577 758 anni
604 732 733 767 partem,
758 738 817 766 qua
843 728 947 765 fruges
972 732 1004 757 et

292 781 382 810 poma
399 783 526 811 uvaeque
541 775 749 800 maturescunt
763 775 792 800 et
805 769 1000 807 colliguntur.

336 817 432 845 1284.
450 819 478 844 1.
511 813 674 854 ζημιώσων]
706 813 897 842 mulctandus
924 813 1002 842 enim

292 858 400 896 procul
419 857 511 886 dubio
527 858 691 886 secundum
712 856 797 894 leges
822 860 886 885 erat
907 861 1003 891 actor,

293 900 321 929 si
340 900 571 939 Dionysodorus
584 900 733 939 potuisset
755 899 908 934 evincere,
922 904 1004 928 acto-

294 953 359 972 rem
376 948 479 972 contra
497 943 675 972 sententiam
699 947 874 971 contractus
893 942 1004 980 egisse,

296 986 347 1024 qui
363 991 533 1016 contractus
548 986 693 1015 creditori
713 987 764 1024 jus
783 985 934 1015 adimebat
951 986 1005 1014 de-

296 1028 423 1058 bitorem
440 1030 478 1058 de
494 1029 644 1059 solutione
661 1028 854 1068 pecuniarum
875 1028 1005 1057 credita—

295 1081 362 1100 rum
392 1072 578 1110 postulandi,
607 1072 634 1101 si
665 1071 751 1101 navis
782 1071 923 1110 perisset.
950 1073 1005 1101 sed

297 1115 396 1144 aiebat
410 1115 644 1154 Dionysodorus
655 1115 754 1144 navim
768 1115 898 1153 perisse,
915 1124 1006 1154 nega-

297 1158 349 1187 bat
365 1162 460 1187 actor.

339 1218 381 1222 —
399 1204 448 1230 10.
466 1201 549 1242 ἡμῖν]
574 1200 650 1231 mihi
672 1206 702 1230 et
722 1200 806 1230 socio
829 1211 896 1230 meo
918 1201 1006 1230 Pam-

296 1243 393 1282 phile.

340 1287 472 1316 ——ibid.
495 1286 743 1326 Μεταγειτνιῶνος]
769 1287 850 1326 Ergo
876 1287 1008 1325 Metagi-

296 1329 379 1359 tnion
397 1334 461 1359 erat
477 1331 589 1360 mensis
605 1341 728 1365 vernus,
745 1330 815 1369 quia
833 1334 1006 1359 contractus

296 1378 498 1402 mercatorum
523 1374 571 1403 vel
596 1373 849 1403 naviculariorum
874 1373 1008 1411 plerum-

299 1426 357 1455 que
385 1421 548 1445 semestres
578 1421 663 1446 erant
690 1426 707 1445 a
730 1416 807 1446 mari
835 1420 942 1455 aperto
969 1417 1006 1445 ad

298 1469 380 1488 mare
397 1460 544 1488 clausum.

342 1520 385 1524 —
402 1505 451 1531 11.
466 1501 513 1532 ἐπὶ
529 1500 567 1542 τῇ
579 1502 632 1542 νηῒ]
650 1501 781 1532 subaudi
798 1501 837 1543 τῇ
851 1500 966 1531 ἑαυτῶν.

342 1562 386 1568 ·-—
402 1548 452 1578 19.
478 1545 726 1586 ἀμφοτερόπλουν]
750 1545 833 1575 Citat
847 1546 876 1576 h.
889 1546 911 1575 l.
928 1546 1009 1575 Har-

299 1598 385 1627 pocr.
404 1599 432 1619 V.
449 1588 690 1628 ἀμφοτερόπλουν.

343 1634 437 1662 1285.
465 1634 496 1662 3.
533 1631 674 1672 ἄρξοντος]
713 1631 835 1662 correxi
864 1631 1009 1671 ἄρξαντος.

299 1675 370 1704 Hoc
386 1676 424 1704 de
440 1675 603 1704 Cleomene
628 1674 703 1704 nihil
721 1674 869 1714 comperi.
892 1679 1010 1704 constat

300 1721 398 1747 tamen
424 1728 461 1747 ex
486 1718 639 1753 hocloco,
661 1728 798 1756 magnam
825 1719 891 1757 ejus
906 1717 936 1746 in
954 1718 1009 1747 AE-

300 1765 395 1799 gypto
408 1765 591 1800 potestatem
603 1761 778 1790 Alexandro
789 1761 834 1790 M.
844 1762 1009 1799 superstite

298 1803 407 1833 fuisse.

343 1863 386 1868 -—
399 1848 428 1876 6.
446 1846 597 1885 συνιστὰς]
614 1847 777 1885 imperans,
794 1846 931 1882 edicens,
948 1851 1008 1875 sta-

301 1894 403 1925 tuens,
427 1899 482 1927 pro
506 1890 630 1919 arbitrio
653 1900 719 1924 suo,
734 1896 764 1918 et
783 1891 929 1918 mandans
946 1890 1009 1918 suis

302 1932 552 1971 procuratoribus
575 1943 630 1971 per
648 1932 763 1966 literas,
779 1932 884 1970 quanti
897 1932 1009 1962 identi-

301 1976 371 2004 dem
390 1975 463 2004 velit
476 1975 624 2004 frumenta
639 1985 693 2004 sua
710 1975 812 2004 vendi.

343 2036 386 2040 —
399 2020 428 2048 9.
445 2020 511 2051 ταῖς
526 2015 689 2058 ἐμπορίαις]
706 2017 823 2047 correxi
837 2017 902 2051 ταῖς
919 2016 1010 2055 ἔμπο-

303 2059 396 2101 ρείαις.
441 2062 556 2091 Kuster
580 2062 616 2090 ad
639 2061 726 2090 Suid.
745 2072 774 2091 v.
793 2060 971 2100 συνετιμήθη
988 2066 1010 2090 t.

301 2105 368 2133 111.
382 2115 411 2143 p.
424 2105 558 2143 403.qui
572 2105 673 2134 locum
688 2104 765 2133 hunc
777 2104 834 2138 ibi,
850 2105 904 2134 sed
923 2105 1011 2142 longe

300 2146 400 2181 aliter,
416 2146 514 2182 affert,
531 2148 596 2176 vult
621 2148 680 2180 τοῖς
699 2145 851 2187 ἐμπορίοις,
868 2157 952 2176 naves
973 2148 1011 2176 ad

300 2192 427 2228 emporia
441 2190 633 2228 appellebant.
657 2190 872 2228 pronuncians,
891 2195 950 2219 tam
968 2190 1011 2219 le-

301 2233 432 2263 ctionem
446 2234 599 2272 vulgatam
613 2235 679 2266 ταῖς
691 2231 849 2273 ἐμπορίαις,
862 2243 948 2271 quam
966 2233 1011 2262 le-

303 2276 435 2306 ctionem
461 2287 478 2305 a
501 2277 593 2306 Suida
619 2277 770 2315 prolatam
798 2277 858 2309 τοῖς
881 2275 1012 2315 ἐμπόροις

303 2319 430 2358 perinde
444 2318 585 2350 vitiosam
597 2330 676 2349 esse.
701 2320 766 2359 Ego
779 2329 851 2349 vero
863 2323 896 2348 ut
912 2320 941 2347 in
954 2319 1012 2348 boc

304 2363 440 2392 Kustero
463 2363 620 2397 assentior,
644 2363 687 2392 ita
712 2363 916 2400 conjecturam
945 2363 1011 2400 ejus

303 2407 432 2444 probare
453 2416 583 2445 nequeo.
627 2406 783 2435 Sententia
799 2409 865 2434 est:
889 2405 944 2434 atii
961 2405 1012 2435 iti-

304 2458 376 2478 nera
398 2449 547 2478 maritima
569 2448 730 2483 faciebant,
747 2449 855 2478 iisdem
878 2447 909 2477 in
929 2449 1012 2478 navi-

303 2491 373 2527 bus,
401 2492 429 2520 in
458 2503 532 2530 quas
555 2492 708 2531 impositae
729 2497 830 2521 essent
855 2501 971 2521 merces
996 2503 1013 2521 a

305 2534 470 2564 Cleomene
485 2545 524 2564 ex
546 2535 684 2574 AEgypto
708 2544 949 2574 quaquaversum
967 2534 1012 2564 di-

305 2577 416 2612 missae,
431 2578 528 2615 iisque
549 2579 703 2608 mercibus
720 2583 754 2607 ut
769 2578 914 2607 custodes
934 2588 1012 2616 prae-

305 2621 401 2655 erant,
415 2620 566 2656 videntes,
584 2626 618 2649 ut
633 2626 699 2650 tuto
717 2621 747 2650 in
764 2626 870 2659 portus
885 2630 1013 2660 quaeque

307 2673 380 2692 suos
405 2663 637 2698 deveherentur,
663 2664 693 2692 in
716 2674 883 2702 manusque
908 2674 1012 2693 eorum

305 2706 508 2741 traderentur,
542 2716 617 2744 qnos
649 2707 830 2737 Cleomenes
860 2706 892 2736 in
925 2711 1013 2745 portu

306 2759 427 2788 quoque
444 2748 664 2785 constituisset,
676 2749 726 2787 qui
742 2760 858 2780 merces
874 2760 925 2779 eas
943 2760 1013 2779 ven-

305 2794 424 2822 derent.

348 2838 449 2865 -ΞΙ,
466 2835 477 2864 ὁ
491 2832 630 2868 Σικελικὸς
641 2834 825 2875 κατάπλους]
838 2845 904 2863 cum
920 2836 1012 2864 Athe-

305 2888 359 2907 nas
376 2878 510 2907 venisset
529 2877 636 2907 classis
650 2877 848 2906 frumentaria
869 2888 937 2907 cum
952 2880 1013 2908 fru-

307 2921 416 2951 mentis
428 2931 447 2950 e
458 2921 565 2950 Sicilia
578 2920 727 2950 advectis.

348 2982 391 2986 —
405 2966 456 2995 23.
471 2960 562 3004 οὗτος]
582 2963 822 3002 Dionysodorus.

346 3024 387 3030 -—
403 3009 454 3038 26.
482 3005 567 3049 πέρας
590 3003 632 3037 οὖν
656 3006 752 3040 λαβὼν
773 3006 785 3035 ὁ
808 3004 1011 3046 Παρμενίσκος]

664 191 700 232 Ι.
727 191 760 232 I.
786 190 1008 232 REISKE
1037 190 1359 231 ANNOTATA

1034 297 1106 327 dedi
1124 296 1210 336 πέρας
1225 298 1248 328 δ’
1266 296 1319 334 οὖν,
1345 297 1436 328 λαὲὼν
1452 300 1506 339 γὰρ
1519 299 1531 329 ὃ
1547 292 1761 340 Παρμενίσκος-ᾗ

1034 347 1068 369 ut
1090 340 1213 370 breviter
1227 342 1335 378 dicam,
1353 353 1420 372 cum
1437 342 1640 372 Parmeniscus
1662 352 1743 372 acce—

1032 385 1117 421 pisset
1134 383 1243 413 liceras.

1080 429 1172 457 1286.
1191 430 1219 456 1.
1243 425 1420 468 ἀποδίδοται]
1449 428 1518 467 Ego
1535 428 1572 457 de
1586 438 1656 458 meo
1671 426 1745 457 dedi

1035 468 1220 505 ἀποδίδονται,
1237 480 1296 508 quo
1321 470 1349 499 in
1373 471 1483 509 plurali
1503 471 1599 500 omnis
1615 470 1743 500 difficul-

1036 517 1082 541 tas
1106 513 1233 542 tollitur.
1262 513 1411 550 vendunt,
1435 514 1648 544 Parmeniscus
1669 518 1745 554 puta

1036 556 1164 594 ejusque
1179 556 1264 586 socii.

1077 616 1121 620 ——-
1136 602 1164 629 2.
1182 598 1455 639 καταφρονήσαντες]
1481 598 1600 629 desitne
1617 598 1665 628 liic
1686 597 1747 628 loci

1035 641 1164 680 aliquid,
1180 652 1235 672 neo
1253 653 1300 678 ne,
1320 642 1350 671 in
1366 643 1461 672 dubio
1481 642 1661 681 relinquam.
1676 641 1746 680 pln-

1035 685 1110 714 ralis
1141 690 1223 715 certe
1253 695 1396 715 numerus
1426 689 1475 715 est
1499 686 1640 715 tuendus.
1666 684 1747 714 redit

1037 727 1115 756 enim
1155 729 1194 757 ad
1223 735 1397 767 utrumque,
1428 729 1678 768 Dionysodorum
1715 732 1747 756 et

1038 771 1279 800 Parmeniscum.
1293 772 1318 800 si
1332 771 1405 810 quid
1419 772 1520 806 deest,
1535 771 1655 801 videtur
1670 770 1746 800 ὥστε

1037 811 1177 851 φαίνονται
1201 815 1321 844 deesse.
1346 825 1402 854 quo
1425 820 1534 845 constat
1559 825 1602 844 eos
1622 818 1747 844 contem-

1036 866 1110 886 slsse.

1080 917 1122 921 -—
1135 900 1186 928 14.
1203 898 1399 940 δανεισάντων]
1418 899 1547 929 subaudi
1561 900 1647 938 ἱμῶν.

1079 960 1123 964 -—
1136 944 1185 971 17.
1202 942 1280 971 αἰτοῖ
1296 941 1323 971 δὲ
1336 942 1409 972 οὐδὲν
1419 944 1534 980 μᾶλλον
1546 942 1602 981 -]
1620 943 1748 972 Senten-

1039 984 1082 1015 tia
1103 989 1172 1014 est:
1195 985 1264 1014 illos
1279 984 1373 1014 nihilo
1395 991 1556 1025 propterea
1577 985 1674 1023 magis
1690 985 1748 1014 liuc

1039 1038 1108 1057 cum
1130 1038 1208 1057 nave
1234 1038 1289 1057 sua
1310 1028 1479 1067 appellere,
1494 1028 1616 1058 tametsi
1638 1029 1747 1057 discri-

1039 1082 1107 1101 men
1126 1071 1261 1107 videant,
1278 1071 1307 1101 in
1324 1072 1406 1110 quod
1418 1083 1473 1101 nos
1484 1072 1588 1102 fraude
1605 1081 1660 1101 sua
1676 1081 1748 1100 con-

1036 1114 1196 1154 jecissent.

1080 1175 1125 1181 —
1141 1161 1192 1187 21.
1208 1156 1303 1196 ἄλλα]
1329 1157 1379 1186 hio
1401 1167 1459 1187 non
1479 1163 1526 1187 est
1539 1156 1747 1191 adversativa,

1041 1201 1093 1230 sed
1122 1200 1283 1237 significat,
1307 1201 1414 1236 saltim,
1438 1202 1603 1236 minimum,
1626 1200 1653 1229 si
1676 1199 1748 1229 nihil

1042 1245 1138 1279 aliud,
1156 1244 1213 1272 boc
1230 1250 1339 1273 tamen.

1084 1304 1124 1309 -—
1139 1287 1216 1316 ibid.
1240 1287 1304 1319 τοὺς
1329 1285 1426 1319 τόκους
1448 1304 1490 1309 -—-
1515 1287 1580 1319 τοὺς
1602 1284 1634 1324 ἐξ
1658 1286 1749 1326 ἀρχῆς

1041 1328 1282 1369 ὁμολογηθέντας]
1300 1335 1420 1368 poterat
1435 1329 1514 1358 enim
1532 1334 1626 1363 actor,
1637 1329 1663 1357 si
1679 1329 1750 1358 stri-

1042 1379 1091 1402 cto
1118 1375 1188 1412 jure
1218 1373 1311 1401 vellet
1341 1373 1396 1408 nti,
1426 1372 1551 1410 duplum
1583 1372 1752 1410 postulare,

1043 1416 1114 1455 quia
1137 1415 1364 1445 conditionibus
1385 1420 1559 1445 contractus
1578 1424 1636 1444 non
1653 1415 1752 1444 fuerat

1044 1458 1244 1488 satisfactum.
1470 1471 1472 1473 ·
1747 1496 1749 1498 η

1084 1519 1127 1524 -—
1142 1504 1194 1532 26.
1221 1500 1254 1531 τὸ
1279 1500 1344 1541 πξός
1365 1500 1464 1542 μέρος]
1490 1500 1634 1531 omittunt
1657 1500 1751 1538 aliqui

1042 1545 1301 1585 praepositionem.
1329 1554 1386 1583 ego
1414 1555 1489 1575 vero
1517 1549 1616 1579 teneo,
1641 1543 1752 1573 existi-

1042 1599 1126 1618 mans
1146 1589 1229 1618 idem
1255 1597 1334 1624 esse,
1350 1593 1441 1626 atque
1466 1587 1493 1617 si
1518 1587 1632 1616 dictum
1650 1592 1752 1616 esset:

1043 1631 1075 1661 τὸ
1090 1632 1248 1671 συμβαῖνον
1261 1631 1344 1671 μέρος
1363 1632 1414 1660 τοῦ
1429 1630 1511 1660 τόκου
1525 1630 1590 1671 πρὸς
1605 1629 1638 1659 vti
1653 1630 1751 1659 ἐνάλο-

1042 1686 1089 1713 γον
1103 1675 1185 1715 μέρος
1200 1676 1248 1704 τοῦ
1264 1675 1350 1704 πλοῦ.

1088 1721 1182 1753 1287,
1198 1721 1227 1749 6.
1244 1716 1315 1747 οὐδὲν
1329 1715 1457 1757 μᾶλλον]
1474 1726 1531 1746 non
1548 1716 1618 1745 ideo
1643 1715 1752 1754 magiS‚

1043 1763 1124 1799 quod
1144 1762 1188 1790 sic
1205 1771 1267 1799 prae
1289 1771 1321 1790 se
1343 1760 1447 1794 ferret,
1471 1760 1499 1789 in
1519 1760 1620 1789 animo
1637 1759 1752 1788 habens

1042 1805 1172 1833 oblatam
1197 1804 1352 1842 pecuniam
1370 1804 1454 1832 dare.
1478 1812 1564 1841 aeque
1592 1812 1699 1840 parum
1721 1801 1753 1830 in

1042 1847 1141 1876 animo
1169 1847 1301 1876 babebat
1330 1846 1362 1875 id
1393 1846 1506 1881 fucere,
1532 1847 1612 1884 quod
1642 1845 1754 1880 aiebat,

1044 1900 1132 1928 quam
1147 1889 1173 1918 si
1189 1890 1231 1918 nil
1247 1889 1388 1919 dixisset.

1085 1950 1129 1955 ——-
1145 1936 1196 1964 15.
1211 1931 1244 1960 τὸ
1260 1931 1292 1960 ἐκ
1306 1934 1358 1966 τῆς
1371 1932 1539 1970 συγγραφῆς
1553 1928 1668 1971 δίκαιον]
1692 1941 1754 1970 quo

1044 1980 1220 2014 poteramus
1236 1975 1362 2014 duplum
1379 1975 1546 2012 postulare.

1087 2035 1125 2042 —-
1146 2020 1198 2048 19.
1213 2016 1414 2058 ἀναιρούμεθα]
1430 2017 1552 2047 correxi
1568 2015 1753 2057 ἆῖαιρῶμεθα.

1043 2062 1161 2091 facetus
1177 2066 1225 2091 est
1240 2061 1442 2100 dialogismus
1465 2060 1577 2090 actoris
1593 2070 1660 2089 cum
1679 2060 1754 2089 Dio-

1045 2105 1210 2143 nysodoro.
1256 2104 1379 2139 Tollite,
1396 2104 1439 2133 ait
1452 2104 1698 2142 DionysodoruS,
1710 2107 1754 2132 ta-

1045 2148 1132 2177 bulas
1148 2152 1331 2177 contractus.
1360 2148 1426 2177 Nos
1440 2146 1600 2176 tollamus?
1626 2155 1753 2184 respon-

1044 2191 1096 2220 det
1119 2195 1212 2221 actor.
1228 2195 1300 2220 tune
1319 2190 1399 2220 serio
1416 2189 1474 2225 vis,
1490 2194 1524 2219 ut
1538 2188 1700 2218 tollamus?
1721 2188 1753 2217 id

1045 2244 1196 2272 nunquam
1213 2234 1273 2263 fiet.

1087 2295 1129 2299 —
1145 2278 1196 2305 ΞΟ.
1214 2275 1285 2306 οὐδέν
1299 2286 1332 2313 γε
1346 2275 1475 2315 μᾶλλον]
1494 2274 1560 2304 scil.
1575 2275 1659 2304 τοῦτο
1675 2273 1755 2305 ποιή-

1045 2329 1142 2357 σομεν,
1158 2319 1172 2350 ἢ
1188 2319 1285 2354 ὁτιοῦν,
1301 2318 1366 2348 scil.
1380 2318 1454 2347 ἄλλο
1469 2319 1524 2347 τῶν
1537 2317 1687 2352 ἀδυνάτων,
1701 2322 1756 2347 aut

1045 2365 1099 2391 τῶν
1115 2363 1241 2404 αἰσχρῶν
1263 2362 1311 2391 καὶ
1334 2361 1430 2391 δεινῶν.
1453 2371 1511 2390 non
1526 2361 1624 2400 magis
1640 2361 1696 2390 lioc
1712 2361 1756 2390 fa-

1044 2406 1172 2440 ciemus,
1203 2415 1292 2444 quam
1324 2404 1407 2434 alind
1441 2404 1603 2443 quicquam
1638 2414 1756 2440 eorum,

1045 2459 1112 2487 quae
1131 2448 1192 2478 fieri
1210 2452 1374 2488 nequeunt,
1390 2452 1441 2477 aut
1454 2451 1525 2477 sunt
1545 2446 1646 2487 turpia
1661 2451 1692 2476 et
1707 2447 1754 2476 in-

1046 2492 1146 2521 fanda.

1087 2553 1131 2557 -—
1143 2537 1195 2565 24.
1220 2533 1234 2564 ἢ
1257 2533 1290 2564 τί
1304 2533 1337 2563 τὸ
1351 2532 1480 2575 ἰσχυρὸν]
1500 2531 1599 2572 possit
1616 2531 1666 2561 hic
1681 2532 1754 2562 arti-

1046 2577 1133 2608 culus
1151 2577 1250 2608 videri
1263 2586 1516 2617 supervacaneus.
1534 2584 1638 2604 verum
1655 2578 1754 2605 tamen

1046 2621 1132 2651 locus
1157 2622 1276 2657 similis,
1295 2621 1347 2660 qui
1363 2624 1412 2649 est
1429 2619 1516 2648 initio
1532 2619 1621 2655 hujus
1642 2618 1755 2647 oratio-

1049 2664 1095 2694 nis
1127 2675 1159 2703 p.
1188 2665 1281 2695 10283.
1309 2667 1339 2694 8.
1371 2662 1471 2702 possit
1499 2661 1529 2690 ei
1563 2670 1754 2691 succurrere.

1048 2707 1149 2737 malim
1166 2712 1265 2738 tamen
1282 2705 1296 2737 ἢ
1311 2705 1343 2736 τί
1356 2703 1425 2736 ποτ’
1436 2702 1559 2745 ἰσχυρόν.

1093 2753 1186 2781 1288.
1204 2752 1235 2780 4.
1258 2748 1397 2790 κριθῆναι]
1424 2748 1466 2777 ita
1493 2746 1624 2787 positum
1651 2751 1697 2776 est
1721 2745 1754 2776 in

1048 2793 1145 2829 bivio,
1161 2799 1194 2823 ut
1216 2804 1233 2822 a
1252 2794 1372 2832 legente
1393 2791 1502 2820 debeat
1525 2789 1618 2818 tacite
1637 2789 1754 2820 iterari.

1048 2836 1130 2865 idem
1157 2841 1202 2865 est
1226 2846 1260 2865 ac
1285 2835 1311 2864 si
1333 2833 1485 2864 dixisset:
1509 2831 1654 2883 ἀξιούντων
1677 2833 1755 2873 ἡμῶν

1047 2878 1241 2918 Διονυσόδωξον
1259 2877 1384 2918 κξιθῆναι
1402 2876 1450 2917 [id
1467 2880 1523 2912 est,
1539 2874 1584 2916 εζὶν
1598 2874 1753 2917 κριθῆναι],

1048 2923 1083 2957 ὡς
1097 2920 1216 2960 ἑτοίμων
1233 2923 1310 2960 ἡμῶν
1323 2919 1403 2949 ὄντων
1417 2917 1552 2959 κξιθῆναι.

1091 2967 1186 3000 1289,
1202 2967 1253 2996 21.
1278 2959 1534 3004 συγκεχωρηκέναι]
1552 2962 1583 2992 id
1600 2965 1658 2996 est,
1673 2961 1756 3000 ἀφει-

1045 3006 1135 3045 κέναι,
1151 3007 1305 3038 remisisse
1320 3016 1440 3038 usuram
1455 3005 1583 3046 argenti,
1593 3014 1660 3044 quae
1676 3004 1756 3044 ipsis
