<?xml version="1.0" encoding="UTF-8"?>
<!DOCTYPE html PUBLIC "-//W3C//DTD XHTML 1.0 Transitional//EN"
    "http://www.w3.org/TR/xhtml1/DTD/xhtml1-transitional.dtd">
<html xmlns="http://www.w3.org/1999/xhtml" xml:lang="en" lang="en">
 <head>
  <title>
</title>
<meta http-equiv="Content-Type" content="text/html;charset=utf-8" />
  <meta name='ocr-system' content='tesseract 3.04.00' />
  <meta name='ocr-capabilities' content='ocr_page ocr_carea ocr_par ocr_line ocrx_word'/>
</head>
<body>
  <div class='ocr_page' id='page_1' title='image "./oratoresatticie09dobs/oratoresatticie09dobs_0285.png"; bbox 0 0 1931 3322; ppageno 0'>
   <div class='ocr_carea' id='block_1_1' title="bbox 314 186 1439 231">
    <p class='ocr_par' dir='ltr' id='par_1_1' title="bbox 314 186 1439 231">
     <span class='ocr_line' id='line_1_1' title="bbox 314 186 1439 231; baseline -0.003 0"><span class='ocrx_word' id='word_1_1' title='bbox 314 189 396 230; x_wconf 95' lang='lat' dir='ltr'><strong>AD</strong></span> <span class='ocrx_word' id='word_1_2' title='bbox 430 188 793 231; x_wconf 88' lang='lat' dir='ltr'><strong>ORATIONEM</strong></span> <span class='ocrx_word' id='word_1_3' title='bbox 827 188 889 228; x_wconf 95' lang='lat' dir='ltr'><strong>IN</strong></span> <span class='ocrx_word' id='word_1_4' title='bbox 922 186 1439 229; x_wconf 87' lang='lat' dir='ltr'><strong>DIONYSODORUM.</strong></span> 
     </span>
    </p>
   </div>
   <div class='ocr_carea' id='block_1_2' title="bbox 169 293 878 1658">
    <p class='ocr_par' dir='ltr' id='par_1_2' title="bbox 170 293 878 708">
     <span class='ocr_line' id='line_1_2' title="bbox 176 293 877 334; baseline -0.004 -8"><span class='ocrx_word' id='word_1_5' title='bbox 176 306 215 326; x_wconf 87' lang='lat' dir='ltr'><strong>ex</strong></span> <span class='ocrx_word' id='word_1_6' title='bbox 231 295 411 334; x_wconf 61' lang='lat' dir='ltr'><strong>praescripto</strong></span> <span class='ocrx_word' id='word_1_7' title='bbox 428 298 601 324; x_wconf 73' lang='lat' dir='ltr'><strong>contractus</strong></span> <span class='ocrx_word' id='word_1_8' title='bbox 612 293 725 323; x_wconf 89' lang='lat' dir='ltr'><strong>Rhodo</strong></span> <span class='ocrx_word' id='word_1_9' title='bbox 741 294 877 323; x_wconf 81' lang='lat' dir='ltr'><strong>Athenas</strong></span> 
     </span>
     <span class='ocr_line' id='line_1_3' title="bbox 175 336 877 368; baseline -0.004 0"><span class='ocrx_word' id='word_1_10' title='bbox 175 343 241 368; x_wconf 80' lang='lat' dir='ltr'><strong>erat</strong></span> <span class='ocrx_word' id='word_1_11' title='bbox 267 337 420 367; x_wconf 83' lang='lat' dir='ltr'><strong>solvenda.</strong></span> <span class='ocrx_word' id='word_1_12' title='bbox 465 337 582 366; x_wconf 89' lang='lat' dir='ltr'>Nomen</span> <span class='ocrx_word' id='word_1_13' title='bbox 609 336 687 366; x_wconf 88' lang='lat' dir='ltr'><strong>enim</strong></span> <span class='ocrx_word' id='word_1_14' title='bbox 715 341 778 366; x_wconf 86' lang='lat' dir='ltr'><strong>erat</strong></span> <span class='ocrx_word' id='word_1_15' title='bbox 804 337 877 366; x_wconf 78' lang='lat' dir='ltr'><strong>Ale-</strong></span> 
     </span>
     <span class='ocr_line' id='line_1_4' title="bbox 175 379 877 417; baseline -0.004 -7"><span class='ocrx_word' id='word_1_16' title='bbox 175 380 311 410; x_wconf 77' lang='lat' dir='ltr'><strong>xandriae</strong></span> <span class='ocrx_word' id='word_1_17' title='bbox 327 383 512 409; x_wconf 81' lang='lat' dir='ltr'><strong>contractum</strong></span> <span class='ocrx_word' id='word_1_18' title='bbox 535 389 571 408; x_wconf 86' lang='lat' dir='ltr'><strong>ea</strong></span> <span class='ocrx_word' id='word_1_19' title='bbox 593 379 673 417; x_wconf 80' lang='lat' dir='ltr'><strong>lege,</strong></span> <span class='ocrx_word' id='word_1_20' title='bbox 697 383 731 408; x_wconf 90' lang='lat' dir='ltr'><strong>ut</strong></span> <span class='ocrx_word' id='word_1_21' title='bbox 751 379 877 408; x_wconf 81' lang='lat' dir='ltr'><strong>Athenis</strong></span> 
     </span>
     <span class='ocr_line' id='line_1_5' title="bbox 174 421 877 463; baseline -0.004 -10"><span class='ocrx_word' id='word_1_22' title='bbox 174 422 411 463; x_wconf 79' lang='lat' dir='ltr'>persolveretur.</span> <span class='ocrx_word' id='word_1_23' title='bbox 463 422 576 451; x_wconf 85' lang='lat' dir='ltr'><strong>Verum</strong></span> <span class='ocrx_word' id='word_1_24' title='bbox 608 422 804 452; x_wconf 75' lang='lat' dir='ltr'><strong>foeneratores</strong></span> <span class='ocrx_word' id='word_1_25' title='bbox 833 421 877 450; x_wconf 86' lang='lat' dir='ltr'><strong>illi</strong></span> 
     </span>
     <span class='ocr_line' id='line_1_6' title="bbox 175 464 877 500; baseline -0.003 -5"><span class='ocrx_word' id='word_1_26' title='bbox 175 475 243 495; x_wconf 84' lang='lat' dir='ltr'><strong>cum</strong></span> <span class='ocrx_word' id='word_1_27' title='bbox 266 464 410 494; x_wconf 87' lang='lat' dir='ltr'><strong>Rhodum</strong></span> <span class='ocrx_word' id='word_1_28' title='bbox 427 464 593 499; x_wconf 83' lang='lat' dir='ltr'><strong>venissent,</strong></span> <span class='ocrx_word' id='word_1_29' title='bbox 621 464 696 494; x_wconf 82' lang='lat' dir='ltr'><strong>satis</strong></span> <span class='ocrx_word' id='word_1_30' title='bbox 717 465 877 500; x_wconf 89' lang='lat' dir='ltr'>habebant,</span> 
     </span>
     <span class='ocr_line' id='line_1_7' title="bbox 174 507 876 547; baseline -0.001 -10"><span class='ocrx_word' id='word_1_31' title='bbox 174 507 333 547; x_wconf 83' lang='lat' dir='ltr'><strong>pecuniam</strong></span> <span class='ocrx_word' id='word_1_32' title='bbox 347 517 529 545; x_wconf 81' lang='lat' dir='ltr'><strong>recuperare</strong></span> <span class='ocrx_word' id='word_1_33' title='bbox 542 517 609 536; x_wconf 86' lang='lat' dir='ltr'><strong>cum</strong></span> <span class='ocrx_word' id='word_1_34' title='bbox 624 517 659 536; x_wconf 90' lang='lat' dir='ltr'><strong>ea</strong></span> <span class='ocrx_word' id='word_1_35' title='bbox 669 517 768 536; x_wconf 81' lang='lat' dir='ltr'><strong>usurae</strong></span> <span class='ocrx_word' id='word_1_36' title='bbox 780 511 876 545; x_wconf 87' lang='lat' dir='ltr'><strong>parte,</strong></span> 
     </span>
     <span class='ocr_line' id='line_1_8' title="bbox 174 549 877 589; baseline -0.001 -10"><span class='ocrx_word' id='word_1_37' title='bbox 174 561 241 589; x_wconf 88' lang='lat' dir='ltr'><strong>quae</strong></span> <span class='ocrx_word' id='word_1_38' title='bbox 256 554 338 579; x_wconf 83' lang='lat' dir='ltr'><strong>esset</strong></span> <span class='ocrx_word' id='word_1_39' title='bbox 350 551 386 579; x_wconf 90' lang='lat' dir='ltr'><strong>ab</strong></span> <span class='ocrx_word' id='word_1_40' title='bbox 398 550 585 579; x_wconf 80' lang='lat' dir='ltr'>Alexandria</span> <span class='ocrx_word' id='word_1_41' title='bbox 599 550 670 578; x_wconf 88' lang='lat' dir='ltr'><strong>inde</strong></span> <span class='ocrx_word' id='word_1_42' title='bbox 683 549 721 578; x_wconf 88' lang='lat' dir='ltr'><strong>ad</strong></span> <span class='ocrx_word' id='word_1_43' title='bbox 735 550 877 579; x_wconf 77' lang='lat' dir='ltr'><strong>Rhodum</strong></span> 
     </span>
     <span class='ocr_line' id='line_1_9' title="bbox 173 593 878 632; baseline -0.001 -10"><span class='ocrx_word' id='word_1_44' title='bbox 173 593 338 630; x_wconf 80' lang='lat' dir='ltr'><strong>solvenda3</strong></span> <span class='ocrx_word' id='word_1_45' title='bbox 370 593 494 622; x_wconf 82' lang='lat' dir='ltr'><strong>aiteram</strong></span> <span class='ocrx_word' id='word_1_46' title='bbox 523 597 640 632; x_wconf 85' lang='lat' dir='ltr'><strong>partem</strong></span> <span class='ocrx_word' id='word_1_47' title='bbox 672 603 780 627; x_wconf 82' lang='lat' dir='ltr'><strong>usurae,</strong></span> <span class='ocrx_word' id='word_1_48' title='bbox 811 603 878 631; x_wconf 84' lang='lat' dir='ltr'><strong>quae</strong></span> 
     </span>
     <span class='ocr_line' id='line_1_10' title="bbox 170 635 877 671; baseline 0 -7"><span class='ocrx_word' id='word_1_49' title='bbox 170 635 281 665; x_wconf 83' lang='lat' dir='ltr'><strong>fuisset</strong></span> <span class='ocrx_word' id='word_1_50' title='bbox 292 635 404 665; x_wconf 84' lang='lat' dir='ltr'><strong>Rhodo</strong></span> <span class='ocrx_word' id='word_1_51' title='bbox 420 636 552 665; x_wconf 86' lang='lat' dir='ltr'><strong>Athenas</strong></span> <span class='ocrx_word' id='word_1_52' title='bbox 568 635 727 671; x_wconf 85' lang='lat' dir='ltr'><strong>solvenda,</strong></span> <span class='ocrx_word' id='word_1_53' title='bbox 744 635 877 665; x_wconf 80' lang='lat' dir='ltr'><strong>remitte-</strong></span> 
     </span>
     <span class='ocr_line' id='line_1_11' title="bbox 173 678 255 708; baseline 0 -1"><span class='ocrx_word' id='word_1_54' title='bbox 173 678 255 708; x_wconf 88' lang='lat' dir='ltr'><strong>bant.</strong></span> 
     </span>
    </p>

    <p class='ocr_par' dir='ltr' id='par_1_3' title="bbox 171 719 877 836">
     <span class='ocr_line' id='line_1_12' title="bbox 213 719 876 762; baseline 0 -12"><span class='ocrx_word' id='word_1_55' title='bbox 213 720 348 750; x_wconf 86' lang='lat' dir='ltr'><strong>—ibid.</strong></span> <span class='ocrx_word' id='word_1_56' title='bbox 370 721 433 754; x_wconf 78' lang='grc' dir='ltr'>τοὺς</span> <span class='ocrx_word' id='word_1_57' title='bbox 456 719 608 762; x_wconf 75' lang='grc' dir='ltr'><strong>εἷςῬόδον]</strong></span> <span class='ocrx_word' id='word_1_58' title='bbox 636 720 685 750; x_wconf 85' lang='lat' dir='ltr'><strong>via</strong></span> <span class='ocrx_word' id='word_1_59' title='bbox 705 721 771 750; x_wconf 85' lang='lat' dir='ltr'><strong>soil.</strong></span> <span class='ocrx_word' id='word_1_60' title='bbox 795 720 876 750; x_wconf 85' lang='lat' dir='ltr'><strong>aesti-</strong></span> 
     </span>
     <span class='ocr_line' id='line_1_13' title="bbox 171 763 877 800; baseline 0.001 -7"><span class='ocrx_word' id='word_1_61' title='bbox 171 768 331 798; x_wconf 78' lang='lat' dir='ltr'><strong>mata‚non</strong></span> <span class='ocrx_word' id='word_1_62' title='bbox 344 765 380 793; x_wconf 91' lang='lat' dir='ltr'><strong>ab</strong></span> <span class='ocrx_word' id='word_1_63' title='bbox 396 763 585 794; x_wconf 84' lang='lat' dir='ltr'>Alexandria</span> <span class='ocrx_word' id='word_1_64' title='bbox 600 764 638 793; x_wconf 87' lang='lat' dir='ltr'><strong>ad</strong></span> <span class='ocrx_word' id='word_1_65' title='bbox 654 764 806 800; x_wconf 85' lang='lat' dir='ltr'><strong>Rhodum,</strong></span> <span class='ocrx_word' id='word_1_66' title='bbox 823 764 877 794; x_wconf 85' lang='lat' dir='ltr'><strong>sed</strong></span> 
     </span>
     <span class='ocr_line' id='line_1_14' title="bbox 171 806 578 836; baseline 0 0"><span class='ocrx_word' id='word_1_67' title='bbox 171 807 209 836; x_wconf 78' lang='lat' dir='ltr'><strong>ab</strong></span> <span class='ocrx_word' id='word_1_68' title='bbox 225 806 354 836; x_wconf 80' lang='lat' dir='ltr'><strong>Athenis</strong></span> <span class='ocrx_word' id='word_1_69' title='bbox 370 808 408 836; x_wconf 86' lang='lat' dir='ltr'><strong>ad</strong></span> <span class='ocrx_word' id='word_1_70' title='bbox 423 807 578 836; x_wconf 84' lang='lat' dir='ltr'><strong>Rhodum.</strong></span> 
     </span>
    </p>

    <p class='ocr_par' dir='ltr' id='par_1_4' title="bbox 171 849 877 974">
     <span class='ocr_line' id='line_1_15' title="bbox 214 849 877 890; baseline 0 -11"><span class='ocrx_word' id='word_1_71' title='bbox 214 851 309 881; x_wconf 87' lang='grc'><strong>1290.</strong></span> <span class='ocrx_word' id='word_1_72' title='bbox 323 852 352 880; x_wconf 89' lang='grc'><strong>8.</strong></span> <span class='ocrx_word' id='word_1_73' title='bbox 370 849 505 890; x_wconf 77' lang='grc' dir='ltr'>πλόϊμον]</span> <span class='ocrx_word' id='word_1_74' title='bbox 521 850 701 879; x_wconf 82' lang='lat' dir='ltr'><strong>vocabulum</strong></span> <span class='ocrx_word' id='word_1_75' title='bbox 716 850 784 885; x_wconf 63' lang='lat' dir='ltr'><strong>hoe5</strong></span> <span class='ocrx_word' id='word_1_76' title='bbox 795 850 877 888; x_wconf 91' lang='lat' dir='ltr'><strong>quod</strong></span> 
     </span>
     <span class='ocr_line' id='line_1_16' title="bbox 172 891 876 932; baseline 0 -10"><span class='ocrx_word' id='word_1_77' title='bbox 172 891 334 932; x_wconf 82' lang='lat' dir='ltr'><strong>aliquoties</strong></span> <span class='ocrx_word' id='word_1_78' title='bbox 360 903 414 931; x_wconf 81' lang='lat' dir='ltr'><strong>per</strong></span> <span class='ocrx_word' id='word_1_79' title='bbox 440 894 515 923; x_wconf 86' lang='lat' dir='ltr'><strong>hanc</strong></span> <span class='ocrx_word' id='word_1_80' title='bbox 540 892 707 923; x_wconf 83' lang='lat' dir='ltr'><strong>orationem</strong></span> <span class='ocrx_word' id='word_1_81' title='bbox 734 893 876 929; x_wconf 84' lang='lat' dir='ltr'><strong>recurrit,</strong></span> 
     </span>
     <span class='ocr_line' id='line_1_17' title="bbox 171 935 543 974; baseline 0.003 -10"><span class='ocrx_word' id='word_1_82' title='bbox 171 935 284 974; x_wconf 86' lang='lat' dir='ltr'><strong>ubique</strong></span> <span class='ocrx_word' id='word_1_83' title='bbox 299 945 354 974; x_wconf 85' lang='lat' dir='ltr'><strong>per</strong></span> <span class='ocrx_word' id='word_1_84' title='bbox 369 947 390 964; x_wconf 83' lang='grc' dir='ltr'><em>ω</em></span> <span class='ocrx_word' id='word_1_85' title='bbox 406 935 543 965; x_wconf 79' lang='lat' dir='ltr'><strong>exaravi.</strong></span> 
     </span>
    </p>

    <p class='ocr_par' dir='ltr' id='par_1_5' title="bbox 169 976 878 1314">
     <span class='ocr_line' id='line_1_18' title="bbox 213 976 877 1018; baseline -0.002 -11"><span class='ocrx_word' id='word_1_86' title='bbox 213 995 257 1000; x_wconf 92' lang='lat'><strong>—</strong></span> <span class='ocrx_word' id='word_1_87' title='bbox 272 981 323 1008; x_wconf 89' lang='lat'><strong>14.</strong></span> <span class='ocrx_word' id='word_1_88' title='bbox 345 976 382 1007; x_wconf 64' lang='grc' dir='ltr'><strong>ὧν</strong></span> <span class='ocrx_word' id='word_1_89' title='bbox 394 978 492 1017; x_wconf 78' lang='grc' dir='ltr'>μέντοι</span> <span class='ocrx_word' id='word_1_90' title='bbox 507 978 585 1008; x_wconf 73' lang='grc' dir='ltr'>αὐτοὶ</span> <span class='ocrx_word' id='word_1_91' title='bbox 610 976 678 1009; x_wconf 62' lang='grc' dir='ltr'><strong>ἦσαν</strong></span> <span class='ocrx_word' id='word_1_92' title='bbox 693 977 774 1018; x_wconf 79' lang='grc' dir='ltr'>κύριοι</span> <span class='ocrx_word' id='word_1_93' title='bbox 798 977 877 1007; x_wconf 74' lang='grc' dir='ltr'>αὐτοὶ</span> 
     </span>
     <span class='ocr_line' id='line_1_19' title="bbox 170 1017 877 1061; baseline 0 -11"><span class='ocrx_word' id='word_1_94' title='bbox 170 1019 199 1050; x_wconf 78' lang='grc' dir='ltr'><strong>δὲ</strong></span> <span class='ocrx_word' id='word_1_95' title='bbox 213 1021 242 1050; x_wconf 80' lang='grc' dir='ltr'><strong>οὗ</strong></span> <span class='ocrx_word' id='word_1_96' title='bbox 253 1022 340 1050; x_wconf 75' lang='grc' dir='ltr'>ταῦτ’</span> <span class='ocrx_word' id='word_1_97' title='bbox 352 1021 553 1061; x_wconf 63' lang='grc' dir='ltr'><strong>ἀπέστελλον]</strong></span> <span class='ocrx_word' id='word_1_98' title='bbox 579 1022 699 1051; x_wconf 80' lang='lat' dir='ltr'><strong>correxi</strong></span> <span class='ocrx_word' id='word_1_99' title='bbox 713 1033 719 1050; x_wconf 94' lang='lat'>:</span> <span class='ocrx_word' id='word_1_100' title='bbox 735 1017 770 1050; x_wconf 67' lang='grc' dir='ltr'><strong>οἷν</strong></span> <span class='ocrx_word' id='word_1_101' title='bbox 781 1020 877 1060; x_wconf 79' lang='grc' dir='ltr'>μέντοι</span> 
     </span>
     <span class='ocr_line' id='line_1_20' title="bbox 170 1062 876 1104; baseline 0 -12"><span class='ocrx_word' id='word_1_102' title='bbox 170 1064 250 1094; x_wconf 77' lang='grc' dir='ltr'>αὐτοὶ</span> <span class='ocrx_word' id='word_1_103' title='bbox 259 1062 330 1094; x_wconf 67' lang='grc' dir='ltr'>’ἦσαν</span> <span class='ocrx_word' id='word_1_104' title='bbox 338 1064 419 1104; x_wconf 74' lang='grc' dir='ltr'>κύξιοι</span> <span class='ocrx_word' id='word_1_105' title='bbox 431 1062 515 1100; x_wconf 64' lang='grc' dir='ltr'><strong>οὗτοι,</strong></span> <span class='ocrx_word' id='word_1_106' title='bbox 527 1063 583 1094; x_wconf 73' lang='grc' dir='ltr'><strong>οὐδὲ</strong></span> <span class='ocrx_word' id='word_1_107' title='bbox 595 1063 680 1094; x_wconf 80' lang='grc' dir='ltr'>ταῦτ’</span> <span class='ocrx_word' id='word_1_108' title='bbox 689 1063 876 1095; x_wconf 73' lang='grc' dir='ltr'>ἀπέστελλον.</span> 
     </span>
     <span class='ocr_line' id='line_1_21' title="bbox 170 1107 877 1147; baseline -0.001 -10"><span class='ocrx_word' id='word_1_109' title='bbox 170 1117 271 1137; x_wconf 77' lang='lat' dir='ltr'><strong>verum</strong></span> <span class='ocrx_word' id='word_1_110' title='bbox 279 1117 314 1137; x_wconf 79' lang='lat' dir='ltr'><strong>ne</strong></span> <span class='ocrx_word' id='word_1_111' title='bbox 322 1117 355 1137; x_wconf 85' lang='lat' dir='ltr'><strong>ea</strong></span> <span class='ocrx_word' id='word_1_112' title='bbox 364 1109 476 1147; x_wconf 82' lang='lat' dir='ltr'><strong>quidem</strong></span> <span class='ocrx_word' id='word_1_113' title='bbox 487 1109 581 1137; x_wconf 83' lang='lat' dir='ltr'><strong>omnia</strong></span> <span class='ocrx_word' id='word_1_114' title='bbox 592 1107 633 1147; x_wconf 81' lang='lat' dir='ltr'><strong>hi,</strong></span> <span class='ocrx_word' id='word_1_115' title='bbox 643 1107 877 1146; x_wconf 82' lang='lat' dir='ltr'><strong>Dionysodorus</strong></span> 
     </span>
     <span class='ocr_line' id='line_1_22' title="bbox 170 1148 878 1190; baseline -0.003 -10"><span class='ocrx_word' id='word_1_116' title='bbox 170 1155 202 1180; x_wconf 83' lang='lat' dir='ltr'><strong>et</strong></span> <span class='ocrx_word' id='word_1_117' title='bbox 216 1151 442 1185; x_wconf 84' lang='lat' dir='ltr'><strong>Parmeniscus,</strong></span> <span class='ocrx_word' id='word_1_118' title='bbox 458 1160 520 1190; x_wconf 80' lang='lat' dir='ltr'><strong>quae</strong></span> <span class='ocrx_word' id='word_1_119' title='bbox 532 1152 563 1180; x_wconf 85' lang='lat' dir='ltr'><strong>in</strong></span> <span class='ocrx_word' id='word_1_120' title='bbox 573 1155 711 1188; x_wconf 80' lang='lat' dir='ltr'><strong>potestate</strong></span> <span class='ocrx_word' id='word_1_121' title='bbox 724 1161 777 1179; x_wconf 82' lang='lat' dir='ltr'><strong>sua</strong></span> <span class='ocrx_word' id='word_1_122' title='bbox 793 1148 878 1179; x_wconf 80' lang='lat' dir='ltr'><strong>habe-</strong></span> 
     </span>
     <span class='ocr_line' id='line_1_23' title="bbox 170 1192 876 1232; baseline 0 -10"><span class='ocrx_word' id='word_1_123' title='bbox 170 1192 249 1228; x_wconf 85' lang='lat' dir='ltr'><strong>bant,</strong></span> <span class='ocrx_word' id='word_1_124' title='bbox 263 1192 320 1222; x_wconf 81' lang='lat' dir='ltr'><strong>huc</strong></span> <span class='ocrx_word' id='word_1_125' title='bbox 333 1194 497 1224; x_wconf 83' lang='lat' dir='ltr'><strong>mittebant.</strong></span> <span class='ocrx_word' id='word_1_126' title='bbox 513 1193 636 1223; x_wconf 83' lang='lat' dir='ltr'><strong>codices</strong></span> <span class='ocrx_word' id='word_1_127' title='bbox 650 1193 782 1232; x_wconf 87' lang='lat' dir='ltr'><strong>primum</strong></span> <span class='ocrx_word' id='word_1_128' title='bbox 797 1192 876 1222; x_wconf 73' lang='grc' dir='ltr'>αὐτοὶ</span> 
     </span>
     <span class='ocr_line' id='line_1_24' title="bbox 170 1236 877 1275; baseline 0.001 -11"><span class='ocrx_word' id='word_1_129' title='bbox 170 1236 327 1274; x_wconf 82' lang='lat' dir='ltr'><strong>omittunt,</strong></span> <span class='ocrx_word' id='word_1_130' title='bbox 340 1247 397 1275; x_wconf 85' lang='lat' dir='ltr'><strong>ego</strong></span> <span class='ocrx_word' id='word_1_131' title='bbox 419 1236 552 1271; x_wconf 81' lang='lat' dir='ltr'><strong>servavi,</strong></span> <span class='ocrx_word' id='word_1_132' title='bbox 569 1236 622 1266; x_wconf 84' lang='lat' dir='ltr'><strong>sed</strong></span> <span class='ocrx_word' id='word_1_133' title='bbox 645 1241 751 1266; x_wconf 84' lang='lat' dir='ltr'><strong>contra</strong></span> <span class='ocrx_word' id='word_1_134' title='bbox 769 1245 877 1265; x_wconf 87' lang='lat' dir='ltr'><strong>secun-</strong></span> 
     </span>
     <span class='ocr_line' id='line_1_25' title="bbox 169 1277 808 1314; baseline -0.002 -6"><span class='ocrx_word' id='word_1_135' title='bbox 169 1278 241 1308; x_wconf 82' lang='lat' dir='ltr'><strong>dum</strong></span> <span class='ocrx_word' id='word_1_136' title='bbox 254 1289 322 1309; x_wconf 83' lang='lat' dir='ltr'><strong>cum</strong></span> <span class='ocrx_word' id='word_1_137' title='bbox 338 1277 410 1309; x_wconf 70' lang='grc' dir='ltr'>οὗτοι</span> <span class='ocrx_word' id='word_1_138' title='bbox 425 1279 550 1314; x_wconf 85' lang='lat' dir='ltr'><strong>mutavi,</strong></span> <span class='ocrx_word' id='word_1_139' title='bbox 566 1289 634 1309; x_wconf 85' lang='lat' dir='ltr'><strong>meo</strong></span> <span class='ocrx_word' id='word_1_140' title='bbox 650 1279 808 1309; x_wconf 86' lang='lat' dir='ltr'><strong>arbitratu.</strong></span> 
     </span>
    </p>

    <p class='ocr_par' dir='ltr' id='par_1_6' title="bbox 170 1321 876 1405">
     <span class='ocr_line' id='line_1_26' title="bbox 212 1321 876 1361; baseline 0 -10"><span class='ocrx_word' id='word_1_141' title='bbox 212 1340 255 1344; x_wconf 97' lang='lat'><strong>—</strong></span> <span class='ocrx_word' id='word_1_142' title='bbox 272 1324 324 1352; x_wconf 89' lang='lat'><strong>16.</strong></span> <span class='ocrx_word' id='word_1_143' title='bbox 345 1321 518 1361; x_wconf 76' lang='grc' dir='ltr'><strong>ἐκλεγόμενοι</strong></span> <span class='ocrx_word' id='word_1_144' title='bbox 534 1321 624 1361; x_wconf 75' lang='grc' dir='ltr'>τίνων]</span> <span class='ocrx_word' id='word_1_145' title='bbox 639 1322 721 1352; x_wconf 87' lang='lat' dir='ltr'><strong>idern</strong></span> <span class='ocrx_word' id='word_1_146' title='bbox 738 1326 785 1351; x_wconf 87' lang='lat' dir='ltr'><strong>est</strong></span> <span class='ocrx_word' id='word_1_147' title='bbox 799 1332 834 1351; x_wconf 84' lang='lat' dir='ltr'><strong>ao</strong></span> <span class='ocrx_word' id='word_1_148' title='bbox 851 1321 876 1352; x_wconf 89' lang='lat' dir='ltr'><strong>si</strong></span> 
     </span>
     <span class='ocr_line' id='line_1_27' title="bbox 170 1363 756 1405; baseline 0 -11"><span class='ocrx_word' id='word_1_149' title='bbox 170 1364 318 1395; x_wconf 84' lang='lat' dir='ltr'><strong>dixisset:</strong></span> <span class='ocrx_word' id='word_1_150' title='bbox 342 1363 516 1404; x_wconf 80' lang='grc' dir='ltr'>ἐκλεγόμενοι</span> <span class='ocrx_word' id='word_1_151' title='bbox 528 1365 595 1399; x_wconf 77' lang='grc' dir='ltr'>ἔνια,</span> <span class='ocrx_word' id='word_1_152' title='bbox 609 1364 645 1394; x_wconf 67' lang='grc' dir='ltr'><strong>ὦν</strong></span> <span class='ocrx_word' id='word_1_153' title='bbox 658 1364 756 1405; x_wconf 77' lang='grc' dir='ltr'><strong>τιμαί.</strong></span> 
     </span>
    </p>

    <p class='ocr_par' dir='ltr' id='par_1_7' title="bbox 170 1407 878 1617">
     <span class='ocr_line' id='line_1_28' title="bbox 212 1407 876 1449; baseline -0.003 -11"><span class='ocrx_word' id='word_1_154' title='bbox 212 1426 256 1430; x_wconf 88' lang='grc'><strong>-</strong></span> <span class='ocrx_word' id='word_1_155' title='bbox 271 1409 321 1438; x_wconf 83' lang='grc'><strong>25.</strong></span> <span class='ocrx_word' id='word_1_156' title='bbox 339 1408 418 1438; x_wconf 75' lang='grc' dir='ltr'><strong>ἀλλὰ,</strong></span> <span class='ocrx_word' id='word_1_157' title='bbox 432 1410 481 1437; x_wconf 72' lang='grc' dir='ltr'><strong>τοῦ</strong></span> <span class='ocrx_word' id='word_1_158' title='bbox 496 1407 685 1449; x_wconf 74' lang='grc' dir='ltr'>συμφέροντος</span> <span class='ocrx_word' id='word_1_159' title='bbox 708 1407 791 1447; x_wconf 77' lang='grc' dir='ltr'>ὑμῖν]</span> <span class='ocrx_word' id='word_1_160' title='bbox 813 1408 876 1437; x_wconf 84' lang='lat' dir='ltr'><strong>fero</strong></span> 
     </span>
     <span class='ocr_line' id='line_1_29' title="bbox 170 1450 877 1490; baseline -0.004 -9"><span class='ocrx_word' id='word_1_161' title='bbox 170 1451 336 1490; x_wconf 80' lang='lat' dir='ltr'><strong>vulgatam,</strong></span> <span class='ocrx_word' id='word_1_162' title='bbox 352 1451 380 1480; x_wconf 87' lang='lat' dir='ltr'><strong>si</strong></span> <span class='ocrx_word' id='word_1_163' title='bbox 395 1451 543 1481; x_wconf 76' lang='lat' dir='ltr'><strong>sententia</strong></span> <span class='ocrx_word' id='word_1_164' title='bbox 559 1457 626 1481; x_wconf 86' lang='lat' dir='ltr'><strong>est:</strong></span> <span class='ocrx_word' id='word_1_165' title='bbox 652 1452 732 1480; x_wconf 73' lang='grc' dir='ltr'>ἀλλὰ</span> <span class='ocrx_word' id='word_1_166' title='bbox 747 1451 796 1478; x_wconf 77' lang='grc' dir='ltr'><strong>τοῦ</strong></span> <span class='ocrx_word' id='word_1_167' title='bbox 812 1450 877 1490; x_wconf 82' lang='grc' dir='ltr'>ἒχε-</span> 
     </span>
     <span class='ocr_line' id='line_1_30' title="bbox 171 1493 878 1534; baseline -0.004 -10"><span class='ocrx_word' id='word_1_168' title='bbox 171 1493 245 1525; x_wconf 66' lang='grc' dir='ltr'><strong>σθαι</strong></span> <span class='ocrx_word' id='word_1_169' title='bbox 261 1495 338 1534; x_wconf 65' lang='grc' dir='ltr'>ὑμεῖς</span> <span class='ocrx_word' id='word_1_170' title='bbox 351 1494 400 1523; x_wconf 75' lang='grc' dir='ltr'><strong>τοῦ</strong></span> <span class='ocrx_word' id='word_1_171' title='bbox 415 1493 604 1533; x_wconf 70' lang='grc' dir='ltr'>συμφὲςοντος</span> <span class='ocrx_word' id='word_1_172' title='bbox 619 1494 696 1533; x_wconf 82' lang='grc' dir='ltr'><strong>ὑμῖν.</strong></span> <span class='ocrx_word' id='word_1_173' title='bbox 719 1494 765 1522; x_wconf 81' lang='lat' dir='ltr'><strong>sed</strong></span> <span class='ocrx_word' id='word_1_174' title='bbox 788 1494 878 1522; x_wconf 80' lang='lat' dir='ltr'><strong>docu-</strong></span> 
     </span>
     <span class='ocr_line' id='line_1_31' title="bbox 171 1536 878 1572; baseline -0.003 -6"><span class='ocrx_word' id='word_1_175' title='bbox 171 1542 265 1567; x_wconf 77' lang='lat' dir='ltr'><strong>mento</strong></span> <span class='ocrx_word' id='word_1_176' title='bbox 280 1541 330 1572; x_wconf 83' lang='lat' dir='ltr'><strong>est,</strong></span> <span class='ocrx_word' id='word_1_177' title='bbox 346 1546 393 1566; x_wconf 83' lang='lat' dir='ltr'><strong>vos</strong></span> <span class='ocrx_word' id='word_1_178' title='bbox 409 1536 491 1566; x_wconf 84' lang='lat' dir='ltr'><strong>lucro</strong></span> <span class='ocrx_word' id='word_1_179' title='bbox 505 1540 597 1565; x_wconf 81' lang='lat' dir='ltr'><strong>vestro</strong></span> <span class='ocrx_word' id='word_1_180' title='bbox 616 1536 731 1565; x_wconf 78' lang='lat' dir='ltr'><strong>servire.</strong></span> <span class='ocrx_word' id='word_1_181' title='bbox 755 1536 807 1565; x_wconf 89' lang='lat' dir='ltr'><strong>sed</strong></span> <span class='ocrx_word' id='word_1_182' title='bbox 825 1545 878 1564; x_wconf 84' lang='lat' dir='ltr'><strong>ne-</strong></span> 
     </span>
     <span class='ocr_line' id='line_1_32' title="bbox 171 1579 663 1617; baseline -0.004 -7"><span class='ocrx_word' id='word_1_183' title='bbox 171 1580 247 1614; x_wconf 86' lang='lat' dir='ltr'><strong>scio,</strong></span> <span class='ocrx_word' id='word_1_184' title='bbox 262 1589 299 1609; x_wconf 88' lang='lat' dir='ltr'><strong>an</strong></span> <span class='ocrx_word' id='word_1_185' title='bbox 315 1583 417 1609; x_wconf 87' lang='lat' dir='ltr'><strong>orator</strong></span> <span class='ocrx_word' id='word_1_186' title='bbox 433 1579 477 1608; x_wconf 85' lang='lat' dir='ltr'><strong>sio</strong></span> <span class='ocrx_word' id='word_1_187' title='bbox 493 1579 663 1617; x_wconf 83' lang='lat' dir='ltr'><strong>reliquerit.</strong></span> 
     </span>
    </p>

    <p class='ocr_par' dir='ltr' id='par_1_8' title="bbox 216 1620 877 1658">
     <span class='ocr_line' id='line_1_33' title="bbox 216 1620 877 1658; baseline -0.005 -5"><span class='ocrx_word' id='word_1_188' title='bbox 216 1625 311 1655; x_wconf 89' lang='grc'><strong>1291.</strong></span> <span class='ocrx_word' id='word_1_189' title='bbox 329 1625 358 1653; x_wconf 88' lang='grc'><strong>1.</strong></span> <span class='ocrx_word' id='word_1_190' title='bbox 382 1620 455 1652; x_wconf 77' lang='grc' dir='ltr'>οὐδὲν</span> <span class='ocrx_word' id='word_1_191' title='bbox 478 1621 616 1652; x_wconf 73' lang='grc' dir='ltr'><strong><em>ἀδικεῖται</em></strong></span> <span class='ocrx_word' id='word_1_192' title='bbox 640 1621 653 1651; x_wconf 80' lang='grc' dir='ltr'>ὅ</span> <span class='ocrx_word' id='word_1_193' title='bbox 673 1620 809 1658; x_wconf 72' lang='grc' dir='ltr'>πεισθεὶς,</span> <span class='ocrx_word' id='word_1_194' title='bbox 828 1620 843 1650; x_wconf 81' lang='grc' dir='ltr'>ἢ</span> <span class='ocrx_word' id='word_1_195' title='bbox 866 1621 877 1650; x_wconf 86' lang='grc' dir='ltr'><strong><em>ὁ</em></strong></span> 
     </span>
    </p>
   </div>
   <div class='ocr_carea' id='block_1_3' title="bbox 1533 188 1615 229">
    <p class='ocr_par' dir='ltr' id='par_1_9' title="bbox 1533 188 1615 229">
     <span class='ocr_line' id='line_1_34' title="bbox 1533 188 1615 229; baseline 0 0"><span class='ocrx_word' id='word_1_196' title='bbox 1533 188 1615 229; x_wconf 89' lang='grc'><strong>273</strong></span> 
     </span>
    </p>
   </div>
   <div class='ocr_carea' id='block_1_4' title="bbox 910 291 1619 1662">
    <p class='ocr_par' dir='ltr' id='par_1_10' title="bbox 911 291 1619 496">
     <span class='ocr_line' id='line_1_35' title="bbox 911 291 1618 332; baseline 0.004 -10"><span class='ocrx_word' id='word_1_197' title='bbox 911 291 1029 332; x_wconf 72' lang='grc' dir='ltr'>πείσας]</span> <span class='ocrx_word' id='word_1_198' title='bbox 1053 294 1190 322; x_wconf 80' lang='lat' dir='ltr'><strong>correxi:</strong></span> <span class='ocrx_word' id='word_1_199' title='bbox 1208 294 1279 323; x_wconf 75' lang='grc' dir='ltr'>οὐδὲν</span> <span class='ocrx_word' id='word_1_200' title='bbox 1294 294 1431 325; x_wconf 71' lang='grc' dir='ltr'>ἀδικεῖται</span> <span class='ocrx_word' id='word_1_201' title='bbox 1446 293 1532 324; x_wconf 67' lang='grc' dir='ltr'><strong>οὔθίἱ</strong></span> <span class='ocrx_word' id='word_1_202' title='bbox 1549 295 1618 331; x_wconf 80' lang='grc' dir='ltr'>δοὺς,</span> 
     </span>
     <span class='ocr_line' id='line_1_36' title="bbox 911 334 1619 375; baseline 0.007 -12"><span class='ocrx_word' id='word_1_203' title='bbox 911 334 974 365; x_wconf 63' lang='grc' dir='ltr'><strong>οὔθ’</strong></span> <span class='ocrx_word' id='word_1_204' title='bbox 988 335 999 363; x_wconf 81' lang='grc' dir='ltr'>ὅ</span> <span class='ocrx_word' id='word_1_205' title='bbox 1015 335 1152 369; x_wconf 68' lang='grc' dir='ltr'><strong>πεισθείς.</strong></span> <span class='ocrx_word' id='word_1_206' title='bbox 1165 336 1227 366; x_wconf 86' lang='lat' dir='ltr'><strong>vid.</strong></span> <span class='ocrx_word' id='word_1_207' title='bbox 1241 338 1325 375; x_wconf 89' lang='lat' dir='ltr'><strong>vulg.</strong></span> <span class='ocrx_word' id='word_1_208' title='bbox 1338 344 1407 367; x_wconf 83' lang='lat' dir='ltr'><strong>nata</strong></span> <span class='ocrx_word' id='word_1_209' title='bbox 1417 349 1486 367; x_wconf 89' lang='lat' dir='ltr'><strong>esse</strong></span> <span class='ocrx_word' id='word_1_210' title='bbox 1502 349 1518 367; x_wconf 87' lang='lat' dir='ltr'><strong>e</strong></span> <span class='ocrx_word' id='word_1_211' title='bbox 1535 339 1619 368; x_wconf 82' lang='lat' dir='ltr'><strong>varia</strong></span> 
     </span>
     <span class='ocr_line' id='line_1_37' title="bbox 911 377 1619 420; baseline 0.007 -14"><span class='ocrx_word' id='word_1_212' title='bbox 911 377 1042 406; x_wconf 84' lang='lat' dir='ltr'><strong>lectione</strong></span> <span class='ocrx_word' id='word_1_213' title='bbox 1071 378 1259 416; x_wconf 86' lang='lat' dir='ltr'><strong>quorundam</strong></span> <span class='ocrx_word' id='word_1_214' title='bbox 1283 379 1439 416; x_wconf 80' lang='lat' dir='ltr'><strong>librorum,</strong></span> <span class='ocrx_word' id='word_1_215' title='bbox 1466 392 1532 420; x_wconf 86' lang='lat' dir='ltr'><strong>quae</strong></span> <span class='ocrx_word' id='word_1_216' title='bbox 1562 381 1619 411; x_wconf 85' lang='lat' dir='ltr'><strong>fuit</strong></span> 
     </span>
     <span class='ocr_line' id='line_1_38' title="bbox 912 419 1618 462; baseline 0.008 -14"><span class='ocrx_word' id='word_1_217' title='bbox 912 421 986 455; x_wconf 90' lang='lat' dir='ltr'><strong>haec,</strong></span> <span class='ocrx_word' id='word_1_218' title='bbox 1010 420 1039 448; x_wconf 85' lang='lat' dir='ltr'><strong>ni</strong></span> <span class='ocrx_word' id='word_1_219' title='bbox 1063 421 1170 449; x_wconf 83' lang='lat' dir='ltr'><strong>fallor:</strong></span> <span class='ocrx_word' id='word_1_220' title='bbox 1194 419 1265 450; x_wconf 70' lang='grc' dir='ltr'>οὐδὲν</span> <span class='ocrx_word' id='word_1_221' title='bbox 1287 421 1426 452; x_wconf 75' lang='grc' dir='ltr'>ἀδικεῖται</span> <span class='ocrx_word' id='word_1_222' title='bbox 1449 422 1618 462; x_wconf 55' lang='lat' dir='ltr'><strong>§wem-Geir,</strong></span> 
     </span>
     <span class='ocr_line' id='line_1_39' title="bbox 911 461 1226 496; baseline -0.003 -4"><span class='ocrx_word' id='word_1_223' title='bbox 911 462 965 492; x_wconf 81' lang='grc' dir='ltr'><strong>οὐδ’</strong></span> <span class='ocrx_word' id='word_1_224' title='bbox 977 462 1068 492; x_wconf 77' lang='grc' dir='ltr'>ἀδικεῖ</span> <span class='ocrx_word' id='word_1_225' title='bbox 1081 463 1092 492; x_wconf 83' lang='grc' dir='ltr'>ὅ</span> <span class='ocrx_word' id='word_1_226' title='bbox 1107 461 1226 496; x_wconf 65' lang='grc' dir='ltr'><strong>πείσας.</strong></span> 
     </span>
    </p>

    <p class='ocr_par' dir='ltr' id='par_1_11' title="bbox 954 505 1600 547">
     <span class='ocr_line' id='line_1_40' title="bbox 954 505 1600 547; baseline 0.008 -13"><span class='ocrx_word' id='word_1_227' title='bbox 954 523 997 527; x_wconf 82' lang='grc'>-</span> <span class='ocrx_word' id='word_1_228' title='bbox 1012 507 1042 535; x_wconf 84' lang='grc'><strong>4.</strong></span> <span class='ocrx_word' id='word_1_229' title='bbox 1058 505 1127 545; x_wconf 74' lang='grc' dir='ltr'>ποῦ]</span> <span class='ocrx_word' id='word_1_230' title='bbox 1144 505 1265 535; x_wconf 81' lang='lat' dir='ltr'><strong>correxi</strong></span> <span class='ocrx_word' id='word_1_231' title='bbox 1283 507 1342 540; x_wconf 77' lang='grc' dir='ltr'>ποῖ,</span> <span class='ocrx_word' id='word_1_232' title='bbox 1358 507 1433 546; x_wconf 79' lang='lat' dir='ltr'><strong>quo?</strong></span> <span class='ocrx_word' id='word_1_233' title='bbox 1456 518 1600 547; x_wconf 80' lang='lat' dir='ltr'><strong>quorsum.</strong></span> 
     </span>
    </p>

    <p class='ocr_par' dir='ltr' id='par_1_12' title="bbox 911 548 1617 750">
     <span class='ocr_line' id='line_1_41' title="bbox 953 548 1617 590; baseline 0.009 -14"><span class='ocrx_word' id='word_1_234' title='bbox 953 566 996 571; x_wconf 90' lang='grc'><strong>--</strong></span> <span class='ocrx_word' id='word_1_235' title='bbox 1008 550 1059 577; x_wconf 85' lang='grc'><strong>21.</strong></span> <span class='ocrx_word' id='word_1_236' title='bbox 1079 549 1126 577; x_wconf 78' lang='grc' dir='ltr'><strong>καὶ</strong></span> <span class='ocrx_word' id='word_1_237' title='bbox 1143 548 1175 577; x_wconf 70' lang='grc' dir='ltr'><strong>’τό</strong></span> <span class='ocrx_word' id='word_1_238' title='bbox 1193 551 1275 589; x_wconf 59' lang='grc' dir='ltr'><strong>«παραὶ</strong></span> <span class='ocrx_word' id='word_1_239' title='bbox 1295 551 1343 579; x_wconf 77' lang='grc' dir='ltr'><strong>τὴν</strong></span> <span class='ocrx_word' id='word_1_240' title='bbox 1357 549 1470 590; x_wconf 72' lang='grc' dir='ltr'>ἄφεσιν]</span> <span class='ocrx_word' id='word_1_241' title='bbox 1485 550 1516 579; x_wconf 73' lang='grc' dir='ltr'><strong>τὸ</strong></span> <span class='ocrx_word' id='word_1_242' title='bbox 1532 553 1617 582; x_wconf 82' lang='lat' dir='ltr'><strong>abest</strong></span> 
     </span>
     <span class='ocr_line' id='line_1_42' title="bbox 912 592 1616 632; baseline 0.004 -12"><span class='ocrx_word' id='word_1_243' title='bbox 912 592 948 620; x_wconf 91' lang='lat' dir='ltr'><strong>ab</strong></span> <span class='ocrx_word' id='word_1_244' title='bbox 960 592 1041 629; x_wconf 85' lang='lat' dir='ltr'><strong>Aug.</strong></span> <span class='ocrx_word' id='word_1_245' title='bbox 1051 601 1096 629; x_wconf 89' lang='lat' dir='ltr'><strong>pr.</strong></span> <span class='ocrx_word' id='word_1_246' title='bbox 1111 592 1192 630; x_wconf 88' lang='lat' dir='ltr'><strong>quod</strong></span> <span class='ocrx_word' id='word_1_247' title='bbox 1202 592 1226 621; x_wconf 90' lang='lat' dir='ltr'><strong>si</strong></span> <span class='ocrx_word' id='word_1_248' title='bbox 1240 592 1427 627; x_wconf 81' lang='lat' dir='ltr'><strong>admittatur,</strong></span> <span class='ocrx_word' id='word_1_249' title='bbox 1438 603 1616 632; x_wconf 85' lang='lat' dir='ltr'><strong>quamquam</strong></span> 
     </span>
     <span class='ocr_line' id='line_1_43' title="bbox 911 634 1617 674; baseline 0.003 -11"><span class='ocrx_word' id='word_1_250' title='bbox 911 644 968 672; x_wconf 88' lang='lat' dir='ltr'><strong>ego</strong></span> <span class='ocrx_word' id='word_1_251' title='bbox 992 634 1132 673; x_wconf 86' lang='lat' dir='ltr'><strong>equidem</strong></span> <span class='ocrx_word' id='word_1_252' title='bbox 1153 635 1233 664; x_wconf 84' lang='lat' dir='ltr'><strong>haud</strong></span> <span class='ocrx_word' id='word_1_253' title='bbox 1258 639 1362 664; x_wconf 88' lang='lat' dir='ltr'><strong>auctor</strong></span> <span class='ocrx_word' id='word_1_254' title='bbox 1385 636 1453 671; x_wconf 87' lang='lat' dir='ltr'><strong>sim,</strong></span> <span class='ocrx_word' id='word_1_255' title='bbox 1469 636 1617 674; x_wconf 85' lang='lat' dir='ltr'><strong>significa-</strong></span> 
     </span>
     <span class='ocr_line' id='line_1_44' title="bbox 911 676 1616 718; baseline 0.003 -12"><span class='ocrx_word' id='word_1_256' title='bbox 911 677 955 705; x_wconf 90' lang='lat' dir='ltr'><strong>bit</strong></span> <span class='ocrx_word' id='word_1_257' title='bbox 971 676 1033 717; x_wconf 71' lang='grc' dir='ltr'>πεξῖ</span> <span class='ocrx_word' id='word_1_258' title='bbox 1050 677 1099 707; x_wconf 62' lang='grc' dir='ltr'><strong>τὴν</strong></span> <span class='ocrx_word' id='word_1_259' title='bbox 1113 677 1224 717; x_wconf 53' lang='lat' dir='ltr'><strong>&amp;qm-w,</strong></span> <span class='ocrx_word' id='word_1_260' title='bbox 1243 677 1318 718; x_wconf 85' lang='lat' dir='ltr'><strong>quod</strong></span> <span class='ocrx_word' id='word_1_261' title='bbox 1337 679 1441 708; x_wconf 81' lang='lat' dir='ltr'><strong>attinet</strong></span> <span class='ocrx_word' id='word_1_262' title='bbox 1462 679 1499 708; x_wconf 85' lang='lat' dir='ltr'><strong>ad</strong></span> <span class='ocrx_word' id='word_1_263' title='bbox 1519 681 1616 708; x_wconf 79' lang='lat' dir='ltr'><strong>remis-</strong></span> 
     </span>
     <span class='ocr_line' id='line_1_45' title="bbox 911 730 1024 750; baseline -0.018 0"><span class='ocrx_word' id='word_1_264' title='bbox 911 730 1024 750; x_wconf 75' lang='lat' dir='ltr'><strong>Slonem.</strong></span> 
     </span>
    </p>

    <p class='ocr_par' dir='ltr' id='par_1_13' title="bbox 910 762 1616 846">
     <span class='ocr_line' id='line_1_46' title="bbox 954 762 1616 804; baseline -0.002 -11"><span class='ocrx_word' id='word_1_265' title='bbox 954 765 1048 793; x_wconf 81' lang='grc'><strong>1292.</strong></span> <span class='ocrx_word' id='word_1_266' title='bbox 1066 765 1117 793; x_wconf 84' lang='grc'><strong>13.</strong></span> <span class='ocrx_word' id='word_1_267' title='bbox 1140 763 1239 804; x_wconf 69' lang='grc' dir='ltr'>τοῦτο]</span> <span class='ocrx_word' id='word_1_268' title='bbox 1261 763 1328 793; x_wconf 85' lang='lat' dir='ltr'><strong>scil.</strong></span> <span class='ocrx_word' id='word_1_269' title='bbox 1350 762 1383 793; x_wconf 79' lang='grc' dir='ltr'><strong>τδ</strong></span> <span class='ocrx_word' id='word_1_270' title='bbox 1399 763 1467 804; x_wconf 61' lang='lat' dir='ltr'><strong>weg?</strong></span> <span class='ocrx_word' id='word_1_271' title='bbox 1483 765 1531 794; x_wconf 69' lang='grc' dir='ltr'><strong>τὴν</strong></span> <span class='ocrx_word' id='word_1_272' title='bbox 1547 775 1616 802; x_wconf 75' lang='grc' dir='ltr'><em>συγ-</em></span> 
     </span>
     <span class='ocr_line' id='line_1_47' title="bbox 910 805 1368 846; baseline 0.007 -13"><span class='ocrx_word' id='word_1_273' title='bbox 910 808 1015 846; x_wconf 66' lang='grc' dir='ltr'>γξειφῆν</span> <span class='ocrx_word' id='word_1_274' title='bbox 1029 805 1077 835; x_wconf 74' lang='grc' dir='ltr'><strong>καὶ</strong></span> <span class='ocrx_word' id='word_1_275' title='bbox 1094 808 1133 836; x_wconf 70' lang='grc' dir='ltr'><strong>τὰ</strong></span> <span class='ocrx_word' id='word_1_276' title='bbox 1149 806 1256 839; x_wconf 75' lang='grc' dir='ltr'><strong><em>ταύτης</em></strong></span> <span class='ocrx_word' id='word_1_277' title='bbox 1268 805 1368 836; x_wconf 75' lang='grc' dir='ltr'><strong>δίκαια..</strong></span> 
     </span>
    </p>

    <p class='ocr_par' dir='ltr' id='par_1_14' title="bbox 911 848 1617 1007">
     <span class='ocr_line' id='line_1_48' title="bbox 955 848 1617 890; baseline 0 -11"><span class='ocrx_word' id='word_1_278' title='bbox 955 851 1049 879; x_wconf 82' lang='grc'><strong>1293.</strong></span> <span class='ocrx_word' id='word_1_279' title='bbox 1064 851 1115 879; x_wconf 87' lang='grc'><strong>16.</strong></span> <span class='ocrx_word' id='word_1_280' title='bbox 1133 850 1246 890; x_wconf 77' lang='grc' dir='ltr'>ταῦτα]</span> <span class='ocrx_word' id='word_1_281' title='bbox 1262 850 1362 879; x_wconf 85' lang='lat' dir='ltr'><strong>malim</strong></span> <span class='ocrx_word' id='word_1_282' title='bbox 1379 848 1487 884; x_wconf 68' lang='grc' dir='ltr'><strong>ταύτὰ,</strong></span> <span class='ocrx_word' id='word_1_283' title='bbox 1503 855 1553 879; x_wconf 88' lang='lat' dir='ltr'><strong>aut</strong></span> <span class='ocrx_word' id='word_1_284' title='bbox 1568 850 1617 880; x_wconf 71' lang='grc' dir='ltr'><strong>καὶ</strong></span> 
     </span>
     <span class='ocr_line' id='line_1_49' title="bbox 911 892 1615 932; baseline 0.001 -11"><span class='ocrx_word' id='word_1_285' title='bbox 911 892 1017 928; x_wconf 72' lang='grc' dir='ltr'><strong>ταύτὰ,</strong></span> <span class='ocrx_word' id='word_1_286' title='bbox 1035 896 1156 932; x_wconf 81' lang='lat' dir='ltr'><strong>propter</strong></span> <span class='ocrx_word' id='word_1_287' title='bbox 1173 903 1302 931; x_wconf 85' lang='lat' dir='ltr'><strong>sequens</strong></span> <span class='ocrx_word' id='word_1_288' title='bbox 1319 894 1332 923; x_wconf 76' lang='grc' dir='ltr'>ἦ</span> <span class='ocrx_word' id='word_1_289' title='bbox 1348 892 1418 922; x_wconf 67' lang='grc' dir='ltr'><strong>αὐτὴ</strong></span> <span class='ocrx_word' id='word_1_290' title='bbox 1435 892 1544 932; x_wconf 71' lang='grc' dir='ltr'><strong>πρᾶξις.</strong></span> <span class='ocrx_word' id='word_1_291' title='bbox 1561 903 1615 922; x_wconf 91' lang='lat' dir='ltr'><strong>un-</strong></span> 
     </span>
     <span class='ocr_line' id='line_1_50' title="bbox 911 935 1617 974; baseline 0.004 -10"><span class='ocrx_word' id='word_1_292' title='bbox 911 936 948 964; x_wconf 89' lang='lat' dir='ltr'><strong>de</strong></span> <span class='ocrx_word' id='word_1_293' title='bbox 964 935 1053 965; x_wconf 78' lang='lat' dir='ltr'><strong>facile</strong></span> <span class='ocrx_word' id='word_1_294' title='bbox 1071 935 1170 974; x_wconf 87' lang='lat' dir='ltr'><strong>patiar</strong></span> <span class='ocrx_word' id='word_1_295' title='bbox 1186 937 1292 966; x_wconf 85' lang='lat' dir='ltr'><strong>abesse</strong></span> <span class='ocrx_word' id='word_1_296' title='bbox 1308 937 1391 972; x_wconf 77' lang='grc' dir='ltr'><strong>κοινιὶ,</strong></span> <span class='ocrx_word' id='word_1_297' title='bbox 1408 936 1489 974; x_wconf 89' lang='lat' dir='ltr'><strong>quod</strong></span> <span class='ocrx_word' id='word_1_298' title='bbox 1506 946 1523 964; x_wconf 87' lang='lat' dir='ltr'><strong>a</strong></span> <span class='ocrx_word' id='word_1_299' title='bbox 1538 936 1617 967; x_wconf 75' lang='lat' dir='ltr'><strong>Bav-</strong></span> 
     </span>
     <span class='ocr_line' id='line_1_51' title="bbox 911 978 1007 1007; baseline 0 0"><span class='ocrx_word' id='word_1_300' title='bbox 911 978 1007 1007; x_wconf 87' lang='lat' dir='ltr'><strong>abest.</strong></span> 
     </span>
    </p>

    <p class='ocr_par' dir='ltr' id='par_1_15' title="bbox 910 1020 1617 1146">
     <span class='ocr_line' id='line_1_52' title="bbox 958 1020 1617 1062; baseline 0.002 -13"><span class='ocrx_word' id='word_1_301' title='bbox 958 1022 1049 1050; x_wconf 69' lang='lat'><strong>1294.</strong></span> <span class='ocrx_word' id='word_1_302' title='bbox 1067 1023 1118 1051; x_wconf 88' lang='grc'><strong>21.</strong></span> <span class='ocrx_word' id='word_1_303' title='bbox 1133 1021 1180 1050; x_wconf 70' lang='grc' dir='ltr'><strong>καὶ</strong></span> <span class='ocrx_word' id='word_1_304' title='bbox 1194 1023 1246 1062; x_wconf 70' lang='grc' dir='ltr'><strong>γὰρ</strong></span> <span class='ocrx_word' id='word_1_305' title='bbox 1261 1020 1554 1051; x_wconf 56' lang='lat' dir='ltr'><strong>wavra—esaiae&amp;</strong></span> <span class='ocrx_word' id='word_1_306' title='bbox 1568 1023 1617 1052; x_wconf 77' lang='grc' dir='ltr'><strong>τῆν</strong></span> 
     </span>
     <span class='ocr_line' id='line_1_53' title="bbox 910 1061 1616 1104; baseline 0 -11"><span class='ocrx_word' id='word_1_307' title='bbox 910 1061 1073 1104; x_wconf 65' lang='grc' dir='ltr'><strong>ὑπερέολῆν]</strong></span> <span class='ocrx_word' id='word_1_308' title='bbox 1090 1069 1141 1093; x_wconf 88' lang='lat' dir='ltr'><strong>aut</strong></span> <span class='ocrx_word' id='word_1_309' title='bbox 1156 1064 1256 1094; x_wconf 79' lang='grc' dir='ltr'>τούτου</span> <span class='ocrx_word' id='word_1_310' title='bbox 1273 1065 1335 1104; x_wconf 82' lang='lat' dir='ltr'><strong>leg.</strong></span> <span class='ocrx_word' id='word_1_311' title='bbox 1350 1064 1483 1101; x_wconf 85' lang='lat' dir='ltr'><strong>videtur,</strong></span> <span class='ocrx_word' id='word_1_312' title='bbox 1500 1070 1551 1094; x_wconf 83' lang='lat' dir='ltr'><strong>aut</strong></span> <span class='ocrx_word' id='word_1_313' title='bbox 1568 1064 1616 1093; x_wconf 75' lang='grc' dir='ltr'><strong>καῖ</strong></span> 
     </span>
     <span class='ocr_line' id='line_1_54' title="bbox 911 1104 1130 1146; baseline 0.005 -11"><span class='ocrx_word' id='word_1_314' title='bbox 911 1107 958 1136; x_wconf 72' lang='grc' dir='ltr'><strong>τὴν</strong></span> <span class='ocrx_word' id='word_1_315' title='bbox 974 1104 1130 1146; x_wconf 64' lang='grc' dir='ltr'><strong>ὑπερζολήν.</strong></span> 
     </span>
    </p>

    <p class='ocr_par' dir='ltr' id='par_1_16' title="bbox 910 1148 1616 1351">
     <span class='ocr_line' id='line_1_55' title="bbox 954 1148 1615 1191; baseline 0.003 -13"><span class='ocrx_word' id='word_1_316' title='bbox 954 1151 1047 1180; x_wconf 78' lang='grc'><strong>1295.</strong></span> <span class='ocrx_word' id='word_1_317' title='bbox 1064 1151 1093 1180; x_wconf 86' lang='grc'><strong>9.</strong></span> <span class='ocrx_word' id='word_1_318' title='bbox 1122 1148 1175 1180; x_wconf 79' lang='grc' dir='ltr'><strong>ὑπὸ</strong></span> <span class='ocrx_word' id='word_1_319' title='bbox 1197 1152 1254 1179; x_wconf 79' lang='grc' dir='ltr'><strong>τῶν</strong></span> <span class='ocrx_word' id='word_1_320' title='bbox 1275 1149 1431 1191; x_wconf 73' lang='grc' dir='ltr'><strong>δικαστῶν]</strong></span> <span class='ocrx_word' id='word_1_321' title='bbox 1461 1155 1513 1180; x_wconf 88' lang='lat' dir='ltr'><strong>tuo</strong></span> <span class='ocrx_word' id='word_1_322' title='bbox 1537 1150 1615 1180; x_wconf 90' lang='lat' dir='ltr'><strong>enim</strong></span> 
     </span>
     <span class='ocr_line' id='line_1_56' title="bbox 910 1192 1615 1223; baseline 0.001 -2"><span class='ocrx_word' id='word_1_323' title='bbox 910 1192 1038 1222; x_wconf 87' lang='lat' dir='ltr'><strong>consilio</strong></span> <span class='ocrx_word' id='word_1_324' title='bbox 1066 1192 1097 1221; x_wconf 86' lang='lat' dir='ltr'><strong>id</strong></span> <span class='ocrx_word' id='word_1_325' title='bbox 1123 1192 1236 1223; x_wconf 83' lang='lat' dir='ltr'><strong>facturn</strong></span> <span class='ocrx_word' id='word_1_326' title='bbox 1263 1198 1321 1223; x_wconf 87' lang='lat' dir='ltr'><strong>est.</strong></span> <span class='ocrx_word' id='word_1_327' title='bbox 1344 1198 1376 1222; x_wconf 90' lang='lat' dir='ltr'><strong>tu</strong></span> <span class='ocrx_word' id='word_1_328' title='bbox 1398 1193 1522 1223; x_wconf 88' lang='lat' dir='ltr'><strong>noluisti</strong></span> <span class='ocrx_word' id='word_1_329' title='bbox 1550 1204 1615 1223; x_wconf 87' lang='lat' dir='ltr'><strong>eam</strong></span> 
     </span>
     <span class='ocr_line' id='line_1_57' title="bbox 910 1235 1616 1276; baseline 0.003 -12"><span class='ocrx_word' id='word_1_330' title='bbox 910 1236 967 1265; x_wconf 82' lang='lat' dir='ltr'><strong>huc</strong></span> <span class='ocrx_word' id='word_1_331' title='bbox 1002 1235 1145 1274; x_wconf 83' lang='lat' dir='ltr'><strong>dirigere.</strong></span> <span class='ocrx_word' id='word_1_332' title='bbox 1180 1238 1266 1275; x_wconf 88' lang='lat' dir='ltr'><strong>cujus</strong></span> <span class='ocrx_word' id='word_1_333' title='bbox 1297 1236 1423 1266; x_wconf 86' lang='lat' dir='ltr'><strong>malitiae</strong></span> <span class='ocrx_word' id='word_1_334' title='bbox 1454 1236 1480 1266; x_wconf 90' lang='lat' dir='ltr'><strong>si</strong></span> <span class='ocrx_word' id='word_1_335' title='bbox 1507 1236 1616 1276; x_wconf 82' lang='lat' dir='ltr'><strong>dignes</strong></span> 
     </span>
     <span class='ocr_line' id='line_1_58' title="bbox 910 1278 1616 1318; baseline 0.001 -11"><span class='ocrx_word' id='word_1_336' title='bbox 910 1278 998 1308; x_wconf 87' lang='lat' dir='ltr'><strong>dares</strong></span> <span class='ocrx_word' id='word_1_337' title='bbox 1010 1289 1126 1318; x_wconf 90' lang='lat' dir='ltr'><strong>poenas‚</strong></span> <span class='ocrx_word' id='word_1_338' title='bbox 1139 1284 1235 1309; x_wconf 83' lang='lat' dir='ltr'><strong>morte</strong></span> <span class='ocrx_word' id='word_1_339' title='bbox 1247 1280 1336 1309; x_wconf 88' lang='lat' dir='ltr'><strong>dares</strong></span> <span class='ocrx_word' id='word_1_340' title='bbox 1346 1280 1384 1309; x_wconf 91' lang='lat' dir='ltr'><strong>ab</strong></span> <span class='ocrx_word' id='word_1_341' title='bbox 1399 1279 1447 1309; x_wconf 86' lang='lat' dir='ltr'><strong>his</strong></span> <span class='ocrx_word' id='word_1_342' title='bbox 1459 1279 1616 1318; x_wconf 85' lang='lat' dir='ltr'><strong>judicibus</strong></span> 
     </span>
     <span class='ocr_line' id='line_1_59' title="bbox 910 1322 1140 1351; baseline 0.004 -1"><span class='ocrx_word' id='word_1_343' title='bbox 910 1322 1140 1351; x_wconf 80' lang='lat' dir='ltr'><strong>condemnatus.</strong></span> 
     </span>
    </p>

    <p class='ocr_par' dir='ltr' id='par_1_17' title="bbox 910 1364 1619 1488">
     <span class='ocr_line' id='line_1_60' title="bbox 951 1364 1617 1405; baseline -0.002 -11"><span class='ocrx_word' id='word_1_344' title='bbox 951 1382 993 1387; x_wconf 88' lang='lat'><strong>·--</strong></span> <span class='ocrx_word' id='word_1_345' title='bbox 1009 1367 1061 1394; x_wconf 92' lang='grc'><strong>21.</strong></span> <span class='ocrx_word' id='word_1_346' title='bbox 1074 1364 1268 1405; x_wconf 71' lang='grc' dir='ltr'>σύμπτωμα]</span> <span class='ocrx_word' id='word_1_347' title='bbox 1287 1365 1482 1403; x_wconf 83' lang='lat' dir='ltr'><strong>Phrynichus</strong></span> <span class='ocrx_word' id='word_1_348' title='bbox 1496 1375 1527 1403; x_wconf 91' lang='lat' dir='ltr'><strong>p.</strong></span> <span class='ocrx_word' id='word_1_349' title='bbox 1545 1366 1617 1393; x_wconf 80' lang='lat'><strong>104.</strong></span> 
     </span>
     <span class='ocr_line' id='line_1_61' title="bbox 910 1407 1619 1445; baseline 0 -9"><span class='ocrx_word' id='word_1_350' title='bbox 910 1417 940 1436; x_wconf 82' lang='lat' dir='ltr'><strong>v.</strong></span> <span class='ocrx_word' id='word_1_351' title='bbox 957 1407 1145 1445; x_wconf 74' lang='grc' dir='ltr'><strong>σύμωτωμσ.</strong></span> <span class='ocrx_word' id='word_1_352' title='bbox 1161 1408 1218 1435; x_wconf 85' lang='lat' dir='ltr'><strong>hoc</strong></span> <span class='ocrx_word' id='word_1_353' title='bbox 1243 1418 1301 1437; x_wconf 89' lang='lat' dir='ltr'><strong>uno</strong></span> <span class='ocrx_word' id='word_1_354' title='bbox 1321 1408 1391 1436; x_wconf 89' lang='lat' dir='ltr'><strong>loco</strong></span> <span class='ocrx_word' id='word_1_355' title='bbox 1410 1407 1452 1436; x_wconf 87' lang='lat' dir='ltr'><strong>ait</strong></span> <span class='ocrx_word' id='word_1_356' title='bbox 1471 1418 1487 1436; x_wconf 87' lang='lat' dir='ltr'><strong>a</strong></span> <span class='ocrx_word' id='word_1_357' title='bbox 1505 1409 1619 1437; x_wconf 88' lang='lat' dir='ltr'><strong>Demo-</strong></span> 
     </span>
     <span class='ocr_line' id='line_1_62' title="bbox 911 1449 1217 1488; baseline -0.003 -10"><span class='ocrx_word' id='word_1_358' title='bbox 911 1449 1015 1478; x_wconf 82' lang='lat' dir='ltr'><strong>sthene</strong></span> <span class='ocrx_word' id='word_1_359' title='bbox 1031 1453 1217 1488; x_wconf 81' lang='lat' dir='ltr'><strong>usurpatum.</strong></span> 
     </span>
    </p>

    <p class='ocr_par' dir='ltr' id='par_1_18' title="bbox 910 1490 1619 1574">
     <span class='ocr_line' id='line_1_63' title="bbox 952 1490 1619 1531; baseline 0.001 -10"><span class='ocrx_word' id='word_1_360' title='bbox 952 1509 994 1513; x_wconf 92' lang='lat'><strong>—--</strong></span> <span class='ocrx_word' id='word_1_361' title='bbox 1011 1494 1061 1522; x_wconf 87' lang='grc'><strong>26.</strong></span> <span class='ocrx_word' id='word_1_362' title='bbox 1087 1491 1134 1520; x_wconf 77' lang='grc' dir='ltr'><strong>καὶ</strong></span> <span class='ocrx_word' id='word_1_363' title='bbox 1151 1492 1214 1524; x_wconf 79' lang='grc' dir='ltr'><strong>τοὺς</strong></span> <span class='ocrx_word' id='word_1_364' title='bbox 1229 1490 1340 1531; x_wconf 80' lang='grc' dir='ltr'><strong>τόκους]</strong></span> <span class='ocrx_word' id='word_1_365' title='bbox 1365 1502 1423 1520; x_wconf 88' lang='lat' dir='ltr'><strong>non</strong></span> <span class='ocrx_word' id='word_1_366' title='bbox 1440 1497 1540 1522; x_wconf 89' lang='lat' dir='ltr'><strong>autem</strong></span> <span class='ocrx_word' id='word_1_367' title='bbox 1561 1494 1619 1522; x_wconf 89' lang='lat' dir='ltr'><strong>du-</strong></span> 
     </span>
     <span class='ocr_line' id='line_1_64' title="bbox 910 1534 1457 1574; baseline 0 -10"><span class='ocrx_word' id='word_1_368' title='bbox 910 1534 1006 1574; x_wconf 86' lang='lat' dir='ltr'><strong>plum,</strong></span> <span class='ocrx_word' id='word_1_369' title='bbox 1024 1540 1055 1564; x_wconf 90' lang='lat' dir='ltr'><strong>ut</strong></span> <span class='ocrx_word' id='word_1_370' title='bbox 1071 1534 1100 1563; x_wconf 92' lang='lat' dir='ltr'><strong>in</strong></span> <span class='ocrx_word' id='word_1_371' title='bbox 1119 1534 1231 1563; x_wconf 86' lang='lat' dir='ltr'><strong>tabulis</strong></span> <span class='ocrx_word' id='word_1_372' title='bbox 1247 1539 1366 1563; x_wconf 81' lang='lat' dir='ltr'><strong>cautum</strong></span> <span class='ocrx_word' id='word_1_373' title='bbox 1382 1539 1457 1564; x_wconf 78' lang='lat' dir='ltr'><strong>erat.</strong></span> 
     </span>
    </p>

    <p class='ocr_par' dir='ltr' id='par_1_19' title="bbox 956 1575 1619 1618">
     <span class='ocr_line' id='line_1_65' title="bbox 956 1575 1619 1618; baseline 0.003 -12"><span class='ocrx_word' id='word_1_374' title='bbox 956 1579 1048 1608; x_wconf 77' lang='grc'><strong>1296.</strong></span> <span class='ocrx_word' id='word_1_375' title='bbox 1066 1579 1119 1607; x_wconf 79' lang='grc'><strong>26.</strong></span> <span class='ocrx_word' id='word_1_376' title='bbox 1135 1575 1249 1606; x_wconf 73' lang='grc' dir='ltr'>ἔπεισαν</span> <span class='ocrx_word' id='word_1_377' title='bbox 1264 1577 1355 1618; x_wconf 71' lang='grc' dir='ltr'>ἡμεῖς]</span> <span class='ocrx_word' id='word_1_378' title='bbox 1370 1577 1438 1607; x_wconf 87' lang='lat' dir='ltr'><strong>scil.</strong></span> <span class='ocrx_word' id='word_1_379' title='bbox 1455 1576 1619 1618; x_wconf 75' lang='grc' dir='ltr'>λαμβάνειν.</span> 
     </span>
    </p>

    <p class='ocr_par' dir='ltr' id='par_1_20' title="bbox 956 1618 1501 1662">
     <span class='ocr_line' id='line_1_66' title="bbox 956 1618 1501 1662; baseline 0.002 -13"><span class='ocrx_word' id='word_1_380' title='bbox 956 1622 1050 1651; x_wconf 86' lang='grc'><strong>1297.</strong></span> <span class='ocrx_word' id='word_1_381' title='bbox 1068 1623 1117 1650; x_wconf 90' lang='grc'><strong>10.</strong></span> <span class='ocrx_word' id='word_1_382' title='bbox 1134 1618 1250 1662; x_wconf 75' lang='grc' dir='ltr'>κρίνετε]</span> <span class='ocrx_word' id='word_1_383' title='bbox 1265 1620 1365 1650; x_wconf 77' lang='lat' dir='ltr'><strong>malim</strong></span> <span class='ocrx_word' id='word_1_384' title='bbox 1382 1621 1501 1660; x_wconf 78' lang='grc' dir='ltr'>κρινεῖτε.</span> 
     </span>
    </p>
   </div>
   <div class='ocr_carea' id='block_1_5' title="bbox 215 3034 883 3057">
    <p class='ocr_par' dir='ltr' id='par_1_21' title="bbox 215 3034 883 3057">
     <span class='ocr_line' id='line_1_67' title="bbox 215 3034 883 3057; baseline -0.001 -1"><span class='ocrx_word' id='word_1_385' title='bbox 215 3037 292 3057; x_wconf 71' lang='lat' dir='ltr'><strong>vol..</strong></span> <span class='ocrx_word' id='word_1_386' title='bbox 310 3038 339 3057; x_wconf 74' lang='lat' dir='ltr'><strong>V.</strong></span> <span class='ocrx_word' id='word_1_387' title='bbox 868 3034 883 3055; x_wconf 69' lang='lat'><strong>⁸.</strong></span> 
     </span>
    </p>
   </div>
  </div>
 </body>
</html>
