<?xml version="1.0" encoding="UTF-8"?>
<!DOCTYPE html PUBLIC "-//W3C//DTD XHTML 1.0 Transitional//EN"
    "http://www.w3.org/TR/xhtml1/DTD/xhtml1-transitional.dtd">
<html xmlns="http://www.w3.org/1999/xhtml" xml:lang="en" lang="en">
 <head>
  <title>
</title>
<meta http-equiv="Content-Type" content="text/html;charset=utf-8" />
  <meta name='ocr-system' content='tesseract 3.04.00' />
  <meta name='ocr-capabilities' content='ocr_page ocr_carea ocr_par ocr_line ocrx_word'/>
</head>
<body>
  <div class='ocr_page' id='page_1' title='image "./oratoresatticie09dobs/oratoresatticie09dobs_0053.png"; bbox 0 0 1948 3322; ppageno 0'>
   <div class='ocr_carea' id='block_1_1' title="bbox 355 193 1456 242">
    <p class='ocr_par' dir='ltr' id='par_1_1' title="bbox 355 193 1456 242">
     <span class='ocr_line' id='line_1_1' title="bbox 355 193 1456 242; baseline -0.006 1"><span class='ocrx_word' id='word_1_1' title='bbox 355 201 440 242; x_wconf 87' lang='lat' dir='ltr'>AD</span> <span class='ocrx_word' id='word_1_2' title='bbox 473 199 571 241; x_wconf 74' lang='grc' dir='ltr'><strong>ΟΒ.</strong></span> <span class='ocrx_word' id='word_1_3' title='bbox 604 195 924 239; x_wconf 82' lang='lat' dir='ltr'>ADVERSUS</span> <span class='ocrx_word' id='word_1_4' title='bbox 959 193 1232 237; x_wconf 89' lang='lat' dir='ltr'>PHILIPPI</span> <span class='ocrx_word' id='word_1_5' title='bbox 1266 195 1456 238; x_wconf 88' lang='lat' dir='ltr'>EPIST.</span> 
     </span>
    </p>
   </div>
   <div class='ocr_carea' id='block_1_2' title="bbox 1584 195 1632 236">
    <p class='ocr_par' dir='ltr' id='par_1_2' title="bbox 1584 195 1632 236">
     <span class='ocr_line' id='line_1_2' title="bbox 1584 195 1632 236; baseline 0 0"><span class='ocrx_word' id='word_1_6' title='bbox 1584 195 1632 236; x_wconf 83' lang='lat'>41</span> 
     </span>
    </p>
   </div>
   <div class='ocr_carea' id='block_1_3' title="bbox 181 301 1417 346">
    <p class='ocr_par' dir='ltr' id='par_1_3' title="bbox 181 301 1417 346">
     <span class='ocr_line' id='line_1_3' title="bbox 181 301 1417 346; baseline -0.003 -9"><span class='ocrx_word' id='word_1_7' title='bbox 181 306 211 337; x_wconf 65' lang='grc' dir='ltr'>δὲ</span> <span class='ocrx_word' id='word_1_8' title='bbox 225 305 272 346; x_wconf 83' lang='lat' dir='ltr'>[id</span> <span class='ocrx_word' id='word_1_9' title='bbox 285 310 342 341; x_wconf 81' lang='lat' dir='ltr'>est,</span> <span class='ocrx_word' id='word_1_10' title='bbox 352 307 398 337; x_wconf 63' lang='grc' dir='ltr'>3ιᾶ</span> <span class='ocrx_word' id='word_1_11' title='bbox 412 305 478 336; x_wconf 61' lang='lat' dir='ltr'>‘rb‘</span> <span class='ocrx_word' id='word_1_12' title='bbox 460 315 547 344; x_wconf 77' lang='grc' dir='ltr'>αγειν,</span> <span class='ocrx_word' id='word_1_13' title='bbox 559 304 608 334; x_wconf 82' lang='lat' dir='ltr'>vel</span> <span class='ocrx_word' id='word_1_14' title='bbox 622 303 689 334; x_wconf 74' lang='grc' dir='ltr'>διότι</span> <span class='ocrx_word' id='word_1_15' title='bbox 705 303 783 345; x_wconf 75' lang='grc' dir='ltr'>ἄγει]</span> <span class='ocrx_word' id='word_1_16' title='bbox 795 304 850 338; x_wconf 74' lang='grc' dir='ltr'>τὰς</span> <span class='ocrx_word' id='word_1_17' title='bbox 863 302 895 333; x_wconf 80' lang='grc' dir='ltr'>ἐκ</span> <span class='ocrx_word' id='word_1_18' title='bbox 927 302 1018 339; x_wconf 82' lang='lat' dir='ltr'>festo,</span> <span class='ocrx_word' id='word_1_19' title='bbox 1033 301 1300 342; x_wconf 73' lang='lat' dir='ltr'>suspicionumque</span> <span class='ocrx_word' id='word_1_20' title='bbox 1316 304 1417 343; x_wconf 87' lang='lat' dir='ltr'>pleno</span> 
     </span>
    </p>
   </div>
   <div class='ocr_carea' id='block_1_4' title="bbox 180 346 893 389">
    <p class='ocr_par' dir='ltr' id='par_1_4' title="bbox 180 346 893 389">
     <span class='ocr_line' id='line_1_4' title="bbox 180 346 893 389; baseline -0.006 -9"><span class='ocrx_word' id='word_1_21' title='bbox 180 349 390 380; x_wconf 65' lang='grc' dir='ltr'><strong>Πελοποννήσου</strong></span> <span class='ocrx_word' id='word_1_22' title='bbox 417 346 575 389; x_wconf 65' lang='grc' dir='ltr'>πρεσβείας</span> <span class='ocrx_word' id='word_1_23' title='bbox 600 347 674 387; x_wconf 71' lang='grc' dir='ltr'>ωςός</span> <span class='ocrx_word' id='word_1_24' title='bbox 698 346 792 381; x_wconf 72' lang='grc' dir='ltr'>αὑτὸν,</span> <span class='ocrx_word' id='word_1_25' title='bbox 818 347 893 378; x_wconf 66' lang='grc' dir='ltr'>ὑπο-</span> 
     </span>
    </p>
   </div>
   <div class='ocr_carea' id='block_1_5' title="bbox 969 344 1641 388">
    <p class='ocr_par' dir='ltr' id='par_1_5' title="bbox 969 344 1641 388">
     <span class='ocr_line' id='line_1_5' title="bbox 969 344 1641 388; baseline 0 -13"><span class='ocrx_word' id='word_1_26' title='bbox 969 364 1013 369; x_wconf 92' lang='lat'>—-</span> <span class='ocrx_word' id='word_1_27' title='bbox 1025 348 1076 377; x_wconf 65' lang='lat'>26.</span> <span class='ocrx_word' id='word_1_28' title='bbox 1092 344 1214 387; x_wconf 76' lang='grc' dir='ltr'>ταύτης]</span> <span class='ocrx_word' id='word_1_29' title='bbox 1228 347 1294 376; x_wconf 86' lang='lat' dir='ltr'>scil.</span> <span class='ocrx_word' id='word_1_30' title='bbox 1308 359 1358 380; x_wconf 64' lang='grc' dir='ltr'>της</span> <span class='ocrx_word' id='word_1_31' title='bbox 1370 348 1459 386; x_wconf 76' lang='grc' dir='ltr'><strong>δόξης.</strong></span> <span class='ocrx_word' id='word_1_32' title='bbox 1475 346 1552 388; x_wconf 87' lang='lat' dir='ltr'>(non</span> <span class='ocrx_word' id='word_1_33' title='bbox 1566 346 1641 378; x_wconf 88' lang='lat' dir='ltr'>item</span> 
     </span>
    </p>
   </div>
   <div class='ocr_carea' id='block_1_6' title="bbox 179 388 1185 428">
    <p class='ocr_par' dir='ltr' id='par_1_6' title="bbox 179 388 1185 428">
     <span class='ocr_line' id='line_1_6' title="bbox 179 388 1185 428; baseline -0.005 -5"><span class='ocrx_word' id='word_1_34' title='bbox 179 393 316 424; x_wconf 77' lang='grc' dir='ltr'>πτεύεται</span> <span class='ocrx_word' id='word_1_35' title='bbox 330 390 383 422; x_wconf 76' lang='grc' dir='ltr'>ὑπὸ</span> <span class='ocrx_word' id='word_1_36' title='bbox 396 395 452 421; x_wconf 77' lang='grc' dir='ltr'>τῶν</span> <span class='ocrx_word' id='word_1_37' title='bbox 466 391 595 423; x_wconf 75' lang='grc' dir='ltr'>Θηβαίων</span> <span class='ocrx_word' id='word_1_38' title='bbox 616 390 758 424; x_wconf 85' lang='grc' dir='ltr'>Φίλιππος</span> <span class='ocrx_word' id='word_1_39' title='bbox 778 391 827 420; x_wconf 74' lang='grc' dir='ltr'>καὶ</span> <span class='ocrx_word' id='word_1_40' title='bbox 846 392 895 421; x_wconf 75' lang='grc' dir='ltr'>τήν</span> <span class='ocrx_word' id='word_1_41' title='bbox 927 401 978 422; x_wconf 80' lang='grc' dir='ltr'>της</span> <span class='ocrx_word' id='word_1_42' title='bbox 992 388 1185 428; x_wconf 74' lang='grc' dir='ltr'>ἀσφαλείας.)</span> 
     </span>
    </p>
   </div>
   <div class='ocr_carea' id='block_1_7' title="bbox 171 433 894 1338">
    <p class='ocr_par' dir='ltr' id='par_1_7' title="bbox 177 433 894 681">
     <span class='ocr_line' id='line_1_7' title="bbox 179 433 894 476; baseline -0.004 -11"><span class='ocrx_word' id='word_1_43' title='bbox 179 434 281 465; x_wconf 73' lang='grc' dir='ltr'>ἐκείνων</span> <span class='ocrx_word' id='word_1_44' title='bbox 304 433 484 476; x_wconf 76' lang='grc' dir='ltr'>συμμαχίαν</span> <span class='ocrx_word' id='word_1_45' title='bbox 511 434 733 474; x_wconf 60' lang='grc' dir='ltr'>παραιρούμενος</span> <span class='ocrx_word' id='word_1_46' title='bbox 759 433 806 473; x_wconf 84' lang='lat' dir='ltr'>[id</span> <span class='ocrx_word' id='word_1_47' title='bbox 834 438 894 469; x_wconf 86' lang='lat' dir='ltr'>est,</span> 
     </span>
     <span class='ocr_line' id='line_1_8' title="bbox 179 476 893 518; baseline -0.004 -9"><span class='ocrx_word' id='word_1_48' title='bbox 179 477 332 518; x_wconf 68' lang='grc' dir='ltr'>πειρᾶσθαι</span> <span class='ocrx_word' id='word_1_49' title='bbox 342 478 443 511; x_wconf 81' lang='grc' dir='ltr'>αὐτοὺς</span> <span class='ocrx_word' id='word_1_50' title='bbox 456 476 667 518; x_wconf 77' lang='grc' dir='ltr'>εἰφαιρεῖσθαι].</span> <span class='ocrx_word' id='word_1_51' title='bbox 681 477 761 516; x_wconf 88' lang='lat' dir='ltr'>quod</span> <span class='ocrx_word' id='word_1_52' title='bbox 773 477 893 516; x_wconf 84' lang='lat' dir='ltr'>Philip-</span> 
     </span>
     <span class='ocr_line' id='line_1_9' title="bbox 178 520 892 560; baseline 0 -10"><span class='ocrx_word' id='word_1_53' title='bbox 178 530 238 560; x_wconf 86' lang='lat' dir='ltr'>pus</span> <span class='ocrx_word' id='word_1_54' title='bbox 251 521 370 560; x_wconf 81' lang='lat' dir='ltr'>legatos</span> <span class='ocrx_word' id='word_1_55' title='bbox 386 532 403 551; x_wconf 91' lang='lat' dir='ltr'>e</span> <span class='ocrx_word' id='word_1_56' title='bbox 426 521 641 559; x_wconf 77' lang='lat' dir='ltr'>Peloponneso</span> <span class='ocrx_word' id='word_1_57' title='bbox 662 520 784 555; x_wconf 86' lang='lat' dir='ltr'>invitat,</span> <span class='ocrx_word' id='word_1_58' title='bbox 801 520 892 550; x_wconf 87' lang='lat' dir='ltr'>etiam</span> 
     </span>
     <span class='ocr_line' id='line_1_10' title="bbox 179 562 892 604; baseline 0 -12"><span class='ocrx_word' id='word_1_59' title='bbox 179 573 221 593; x_wconf 83' lang='lat' dir='ltr'>ex</span> <span class='ocrx_word' id='word_1_60' title='bbox 238 563 297 593; x_wconf 83' lang='lat' dir='ltr'>hoc</span> <span class='ocrx_word' id='word_1_61' title='bbox 313 569 476 604; x_wconf 84' lang='lat' dir='ltr'>suspectus</span> <span class='ocrx_word' id='word_1_62' title='bbox 497 564 530 594; x_wconf 85' lang='lat' dir='ltr'>fit</span> <span class='ocrx_word' id='word_1_63' title='bbox 550 563 716 597; x_wconf 88' lang='lat' dir='ltr'><strong>Thebanis,</strong></span> <span class='ocrx_word' id='word_1_64' title='bbox 732 562 818 601; x_wconf 88' lang='lat' dir='ltr'>quasi</span> <span class='ocrx_word' id='word_1_65' title='bbox 833 563 892 593; x_wconf 85' lang='lat' dir='ltr'>hoc</span> 
     </span>
     <span class='ocr_line' id='line_1_11' title="bbox 179 606 893 647; baseline 0.001 -12"><span class='ocrx_word' id='word_1_66' title='bbox 179 611 260 645; x_wconf 78' lang='lat' dir='ltr'>agat,</span> <span class='ocrx_word' id='word_1_67' title='bbox 275 611 310 637; x_wconf 88' lang='lat' dir='ltr'>ut</span> <span class='ocrx_word' id='word_1_68' title='bbox 321 607 402 637; x_wconf 89' lang='lat' dir='ltr'>illam</span> <span class='ocrx_word' id='word_1_69' title='bbox 413 617 533 647; x_wconf 86' lang='lat' dir='ltr'>quoque</span> <span class='ocrx_word' id='word_1_70' title='bbox 543 607 724 637; x_wconf 86' lang='lat' dir='ltr'>societatem</span> <span class='ocrx_word' id='word_1_71' title='bbox 738 606 893 646; x_wconf 88' lang='lat' dir='ltr'>Pelopon-</span> 
     </span>
     <span class='ocr_line' id='line_1_12' title="bbox 177 649 588 681; baseline 0.005 -3"><span class='ocrx_word' id='word_1_72' title='bbox 177 649 333 680; x_wconf 81' lang='lat' dir='ltr'>nesiacam</span> <span class='ocrx_word' id='word_1_73' title='bbox 349 661 366 680; x_wconf 89' lang='lat' dir='ltr'>a</span> <span class='ocrx_word' id='word_1_74' title='bbox 381 661 415 681; x_wconf 91' lang='lat' dir='ltr'>se</span> <span class='ocrx_word' id='word_1_75' title='bbox 425 650 588 681; x_wconf 86' lang='lat' dir='ltr'>abalienet.</span> 
     </span>
    </p>

    <p class='ocr_par' dir='ltr' id='par_1_8' title="bbox 176 691 891 861">
     <span class='ocr_line' id='line_1_13' title="bbox 218 691 891 734; baseline -0.001 -10"><span class='ocrx_word' id='word_1_76' title='bbox 218 709 263 715; x_wconf 90' lang='lat'><strong>—</strong></span> <span class='ocrx_word' id='word_1_77' title='bbox 277 695 329 724; x_wconf 72' lang='lat'>20.</span> <span class='ocrx_word' id='word_1_78' title='bbox 349 693 408 724; x_wconf 73' lang='grc' dir='ltr'>οὐδὲ</span> <span class='ocrx_word' id='word_1_79' title='bbox 423 695 478 734; x_wconf 75' lang='grc' dir='ltr'>γαρ</span> <span class='ocrx_word' id='word_1_80' title='bbox 491 691 586 734; x_wconf 79' lang='grc' dir='ltr'>τοῦτ’]</span> <span class='ocrx_word' id='word_1_81' title='bbox 610 692 642 722; x_wconf 83' lang='lat' dir='ltr'>in</span> <span class='ocrx_word' id='word_1_82' title='bbox 657 692 770 723; x_wconf 78' lang='lat' dir='ltr'>Aldina</span> <span class='ocrx_word' id='word_1_83' title='bbox 786 698 818 723; x_wconf 86' lang='lat' dir='ltr'>et</span> <span class='ocrx_word' id='word_1_84' title='bbox 831 693 891 723; x_wconf 86' lang='lat' dir='ltr'>Fe-</span> 
     </span>
     <span class='ocr_line' id='line_1_14' title="bbox 176 734 890 777; baseline 0.003 -13"><span class='ocrx_word' id='word_1_85' title='bbox 176 734 306 766; x_wconf 81' lang='lat' dir='ltr'>licianea</span> <span class='ocrx_word' id='word_1_86' title='bbox 319 742 368 767; x_wconf 81' lang='lat' dir='ltr'>est</span> <span class='ocrx_word' id='word_1_87' title='bbox 382 737 410 767; x_wconf 76' lang='grc' dir='ltr'>οὗ</span> <span class='ocrx_word' id='word_1_88' title='bbox 425 738 479 777; x_wconf 74' lang='grc' dir='ltr'>γὰρ</span> <span class='ocrx_word' id='word_1_89' title='bbox 493 737 588 767; x_wconf 74' lang='grc' dir='ltr'>τοῦτο.</span> <span class='ocrx_word' id='word_1_90' title='bbox 602 737 682 766; x_wconf 89' lang='lat' dir='ltr'>unde</span> <span class='ocrx_word' id='word_1_91' title='bbox 693 737 835 775; x_wconf 85' lang='lat' dir='ltr'>equidem</span> <span class='ocrx_word' id='word_1_92' title='bbox 847 736 890 766; x_wconf 80' lang='lat' dir='ltr'>ef-</span> 
     </span>
     <span class='ocr_line' id='line_1_15' title="bbox 176 779 890 820; baseline 0.003 -13"><span class='ocrx_word' id='word_1_93' title='bbox 176 779 301 809; x_wconf 76' lang='lat' dir='ltr'>fecerim</span> <span class='ocrx_word' id='word_1_94' title='bbox 317 779 345 810; x_wconf 83' lang='grc' dir='ltr'>οὖ</span> <span class='ocrx_word' id='word_1_95' title='bbox 359 781 413 819; x_wconf 72' lang='grc' dir='ltr'>γὰρ</span> <span class='ocrx_word' id='word_1_96' title='bbox 428 779 488 810; x_wconf 75' lang='grc' dir='ltr'>οὐδὲ</span> <span class='ocrx_word' id='word_1_97' title='bbox 502 781 596 810; x_wconf 75' lang='grc' dir='ltr'>τοῦτο.</span> <span class='ocrx_word' id='word_1_98' title='bbox 618 789 719 820; x_wconf 82' lang='lat' dir='ltr'>neque</span> <span class='ocrx_word' id='word_1_99' title='bbox 736 780 815 810; x_wconf 88' lang='lat' dir='ltr'>enim</span> <span class='ocrx_word' id='word_1_100' title='bbox 832 779 890 809; x_wconf 87' lang='lat' dir='ltr'>mi-</span> 
     </span>
     <span class='ocr_line' id='line_1_16' title="bbox 176 823 632 861; baseline 0.004 -10"><span class='ocrx_word' id='word_1_101' title='bbox 176 826 282 853; x_wconf 88' lang='lat' dir='ltr'>nutum</span> <span class='ocrx_word' id='word_1_102' title='bbox 298 827 357 859; x_wconf 86' lang='lat' dir='ltr'>est,</span> <span class='ocrx_word' id='word_1_103' title='bbox 373 834 412 852; x_wconf 83' lang='lat' dir='ltr'>no</span> <span class='ocrx_word' id='word_1_104' title='bbox 425 823 483 853; x_wconf 86' lang='lat' dir='ltr'>hoc</span> <span class='ocrx_word' id='word_1_105' title='bbox 496 823 632 861; x_wconf 81' lang='lat' dir='ltr'>quidem.</span> 
     </span>
    </p>

    <p class='ocr_par' dir='ltr' id='par_1_9' title="bbox 175 864 889 947">
     <span class='ocr_line' id='line_1_17' title="bbox 219 864 889 907; baseline -0.001 -10"><span class='ocrx_word' id='word_1_106' title='bbox 219 882 263 889; x_wconf 90' lang='lat'>·—</span> <span class='ocrx_word' id='word_1_107' title='bbox 289 868 342 897; x_wconf 76' lang='lat'>22.</span> <span class='ocrx_word' id='word_1_108' title='bbox 370 864 615 907; x_wconf 61' lang='grc' dir='ltr'>εἰσπέμψαντες]</span> <span class='ocrx_word' id='word_1_109' title='bbox 640 865 671 895; x_wconf 87' lang='lat' dir='ltr'>in</span> <span class='ocrx_word' id='word_1_110' title='bbox 709 865 889 896; x_wconf 84' lang='lat' dir='ltr'>Perinthum</span> 
     </span>
     <span class='ocr_line' id='line_1_18' title="bbox 175 913 259 947; baseline 0 -8"><span class='ocrx_word' id='word_1_111' title='bbox 175 913 259 947; x_wconf 82' lang='lat' dir='ltr'>puta.</span> 
     </span>
    </p>

    <p class='ocr_par' dir='ltr' id='par_1_10' title="bbox 177 950 890 1035">
     <span class='ocr_line' id='line_1_19' title="bbox 218 950 890 993; baseline 0.001 -11"><span class='ocrx_word' id='word_1_112' title='bbox 218 969 260 975; x_wconf 91' lang='lat'>--</span> <span class='ocrx_word' id='word_1_113' title='bbox 274 951 350 982; x_wconf 76' lang='lat' dir='ltr'>ibid.</span> <span class='ocrx_word' id='word_1_114' title='bbox 365 950 627 993; x_wconf 65' lang='grc' dir='ltr'>ἐκπολιορκηθῆναι]</span> <span class='ocrx_word' id='word_1_115' title='bbox 640 963 659 982; x_wconf 78' lang='lat' dir='ltr'>a</span> <span class='ocrx_word' id='word_1_116' title='bbox 680 951 779 987; x_wconf 88' lang='lat' dir='ltr'>nobis,</span> <span class='ocrx_word' id='word_1_117' title='bbox 795 952 890 983; x_wconf 76' lang='lat' dir='ltr'>Athe-</span> 
     </span>
     <span class='ocr_line' id='line_1_20' title="bbox 177 995 444 1035; baseline 0.004 -10"><span class='ocrx_word' id='word_1_118' title='bbox 177 995 346 1031; x_wconf 83' lang='lat' dir='ltr'>niensibus,</span> <span class='ocrx_word' id='word_1_119' title='bbox 362 999 444 1035; x_wconf 83' lang='lat' dir='ltr'>puta.</span> 
     </span>
    </p>

    <p class='ocr_par' dir='ltr' id='par_1_11' title="bbox 219 1036 852 1079">
     <span class='ocr_line' id='line_1_21' title="bbox 219 1036 852 1079; baseline -0.003 -9"><span class='ocrx_word' id='word_1_120' title='bbox 219 1056 263 1062; x_wconf 88' lang='lat'>-—</span> <span class='ocrx_word' id='word_1_121' title='bbox 277 1040 329 1071; x_wconf 75' lang='lat'>26.</span> <span class='ocrx_word' id='word_1_122' title='bbox 345 1040 400 1069; x_wconf 79' lang='grc' dir='ltr'>τῶν</span> <span class='ocrx_word' id='word_1_123' title='bbox 414 1038 540 1079; x_wconf 73' lang='grc' dir='ltr'>Πεξσῶν]</span> <span class='ocrx_word' id='word_1_124' title='bbox 556 1037 658 1068; x_wconf 88' lang='lat' dir='ltr'>malim</span> <span class='ocrx_word' id='word_1_125' title='bbox 674 1036 721 1068; x_wconf 75' lang='grc' dir='ltr'>τὸν</span> <span class='ocrx_word' id='word_1_126' title='bbox 733 1040 852 1078; x_wconf 78' lang='grc' dir='ltr'>Περσῶν.</span> 
     </span>
    </p>

    <p class='ocr_par' dir='ltr' id='par_1_12' title="bbox 171 1079 889 1338">
     <span class='ocr_line' id='line_1_22' title="bbox 221 1079 888 1122; baseline -0.003 -10"><span class='ocrx_word' id='word_1_127' title='bbox 221 1083 295 1113; x_wconf 82' lang='grc'><strong>154.</strong></span> <span class='ocrx_word' id='word_1_128' title='bbox 312 1084 363 1112; x_wconf 88' lang='lat'>14.</span> <span class='ocrx_word' id='word_1_129' title='bbox 378 1081 452 1122; x_wconf 69' lang='grc' dir='ltr'>ωςός</span> <span class='ocrx_word' id='word_1_130' title='bbox 467 1080 590 1118; x_wconf 75' lang='grc' dir='ltr'>ὑποψίαν</span> <span class='ocrx_word' id='word_1_131' title='bbox 602 1080 704 1112; x_wconf 68' lang='grc' dir='ltr'>ἥκοντα</span> <span class='ocrx_word' id='word_1_132' title='bbox 716 1081 764 1110; x_wconf 76' lang='grc' dir='ltr'>καὶ</span> <span class='ocrx_word' id='word_1_133' title='bbox 779 1079 888 1120; x_wconf 73' lang='grc' dir='ltr'>δυσμέ-</span> 
     </span>
     <span class='ocr_line' id='line_1_23' title="bbox 174 1123 889 1165; baseline -0.001 -11"><span class='ocrx_word' id='word_1_134' title='bbox 174 1124 259 1165; x_wconf 81' lang='grc' dir='ltr'>νειαν]</span> <span class='ocrx_word' id='word_1_135' title='bbox 281 1134 397 1164; x_wconf 85' lang='lat' dir='ltr'>quaero,</span> <span class='ocrx_word' id='word_1_136' title='bbox 419 1134 491 1153; x_wconf 88' lang='lat' dir='ltr'>unm</span> <span class='ocrx_word' id='word_1_137' title='bbox 510 1123 577 1164; x_wconf 78' lang='grc' dir='ltr'>πρὸς</span> <span class='ocrx_word' id='word_1_138' title='bbox 599 1124 627 1153; x_wconf 85' lang='lat' dir='ltr'>h.</span> <span class='ocrx_word' id='word_1_139' title='bbox 646 1124 668 1153; x_wconf 93' lang='lat' dir='ltr'>l.</span> <span class='ocrx_word' id='word_1_140' title='bbox 693 1124 779 1154; x_wconf 86' lang='lat' dir='ltr'>vices</span> <span class='ocrx_word' id='word_1_141' title='bbox 804 1131 889 1162; x_wconf 76' lang='lat' dir='ltr'>gerat</span> 
     </span>
     <span class='ocr_line' id='line_1_24' title="bbox 173 1166 888 1206; baseline -0.001 -9"><span class='ocrx_word' id='word_1_142' title='bbox 173 1166 400 1206; x_wconf 82' lang='lat' dir='ltr'>praepositionis</span> <span class='ocrx_word' id='word_1_143' title='bbox 411 1168 505 1205; x_wconf 69' lang='grc' dir='ltr'>μετὰ,</span> <span class='ocrx_word' id='word_1_144' title='bbox 517 1177 615 1205; x_wconf 90' lang='lat' dir='ltr'>eoque</span> <span class='ocrx_word' id='word_1_145' title='bbox 631 1166 714 1196; x_wconf 87' lang='lat' dir='ltr'>idem</span> <span class='ocrx_word' id='word_1_146' title='bbox 731 1167 772 1196; x_wconf 89' lang='lat' dir='ltr'>sit</span> <span class='ocrx_word' id='word_1_147' title='bbox 783 1167 828 1196; x_wconf 87' lang='lat' dir='ltr'>sic</span> <span class='ocrx_word' id='word_1_148' title='bbox 841 1167 888 1196; x_wconf 90' lang='lat' dir='ltr'>di-</span> 
     </span>
     <span class='ocr_line' id='line_1_25' title="bbox 173 1208 887 1250; baseline 0 -10"><span class='ocrx_word' id='word_1_149' title='bbox 173 1215 269 1246; x_wconf 86' lang='lat' dir='ltr'>ctum,</span> <span class='ocrx_word' id='word_1_150' title='bbox 291 1214 383 1250; x_wconf 86' lang='lat' dir='ltr'>atque</span> <span class='ocrx_word' id='word_1_151' title='bbox 401 1210 426 1239; x_wconf 91' lang='lat' dir='ltr'>si</span> <span class='ocrx_word' id='word_1_152' title='bbox 446 1210 577 1240; x_wconf 81' lang='lat' dir='ltr'>dixisset</span> <span class='ocrx_word' id='word_1_153' title='bbox 597 1208 671 1248; x_wconf 69' lang='grc' dir='ltr'>με8’</span> <span class='ocrx_word' id='word_1_154' title='bbox 694 1208 818 1247; x_wconf 83' lang='grc' dir='ltr'>ὑποψίας</span> <span class='ocrx_word' id='word_1_155' title='bbox 837 1210 887 1240; x_wconf 73' lang='grc' dir='ltr'>καὶ</span> 
     </span>
     <span class='ocr_line' id='line_1_26' title="bbox 171 1252 886 1292; baseline 0.001 -10"><span class='ocrx_word' id='word_1_156' title='bbox 171 1252 347 1292; x_wconf 77' lang='grc' dir='ltr'>δυσμενείας.</span> <span class='ocrx_word' id='word_1_157' title='bbox 368 1252 532 1283; x_wconf 86' lang='lat' dir='ltr'>convenire</span> <span class='ocrx_word' id='word_1_158' title='bbox 555 1252 680 1292; x_wconf 89' lang='lat' dir='ltr'>quidem</span> <span class='ocrx_word' id='word_1_159' title='bbox 706 1253 744 1282; x_wconf 82' lang='lat' dir='ltr'>ad</span> <span class='ocrx_word' id='word_1_160' title='bbox 765 1253 886 1292; x_wconf 91' lang='lat' dir='ltr'>Philip-</span> 
     </span>
     <span class='ocr_line' id='line_1_27' title="bbox 172 1295 887 1338; baseline -0.001 -11"><span class='ocrx_word' id='word_1_161' title='bbox 172 1306 246 1336; x_wconf 86' lang='lat' dir='ltr'>pum</span> <span class='ocrx_word' id='word_1_162' title='bbox 261 1297 368 1338; x_wconf 78' lang='lat' dir='ltr'>copias</span> <span class='ocrx_word' id='word_1_163' title='bbox 389 1297 455 1336; x_wconf 85' lang='lat' dir='ltr'>ejus</span> <span class='ocrx_word' id='word_1_164' title='bbox 477 1296 655 1333; x_wconf 78' lang='lat' dir='ltr'>auxiliares,</span> <span class='ocrx_word' id='word_1_165' title='bbox 671 1300 702 1326; x_wconf 84' lang='lat' dir='ltr'>at</span> <span class='ocrx_word' id='word_1_166' title='bbox 720 1295 820 1327; x_wconf 84' lang='lat' dir='ltr'>animo</span> <span class='ocrx_word' id='word_1_167' title='bbox 840 1296 887 1326; x_wconf 91' lang='lat' dir='ltr'>in-</span> 
     </span>
    </p>
   </div>
   <div class='ocr_carea' id='block_1_8' title="bbox 922 430 1671 1338">
    <p class='ocr_par' dir='ltr' id='par_1_13' title="bbox 926 430 1642 557">
     <span class='ocr_line' id='line_1_28' title="bbox 971 430 1640 472; baseline -0.001 -9"><span class='ocrx_word' id='word_1_168' title='bbox 971 435 1043 463; x_wconf 85' lang='lat'>155.</span> <span class='ocrx_word' id='word_1_169' title='bbox 1054 435 1106 463; x_wconf 72' lang='lat'>25.</span> <span class='ocrx_word' id='word_1_170' title='bbox 1116 433 1138 462; x_wconf 80' lang='grc' dir='ltr'>εἰ</span> <span class='ocrx_word' id='word_1_171' title='bbox 1149 431 1176 462; x_wconf 76' lang='grc' dir='ltr'>δέ</span> <span class='ocrx_word' id='word_1_172' title='bbox 1186 443 1215 461; x_wconf 88' lang='grc' dir='ltr'>τι</span> <span class='ocrx_word' id='word_1_173' title='bbox 1226 430 1361 472; x_wconf 78' lang='grc' dir='ltr'>πταίσει]</span> <span class='ocrx_word' id='word_1_174' title='bbox 1374 432 1473 462; x_wconf 81' lang='lat' dir='ltr'>locum</span> <span class='ocrx_word' id='word_1_175' title='bbox 1487 434 1578 468; x_wconf 87' lang='lat' dir='ltr'>hunc,</span> <span class='ocrx_word' id='word_1_176' title='bbox 1586 433 1640 462; x_wconf 82' lang='lat' dir='ltr'>sed</span> 
     </span>
     <span class='ocr_line' id='line_1_29' title="bbox 927 475 1642 510; baseline 0.001 -5"><span class='ocrx_word' id='word_1_177' title='bbox 927 476 1026 510; x_wconf 84' lang='lat' dir='ltr'>aliter,</span> <span class='ocrx_word' id='word_1_178' title='bbox 1050 476 1125 505; x_wconf 87' lang='lat' dir='ltr'>citat</span> <span class='ocrx_word' id='word_1_179' title='bbox 1153 475 1272 505; x_wconf 86' lang='lat' dir='ltr'>Seneca</span> <span class='ocrx_word' id='word_1_180' title='bbox 1301 476 1450 504; x_wconf 82' lang='lat' dir='ltr'>Controv.</span> <span class='ocrx_word' id='word_1_181' title='bbox 1479 479 1531 506; x_wconf 75' lang='lat'>24.</span> <span class='ocrx_word' id='word_1_182' title='bbox 1560 482 1642 506; x_wconf 83' lang='lat' dir='ltr'>teste</span> 
     </span>
     <span class='ocr_line' id='line_1_30' title="bbox 926 518 1455 557; baseline -0.004 -8"><span class='ocrx_word' id='word_1_183' title='bbox 926 520 1054 549; x_wconf 86' lang='lat' dir='ltr'>Schotto</span> <span class='ocrx_word' id='word_1_184' title='bbox 1070 519 1205 548; x_wconf 77' lang='lat' dir='ltr'>Observ.</span> <span class='ocrx_word' id='word_1_185' title='bbox 1219 518 1315 547; x_wconf 87' lang='lat' dir='ltr'>Hum.</span> <span class='ocrx_word' id='word_1_186' title='bbox 1331 528 1363 557; x_wconf 91' lang='lat' dir='ltr'>p.</span> <span class='ocrx_word' id='word_1_187' title='bbox 1381 520 1455 548; x_wconf 70' lang='lat'>214.</span> 
     </span>
    </p>

    <p class='ocr_par' dir='ltr' id='par_1_14' title="bbox 924 561 1671 860">
     <span class='ocr_line' id='line_1_31' title="bbox 969 561 1643 602; baseline -0.001 -10"><span class='ocrx_word' id='word_1_188' title='bbox 969 580 1013 585; x_wconf 91' lang='lat'><em>-</em></span> <span class='ocrx_word' id='word_1_189' title='bbox 1027 563 1079 592; x_wconf 73' lang='lat'>26.</span> <span class='ocrx_word' id='word_1_190' title='bbox 1095 562 1208 602; x_wconf 78' lang='grc' dir='ltr'>ταῦτα]</span> <span class='ocrx_word' id='word_1_191' title='bbox 1226 571 1293 600; x_wconf 86' lang='lat' dir='ltr'>quae</span> <span class='ocrx_word' id='word_1_192' title='bbox 1309 561 1400 590; x_wconf 88' lang='lat' dir='ltr'>modo</span> <span class='ocrx_word' id='word_1_193' title='bbox 1416 561 1455 590; x_wconf 87' lang='lat' dir='ltr'>de</span> <span class='ocrx_word' id='word_1_194' title='bbox 1478 561 1643 591; x_wconf 85' lang='lat' dir='ltr'>clandesti-</span> 
     </span>
     <span class='ocr_line' id='line_1_32' title="bbox 926 604 1641 643; baseline -0.001 -8"><span class='ocrx_word' id='word_1_195' title='bbox 926 605 973 635; x_wconf 88' lang='lat' dir='ltr'>nis</span> <span class='ocrx_word' id='word_1_196' title='bbox 998 606 1147 635; x_wconf 81' lang='lat' dir='ltr'>adversus</span> <span class='ocrx_word' id='word_1_197' title='bbox 1162 605 1343 643; x_wconf 85' lang='lat' dir='ltr'>Philippum</span> <span class='ocrx_word' id='word_1_198' title='bbox 1368 604 1576 633; x_wconf 72' lang='lat' dir='ltr'>simultatibus</span> <span class='ocrx_word' id='word_1_199' title='bbox 1593 616 1641 634; x_wconf 89' lang='lat' dir='ltr'>so-</span> 
     </span>
     <span class='ocr_line' id='line_1_33' title="bbox 926 647 1640 688; baseline -0.003 -9"><span class='ocrx_word' id='word_1_200' title='bbox 926 648 1262 688; x_wconf 88' lang='lat' dir='ltr'>ciorum,ipsorumque</span> <span class='ocrx_word' id='word_1_201' title='bbox 1275 647 1561 682; x_wconf 87' lang='lat' dir='ltr'>Macedonum,tam</span> <span class='ocrx_word' id='word_1_202' title='bbox 1575 658 1640 686; x_wconf 78' lang='lat' dir='ltr'>gre·</span> 
     </span>
     <span class='ocr_line' id='line_1_34' title="bbox 925 691 1643 731; baseline -0.004 -9"><span class='ocrx_word' id='word_1_203' title='bbox 925 692 1080 731; x_wconf 84' lang='lat' dir='ltr'>gariorum</span> <span class='ocrx_word' id='word_1_204' title='bbox 1098 692 1239 727; x_wconf 90' lang='lat' dir='ltr'>militum,</span> <span class='ocrx_word' id='word_1_205' title='bbox 1255 700 1343 731; x_wconf 86' lang='lat' dir='ltr'>quarn</span> <span class='ocrx_word' id='word_1_206' title='bbox 1361 691 1472 720; x_wconf 85' lang='lat' dir='ltr'>dueum</span> <span class='ocrx_word' id='word_1_207' title='bbox 1485 696 1516 720; x_wconf 84' lang='lat' dir='ltr'>et</span> <span class='ocrx_word' id='word_1_208' title='bbox 1530 691 1643 720; x_wconf 87' lang='lat' dir='ltr'>amico—</span> 
     </span>
     <span class='ocr_line' id='line_1_35' title="bbox 924 734 1671 774; baseline -0.004 -9"><span class='ocrx_word' id='word_1_209' title='bbox 924 745 1005 773; x_wconf 87' lang='lat' dir='ltr'>rnm,</span> <span class='ocrx_word' id='word_1_210' title='bbox 1021 746 1078 766; x_wconf 89' lang='lat' dir='ltr'>nec</span> <span class='ocrx_word' id='word_1_211' title='bbox 1092 745 1150 764; x_wconf 93' lang='lat' dir='ltr'>non</span> <span class='ocrx_word' id='word_1_212' title='bbox 1168 734 1221 774; x_wconf 89' lang='lat' dir='ltr'>qui</span> <span class='ocrx_word' id='word_1_213' title='bbox 1240 734 1427 764; x_wconf 83' lang='lat' dir='ltr'>mercenario</span> <span class='ocrx_word' id='word_1_214' title='bbox 1449 734 1541 763; x_wconf 88' lang='lat' dir='ltr'>militi</span> <span class='ocrx_word' id='word_1_215' title='bbox 1564 744 1643 772; x_wconf 82' lang='lat' dir='ltr'>prae-</span> <span class='ocrx_word' id='word_1_216' title='bbox 1667 748 1671 754; x_wconf 65' lang='lat'><strong>&gt;</strong></span> 
     </span>
     <span class='ocr_line' id='line_1_36' title="bbox 926 777 1641 818; baseline -0.004 -9"><span class='ocrx_word' id='word_1_217' title='bbox 926 783 1042 815; x_wconf 77' lang='lat' dir='ltr'>essent,</span> <span class='ocrx_word' id='word_1_218' title='bbox 1068 778 1238 818; x_wconf 86' lang='lat' dir='ltr'>disputavi.</span> <span class='ocrx_word' id='word_1_219' title='bbox 1257 788 1285 808; x_wconf 87' lang='lat' dir='ltr'>v.</span> <span class='ocrx_word' id='word_1_220' title='bbox 1302 788 1332 816; x_wconf 89' lang='lat' dir='ltr'>p.</span> <span class='ocrx_word' id='word_1_221' title='bbox 1351 779 1402 808; x_wconf 69' lang='lat'>23.</span> <span class='ocrx_word' id='word_1_222' title='bbox 1418 777 1473 806; x_wconf 88' lang='lat' dir='ltr'>ult.</span> <span class='ocrx_word' id='word_1_223' title='bbox 1497 787 1565 817; x_wconf 87' lang='lat' dir='ltr'>sqq.</span> <span class='ocrx_word' id='word_1_224' title='bbox 1589 778 1641 807; x_wconf 89' lang='lat' dir='ltr'>ubi</span> 
     </span>
     <span class='ocr_line' id='line_1_37' title="bbox 924 819 1555 860; baseline -0.002 -9"><span class='ocrx_word' id='word_1_225' title='bbox 924 821 1010 852; x_wconf 88' lang='lat' dir='ltr'>locus</span> <span class='ocrx_word' id='word_1_226' title='bbox 1026 822 1077 853; x_wconf 87' lang='lat' dir='ltr'>hic</span> <span class='ocrx_word' id='word_1_227' title='bbox 1089 823 1150 860; x_wconf 82' lang='lat' dir='ltr'>jam</span> <span class='ocrx_word' id='word_1_228' title='bbox 1167 821 1400 860; x_wconf 45' lang='lat' dir='ltr'>praecessitgnio</span> <span class='ocrx_word' id='word_1_229' title='bbox 1415 819 1555 850; x_wconf 85' lang='lat' dir='ltr'>iteratus.</span> 
     </span>
    </p>

    <p class='ocr_par' dir='ltr' id='par_1_15' title="bbox 922 862 1644 1251">
     <span class='ocr_line' id='line_1_38' title="bbox 969 862 1644 906; baseline -0.001 -11"><span class='ocrx_word' id='word_1_230' title='bbox 969 867 1042 897; x_wconf 87' lang='lat'>156.</span> <span class='ocrx_word' id='word_1_231' title='bbox 1057 869 1108 896; x_wconf 78' lang='lat'>14.</span> <span class='ocrx_word' id='word_1_232' title='bbox 1123 867 1178 894; x_wconf 76' lang='grc' dir='ltr'>τῶν</span> <span class='ocrx_word' id='word_1_233' title='bbox 1186 862 1335 906; x_wconf 59' lang='grc' dir='ltr'>προγόνων]</span> <span class='ocrx_word' id='word_1_234' title='bbox 1353 875 1392 894; x_wconf 87' lang='lat' dir='ltr'>ex</span> <span class='ocrx_word' id='word_1_235' title='bbox 1407 864 1464 893; x_wconf 83' lang='lat' dir='ltr'>boc</span> <span class='ocrx_word' id='word_1_236' title='bbox 1474 868 1577 903; x_wconf 87' lang='lat' dir='ltr'>aptum</span> <span class='ocrx_word' id='word_1_237' title='bbox 1595 868 1644 894; x_wconf 76' lang='lat' dir='ltr'>est</span> 
     </span>
     <span class='ocr_line' id='line_1_39' title="bbox 924 906 1642 942; baseline -0.003 -4"><span class='ocrx_word' id='word_1_238' title='bbox 924 919 981 938; x_wconf 92' lang='lat' dir='ltr'>non</span> <span class='ocrx_word' id='word_1_239' title='bbox 996 909 1096 939; x_wconf 89' lang='lat' dir='ltr'>solum</span> <span class='ocrx_word' id='word_1_240' title='bbox 1109 906 1220 942; x_wconf 81' lang='grc' dir='ltr'>τούτου,</span> <span class='ocrx_word' id='word_1_241' title='bbox 1234 918 1324 937; x_wconf 86' lang='lat' dir='ltr'>versu</span> <span class='ocrx_word' id='word_1_242' title='bbox 1335 908 1387 938; x_wconf 88' lang='lat'>15.</span> <span class='ocrx_word' id='word_1_243' title='bbox 1400 907 1456 937; x_wconf 84' lang='lat' dir='ltr'>sed</span> <span class='ocrx_word' id='word_1_244' title='bbox 1468 907 1558 936; x_wconf 84' lang='lat' dir='ltr'>etiam</span> <span class='ocrx_word' id='word_1_245' title='bbox 1571 908 1642 938; x_wconf 77' lang='grc' dir='ltr'>πάν-</span> 
     </span>
     <span class='ocr_line' id='line_1_40' title="bbox 924 949 1641 993; baseline -0.004 -11"><span class='ocrx_word' id='word_1_246' title='bbox 924 963 980 981; x_wconf 81' lang='grc' dir='ltr'>των</span> <span class='ocrx_word' id='word_1_247' title='bbox 994 954 1048 982; x_wconf 72' lang='grc' dir='ltr'>τῶν</span> <span class='ocrx_word' id='word_1_248' title='bbox 1062 950 1090 982; x_wconf 82' lang='grc' dir='ltr'>ἒν</span> <span class='ocrx_word' id='word_1_249' title='bbox 1103 952 1142 993; x_wconf 72' lang='grc' dir='ltr'>τῇ</span> <span class='ocrx_word' id='word_1_250' title='bbox 1156 957 1197 981; x_wconf 86' lang='grc' dir='ltr'>Μ.</span> <span class='ocrx_word' id='word_1_251' title='bbox 1214 949 1452 981; x_wconf 65' lang='grc' dir='ltr'>ἔασιλευσάντων.</span> <span class='ocrx_word' id='word_1_252' title='bbox 1469 951 1507 980; x_wconf 90' lang='lat' dir='ltr'>ab</span> <span class='ocrx_word' id='word_1_253' title='bbox 1523 950 1574 986; x_wconf 87' lang='lat' dir='ltr'>iis,</span> <span class='ocrx_word' id='word_1_254' title='bbox 1588 950 1641 990; x_wconf 86' lang='lat' dir='ltr'>qui</span> 
     </span>
     <span class='ocr_line' id='line_1_41' title="bbox 926 993 1643 1034; baseline -0.003 -9"><span class='ocrx_word' id='word_1_255' title='bbox 926 997 1057 1034; x_wconf 83' lang='lat' dir='ltr'>majores</span> <span class='ocrx_word' id='word_1_256' title='bbox 1076 996 1212 1030; x_wconf 87' lang='lat' dir='ltr'>fuerunt,</span> <span class='ocrx_word' id='word_1_257' title='bbox 1233 1005 1293 1024; x_wconf 90' lang='lat' dir='ltr'>non</span> <span class='ocrx_word' id='word_1_258' title='bbox 1317 994 1407 1034; x_wconf 87' lang='lat' dir='ltr'>hujus</span> <span class='ocrx_word' id='word_1_259' title='bbox 1429 993 1569 1033; x_wconf 81' lang='lat' dir='ltr'>Philippi</span> <span class='ocrx_word' id='word_1_260' title='bbox 1592 1004 1643 1024; x_wconf 88' lang='lat' dir='ltr'>so-</span> 
     </span>
     <span class='ocr_line' id='line_1_42' title="bbox 924 1037 1643 1076; baseline 0 -9"><span class='ocrx_word' id='word_1_261' title='bbox 924 1038 1093 1074; x_wconf 87' lang='lat' dir='ltr'>lummodo,</span> <span class='ocrx_word' id='word_1_262' title='bbox 1110 1038 1167 1067; x_wconf 87' lang='lat' dir='ltr'>sed</span> <span class='ocrx_word' id='word_1_263' title='bbox 1187 1037 1344 1074; x_wconf 81' lang='lat' dir='ltr'>universe,</span> <span class='ocrx_word' id='word_1_264' title='bbox 1368 1047 1474 1076; x_wconf 85' lang='lat' dir='ltr'>regum</span> <span class='ocrx_word' id='word_1_265' title='bbox 1492 1041 1643 1076; x_wconf 84' lang='lat' dir='ltr'>quotquot</span> 
     </span>
     <span class='ocr_line' id='line_1_43' title="bbox 924 1081 1642 1119; baseline 0.001 -9"><span class='ocrx_word' id='word_1_266' title='bbox 924 1081 954 1110; x_wconf 89' lang='lat' dir='ltr'>in</span> <span class='ocrx_word' id='word_1_267' title='bbox 972 1081 1164 1111; x_wconf 81' lang='lat' dir='ltr'>Macedonia</span> <span class='ocrx_word' id='word_1_268' title='bbox 1184 1091 1316 1119; x_wconf 83' lang='lat' dir='ltr'>unquam</span> <span class='ocrx_word' id='word_1_269' title='bbox 1341 1081 1477 1116; x_wconf 82' lang='lat' dir='ltr'>fuerunt,</span> <span class='ocrx_word' id='word_1_270' title='bbox 1495 1081 1642 1111; x_wconf 90' lang='lat' dir='ltr'>omnium.</span> 
     </span>
     <span class='ocr_line' id='line_1_44' title="bbox 923 1124 1640 1163; baseline 0.001 -10"><span class='ocrx_word' id='word_1_271' title='bbox 923 1124 1003 1153; x_wconf 82' lang='lat' dir='ltr'>Nam</span> <span class='ocrx_word' id='word_1_272' title='bbox 1026 1124 1117 1163; x_wconf 87' lang='lat' dir='ltr'>paulo</span> <span class='ocrx_word' id='word_1_273' title='bbox 1140 1124 1246 1153; x_wconf 90' lang='lat' dir='ltr'>durior</span> <span class='ocrx_word' id='word_1_274' title='bbox 1268 1124 1333 1153; x_wconf 76' lang='lat' dir='ltr'>lxaec</span> <span class='ocrx_word' id='word_1_275' title='bbox 1350 1124 1474 1154; x_wconf 81' lang='lat' dir='ltr'>videtur</span> <span class='ocrx_word' id='word_1_276' title='bbox 1497 1129 1640 1154; x_wconf 88' lang='lat' dir='ltr'>constru-</span> 
     </span>
     <span class='ocr_line' id='line_1_45' title="bbox 924 1166 1641 1207; baseline 0.003 -11"><span class='ocrx_word' id='word_1_277' title='bbox 924 1167 987 1196; x_wconf 86' lang='lat' dir='ltr'>ctio</span> <span class='ocrx_word' id='word_1_278' title='bbox 999 1178 1005 1194; x_wconf 90' lang='lat'><strong>:</strong></span> <span class='ocrx_word' id='word_1_279' title='bbox 1023 1167 1051 1197; x_wconf 84' lang='grc' dir='ltr'>οὗ</span> <span class='ocrx_word' id='word_1_280' title='bbox 1061 1168 1140 1207; x_wconf 72' lang='grc' dir='ltr'>παςιὶ</span> <span class='ocrx_word' id='word_1_281' title='bbox 1146 1169 1201 1197; x_wconf 71' lang='grc' dir='ltr'>τᾶν</span> <span class='ocrx_word' id='word_1_282' title='bbox 1212 1166 1313 1196; x_wconf 80' lang='grc' dir='ltr'>τούτου</span> <span class='ocrx_word' id='word_1_283' title='bbox 1321 1167 1453 1207; x_wconf 58' lang='grc' dir='ltr'>προγόνων</span> <span class='ocrx_word' id='word_1_284' title='bbox 1460 1166 1550 1206; x_wconf 79' lang='grc' dir='ltr'>μόνον,</span> <span class='ocrx_word' id='word_1_285' title='bbox 1560 1167 1641 1198; x_wconf 72' lang='grc' dir='ltr'>ἀλλὰ</span> 
     </span>
     <span class='ocr_line' id='line_1_46' title="bbox 922 1209 1639 1251; baseline 0.001 -12"><span class='ocrx_word' id='word_1_286' title='bbox 922 1209 971 1240; x_wconf 73' lang='grc' dir='ltr'>καὶ</span> <span class='ocrx_word' id='word_1_287' title='bbox 989 1212 1068 1251; x_wconf 74' lang='grc' dir='ltr'>παρὰ</span> <span class='ocrx_word' id='word_1_288' title='bbox 1089 1211 1202 1240; x_wconf 76' lang='grc' dir='ltr'>πάντων</span> <span class='ocrx_word' id='word_1_289' title='bbox 1218 1213 1274 1240; x_wconf 75' lang='grc' dir='ltr'>τῶν</span> <span class='ocrx_word' id='word_1_290' title='bbox 1296 1209 1322 1239; x_wconf 81' lang='grc' dir='ltr'>ἒν</span> <span class='ocrx_word' id='word_1_291' title='bbox 1342 1217 1382 1241; x_wconf 88' lang='grc' dir='ltr'>Μ.</span> <span class='ocrx_word' id='word_1_292' title='bbox 1399 1210 1639 1243; x_wconf 76' lang='grc' dir='ltr'>Βασιλευσάντων.</span> 
     </span>
    </p>

    <p class='ocr_par' dir='ltr' id='par_1_16' title="bbox 923 1252 1639 1338">
     <span class='ocr_line' id='line_1_47' title="bbox 967 1252 1639 1294; baseline 0.001 -11"><span class='ocrx_word' id='word_1_293' title='bbox 967 1255 1040 1285; x_wconf 82' lang='lat'>157.</span> <span class='ocrx_word' id='word_1_294' title='bbox 1051 1256 1102 1283; x_wconf 87' lang='lat'>11.</span> <span class='ocrx_word' id='word_1_295' title='bbox 1115 1252 1296 1294; x_wconf 74' lang='grc' dir='ltr'>ξενοτροφεῖν]</span> <span class='ocrx_word' id='word_1_296' title='bbox 1312 1254 1395 1284; x_wconf 79' lang='lat' dir='ltr'>citat</span> <span class='ocrx_word' id='word_1_297' title='bbox 1410 1254 1438 1284; x_wconf 84' lang='lat' dir='ltr'>h.</span> <span class='ocrx_word' id='word_1_298' title='bbox 1449 1254 1470 1284; x_wconf 90' lang='grc'><strong>1.</strong></span> <span class='ocrx_word' id='word_1_299' title='bbox 1485 1254 1596 1284; x_wconf 88' lang='lat' dir='ltr'>Pollux</span> <span class='ocrx_word' id='word_1_300' title='bbox 1609 1256 1639 1284; x_wconf 84' lang='lat'>3.</span> 
     </span>
     <span class='ocr_line' id='line_1_48' title="bbox 923 1296 1214 1338; baseline 0 -12"><span class='ocrx_word' id='word_1_301' title='bbox 923 1298 976 1327; x_wconf 82' lang='lat'>58.</span> <span class='ocrx_word' id='word_1_302' title='bbox 995 1308 1024 1327; x_wconf 81' lang='lat' dir='ltr'>v.</span> <span class='ocrx_word' id='word_1_303' title='bbox 1039 1296 1214 1338; x_wconf 56' lang='grc' dir='ltr'>ξενοτροφεῖν.</span> 
     </span>
    </p>
   </div>
   <div class='ocr_carea' id='block_1_9' title="bbox 507 1469 1301 1513">
    <p class='ocr_par' dir='ltr' id='par_1_17' title="bbox 507 1469 1301 1513">
     <span class='ocr_line' id='line_1_49' title="bbox 507 1469 1301 1513; baseline 0.001 -1"><span class='ocrx_word' id='word_1_304' title='bbox 507 1470 591 1512; x_wconf 93' lang='lat' dir='ltr'>AD</span> <span class='ocrx_word' id='word_1_305' title='bbox 625 1469 976 1513; x_wconf 87' lang='lat' dir='ltr'><strong>EPISTOLAM</strong></span> <span class='ocrx_word' id='word_1_306' title='bbox 1010 1469 1301 1513; x_wconf 88' lang='lat' dir='ltr'>PHILIPPI.</span> 
     </span>
    </p>
   </div>
   <div class='ocr_carea' id='block_1_10' title="bbox 171 1588 892 3086">
    <p class='ocr_par' dir='ltr' id='par_1_18' title="bbox 205 1588 888 1631">
     <span class='ocr_line' id='line_1_50' title="bbox 205 1588 888 1631; baseline 0.001 -12"><span class='ocrx_word' id='word_1_307' title='bbox 205 1590 281 1621; x_wconf 85' lang='lat'>159.</span> <span class='ocrx_word' id='word_1_308' title='bbox 291 1592 322 1620; x_wconf 70' lang='grc' dir='ltr'><strong>Ξ.</strong></span> <span class='ocrx_word' id='word_1_309' title='bbox 332 1588 542 1631; x_wconf 70' lang='grc' dir='ltr'>ἅρπασθέντος]</span> <span class='ocrx_word' id='word_1_310' title='bbox 555 1600 626 1620; x_wconf 89' lang='lat' dir='ltr'>num</span> <span class='ocrx_word' id='word_1_311' title='bbox 636 1588 888 1630; x_wconf 65' lang='grc' dir='ltr'>ἀναςπασθέντοςὲ</span> 
     </span>
    </p>

    <p class='ocr_par' dir='ltr' id='par_1_19' title="bbox 172 1631 890 1966">
     <span class='ocr_line' id='line_1_51' title="bbox 216 1631 890 1674; baseline -0.001 -10"><span class='ocrx_word' id='word_1_312' title='bbox 216 1649 260 1656; x_wconf 84' lang='grc'>--</span> <span class='ocrx_word' id='word_1_313' title='bbox 274 1635 304 1664; x_wconf 84' lang='grc'>3.</span> <span class='ocrx_word' id='word_1_314' title='bbox 330 1632 417 1674; x_wconf 75' lang='grc' dir='ltr'>δίκην]</span> <span class='ocrx_word' id='word_1_315' title='bbox 443 1634 592 1664; x_wconf 83' lang='lat' dir='ltr'>vocabula</span> <span class='ocrx_word' id='word_1_316' title='bbox 612 1632 656 1664; x_wconf 72' lang='grc' dir='ltr'>ὅτι</span> <span class='ocrx_word' id='word_1_317' title='bbox 679 1635 728 1664; x_wconf 74' lang='grc' dir='ltr'>τὴν</span> <span class='ocrx_word' id='word_1_318' title='bbox 751 1631 834 1669; x_wconf 77' lang='grc' dir='ltr'>δίκην,</span> <span class='ocrx_word' id='word_1_319' title='bbox 856 1639 890 1664; x_wconf 86' lang='lat' dir='ltr'>ut</span> 
     </span>
     <span class='ocr_line' id='line_1_52' title="bbox 173 1676 890 1716; baseline 0.003 -11"><span class='ocrx_word' id='word_1_320' title='bbox 173 1677 372 1714; x_wconf 79' lang='lat' dir='ltr'>amputanda,</span> <span class='ocrx_word' id='word_1_321' title='bbox 397 1677 482 1706; x_wconf 83' lang='lat' dir='ltr'>uncis</span> <span class='ocrx_word' id='word_1_322' title='bbox 503 1676 627 1712; x_wconf 81' lang='lat' dir='ltr'>inclusi,</span> <span class='ocrx_word' id='word_1_323' title='bbox 643 1686 713 1706; x_wconf 88' lang='lat' dir='ltr'>cum</span> <span class='ocrx_word' id='word_1_324' title='bbox 734 1676 805 1715; x_wconf 81' lang='lat' dir='ltr'>quia</span> <span class='ocrx_word' id='word_1_325' title='bbox 823 1676 890 1716; x_wconf 85' lang='lat' dir='ltr'>ple-</span> 
     </span>
     <span class='ocr_line' id='line_1_53' title="bbox 172 1718 889 1759; baseline 0.001 -11"><span class='ocrx_word' id='word_1_326' title='bbox 172 1718 277 1759; x_wconf 88' lang='lat' dir='ltr'>risque</span> <span class='ocrx_word' id='word_1_327' title='bbox 299 1720 410 1750; x_wconf 84' lang='lat' dir='ltr'>absunt</span> <span class='ocrx_word' id='word_1_328' title='bbox 424 1730 443 1750; x_wconf 83' lang='lat' dir='ltr'>a</span> <span class='ocrx_word' id='word_1_329' title='bbox 457 1720 631 1756; x_wconf 76' lang='lat' dir='ltr'>codicibus,</span> <span class='ocrx_word' id='word_1_330' title='bbox 646 1725 710 1749; x_wconf 80' lang='lat' dir='ltr'>turn</span> <span class='ocrx_word' id='word_1_331' title='bbox 726 1720 798 1758; x_wconf 90' lang='lat' dir='ltr'>quia</span> <span class='ocrx_word' id='word_1_332' title='bbox 821 1731 889 1750; x_wconf 89' lang='lat' dir='ltr'>sen-</span> 
     </span>
     <span class='ocr_line' id='line_1_54' title="bbox 174 1763 889 1793; baseline 0.001 -2"><span class='ocrx_word' id='word_1_333' title='bbox 174 1763 300 1792; x_wconf 76' lang='lat' dir='ltr'>tentiam</span> <span class='ocrx_word' id='word_1_334' title='bbox 319 1763 533 1793; x_wconf 80' lang='lat' dir='ltr'>interturbant.</span> <span class='ocrx_word' id='word_1_335' title='bbox 550 1763 674 1793; x_wconf 85' lang='lat' dir='ltr'>videtur</span> <span class='ocrx_word' id='word_1_336' title='bbox 699 1763 772 1793; x_wconf 87' lang='lat' dir='ltr'>olim</span> <span class='ocrx_word' id='word_1_337' title='bbox 795 1763 836 1792; x_wconf 87' lang='lat' dir='ltr'>iis</span> <span class='ocrx_word' id='word_1_338' title='bbox 859 1764 889 1793; x_wconf 82' lang='lat' dir='ltr'>in</span> 
     </span>
     <span class='ocr_line' id='line_1_55' title="bbox 173 1804 889 1842; baseline 0.003 -8"><span class='ocrx_word' id='word_1_339' title='bbox 173 1804 273 1842; x_wconf 88' lang='lat' dir='ltr'>libris,</span> <span class='ocrx_word' id='word_1_340' title='bbox 287 1806 368 1836; x_wconf 85' lang='lat' dir='ltr'>unde</span> <span class='ocrx_word' id='word_1_341' title='bbox 384 1806 497 1836; x_wconf 84' lang='lat' dir='ltr'>tradita</span> <span class='ocrx_word' id='word_1_342' title='bbox 519 1807 607 1837; x_wconf 87' lang='lat' dir='ltr'>nobis</span> <span class='ocrx_word' id='word_1_343' title='bbox 624 1810 705 1841; x_wconf 86' lang='lat' dir='ltr'>sunt,</span> <span class='ocrx_word' id='word_1_344' title='bbox 730 1806 775 1836; x_wconf 84' lang='lat' dir='ltr'>ita</span> <span class='ocrx_word' id='word_1_345' title='bbox 795 1806 889 1836; x_wconf 83' lang='lat' dir='ltr'>fuisse</span> 
     </span>
     <span class='ocr_line' id='line_1_56' title="bbox 173 1847 890 1890; baseline 0.001 -12"><span class='ocrx_word' id='word_1_346' title='bbox 173 1853 353 1881; x_wconf 85' lang='lat' dir='ltr'>exaratum:</span> <span class='ocrx_word' id='word_1_347' title='bbox 369 1847 571 1890; x_wconf 68' lang='grc' dir='ltr'>ἐπετιμήσατε</span> <span class='ocrx_word' id='word_1_348' title='bbox 587 1848 642 1885; x_wconf 70' lang='grc' dir='ltr'>δ’,τι</span> <span class='ocrx_word' id='word_1_349' title='bbox 658 1847 688 1878; x_wconf 75' lang='grc' dir='ltr'>’ἰῖν</span> <span class='ocrx_word' id='word_1_350' title='bbox 702 1847 812 1879; x_wconf 80' lang='grc' dir='ltr'>δίκαιον.</span> <span class='ocrx_word' id='word_1_351' title='bbox 830 1860 890 1879; x_wconf 92' lang='lat' dir='ltr'>non</span> 
     </span>
     <span class='ocr_line' id='line_1_57' title="bbox 173 1891 889 1933; baseline 0 -11"><span class='ocrx_word' id='word_1_352' title='bbox 173 1891 370 1931; x_wconf 79' lang='lat' dir='ltr'>increpastis,</span> <span class='ocrx_word' id='word_1_353' title='bbox 382 1903 441 1922; x_wconf 88' lang='lat' dir='ltr'>non</span> <span class='ocrx_word' id='word_1_354' title='bbox 452 1893 724 1928; x_wconf 82' lang='lat' dir='ltr'>animadvertistis,</span> <span class='ocrx_word' id='word_1_355' title='bbox 736 1894 889 1933; x_wconf 86' lang='lat' dir='ltr'>proutjus</span> 
     </span>
     <span class='ocr_line' id='line_1_58' title="bbox 176 1935 358 1966; baseline 0.011 -2"><span class='ocrx_word' id='word_1_356' title='bbox 176 1939 209 1965; x_wconf 86' lang='lat' dir='ltr'>et</span> <span class='ocrx_word' id='word_1_357' title='bbox 221 1935 268 1965; x_wconf 84' lang='lat' dir='ltr'>fas</span> <span class='ocrx_word' id='word_1_358' title='bbox 281 1940 358 1966; x_wconf 86' lang='lat' dir='ltr'>erat.</span> 
     </span>
    </p>

    <p class='ocr_par' dir='ltr' id='par_1_20' title="bbox 173 1976 889 2094">
     <span class='ocr_line' id='line_1_59' title="bbox 217 1976 889 2020; baseline 0.001 -13"><span class='ocrx_word' id='word_1_359' title='bbox 217 1994 262 2000; x_wconf 92' lang='lat'>—</span> <span class='ocrx_word' id='word_1_360' title='bbox 271 1979 304 2008; x_wconf 75' lang='lat'>7.</span> <span class='ocrx_word' id='word_1_361' title='bbox 314 1979 380 2012; x_wconf 69' lang='lat' dir='ltr'>‘robe</span> <span class='ocrx_word' id='word_1_362' title='bbox 393 1977 591 2020; x_wconf 78' lang='grc' dir='ltr'>Βουλομένους]</span> <span class='ocrx_word' id='word_1_363' title='bbox 609 1978 676 2008; x_wconf 86' lang='lat' dir='ltr'>scil.</span> <span class='ocrx_word' id='word_1_364' title='bbox 690 1976 782 2008; x_wconf 75' lang='grc' dir='ltr'>ἐκεῖσε</span> <span class='ocrx_word' id='word_1_365' title='bbox 796 1989 889 2008; x_wconf 80' lang='grc' dir='ltr'>κατα-</span> 
     </span>
     <span class='ocr_line' id='line_1_60' title="bbox 174 2019 888 2062; baseline 0.001 -12"><span class='ocrx_word' id='word_1_366' title='bbox 174 2019 294 2060; x_wconf 77' lang='grc' dir='ltr'>φεύγειν.</span> <span class='ocrx_word' id='word_1_367' title='bbox 309 2020 384 2051; x_wconf 86' lang='lat' dir='ltr'>illuc</span> <span class='ocrx_word' id='word_1_368' title='bbox 400 2022 626 2061; x_wconf 78' lang='lat' dir='ltr'>confugientes,</span> <span class='ocrx_word' id='word_1_369' title='bbox 641 2021 713 2051; x_wconf 85' lang='lat' dir='ltr'>illuc</span> <span class='ocrx_word' id='word_1_370' title='bbox 729 2025 888 2062; x_wconf 84' lang='lat' dir='ltr'>receptum</span> 
     </span>
     <span class='ocr_line' id='line_1_61' title="bbox 173 2064 335 2094; baseline 0 -1"><span class='ocrx_word' id='word_1_371' title='bbox 173 2064 335 2094; x_wconf 78' lang='lat' dir='ltr'>habentes.</span> 
     </span>
    </p>

    <p class='ocr_par' dir='ltr' id='par_1_21' title="bbox 173 2104 889 2189">
     <span class='ocr_line' id='line_1_62' title="bbox 217 2104 889 2147; baseline -0.001 -9"><span class='ocrx_word' id='word_1_372' title='bbox 217 2123 258 2129; x_wconf 86' lang='lat'><em>—</em></span> <span class='ocrx_word' id='word_1_373' title='bbox 271 2110 323 2138; x_wconf 70' lang='lat'>24.</span> <span class='ocrx_word' id='word_1_374' title='bbox 338 2104 500 2147; x_wconf 79' lang='grc' dir='ltr'>φαίνεσθαι]</span> <span class='ocrx_word' id='word_1_375' title='bbox 515 2112 587 2147; x_wconf 83' lang='lat' dir='ltr'>post</span> <span class='ocrx_word' id='word_1_376' title='bbox 600 2105 746 2147; x_wconf 75' lang='grc' dir='ltr'>φαίνεσθαι</span> <span class='ocrx_word' id='word_1_377' title='bbox 758 2107 889 2138; x_wconf 88' lang='lat' dir='ltr'>subaudi</span> 
     </span>
     <span class='ocr_line' id='line_1_63' title="bbox 173 2150 847 2189; baseline -0.001 -9"><span class='ocrx_word' id='word_1_378' title='bbox 173 2150 286 2186; x_wconf 65' lang='grc' dir='ltr'>ταῦτα,</span> <span class='ocrx_word' id='word_1_379' title='bbox 301 2160 481 2189; x_wconf 82' lang='lat' dir='ltr'>quamquam</span> <span class='ocrx_word' id='word_1_380' title='bbox 498 2151 572 2181; x_wconf 92' lang='lat' dir='ltr'>addi</span> <span class='ocrx_word' id='word_1_381' title='bbox 588 2151 693 2189; x_wconf 87' lang='lat' dir='ltr'>utique</span> <span class='ocrx_word' id='word_1_382' title='bbox 710 2154 847 2189; x_wconf 83' lang='lat' dir='ltr'>praestet.</span> 
     </span>
    </p>

    <p class='ocr_par' dir='ltr' id='par_1_22' title="bbox 172 2191 892 2536">
     <span class='ocr_line' id='line_1_64' title="bbox 219 2191 890 2234; baseline 0.001 -11"><span class='ocrx_word' id='word_1_383' title='bbox 219 2195 293 2223; x_wconf 88' lang='lat'>160.</span> <span class='ocrx_word' id='word_1_384' title='bbox 309 2196 338 2224; x_wconf 73' lang='lat'>2.</span> <span class='ocrx_word' id='word_1_385' title='bbox 364 2191 450 2223; x_wconf 79' lang='grc' dir='ltr'>ἔσται</span> <span class='ocrx_word' id='word_1_386' title='bbox 464 2192 627 2234; x_wconf 69' lang='grc' dir='ltr'>καινότεςον]</span> <span class='ocrx_word' id='word_1_387' title='bbox 648 2194 680 2223; x_wconf 86' lang='lat' dir='ltr'>id</span> <span class='ocrx_word' id='word_1_388' title='bbox 696 2197 757 2229; x_wconf 87' lang='lat' dir='ltr'>est,</span> <span class='ocrx_word' id='word_1_389' title='bbox 776 2194 890 2230; x_wconf 71' lang='grc' dir='ltr'>γενήσε·</span> 
     </span>
     <span class='ocr_line' id='line_1_65' title="bbox 173 2235 891 2277; baseline 0.001 -12"><span class='ocrx_word' id='word_1_390' title='bbox 173 2247 221 2265; x_wconf 82' lang='grc' dir='ltr'>ται</span> <span class='ocrx_word' id='word_1_391' title='bbox 231 2236 282 2266; x_wconf 84' lang='lat' dir='ltr'>vel</span> <span class='ocrx_word' id='word_1_392' title='bbox 295 2235 411 2277; x_wconf 75' lang='grc' dir='ltr'>ὑπάρξει</span> <span class='ocrx_word' id='word_1_393' title='bbox 423 2235 489 2276; x_wconf 74' lang='grc' dir='ltr'>παρ’</span> <span class='ocrx_word' id='word_1_394' title='bbox 501 2237 578 2276; x_wconf 77' lang='grc' dir='ltr'>ὑμῶν</span> <span class='ocrx_word' id='word_1_395' title='bbox 590 2236 677 2266; x_wconf 72' lang='grc' dir='ltr'>καινὸν</span> <span class='ocrx_word' id='word_1_396' title='bbox 687 2235 756 2270; x_wconf 70' lang='grc' dir='ltr'>εἶδος</span> <span class='ocrx_word' id='word_1_397' title='bbox 767 2237 891 2273; x_wconf 73' lang='grc' dir='ltr'>ἀδικίας,</span> 
     </span>
     <span class='ocr_line' id='line_1_66' title="bbox 172 2278 890 2322; baseline 0 -14"><span class='ocrx_word' id='word_1_398' title='bbox 172 2279 258 2310; x_wconf 67' lang='grc' dir='ltr'>οὔπω</span> <span class='ocrx_word' id='word_1_399' title='bbox 281 2278 406 2322; x_wconf 73' lang='grc' dir='ltr'>πρότεςον</span> <span class='ocrx_word' id='word_1_400' title='bbox 425 2278 474 2319; x_wconf 80' lang='grc' dir='ltr'>ὑφ’</span> <span class='ocrx_word' id='word_1_401' title='bbox 494 2280 571 2319; x_wconf 78' lang='grc' dir='ltr'>ὑμῶν</span> <span class='ocrx_word' id='word_1_402' title='bbox 593 2279 660 2309; x_wconf 82' lang='grc' dir='ltr'>κατ’</span> <span class='ocrx_word' id='word_1_403' title='bbox 677 2278 748 2319; x_wconf 77' lang='grc' dir='ltr'>ἐμοῦ</span> <span class='ocrx_word' id='word_1_404' title='bbox 771 2291 890 2320; x_wconf 70' lang='grc' dir='ltr'>πετο-ςα-</span> 
     </span>
     <span class='ocr_line' id='line_1_67' title="bbox 172 2322 890 2363; baseline 0.001 -11"><span class='ocrx_word' id='word_1_405' title='bbox 172 2322 384 2363; x_wconf 78' lang='grc' dir='ltr'>γματευμὲνον.</span> <span class='ocrx_word' id='word_1_406' title='bbox 402 2324 521 2362; x_wconf 90' lang='lat' dir='ltr'>ecquod</span> <span class='ocrx_word' id='word_1_407' title='bbox 545 2324 696 2353; x_wconf 85' lang='lat' dir='ltr'>exsistere</span> <span class='ocrx_word' id='word_1_408' title='bbox 715 2324 817 2363; x_wconf 88' lang='lat' dir='ltr'>possit</span> <span class='ocrx_word' id='word_1_409' title='bbox 837 2334 890 2353; x_wconf 90' lang='lat' dir='ltr'>no—</span> 
     </span>
     <span class='ocr_line' id='line_1_68' title="bbox 175 2366 890 2405; baseline 0.003 -10"><span class='ocrx_word' id='word_1_410' title='bbox 175 2375 248 2395; x_wconf 84' lang='lat' dir='ltr'>vum</span> <span class='ocrx_word' id='word_1_411' title='bbox 263 2366 443 2405; x_wconf 83' lang='lat' dir='ltr'>injuriarum</span> <span class='ocrx_word' id='word_1_412' title='bbox 458 2377 566 2405; x_wconf 85' lang='lat' dir='ltr'>genus,</span> <span class='ocrx_word' id='word_1_413' title='bbox 583 2367 663 2397; x_wconf 84' lang='lat' dir='ltr'>bello</span> <span class='ocrx_word' id='word_1_414' title='bbox 677 2367 826 2396; x_wconf 86' lang='lat' dir='ltr'>adversus</span> <span class='ocrx_word' id='word_1_415' title='bbox 842 2377 890 2397; x_wconf 92' lang='lat' dir='ltr'>me</span> 
     </span>
     <span class='ocr_line' id='line_1_69' title="bbox 175 2409 892 2449; baseline 0.001 -11"><span class='ocrx_word' id='word_1_416' title='bbox 175 2409 275 2447; x_wconf 79' lang='lat' dir='ltr'>palam</span> <span class='ocrx_word' id='word_1_417' title='bbox 290 2419 308 2438; x_wconf 90' lang='lat' dir='ltr'>a</span> <span class='ocrx_word' id='word_1_418' title='bbox 324 2409 413 2439; x_wconf 73' lang='lat' dir='ltr'>vobis</span> <span class='ocrx_word' id='word_1_419' title='bbox 423 2409 591 2446; x_wconf 80' lang='lat' dir='ltr'>declarato,</span> <span class='ocrx_word' id='word_1_420' title='bbox 607 2410 688 2449; x_wconf 83' lang='lat' dir='ltr'>quod</span> <span class='ocrx_word' id='word_1_421' title='bbox 707 2420 724 2438; x_wconf 87' lang='lat' dir='ltr'>a</span> <span class='ocrx_word' id='word_1_422' title='bbox 736 2410 826 2440; x_wconf 86' lang='lat' dir='ltr'>vobis</span> <span class='ocrx_word' id='word_1_423' title='bbox 839 2421 892 2440; x_wconf 88' lang='lat' dir='ltr'>an-</span> 
     </span>
     <span class='ocr_line' id='line_1_70' title="bbox 172 2452 890 2492; baseline 0.003 -11"><span class='ocrx_word' id='word_1_424' title='bbox 172 2458 225 2481; x_wconf 82' lang='lat' dir='ltr'>tea</span> <span class='ocrx_word' id='word_1_425' title='bbox 248 2452 378 2482; x_wconf 81' lang='lat' dir='ltr'>nondum</span> <span class='ocrx_word' id='word_1_426' title='bbox 403 2452 514 2483; x_wconf 77' lang='lat' dir='ltr'>fuisset</span> <span class='ocrx_word' id='word_1_427' title='bbox 542 2453 755 2488; x_wconf 85' lang='lat' dir='ltr'>exercitatum,</span> <span class='ocrx_word' id='word_1_428' title='bbox 782 2464 890 2492; x_wconf 80' lang='lat' dir='ltr'>pacem</span> 
     </span>
     <span class='ocr_line' id='line_1_71' title="bbox 172 2494 703 2536; baseline 0.004 -12"><span class='ocrx_word' id='word_1_429' title='bbox 172 2494 341 2525; x_wconf 72' lang='lat' dir='ltr'>sublestam</span> <span class='ocrx_word' id='word_1_430' title='bbox 357 2495 438 2524; x_wconf 91' lang='lat' dir='ltr'>mala</span> <span class='ocrx_word' id='word_1_431' title='bbox 453 2496 512 2525; x_wconf 81' lang='lat' dir='ltr'>fide</span> <span class='ocrx_word' id='word_1_432' title='bbox 528 2497 703 2536; x_wconf 84' lang='lat' dir='ltr'>agentibus.</span> 
     </span>
    </p>

    <p class='ocr_par' dir='ltr' id='par_1_23' title="bbox 172 2539 891 2612">
     <span class='ocr_line' id='line_1_72' title="bbox 216 2539 891 2581; baseline 0 -11"><span class='ocrx_word' id='word_1_433' title='bbox 216 2541 302 2570; x_wconf 88' lang='lat'>—5.</span> <span class='ocrx_word' id='word_1_434' title='bbox 325 2539 361 2572; x_wconf 76' lang='grc' dir='ltr'>ὡς</span> <span class='ocrx_word' id='word_1_435' title='bbox 381 2539 474 2581; x_wconf 74' lang='grc' dir='ltr'>ἡμᾶς]</span> <span class='ocrx_word' id='word_1_436' title='bbox 499 2540 537 2569; x_wconf 76' lang='lat' dir='ltr'>ad</span> <span class='ocrx_word' id='word_1_437' title='bbox 559 2550 617 2575; x_wconf 91' lang='lat' dir='ltr'>me,</span> <span class='ocrx_word' id='word_1_438' title='bbox 642 2539 891 2580; x_wconf 82' lang='lat' dir='ltr'>Macedonasque</span> 
     </span>
     <span class='ocr_line' id='line_1_73' title="bbox 172 2590 270 2612; baseline 0.01 -1"><span class='ocrx_word' id='word_1_439' title='bbox 172 2590 270 2612; x_wconf 76' lang='lat' dir='ltr'>meos-</span> 
     </span>
    </p>

    <p class='ocr_par' dir='ltr' id='par_1_24' title="bbox 171 2623 888 2702">
     <span class='ocr_line' id='line_1_74' title="bbox 214 2623 888 2665; baseline 0.004 -12"><span class='ocrx_word' id='word_1_440' title='bbox 214 2641 258 2648; x_wconf 78' lang='lat'>—-</span> <span class='ocrx_word' id='word_1_441' title='bbox 274 2626 304 2654; x_wconf 88' lang='lat'>8.</span> <span class='ocrx_word' id='word_1_442' title='bbox 331 2623 495 2665; x_wconf 80' lang='grc' dir='ltr'>πείσοντας]</span> <span class='ocrx_word' id='word_1_443' title='bbox 522 2625 644 2655; x_wconf 89' lang='lat' dir='ltr'>mallem</span> <span class='ocrx_word' id='word_1_444' title='bbox 668 2635 737 2656; x_wconf 90' lang='lat' dir='ltr'>cum</span> <span class='ocrx_word' id='word_1_445' title='bbox 759 2625 888 2656; x_wconf 85' lang='lat' dir='ltr'>articulo</span> 
     </span>
     <span class='ocr_line' id='line_1_75' title="bbox 171 2665 408 2702; baseline -0.004 -5"><span class='ocrx_word' id='word_1_446' title='bbox 171 2668 238 2702; x_wconf 87' lang='grc' dir='ltr'>τους</span> <span class='ocrx_word' id='word_1_447' title='bbox 248 2665 408 2702; x_wconf 72' lang='grc' dir='ltr'>πείσοντας.</span> 
     </span>
    </p>

    <p class='ocr_par' dir='ltr' id='par_1_25' title="bbox 172 2709 891 3053">
     <span class='ocr_line' id='line_1_76' title="bbox 215 2709 891 2754; baseline 0.003 -14"><span class='ocrx_word' id='word_1_448' title='bbox 215 2727 259 2734; x_wconf 91' lang='lat'>——</span> <span class='ocrx_word' id='word_1_449' title='bbox 273 2713 324 2741; x_wconf 81' lang='lat'>14.</span> <span class='ocrx_word' id='word_1_450' title='bbox 339 2709 614 2752; x_wconf 80' lang='grc' dir='ltr'>ἐπισυμμαχίας]’</span> <span class='ocrx_word' id='word_1_451' title='bbox 605 2710 832 2754; x_wconf 71' lang='grc' dir='ltr'>εωισυμμαχία</span> <span class='ocrx_word' id='word_1_452' title='bbox 843 2718 891 2742; x_wconf 81' lang='lat' dir='ltr'>est</span> 
     </span>
     <span class='ocr_line' id='line_1_77' title="bbox 173 2753 890 2794; baseline 0.003 -11"><span class='ocrx_word' id='word_1_453' title='bbox 173 2753 284 2789; x_wconf 83' lang='lat' dir='ltr'>foedus,</span> <span class='ocrx_word' id='word_1_454' title='bbox 310 2765 364 2794; x_wconf 84' lang='lat' dir='ltr'>par</span> <span class='ocrx_word' id='word_1_455' title='bbox 378 2754 594 2784; x_wconf 77' lang='lat' dir='ltr'>soederatmum</span> <span class='ocrx_word' id='word_1_456' title='bbox 621 2755 702 2784; x_wconf 89' lang='lat' dir='ltr'>inter</span> <span class='ocrx_word' id='word_1_457' title='bbox 725 2765 792 2784; x_wconf 85' lang='lat' dir='ltr'>sese</span> <span class='ocrx_word' id='word_1_458' title='bbox 813 2756 890 2786; x_wconf 84' lang='lat' dir='ltr'>obli-</span> 
     </span>
     <span class='ocr_line' id='line_1_78' title="bbox 173 2797 887 2836; baseline 0.003 -10"><span class='ocrx_word' id='word_1_459' title='bbox 173 2807 248 2836; x_wconf 79' lang='lat' dir='ltr'>gans</span> <span class='ocrx_word' id='word_1_460' title='bbox 263 2797 300 2827; x_wconf 84' lang='lat' dir='ltr'>ad</span> <span class='ocrx_word' id='word_1_461' title='bbox 315 2798 472 2827; x_wconf 83' lang='lat' dir='ltr'>serendum</span> <span class='ocrx_word' id='word_1_462' title='bbox 496 2798 527 2827; x_wconf 89' lang='lat' dir='ltr'>in</span> <span class='ocrx_word' id='word_1_463' title='bbox 550 2797 630 2828; x_wconf 85' lang='lat' dir='ltr'>bello</span> <span class='ocrx_word' id='word_1_464' title='bbox 648 2803 786 2828; x_wconf 79' lang='lat' dir='ltr'>mutuum</span> <span class='ocrx_word' id='word_1_465' title='bbox 802 2799 887 2830; x_wconf 71' lang='lat' dir='ltr'>auxi-</span> 
     </span>
     <span class='ocr_line' id='line_1_79' title="bbox 172 2840 889 2881; baseline 0.003 -11"><span class='ocrx_word' id='word_1_466' title='bbox 172 2840 258 2876; x_wconf 84' lang='lat' dir='ltr'>linm,</span> <span class='ocrx_word' id='word_1_467' title='bbox 275 2844 310 2870; x_wconf 81' lang='lat' dir='ltr'>ut</span> <span class='ocrx_word' id='word_1_468' title='bbox 323 2841 349 2871; x_wconf 93' lang='lat' dir='ltr'>si</span> <span class='ocrx_word' id='word_1_469' title='bbox 365 2851 393 2871; x_wconf 87' lang='lat' dir='ltr'>e.</span> <span class='ocrx_word' id='word_1_470' title='bbox 407 2851 435 2871; x_wconf 89' lang='lat' dir='ltr'>c.</span> <span class='ocrx_word' id='word_1_471' title='bbox 458 2842 565 2871; x_wconf 81' lang='lat' dir='ltr'>Persae</span> <span class='ocrx_word' id='word_1_472' title='bbox 589 2852 606 2870; x_wconf 87' lang='lat' dir='ltr'>a</span> <span class='ocrx_word' id='word_1_473' title='bbox 628 2841 774 2881; x_wconf 84' lang='lat' dir='ltr'>Philippo</span> <span class='ocrx_word' id='word_1_474' title='bbox 795 2843 889 2872; x_wconf 84' lang='lat' dir='ltr'>armis</span> 
     </span>
     <span class='ocr_line' id='line_1_80' title="bbox 173 2884 891 2923; baseline 0.004 -11"><span class='ocrx_word' id='word_1_475' title='bbox 173 2887 403 2923; x_wconf 79' lang='lat' dir='ltr'>appeterentur,</span> <span class='ocrx_word' id='word_1_476' title='bbox 415 2893 541 2914; x_wconf 88' lang='lat' dir='ltr'>necesse</span> <span class='ocrx_word' id='word_1_477' title='bbox 556 2884 794 2914; x_wconf 86' lang='lat' dir='ltr'>Atheniensibus</span> <span class='ocrx_word' id='word_1_478' title='bbox 808 2892 891 2916; x_wconf 78' lang='lat' dir='ltr'>esset</span> 
     </span>
     <span class='ocr_line' id='line_1_81' title="bbox 173 2927 889 2967; baseline 0.003 -11"><span class='ocrx_word' id='word_1_479' title='bbox 173 2936 363 2957; x_wconf 78' lang='lat' dir='ltr'>succurrere.</span> <span class='ocrx_word' id='word_1_480' title='bbox 383 2932 414 2957; x_wconf 89' lang='lat' dir='ltr'>et</span> <span class='ocrx_word' id='word_1_481' title='bbox 427 2938 545 2963; x_wconf 82' lang='lat' dir='ltr'>rursus,</span> <span class='ocrx_word' id='word_1_482' title='bbox 563 2927 708 2967; x_wconf 83' lang='lat' dir='ltr'>Philippo</span> <span class='ocrx_word' id='word_1_483' title='bbox 727 2928 889 2958; x_wconf 74' lang='lat' dir='ltr'>Athenien-</span> 
     </span>
     <span class='ocr_line' id='line_1_82' title="bbox 173 2970 890 3009; baseline 0.004 -11"><span class='ocrx_word' id='word_1_484' title='bbox 173 2979 224 2998; x_wconf 86' lang='lat' dir='ltr'>ses</span> <span class='ocrx_word' id='word_1_485' title='bbox 240 2970 451 3009; x_wconf 76' lang='lat' dir='ltr'>aggrediente,</span> <span class='ocrx_word' id='word_1_486' title='bbox 476 2972 581 3001; x_wconf 84' lang='lat' dir='ltr'>Persae</span> <span class='ocrx_word' id='word_1_487' title='bbox 600 2975 779 3001; x_wconf 78' lang='lat' dir='ltr'>tenerentur</span> <span class='ocrx_word' id='word_1_488' title='bbox 795 2972 890 3002; x_wconf 76' lang='lat' dir='ltr'>Athe-</span> 
     </span>
     <span class='ocr_line' id='line_1_83' title="bbox 172 3012 889 3053; baseline 0.003 -11"><span class='ocrx_word' id='word_1_489' title='bbox 172 3012 330 3042; x_wconf 88' lang='lat' dir='ltr'>niensibus</span> <span class='ocrx_word' id='word_1_490' title='bbox 346 3024 434 3053; x_wconf 88' lang='lat' dir='ltr'>opem</span> <span class='ocrx_word' id='word_1_491' title='bbox 457 3014 545 3044; x_wconf 72' lang='lat' dir='ltr'>fen-re.</span> <span class='ocrx_word' id='word_1_492' title='bbox 591 3015 701 3045; x_wconf 81' lang='lat' dir='ltr'>Lectio</span> <span class='ocrx_word' id='word_1_493' title='bbox 725 3015 889 3046; x_wconf 78' lang='lat' dir='ltr'>VVollianoe</span> 
     </span>
    </p>

    <p class='ocr_par' dir='ltr' id='par_1_26' title="bbox 217 3066 339 3086">
     <span class='ocr_line' id='line_1_84' title="bbox 217 3066 339 3086; baseline -0.008 0"><span class='ocrx_word' id='word_1_494' title='bbox 217 3066 292 3086; x_wconf 65' lang='lat' dir='ltr'>vm..</span> <span class='ocrx_word' id='word_1_495' title='bbox 309 3066 339 3085; x_wconf 82' lang='lat' dir='ltr'>v.</span> 
     </span>
    </p>
   </div>
   <div class='ocr_carea' id='block_1_11' title="bbox 923 1587 1647 3089">
    <p class='ocr_par' dir='ltr' id='par_1_27' title="bbox 923 1587 1642 2104">
     <span class='ocr_line' id='line_1_85' title="bbox 924 1587 1640 1629; baseline -0.001 -10"><span class='ocrx_word' id='word_1_496' title='bbox 924 1589 1070 1620; x_wconf 79' lang='lat' dir='ltr'>editionis</span> <span class='ocrx_word' id='word_1_497' title='bbox 1084 1591 1135 1623; x_wconf 74' lang='grc' dir='ltr'>τῆς</span> <span class='ocrx_word' id='word_1_498' title='bbox 1155 1587 1203 1619; x_wconf 75' lang='grc' dir='ltr'>ἐπ’</span> <span class='ocrx_word' id='word_1_499' title='bbox 1216 1587 1272 1627; x_wconf 74' lang='grc' dir='ltr'>ἐμὲ</span> <span class='ocrx_word' id='word_1_500' title='bbox 1287 1587 1472 1629; x_wconf 85' lang='grc' dir='ltr'>συμμαχίας</span> <span class='ocrx_word' id='word_1_501' title='bbox 1488 1599 1640 1619; x_wconf 85' lang='lat' dir='ltr'>commen-</span> 
     </span>
     <span class='ocr_line' id='line_1_86' title="bbox 923 1632 1640 1673; baseline -0.001 -11"><span class='ocrx_word' id='word_1_502' title='bbox 923 1639 988 1662; x_wconf 88' lang='lat' dir='ltr'>tum</span> <span class='ocrx_word' id='word_1_503' title='bbox 1007 1638 1056 1662; x_wconf 82' lang='lat' dir='ltr'>est</span> <span class='ocrx_word' id='word_1_504' title='bbox 1070 1632 1167 1673; x_wconf 87' lang='lat' dir='ltr'>ipsius</span> <span class='ocrx_word' id='word_1_505' title='bbox 1183 1632 1308 1667; x_wconf 78' lang='lat' dir='ltr'>Wolfii,</span> <span class='ocrx_word' id='word_1_506' title='bbox 1323 1632 1508 1662; x_wconf 82' lang='lat' dir='ltr'>anctoritate</span> <span class='ocrx_word' id='word_1_507' title='bbox 1525 1633 1640 1662; x_wconf 87' lang='lat' dir='ltr'>nullius</span> 
     </span>
     <span class='ocr_line' id='line_1_87' title="bbox 924 1675 1640 1714; baseline 0 -9"><span class='ocrx_word' id='word_1_508' title='bbox 924 1676 1065 1707; x_wconf 75' lang='lat' dir='ltr'>codicum</span> <span class='ocrx_word' id='word_1_509' title='bbox 1082 1675 1216 1706; x_wconf 88' lang='lat' dir='ltr'>omnium</span> <span class='ocrx_word' id='word_1_510' title='bbox 1237 1675 1413 1705; x_wconf 80' lang='lat' dir='ltr'>subnixum.</span> <span class='ocrx_word' id='word_1_511' title='bbox 1460 1675 1517 1705; x_wconf 84' lang='lat' dir='ltr'>Est</span> <span class='ocrx_word' id='word_1_512' title='bbox 1537 1676 1640 1714; x_wconf 84' lang='lat' dir='ltr'>utique</span> 
     </span>
     <span class='ocr_line' id='line_1_88' title="bbox 925 1719 1639 1757; baseline -0.003 -8"><span class='ocrx_word' id='word_1_513' title='bbox 925 1720 1007 1749; x_wconf 78' lang='lat' dir='ltr'>soeda</span> <span class='ocrx_word' id='word_1_514' title='bbox 1026 1719 1111 1749; x_wconf 86' lang='lat' dir='ltr'>illins</span> <span class='ocrx_word' id='word_1_515' title='bbox 1133 1719 1280 1749; x_wconf 86' lang='lat' dir='ltr'>editionis</span> <span class='ocrx_word' id='word_1_516' title='bbox 1302 1719 1431 1753; x_wconf 86' lang='lat' dir='ltr'>macula,</span> <span class='ocrx_word' id='word_1_517' title='bbox 1448 1719 1529 1757; x_wconf 92' lang='lat' dir='ltr'>quod</span> <span class='ocrx_word' id='word_1_518' title='bbox 1552 1719 1639 1748; x_wconf 72' lang='lat' dir='ltr'>Wol-</span> 
     </span>
     <span class='ocr_line' id='line_1_89' title="bbox 925 1760 1642 1802; baseline -0.003 -9"><span class='ocrx_word' id='word_1_519' title='bbox 925 1763 992 1799; x_wconf 84' lang='lat' dir='ltr'>flus,</span> <span class='ocrx_word' id='word_1_520' title='bbox 1015 1763 1081 1793; x_wconf 88' lang='lat' dir='ltr'>sive</span> <span class='ocrx_word' id='word_1_521' title='bbox 1106 1762 1188 1802; x_wconf 87' lang='lat' dir='ltr'>ipse,</span> <span class='ocrx_word' id='word_1_522' title='bbox 1215 1760 1282 1792; x_wconf 83' lang='lat' dir='ltr'>sive</span> <span class='ocrx_word' id='word_1_523' title='bbox 1305 1772 1408 1802; x_wconf 84' lang='lat' dir='ltr'>operae</span> <span class='ocrx_word' id='word_1_524' title='bbox 1435 1762 1642 1797; x_wconf 81' lang='lat' dir='ltr'>Basileenses,</span> 
     </span>
     <span class='ocr_line' id='line_1_90' title="bbox 925 1805 1642 1845; baseline 0 -10"><span class='ocrx_word' id='word_1_525' title='bbox 925 1808 992 1845; x_wconf 87' lang='lat' dir='ltr'>ejus</span> <span class='ocrx_word' id='word_1_526' title='bbox 1007 1807 1190 1836; x_wconf 84' lang='lat' dir='ltr'>anctoritate</span> <span class='ocrx_word' id='word_1_527' title='bbox 1208 1805 1346 1845; x_wconf 83' lang='lat' dir='ltr'>gratiave</span> <span class='ocrx_word' id='word_1_528' title='bbox 1369 1805 1467 1841; x_wconf 82' lang='lat' dir='ltr'>ducti,</span> <span class='ocrx_word' id='word_1_529' title='bbox 1483 1806 1642 1844; x_wconf 87' lang='lat' dir='ltr'>conjectu·</span> 
     </span>
     <span class='ocr_line' id='line_1_91' title="bbox 924 1848 1641 1887; baseline -0.001 -8"><span class='ocrx_word' id='word_1_530' title='bbox 924 1859 974 1879; x_wconf 80' lang='lat' dir='ltr'>ras</span> <span class='ocrx_word' id='word_1_531' title='bbox 998 1850 1066 1887; x_wconf 83' lang='lat' dir='ltr'>ejus</span> <span class='ocrx_word' id='word_1_532' title='bbox 1091 1859 1208 1884; x_wconf 87' lang='lat' dir='ltr'>omnes,</span> <span class='ocrx_word' id='word_1_533' title='bbox 1231 1849 1337 1885; x_wconf 84' lang='lat' dir='ltr'>tacite,</span> <span class='ocrx_word' id='word_1_534' title='bbox 1359 1849 1449 1884; x_wconf 90' lang='lat' dir='ltr'>clam,</span> <span class='ocrx_word' id='word_1_535' title='bbox 1472 1848 1641 1878; x_wconf 84' lang='lat' dir='ltr'>lectoribus</span> 
     </span>
     <span class='ocr_line' id='line_1_92' title="bbox 924 1891 1641 1932; baseline 0.001 -11"><span class='ocrx_word' id='word_1_536' title='bbox 924 1893 1051 1932; x_wconf 85' lang='lat' dir='ltr'>ignaris,</span> <span class='ocrx_word' id='word_1_537' title='bbox 1075 1903 1173 1932; x_wconf 88' lang='lat' dir='ltr'>neque</span> <span class='ocrx_word' id='word_1_538' title='bbox 1194 1892 1370 1927; x_wconf 80' lang='lat' dir='ltr'>admonitis,</span> <span class='ocrx_word' id='word_1_539' title='bbox 1392 1891 1422 1921; x_wconf 88' lang='lat' dir='ltr'>in</span> <span class='ocrx_word' id='word_1_540' title='bbox 1445 1896 1563 1922; x_wconf 83' lang='lat' dir='ltr'>textum</span> <span class='ocrx_word' id='word_1_541' title='bbox 1584 1892 1641 1922; x_wconf 86' lang='lat' dir='ltr'>im-</span> 
     </span>
     <span class='ocr_line' id='line_1_93' title="bbox 924 1935 1642 1975; baseline -0.001 -10"><span class='ocrx_word' id='word_1_542' title='bbox 924 1935 1083 1971; x_wconf 88' lang='lat' dir='ltr'>miserunt,</span> <span class='ocrx_word' id='word_1_543' title='bbox 1107 1936 1240 1965; x_wconf 80' lang='lat' dir='ltr'>vetustis</span> <span class='ocrx_word' id='word_1_544' title='bbox 1263 1936 1368 1975; x_wconf 88' lang='lat' dir='ltr'>probis</span> <span class='ocrx_word' id='word_1_545' title='bbox 1389 1935 1642 1975; x_wconf 86' lang='lat' dir='ltr'>primigeniisque</span> 
     </span>
     <span class='ocr_line' id='line_1_94' title="bbox 924 1978 1641 2018; baseline 0 -10"><span class='ocrx_word' id='word_1_546' title='bbox 924 1979 1107 2008; x_wconf 85' lang='lat' dir='ltr'>lectionibus</span> <span class='ocrx_word' id='word_1_547' title='bbox 1132 1979 1240 2018; x_wconf 86' lang='lat' dir='ltr'>ejectis</span> <span class='ocrx_word' id='word_1_548' title='bbox 1264 1983 1295 2008; x_wconf 84' lang='lat' dir='ltr'>et</span> <span class='ocrx_word' id='word_1_549' title='bbox 1318 1978 1504 2017; x_wconf 87' lang='lat' dir='ltr'>suppressis.</span> <span class='ocrx_word' id='word_1_550' title='bbox 1549 1979 1641 2015; x_wconf 87' lang='lat' dir='ltr'>Quod</span> 
     </span>
     <span class='ocr_line' id='line_1_95' title="bbox 924 2021 1641 2061; baseline -0.001 -10"><span class='ocrx_word' id='word_1_551' title='bbox 924 2027 973 2051; x_wconf 87' lang='lat' dir='ltr'>est</span> <span class='ocrx_word' id='word_1_552' title='bbox 986 2022 1095 2060; x_wconf 87' lang='lat' dir='ltr'>ingens</span> <span class='ocrx_word' id='word_1_553' title='bbox 1116 2027 1147 2051; x_wconf 87' lang='lat' dir='ltr'>et</span> <span class='ocrx_word' id='word_1_554' title='bbox 1169 2021 1357 2061; x_wconf 85' lang='lat' dir='ltr'>inexpiabile</span> <span class='ocrx_word' id='word_1_555' title='bbox 1374 2021 1492 2050; x_wconf 76' lang='lat' dir='ltr'>facinus</span> <span class='ocrx_word' id='word_1_556' title='bbox 1512 2031 1641 2060; x_wconf 86' lang='lat' dir='ltr'>prorsus</span> 
     </span>
     <span class='ocr_line' id='line_1_96' title="bbox 923 2064 1626 2104; baseline 0 -10"><span class='ocrx_word' id='word_1_557' title='bbox 923 2065 1048 2094; x_wconf 83' lang='lat' dir='ltr'>suriosae</span> <span class='ocrx_word' id='word_1_558' title='bbox 1063 2064 1246 2103; x_wconf 85' lang='lat' dir='ltr'>arrogantiae</span> <span class='ocrx_word' id='word_1_559' title='bbox 1263 2070 1354 2104; x_wconf 80' lang='lat' dir='ltr'>atque</span> <span class='ocrx_word' id='word_1_560' title='bbox 1369 2064 1626 2104; x_wconf 72' lang='lat' dir='ltr'>intemperantiae.</span> 
     </span>
    </p>

    <p class='ocr_par' dir='ltr' id='par_1_28' title="bbox 924 2106 1643 2363">
     <span class='ocr_line' id='line_1_97' title="bbox 966 2106 1642 2149; baseline -0.001 -10"><span class='ocrx_word' id='word_1_561' title='bbox 966 2125 1010 2130; x_wconf 92' lang='lat'>—-</span> <span class='ocrx_word' id='word_1_562' title='bbox 1020 2110 1072 2139; x_wconf 68' lang='lat'>23.</span> <span class='ocrx_word' id='word_1_563' title='bbox 1086 2106 1112 2137; x_wconf 80' lang='grc' dir='ltr'>ἐν</span> <span class='ocrx_word' id='word_1_564' title='bbox 1126 2108 1192 2141; x_wconf 79' lang='grc' dir='ltr'>ταῖς</span> <span class='ocrx_word' id='word_1_565' title='bbox 1205 2107 1344 2149; x_wconf 75' lang='grc' dir='ltr'>στήλαις]</span> <span class='ocrx_word' id='word_1_566' title='bbox 1361 2107 1472 2147; x_wconf 82' lang='lat' dir='ltr'>quibus</span> <span class='ocrx_word' id='word_1_567' title='bbox 1488 2107 1642 2148; x_wconf 76' lang='lat' dir='ltr'>insculpta</span> 
     </span>
     <span class='ocr_line' id='line_1_98' title="bbox 924 2150 1641 2190; baseline 0.001 -10"><span class='ocrx_word' id='word_1_568' title='bbox 924 2150 1064 2181; x_wconf 86' lang='lat' dir='ltr'>nimirum</span> <span class='ocrx_word' id='word_1_569' title='bbox 1083 2155 1147 2181; x_wconf 85' lang='lat' dir='ltr'>erat</span> <span class='ocrx_word' id='word_1_570' title='bbox 1164 2151 1291 2180; x_wconf 81' lang='lat' dir='ltr'>formula</span> <span class='ocrx_word' id='word_1_571' title='bbox 1308 2152 1393 2190; x_wconf 82' lang='lat' dir='ltr'>pacis</span> <span class='ocrx_word' id='word_1_572' title='bbox 1410 2150 1559 2190; x_wconf 85' lang='lat' dir='ltr'>Philippo</span> <span class='ocrx_word' id='word_1_573' title='bbox 1572 2162 1641 2181; x_wconf 89' lang='lat' dir='ltr'>cnm</span> 
     </span>
     <span class='ocr_line' id='line_1_99' title="bbox 925 2193 1643 2233; baseline 0.001 -10"><span class='ocrx_word' id='word_1_574' title='bbox 925 2194 1037 2223; x_wconf 88' lang='lat' dir='ltr'>Athen.</span> <span class='ocrx_word' id='word_1_575' title='bbox 1054 2194 1148 2229; x_wconf 86' lang='lat' dir='ltr'>initae,</span> <span class='ocrx_word' id='word_1_576' title='bbox 1165 2204 1232 2233; x_wconf 89' lang='lat' dir='ltr'>quae</span> <span class='ocrx_word' id='word_1_577' title='bbox 1249 2194 1347 2230; x_wconf 65' lang='lat' dir='ltr'>stelae,</span> <span class='ocrx_word' id='word_1_578' title='bbox 1364 2193 1432 2224; x_wconf 78' lang='lat' dir='ltr'>aliae</span> <span class='ocrx_word' id='word_1_579' title='bbox 1455 2193 1486 2223; x_wconf 87' lang='lat' dir='ltr'>in</span> <span class='ocrx_word' id='word_1_580' title='bbox 1503 2195 1643 2224; x_wconf 86' lang='lat' dir='ltr'>confiniis</span> 
     </span>
     <span class='ocr_line' id='line_1_100' title="bbox 924 2237 1643 2277; baseline 0.003 -11"><span class='ocrx_word' id='word_1_581' title='bbox 924 2237 990 2277; x_wconf 79' lang='lat' dir='ltr'>agri</span> <span class='ocrx_word' id='word_1_582' title='bbox 1005 2237 1112 2272; x_wconf 83' lang='lat' dir='ltr'>Attici,</span> <span class='ocrx_word' id='word_1_583' title='bbox 1136 2237 1205 2267; x_wconf 83' lang='lat' dir='ltr'>aliae</span> <span class='ocrx_word' id='word_1_584' title='bbox 1223 2238 1252 2267; x_wconf 93' lang='lat' dir='ltr'>in</span> <span class='ocrx_word' id='word_1_585' title='bbox 1270 2237 1382 2267; x_wconf 85' lang='lat' dir='ltr'>finibus</span> <span class='ocrx_word' id='word_1_586' title='bbox 1399 2238 1591 2268; x_wconf 66' lang='lat' dir='ltr'>Macedoniae</span> <span class='ocrx_word' id='word_1_587' title='bbox 1608 2239 1643 2268; x_wconf 85' lang='lat' dir='ltr'>fi-</span> 
     </span>
     <span class='ocr_line' id='line_1_101' title="bbox 925 2280 1642 2320; baseline 0.001 -10"><span class='ocrx_word' id='word_1_588' title='bbox 925 2291 974 2310; x_wconf 84' lang='lat' dir='ltr'>xae</span> <span class='ocrx_word' id='word_1_589' title='bbox 990 2286 1088 2320; x_wconf 81' lang='lat' dir='ltr'>erant,</span> <span class='ocrx_word' id='word_1_590' title='bbox 1102 2292 1162 2320; x_wconf 87' lang='lat' dir='ltr'>quo</span> <span class='ocrx_word' id='word_1_591' title='bbox 1174 2282 1258 2320; x_wconf 81' lang='lat' dir='ltr'>pacis</span> <span class='ocrx_word' id='word_1_592' title='bbox 1274 2281 1430 2310; x_wconf 81' lang='lat' dir='ltr'>conelusae</span> <span class='ocrx_word' id='word_1_593' title='bbox 1446 2280 1642 2311; x_wconf 86' lang='lat' dir='ltr'>conditiones</span> 
     </span>
     <span class='ocr_line' id='line_1_102' title="bbox 925 2324 1240 2363; baseline 0.003 -10"><span class='ocrx_word' id='word_1_594' title='bbox 925 2324 1073 2354; x_wconf 86' lang='lat' dir='ltr'>neminem</span> <span class='ocrx_word' id='word_1_595' title='bbox 1090 2325 1240 2363; x_wconf 78' lang='lat' dir='ltr'>fugerent.</span> 
     </span>
    </p>

    <p class='ocr_par' dir='ltr' id='par_1_29' title="bbox 925 2364 1646 2579">
     <span class='ocr_line' id='line_1_103' title="bbox 967 2364 1644 2407; baseline -0.001 -9"><span class='ocrx_word' id='word_1_596' title='bbox 967 2385 1011 2389; x_wconf 79' lang='lat'>——-</span> <span class='ocrx_word' id='word_1_597' title='bbox 1027 2370 1079 2399; x_wconf 67' lang='lat'>26.</span> <span class='ocrx_word' id='word_1_598' title='bbox 1105 2368 1163 2401; x_wconf 83' lang='grc' dir='ltr'>τοῖς</span> <span class='ocrx_word' id='word_1_599' title='bbox 1186 2378 1221 2397; x_wconf 87' lang='grc' dir='ltr'>π.</span> <span class='ocrx_word' id='word_1_600' title='bbox 1240 2366 1264 2396; x_wconf 78' lang='grc' dir='ltr'>ἔ.</span> <span class='ocrx_word' id='word_1_601' title='bbox 1290 2364 1493 2407; x_wconf 64' lang='grc' dir='ltr'>πρεσὲευταῖς]</span> <span class='ocrx_word' id='word_1_602' title='bbox 1520 2366 1553 2396; x_wconf 90' lang='lat' dir='ltr'>id</span> <span class='ocrx_word' id='word_1_603' title='bbox 1584 2373 1644 2403; x_wconf 82' lang='lat' dir='ltr'>est,</span> 
     </span>
     <span class='ocr_line' id='line_1_104' title="bbox 925 2409 1646 2452; baseline 0.003 -13"><span class='ocrx_word' id='word_1_604' title='bbox 925 2410 998 2450; x_wconf 63' lang='grc' dir='ltr'>πρὸς</span> <span class='ocrx_word' id='word_1_605' title='bbox 1016 2412 1078 2444; x_wconf 77' lang='grc' dir='ltr'>τοὺς</span> <span class='ocrx_word' id='word_1_606' title='bbox 1092 2410 1158 2451; x_wconf 70' lang='grc' dir='ltr'>παρ’</span> <span class='ocrx_word' id='word_1_607' title='bbox 1173 2409 1244 2450; x_wconf 79' lang='grc' dir='ltr'>ἐμοῦ</span> <span class='ocrx_word' id='word_1_608' title='bbox 1259 2409 1439 2450; x_wconf 73' lang='grc' dir='ltr'>πρεσβευτὰς</span> <span class='ocrx_word' id='word_1_609' title='bbox 1451 2410 1516 2450; x_wconf 75' lang='grc' dir='ltr'>ἰδία,</span> <span class='ocrx_word' id='word_1_610' title='bbox 1530 2410 1558 2440; x_wconf 82' lang='grc' dir='ltr'>οὐ</span> <span class='ocrx_word' id='word_1_611' title='bbox 1570 2412 1646 2452; x_wconf 73' lang='grc' dir='ltr'>κοινῇ</span> 
     </span>
     <span class='ocr_line' id='line_1_105' title="bbox 925 2452 1643 2494; baseline 0.001 -11"><span class='ocrx_word' id='word_1_612' title='bbox 925 2454 973 2483; x_wconf 78' lang='grc' dir='ltr'>καὶ</span> <span class='ocrx_word' id='word_1_613' title='bbox 990 2454 1056 2493; x_wconf 67' lang='grc' dir='ltr'>πξός</span> <span class='ocrx_word' id='word_1_614' title='bbox 1070 2455 1134 2487; x_wconf 74' lang='grc' dir='ltr'>τοὺς</span> <span class='ocrx_word' id='word_1_615' title='bbox 1149 2453 1218 2493; x_wconf 68' lang='grc' dir='ltr'>παρ’</span> <span class='ocrx_word' id='word_1_616' title='bbox 1233 2452 1395 2483; x_wconf 65' lang='grc' dir='ltr'>Ἀθηναίων.</span> <span class='ocrx_word' id='word_1_617' title='bbox 1410 2453 1554 2492; x_wconf 77' lang='lat' dir='ltr'>privatim</span> <span class='ocrx_word' id='word_1_618' title='bbox 1572 2465 1643 2494; x_wconf 84' lang='lat' dir='ltr'>erga</span> 
     </span>
     <span class='ocr_line' id='line_1_106' title="bbox 926 2496 1641 2536; baseline 0 -10"><span class='ocrx_word' id='word_1_619' title='bbox 926 2507 1010 2526; x_wconf 83' lang='lat' dir='ltr'>meos</span> <span class='ocrx_word' id='word_1_620' title='bbox 1026 2497 1153 2536; x_wconf 78' lang='lat' dir='ltr'>legatos,</span> <span class='ocrx_word' id='word_1_621' title='bbox 1168 2507 1226 2526; x_wconf 85' lang='lat' dir='ltr'>non</span> <span class='ocrx_word' id='word_1_622' title='bbox 1245 2497 1316 2525; x_wconf 88' lang='lat' dir='ltr'>item</span> <span class='ocrx_word' id='word_1_623' title='bbox 1335 2496 1471 2535; x_wconf 84' lang='lat' dir='ltr'>publice,</span> <span class='ocrx_word' id='word_1_624' title='bbox 1486 2507 1540 2526; x_wconf 85' lang='lat' dir='ltr'>seu</span> <span class='ocrx_word' id='word_1_625' title='bbox 1558 2508 1641 2527; x_wconf 79' lang='lat' dir='ltr'>coru-</span> 
     </span>
     <span class='ocr_line' id='line_1_107' title="bbox 926 2540 1643 2579; baseline 0.001 -10"><span class='ocrx_word' id='word_1_626' title='bbox 926 2540 1167 2575; x_wconf 74' lang='lat' dir='ltr'>munitet,etian1</span> <span class='ocrx_word' id='word_1_627' title='bbox 1179 2551 1253 2579; x_wconf 84' lang='lat' dir='ltr'>erga</span> <span class='ocrx_word' id='word_1_628' title='bbox 1264 2540 1382 2579; x_wconf 79' lang='lat' dir='ltr'>legatos</span> <span class='ocrx_word' id='word_1_629' title='bbox 1397 2540 1643 2570; x_wconf 84' lang='lat' dir='ltr'>Atheniensium.</span> 
     </span>
    </p>

    <p class='ocr_par' dir='ltr' id='par_1_30' title="bbox 927 2581 1647 3055">
     <span class='ocr_line' id='line_1_108' title="bbox 971 2581 1644 2622; baseline 0 -9"><span class='ocrx_word' id='word_1_630' title='bbox 971 2585 1044 2613; x_wconf 90' lang='grc'><strong>161.</strong></span> <span class='ocrx_word' id='word_1_631' title='bbox 1060 2585 1092 2613; x_wconf 88' lang='grc'>3.</span> <span class='ocrx_word' id='word_1_632' title='bbox 1124 2581 1172 2620; x_wconf 78' lang='grc' dir='ltr'>ὑφ’</span> <span class='ocrx_word' id='word_1_633' title='bbox 1195 2582 1285 2622; x_wconf 79' lang='grc' dir='ltr'>ὑμῶν]</span> <span class='ocrx_word' id='word_1_634' title='bbox 1315 2582 1565 2622; x_wconf 73' lang='lat' dir='ltr'>praepositionem</span> <span class='ocrx_word' id='word_1_635' title='bbox 1591 2595 1644 2613; x_wconf 90' lang='lat' dir='ltr'>uu-</span> 
     </span>
     <span class='ocr_line' id='line_1_109' title="bbox 927 2625 1645 2666; baseline 0.001 -10"><span class='ocrx_word' id='word_1_636' title='bbox 927 2626 971 2656; x_wconf 81' lang='lat' dir='ltr'>cis</span> <span class='ocrx_word' id='word_1_637' title='bbox 988 2627 1112 2662; x_wconf 87' lang='lat' dir='ltr'>inclusi,</span> <span class='ocrx_word' id='word_1_638' title='bbox 1129 2627 1255 2657; x_wconf 86' lang='lat' dir='ltr'>verbum</span> <span class='ocrx_word' id='word_1_639' title='bbox 1274 2625 1493 2657; x_wconf 67' lang='grc' dir='ltr'>ἀποδείκνυσθαι</span> <span class='ocrx_word' id='word_1_640' title='bbox 1509 2637 1565 2666; x_wconf 90' lang='lat' dir='ltr'>pro</span> <span class='ocrx_word' id='word_1_641' title='bbox 1583 2638 1645 2657; x_wconf 84' lang='lat' dir='ltr'>me-</span> 
     </span>
     <span class='ocr_line' id='line_1_110' title="bbox 928 2670 1646 2709; baseline -0.001 -9"><span class='ocrx_word' id='word_1_642' title='bbox 928 2670 980 2700; x_wconf 83' lang='lat' dir='ltr'>dio</span> <span class='ocrx_word' id='word_1_643' title='bbox 997 2670 1153 2709; x_wconf 80' lang='lat' dir='ltr'>accipiens</span> <span class='ocrx_word' id='word_1_644' title='bbox 1169 2675 1200 2699; x_wconf 81' lang='lat' dir='ltr'>et.</span> <span class='ocrx_word' id='word_1_645' title='bbox 1216 2670 1433 2708; x_wconf 81' lang='lat' dir='ltr'>interpretans,</span> <span class='ocrx_word' id='word_1_646' title='bbox 1445 2680 1499 2699; x_wconf 84' lang='lat' dir='ltr'>vos</span> <span class='ocrx_word' id='word_1_647' title='bbox 1514 2680 1581 2699; x_wconf 88' lang='lat' dir='ltr'>eum</span> <span class='ocrx_word' id='word_1_648' title='bbox 1600 2671 1646 2699; x_wconf 80' lang='lat' dir='ltr'>ci—</span> 
     </span>
     <span class='ocr_line' id='line_1_111' title="bbox 929 2712 1644 2752; baseline 0 -10"><span class='ocrx_word' id='word_1_649' title='bbox 929 2724 997 2742; x_wconf 84' lang='lat' dir='ltr'>vem</span> <span class='ocrx_word' id='word_1_650' title='bbox 1012 2719 1146 2743; x_wconf 74' lang='lat' dir='ltr'>vestrum</span> <span class='ocrx_word' id='word_1_651' title='bbox 1159 2712 1328 2743; x_wconf 82' lang='lat' dir='ltr'>declarare.</span> <span class='ocrx_word' id='word_1_652' title='bbox 1345 2713 1500 2751; x_wconf 64' lang='lat' dir='ltr'>vulgatam</span> <span class='ocrx_word' id='word_1_653' title='bbox 1515 2714 1566 2752; x_wconf 85' lang='lat' dir='ltr'>qui</span> <span class='ocrx_word' id='word_1_654' title='bbox 1579 2718 1644 2742; x_wconf 77' lang='lat' dir='ltr'>tm·—</span> 
     </span>
     <span class='ocr_line' id='line_1_112' title="bbox 928 2756 1644 2796; baseline 0 -10"><span class='ocrx_word' id='word_1_655' title='bbox 928 2757 1021 2793; x_wconf 74' lang='lat' dir='ltr'>bitur,</span> <span class='ocrx_word' id='word_1_656' title='bbox 1047 2757 1074 2786; x_wconf 84' lang='lat' dir='ltr'>is</span> <span class='ocrx_word' id='word_1_657' title='bbox 1101 2767 1158 2796; x_wconf 87' lang='lat' dir='ltr'>pro</span> <span class='ocrx_word' id='word_1_658' title='bbox 1183 2756 1333 2786; x_wconf 85' lang='lat' dir='ltr'>infinitivo</span> <span class='ocrx_word' id='word_1_659' title='bbox 1361 2756 1479 2795; x_wconf 73' lang='lat' dir='ltr'>passivi</span> <span class='ocrx_word' id='word_1_660' title='bbox 1511 2757 1644 2786; x_wconf 80' lang='lat' dir='ltr'>babebit.</span> 
     </span>
     <span class='ocr_line' id='line_1_113' title="bbox 927 2799 1646 2839; baseline -0.001 -10"><span class='ocrx_word' id='word_1_661' title='bbox 927 2810 1108 2839; x_wconf 78' lang='lat' dir='ltr'>quamquam</span> <span class='ocrx_word' id='word_1_662' title='bbox 1127 2800 1183 2829; x_wconf 86' lang='lat' dir='ltr'>hoc</span> <span class='ocrx_word' id='word_1_663' title='bbox 1200 2799 1241 2829; x_wconf 87' lang='lat' dir='ltr'>sit</span> <span class='ocrx_word' id='word_1_664' title='bbox 1259 2799 1425 2829; x_wconf 84' lang='lat' dir='ltr'>orationem</span> <span class='ocrx_word' id='word_1_665' title='bbox 1451 2799 1646 2835; x_wconf 80' lang='lat' dir='ltr'>conturbare,</span> 
     </span>
     <span class='ocr_line' id='line_1_114' title="bbox 928 2842 1645 2876; baseline -0.004 -3"><span class='ocrx_word' id='word_1_666' title='bbox 928 2844 952 2873; x_wconf 80' lang='lat' dir='ltr'>si</span> <span class='ocrx_word' id='word_1_667' title='bbox 979 2848 1086 2873; x_wconf 80' lang='lat' dir='ltr'>tenens</span> <span class='ocrx_word' id='word_1_668' title='bbox 1110 2843 1234 2872; x_wconf 82' lang='lat' dir='ltr'>eandem</span> <span class='ocrx_word' id='word_1_669' title='bbox 1260 2842 1645 2876; x_wconf 73' lang='lat' dir='ltr'>constructioncn1,infini-</span> 
     </span>
     <span class='ocr_line' id='line_1_115' title="bbox 928 2885 1646 2923; baseline 0 -8"><span class='ocrx_word' id='word_1_670' title='bbox 928 2886 1002 2915; x_wconf 83' lang='lat' dir='ltr'>tivis</span> <span class='ocrx_word' id='word_1_671' title='bbox 1018 2888 1127 2916; x_wconf 68' lang='lat' dir='ltr'>activa·</span> <span class='ocrx_word' id='word_1_672' title='bbox 1141 2891 1171 2915; x_wconf 84' lang='lat' dir='ltr'>et</span> <span class='ocrx_word' id='word_1_673' title='bbox 1188 2886 1296 2915; x_wconf 79' lang='lat' dir='ltr'>mediae</span> <span class='ocrx_word' id='word_1_674' title='bbox 1313 2887 1418 2915; x_wconf 79' lang='lat' dir='ltr'>sormae</span> <span class='ocrx_word' id='word_1_675' title='bbox 1434 2885 1565 2923; x_wconf 71' lang='grc' dir='ltr'>φάσκειν,</span> <span class='ocrx_word' id='word_1_676' title='bbox 1583 2897 1646 2916; x_wconf 91' lang='grc' dir='ltr'>ποι-</span> 
     </span>
     <span class='ocr_line' id='line_1_116' title="bbox 928 2928 1646 2970; baseline 0 -12"><span class='ocrx_word' id='word_1_677' title='bbox 928 2928 1073 2965; x_wconf 61' lang='grc' dir='ltr'>ήσασθαι,</span> <span class='ocrx_word' id='word_1_678' title='bbox 1090 2928 1266 2970; x_wconf 55' lang='grc' dir='ltr'>ἀναιρεῖσθαι</span> <span class='ocrx_word' id='word_1_679' title='bbox 1283 2929 1388 2958; x_wconf 77' lang='lat' dir='ltr'>infinit.</span> <span class='ocrx_word' id='word_1_680' title='bbox 1415 2928 1569 2966; x_wconf 75' lang='lat' dir='ltr'>passivum</span> <span class='ocrx_word' id='word_1_681' title='bbox 1591 2930 1646 2958; x_wconf 88' lang='lat' dir='ltr'>im-</span> 
     </span>
     <span class='ocr_line' id='line_1_117' title="bbox 927 2971 1647 3008; baseline 0 -6"><span class='ocrx_word' id='word_1_682' title='bbox 927 2973 1072 3008; x_wconf 82' lang='lat' dir='ltr'>misceas,</span> <span class='ocrx_word' id='word_1_683' title='bbox 1083 2983 1150 3001; x_wconf 76' lang='lat' dir='ltr'>cuin</span> <span class='ocrx_word' id='word_1_684' title='bbox 1165 2977 1402 3001; x_wconf 73' lang='lat' dir='ltr'>consentaneum</span> <span class='ocrx_word' id='word_1_685' title='bbox 1418 2971 1467 3007; x_wconf 82' lang='lat' dir='ltr'>sit,</span> <span class='ocrx_word' id='word_1_686' title='bbox 1478 2972 1577 3001; x_wconf 86' lang='lat' dir='ltr'>omnia</span> <span class='ocrx_word' id='word_1_687' title='bbox 1593 2972 1647 3002; x_wconf 76' lang='lat' dir='ltr'>illa</span> 
     </span>
     <span class='ocr_line' id='line_1_118' title="bbox 927 3015 1242 3055; baseline -0.006 -10"><span class='ocrx_word' id='word_1_688' title='bbox 927 3017 1031 3055; x_wconf 83' lang='lat' dir='ltr'>potius</span> <span class='ocrx_word' id='word_1_689' title='bbox 1047 3015 1148 3045; x_wconf 76' lang='lat' dir='ltr'>media</span> <span class='ocrx_word' id='word_1_690' title='bbox 1163 3025 1242 3044; x_wconf 62' lang='lat' dir='ltr'>esse.</span> 
     </span>
    </p>

    <p class='ocr_par' dir='ltr' id='par_1_31' title="bbox 924 3069 943 3089">
     <span class='ocr_line' id='line_1_119' title="bbox 924 3069 943 3089; baseline 0 0"><span class='ocrx_word' id='word_1_691' title='bbox 924 3069 943 3089; x_wconf 83' lang='lat' dir='ltr'>G</span> 
     </span>
    </p>
   </div>
  </div>
 </body>
</html>
