1931 3322
411 213 473 254 IN
514 211 690 253 ORAT.
731 209 812 250 DE
849 208 1218 251 sYMMORIIs.

84 321 206 363 φέρομαι
224 324 272 350 est
286 319 457 360 κομίζομαι,
471 324 506 348 ut
519 325 595 349 orat.
609 329 701 357 praec.
711 329 738 347 c.
751 318 801 347 fin.

85 367 135 396 τήν
155 363 211 405 μὲν
231 362 397 406 ἀπέχθειαν
410 380 454 385 ——·
468 361 645 401 ἓκφέξεσθαι.
667 371 722 400 per
740 371 803 400 pse-

83 407 229 449 phismata
250 414 343 437 vestra
366 411 393 436 et
411 407 525 436 decreta
547 405 715 436 inimicitias
729 405 804 435 vobis

86 450 231 492 conflatis,
248 451 279 480 in
294 451 421 480 aliorum
440 451 540 480 odium
559 449 723 483 incurritis,
745 449 805 478 ini-

86 495 229 525 micitiam
254 494 421 533 reportatis.
447 493 526 523 male
552 492 599 521 ibi
624 492 692 522 Lat.
720 492 803 530 lntp.

87 536 298 567 “inimicitias
320 534 545 567 denunciatis.’'
565 535 597 565 id
621 535 700 564 enim
724 538 807 564 esset

87 578 209 620 ἐκφέρειν
222 591 280 610 non
295 578 479 622 ἐκφέρεσθαι.
503 580 546 609 ita
563 577 642 608 enim
659 577 809 607 differunt

88 621 187 664 ἐκφέρ-
196 634 229 653 ειν
247 629 279 654 et
297 624 394 659 εσθαι,
420 628 454 652 ut
475 621 585 662 φές-ειν
607 624 639 649 et
660 619 752 655 εσθαι,
776 624 809 650 ut

89 665 238 706 κομίζ-ειν
252 671 283 697 et
302 666 402 702 εσθαι,
418 670 455 695 ut
471 667 535 704 jam
549 669 619 693 ante
633 663 810 693 observavi.

91 709 174 749 δόξαν
195 708 368 749 ἐκφέρεσθαι
393 709 476 739 idem
503 707 628 737 omnino
653 712 704 737 est
727 707 810 746 quod

91 752 188 783 Hom.
206 752 286 786 κῦδος
310 751 446 792 rigia-Stat.
478 750 661 791 eloquentiae
687 750 811 781 laudem

91 800 263 835 reportant,
284 796 336 825 vel
359 795 452 825 etiam
473 794 658 834 eloquentiae
681 798 711 824 et
736 795 813 825 bene

92 839 216 869 dicendi
253 838 431 879 opinionem
469 842 706 877 consequuntur.
747 837 814 877 δόξα

55 886 58 889 “
93 882 174 912 enim
186 881 245 912 etsi
257 882 340 922 apud
352 882 540 921 posteriores
551 880 676 911 Atticos
686 882 815 922 gloriam

93 925 268 965 significet:
292 930 391 955 tamen
415 926 498 965 apud
518 924 705 964 antiquiores
728 926 815 954 Grae-

94 979 162 1006 cos,
180 974 212 999 et
232 979 274 999 ex
294 979 350 998 sua
372 968 503 1008 origine,
525 968 598 998 nihil
620 967 702 997 aliud
725 978 815 1007 quam

91 1013 257 1052 opinionem
278 1011 416 1042 denotat.
461 1012 503 1042 Et
526 1021 598 1041 sane
617 1012 717 1052 gloria
740 1011 816 1040 nihil

95 1055 181 1086 aliud
197 1060 248 1085 est
261 1066 350 1095 quam
365 1056 494 1085 honesta
513 1059 545 1085 et
568 1055 735 1084 honorifica
749 1054 817 1094 opi-

95 1099 149 1129 nio
165 1098 206 1129 de
220 1098 354 1140 alicujus
370 1099 484 1129 virtute
498 1109 533 1128 ac
549 1098 678 1133 meritis,
693 1103 725 1128 et
739 1109 817 1137 prze-

96 1143 182 1172 clara
197 1142 399 1172 existimatio,
426 1142 522 1181 Apud
536 1141 632 1171 Hom.
650 1146 735 1171 certe
750 1140 818 1180 δόξα

96 1190 146 1216 est
160 1185 243 1216 nuda
256 1186 353 1225 opinio
368 1196 519 1225 nunquam
533 1195 609 1215 vero
622 1185 732 1225 glorio,
746 1185 776 1214 h.
791 1195 820 1214 e.

97 1240 157 1259 non
173 1229 247 1269 τιμῆ
263 1229 318 1259 sed
331 1226 484 1266 ὑπόληψις.
499 1232 534 1258 nt
548 1228 587 1258 11.
604 1226 652 1268 [K.
668 1227 760 1268 324]
776 1226 820 1258 σοὶ

99 1271 124 1302 δ’
137 1271 193 1311 ἐγὼ
207 1271 263 1313 οὔχ
273 1271 353 1306 ἕλεος
367 1271 472 1306 σκοπὲς
485 1270 624 1311 ἔσσομαι,
637 1270 692 1301 οὐδ’
706 1271 765 1301 ἄπο
778 1270 820 1300 33-

100 1314 159 1355 ξης.
180 1325 228 1346 ero
243 1315 297 1346 tibi
311 1327 371 1346 non
386 1325 480 1346 vanus
493 1315 660 1355 speculator
674 1325 726 1345 nec
743 1315 823 1345 citra

99 1360 271 1399 opinionem.
282 1358 311 1388 οὐ
323 1359 409 1400 ποῤῥω
420 1361 472 1394 τῆς
484 1358 543 1399 περὶ
560 1357 631 1398 ἐμοῦ
643 1358 823 1396 ὑπολήψεως,

101 1402 204 1443 inquit
219 1403 362 1432 Eustath.
384 1401 450 1441 δόξα
468 1402 565 1442 igitur
580 1403 662 1441 apud
680 1408 823 1442 posteros

101 1452 151 1476 est
166 1445 254 1486 τιμὴ,
269 1445 371 1481 honor,
383 1446 494 1487 gloria,
507 1446 589 1486 apud
603 1447 697 1476 Hom.
719 1445 824 1476 ὑπόλη-

103 1488 166 1526 ψις,
179 1488 261 1519 ἔννοια
273 1491 354 1519 κατὰ
370 1488 475 1530 ψυχῆν,
488 1489 608 1526 δόκησις,
621 1489 719 1525 οἴησις,
728 1490 826 1528 opinio

105 1542 161 1563 seu
181 1533 365 1563 existimatio.
406 1534 456 1563 Ita
471 1531 552 1567 κλέος
568 1534 650 1573 apud
665 1533 762 1562 Hom.
778 1537 827 1563 est

105 1575 290 1616 simpliciter
304 1575 402 1617 φήμη,
412 1575 516 1617 fama,
532 1587 647 1614 rumor,
670 1577 753 1616 apud
773 1587 827 1616 po-

106 1624 209 1650 steros
227 1619 318 1656 κῧδος,
331 1620 440 1659 gloria.
458 1630 527 1659 qnae
544 1621 640 1650 Hom.
657 1626 705 1650 est
725 1618 829 1658 ἀγαθὸν

105 1662 186 1698 κλέος
196 1667 228 1694 et
237 1661 317 1696 κλέος
328 1661 436 1693 ἐσθλόν.
451 1663 517 1703 δόξα
529 1668 559 1693 et
569 1662 722 1701 ὑπόληψις,
732 1664 829 1702 opinio

108 1716 164 1736 seu
179 1707 367 1742 existimatio,
381 1717 440 1737 non
457 1708 556 1737 solnm
573 1718 662 1746 qnam
677 1708 716 1737 de
736 1707 829 1736 rebus

107 1750 163 1781 sed
173 1754 204 1779 et
215 1760 307 1789 quam
317 1750 356 1780 de
367 1750 508 1789 personis
519 1750 724 1790 concipimus,
737 1751 829 1779 habe-

107 1803 190 1830 mus,
205 1793 251 1823 uti
266 1793 325 1822 hoc
341 1793 372 1823 in
391 1792 470 1823 loco.
515 1794 556 1824 Et
579 1794 647 1823 Lat.
666 1797 675 1810 ‘
689 1791 778 1824 bona’
800 1798 831 1823 et

107 1840 118 1854 ⁴
129 1837 211 1867 mala
222 1835 433 1872 existimatio?
445 1837 484 1867 de
496 1836 673 1867 hominibus
685 1848 730 1868 sc.
752 1837 831 1874 Quae

109 1880 180 1910 duae
196 1880 436 1918 significationes
459 1879 506 1909 sic
523 1880 674 1920 distingui
690 1884 832 1920 possunt,

110 1928 146 1953 ut.
162 1923 247 1963 prior
263 1921 468 1962 philosophis,
484 1924 638 1963 posterior
654 1924 767 1954 ceteris
782 1934 833 1953 πε-

111 1965 261 2007 ζογςᾶφοις
283 1966 474 1996 familiariter
492 1972 524 1997 et.
544 1967 642 2007 magis
660 1967 690 1996 in
710 1978 764 1997 usu
782 1967 834 1997 sit.

110 2010 207 2050 Apud
223 2009 355 2040 Aristot.
376 2009 513 2050 aliosque
530 2011 784 2050 philosophorum
801 2010 835 2039 fi-

110 2053 172 2084 lios
183 2052 260 2092 δόξαι
270 2058 341 2084 sunt
349 2051 601 2093 philosophorum
612 2055 770 2093 opiniones
780 2064 836 2084 sen

114 2097 274 2128 sententiae
289 2107 383 2136 snper
397 2097 620 2136 quaestionibus
635 2097 837 2137 philosopho-

114 2151 194 2176 rum,
210 2141 292 2170 unde
305 2138 395 2180 κυςίαι
415 2139 503 2180 δόξαι,
524 2146 555 2171 et
572 2140 728 2178 ὑπολήψεις
744 2141 836 2182 παρά,-

115 2182 198 2223 δοξοι,
217 2185 298 2225 παρὰ.
313 2183 403 2223 δόξαν,
417 2188 564 2215 sententiae
583 2187 720 2223 privam,
731 2190 838 2224 praeter

117 2228 168 2257 vel
190 2233 293 2257 contra
307 2237 486 2257 communem
506 2233 651 2266 receptam
666 2230 838 2268 opinionem.

115 2270 187 2302 Jam
201 2270 284 2311 apud
304 2271 454 2301 Rhetores
473 2277 504 2301 et
520 2272 696 2302 Historicos
712 2271 775 2310 δόξα
792 2277 841 2301 est

118 2313 224 2354 opinio
242 2325 296 2345 seu
316 2314 506 2345 existimatio
525 2325 615 2354 quam
637 2316 677 2345 de
697 2314 839 2354 personis

116 2356 278 2387 habemus.
315 2357 582 2394 Quemadmodum
599 2358 736 2399 etfama
757 2360 841 2398 apud

119 2400 189 2431 Lat.
205 2405 239 2431 ut
253 2400 313 2430 viz.
337 2404 358 2417 '‘
374 2401 424 2431 cui
442 2402 524 2432 sama
545 2407 592 2432 est
607 2401 760 2441 integra,”
781 2403 842 2432 etsi

118 2443 286 2484 aliquando
303 2443 383 2483 δόξαν
403 2444 478 2486 ἔχειν
499 2446 580 2475 idem
599 2451 647 2475 est
666 2446 751 2486 quod
768 2456 842 2485 παρ-

120 2486 208 2529 έχειν,
224 2487 283 2518 viz.
295 2487 403 2527 passim
417 2491 563 2528 reputari,
577 2490 745 2519 esistimari.
791 2490 844 2519 Sic

121 2531 208 2561 Plut.
222 2530 316 2561 Thes.
333 2531 378 2572 [c.
392 2531 439 2572 2.]
457 2531 536 2571 δόξαν
555 2531 631 2574 εῖχον
650 2531 682 2562 ἐκ
703 2533 775 2563 θεῶν
796 2543 844 2570 γε·

120 2571 234 2613 γονέναι.
255 2583 290 2604 ex
306 2573 373 2605 Diis
390 2576 455 2604 nati
465 2575 568 2616 fuisse
588 2576 845 2606 existimabantur.

121 2619 172 2648 Ita
187 2618 352 2657 loquuntur
373 2618 465 2648 etiam
484 2620 552 2649 Lat.
597 2619 679 2649 Caes.
694 2620 731 2649 de
748 2620 785 2648 B.
806 2621 846 2650 G.

122 2661 188 2692 l.¹7.
207 2659 294 2702 [59]
313 2660 423 2698 “Quae
444 2661 555 2692 civitas
575 2662 605 2692 in
626 2663 728 2693 Gallia
747 2663 846 2693 maxi-

123 2713 203 2734 mam
227 2704 321 2734 habet
343 2705 518 2744 opinionem
543 2705 686 2736 virtutis’‘
701 2724 745 2729 -—
760 2706 846 2746 μεγί-

125 2759 198 2778 στην
212 2746 294 2787 δόξαν
308 2749 361 2783 τῆς
376 2749 476 2789 ἀρετῆς
491 2748 565 2791 ἔχει.
593 2750 646 2779 Sic
661 2749 762 2788 ἀγαθὴ
779 2749 848 2780 ὑπό-

125 2788 226 2828 ληψις,
249 2791 324 2821 bona
345 2792 529 2827 existimatio,
556 2797 590 2822 ut
611 2797 643 2823 et
664 2794 760 2831 opinio
780 2795 849 2824 Lat.

127 2833 300 2864 Herodian.
317 2835 338 2864 l.
354 2837 387 2865 7.
405 2834 448 2875 [c.
460 2839 490 2866 9.
504 2836 554 2865 ed.
565 2836 686 2878 Oxum]
706 2836 791 2876 ἔργοις
803 2839 852 2868 τὴν

127 2875 208 2916 δόξαν
221 2876 270 2907 καὶ
285 2880 336 2909 τὴν
353 2880 410 2909 τῶν
425 2882 611 2920 στρατιωτῶν
629 2878 771 2917 ὑπόληψιν
787 2879 852 2910 ἐπι·

128 2921 247 2950 στοῧτο.
263 2921 428 2960 opinionem
443 2922 572 2953 militum
589 2923 624 2953 cle
638 2933 667 2953 se
687 2930 852 2963 conceptam

117 2962 217 3004 factis
229 2963 422 3004 confirmavit.
450 2965 559 2996 Hinc&
575 2965 601 2996 ἐν
617 2965 758 3005 ὑπολήψει
774 2967 853 2997 dici-

129 3011 180 3037 tur
191 3008 280 3046 cujus
294 3011 342 3037 est
353 3013 439 3038 recta
450 3009 654 3046 existimatio,
669 3011 715 3040 vir
726 3020 771 3041 se.
782 3021 852 3050 pro-

129 3049 212 3080 batae
230 3060 266 3080 ao
285 3056 433 3091 spectatae
453 3052 703 3083 existimationis.
728 3059 761 3084 ut
779 3055 854 3085 can.

134 3096 188 3124 11.
203 3093 323 3126 Conon.
335 3094 483 3126 Chalced.
499 3106 567 3136 quae
582 3097 718 3128 sancitur
740 3109 856 3128 συστα-

1468 205 1551 246 479

836 320 930 353 «tuac,
943 317 963 347 i.
977 329 1003 347 e.
1019 317 1295 351 commendatitias,
1316 314 1461 355 epistolas
1482 313 1559 343 dan·

837 363 892 391 das
907 371 976 390 esse
988 362 1048 394 τοῖς
1062 360 1134 390 οἶσιν
1149 359 1174 390 ἐν
1185 359 1325 397 ὑπολήψει
1340 359 1431 398 μόνοις
1447 357 1559 397 προσώ-

838 416 916 439 ωοις.
936 405 1016 443 quod
1035 404 1112 434 male
1136 405 1181 434 sic
1201 408 1325 434 vertunt
1342 401 1497 432 nonnulli:
1523 401 1559 429 iis

838 448 904 478 solis
924 449 1050 487 personis
1075 458 1137 487 quae
1159 449 1191 477 in
1214 448 1347 486 aliquam
1368 446 1560 484 suspicionem

839 496 990 521 venerunt.
1008 490 1112 529 potius
1127 500 1143 519 e
1160 496 1281 520 contra:
1298 491 1334 519 iis
1349 490 1399 530 qui
1413 490 1445 518 in
1462 487 1562 517 existi-

839 536 966 564 motione
991 538 1072 573 sunt,
1098 534 1129 562 h.
1152 544 1180 562 e.
1204 534 1256 572 qui
1279 535 1366 562 bonae
1393 543 1463 562 esse
1491 530 1560 569 opi·

840 577 942 606 nionis
964 576 1122 611 videntur,
1144 575 1197 615 qui
1217 581 1288 605 sunt
1309 577 1438 615 integrae
1461 575 1560 604 famae.

843 620 935 657 Quod
953 620 1067 650 utinam
1081 620 1172 650 hodie
1189 619 1272 658 apud
1284 629 1339 648 nos
1352 619 1516 652 obtineret,
1528 621 1564 646 ut

844 675 889 694 sc.
915 664 1015 693 literae
1040 662 1296 693 commendatitiae
1323 662 1566 691 concederentur

844 709 904 742 τοῖς
918 704 991 736 οὖσιν
1006 705 1032 736 ἐν
1043 705 1184 744 ὑπολήψει
1199 705 1292 745 μόνοις
1310 706 1478 744 προσώποις.
1497 712 1566 742 per-

845 753 920 781 sonis
935 752 1058 790 integrae
1073 749 1170 791 sumre
1187 756 1213 779 et
1231 753 1365 787 spectatae
1380 748 1570 777 existimatio-

846 796 900 824 nis.
925 795 1037 833 Chrys.
1059 796 1118 833 Ep.
1136 795 1172 823 ad
1194 794 1275 822 Heb.
1291 791 1358 821 ὅταν
1380 789 1506 830 Coum&
1522 800 1569 822 τις

847 837 965 878 διοξύξαι
981 839 1030 868 τὴν
1044 839 1095 868 τοῦ
1111 834 1226 867 πλησίον
1239 833 1399 873 ὑπόληψιν.
1421 845 1489 864 cum
1506 834 1572 874 quis

846 883 971 911 soluerit
993 881 1145 922 perfodere
1163 880 1287 919 proximi
1307 879 1410 908 bonam
1424 879 1570 908 existima-

848 926 955 955 tionem
972 924 1021 953 vel
1036 926 1209 964 opinionem.

892 986 936 991 -—
957 970 989 999 3.
1011 968 1109 1008 ἀςετην
1131 967 1249 998 ἐλάττω
1267 984 1310 989 -
1327 965 1466 1005 ποιοῦσιν]
1501 963 1572 993 Hoc

850 1016 910 1048 est,
934 1012 1017 1051 quod
1041 1011 1141 1051 inquit
1163 1012 1274 1041 Horat.
1308 1010 1331 1027 “
1351 1010 1458 1039 laudes
1482 1008 1575 1048 culpa

850 1055 990 1085 deterere
1006 1054 1184 1094 ingeni‚”et
1195 1064 1301 1084 rursus
1317 1058 1337 1071 “
1350 1063 1458 1092 magna
1474 1051 1575 1081 modis

851 1104 977 1128 tenuare
994 1098 1130 1137 parvis.”
1154 1099 1203 1128 Ita
1219 1099 1251 1127 fit
1267 1097 1388 1136 quoties
1404 1096 1575 1126 Herculem

851 1142 1031 1172 laudamus:
1057 1152 1126 1171 nam
1142 1142 1211 1181 quis
1227 1151 1296 1171 eum
1312 1141 1518 1178 vituperatur.
1548 1138 1577 1167 E

853 1190 959 1215 contra
975 1190 1046 1215 sunt
1061 1185 1198 1215 nonnulli
1214 1184 1266 1224 qui
1290 1183 1392 1214 εὐτελῆ
1412 1184 1460 1212 καὶ
1482 1183 1577 1223 pinge}-

854 1227 922 1269 ἔργα
933 1228 1023 1266 λόγων
1037 1228 1123 1270 ἀρετῇ
1135 1227 1196 1270 δόξῃ
1209 1227 1372 1269 παρέδωκαν
1383 1229 1434 1261 τῆς
1445 1222 1576 1259 ἀληθείας

853 1272 970 1313 μείζονι,
988 1279 1022 1302 nt
1040 1273 1186 1312 praeclare
1206 1271 1379 1302 Herodian.
1399 1271 1428 1299 in
1445 1279 1577 1309 procem.

856 1326 920 1346 suae
938 1316 1099 1346 Historiae.
1119 1315 1162 1356 [ἑ.
1178 1315 1225 1356 3.]

902 1361 934 1390 Ρ.
961 1362 1034 1391 283.
1058 1363 1087 1390 1.
1111 1358 1216 1390 ἐκείνων
1237 1357 1283 1389 τὸν
1306 1357 1477 1388 ἐ’τιταινον-
1492 1355 1577 1396 εἶναι]

857 1404 984 1433 Pindar.
1010 1403 1155 1444 [Olymp.
1171 1403 1193 1432 i.
1207 1402 1278 1443 53]
1302 1400 1452 1432 ἐωίλοιποι
1474 1399 1581 1440 ἁμέραι

856 1447 1000 1487 μάξτυξες
1014 1447 1191 1486 σοφώτατοι.
1207 1446 1348 1476 ‘Crescit
1358 1445 1480 1475 occulto
1497 1444 1583 1473 velut

859 1492 949 1521 arbor
963 1501 1042 1526 aevo,
1063 1492 1155 1520 Fama
1169 1489 1339 1528 majorum.'
1365 1489 1494 1527 Joseph.
1512 1488 1532 1516 l.
1550 1488 1584 1516 2.

860 1540 966 1564 contra
978 1536 1038 1573 Ap.
1050 1534 1062 1563 ὃ
1077 1535 1167 1567 πολὺς
1182 1532 1274 1574 χρόνος
1285 1532 1459 1564 πιστεύεται
1471 1531 1584 1561 πάντων

860 1577 928 1608 εἶναι
941 1579 1118 1616 δοκιμαστὴς
1130 1576 1341 1612 ἀληθέστατος,
1353 1577 1402 1606 cui
1415 1576 1502 1606 affine
1513 1574 1585 1603 ada-

863 1622 941 1660 giale
959 1621 1034 1651 illud
1055 1632 1175 1651 sacrum
1196 1626 1211 1650 1
1227 1621 1300 1651 Cor.
1318 1620 1364 1650 iii.
1382 1622 1434 1650 13.
1459 1621 1473 1650 ἦ
1489 1617 1583 1657 tutem

863 1665 994 1701 δηλώσει,
1025 1666 1083 1694 dies
1110 1665 1262 1694 indicabit.
1316 1664 1368 1693 Id.
1393 1663 1483 1692 Pind.
1512 1661 1588 1690 alibi

864 1709 1008 1749 [Olymp.
1021 1719 1052 1738 x.
1070 1708 1139 1749 65.]
1157 1707 1172 1737 δ’
1185 1706 1214 1737 τ’
1227 1707 1389 1748 ἐξελέγχων
1404 1705 1485 1747 μένος
1498 1704 1588 1735 Ἀλά-

864 1752 944 1781 &ew-v
959 1750 1102 1791 ἐτήτυμον
1117 1750 1222 1790 Χξόνος.

907 1813 952 1818 ——
973 1799 1004 1826 3.
1036 1794 1288 1836 ωαροιδεξασὲαι]
1313 1793 1446 1832 Proprie
1469 1799 1513 1823 est
1542 1802 1589 1821 re-

864 1839 974 1877 cipere,
989 1839 1130 1879 excipere,
1145 1839 1312 1873 admittere,
1328 1837 1408 1866 idern
1426 1838 1489 1866 sere
1506 1835 1587 1876 quod

865 1880 1093 1922 ἀωοδὲχεσθαις
1119 1882 1173 1911 sed
1193 1883 1251 1911 hoc
1273 1881 1303 1909 in
1323 1881 1393 1910 loco
1413 1880 1520 1921 παξαδ.
1544 1884 1590 1908 est

867 1927 1004 1965 aggredi,
1014 1928 1166 1964 susprere,
1174 1922 1358 1964 ἀναιρεῖσθαι,
1366 1922 1581 1954 ἐπιέάλλεσθαι
1588 1946 1595 1956 ,

868 1967 1031 2010 ἐπιχειξεῖν,
1056 1970 1144 2007 cnjus
1168 1967 1399 2007 significationis
1413 1967 1590 2007 exemplum

868 2012 949 2042 haud
966 2012 1090 2041 memini
1106 2022 1154 2041 me
1170 2012 1290 2051 uspiam
1307 2011 1380 2040 alibi
1397 2011 1564 2040 invenisse.

912 2074 957 2078 --
973 2058 1025 2085 10.
1047 2054 1133 2095 φόβος
1155 2054 1294 2094 λέλυται]
1324 2055 1460 2084 Notetur
1482 2053 1594 2083 discri-

870 2109 939 2129 men
956 2099 1036 2129 inter
1053 2105 1157 2139 poetas
1174 2103 1205 2128 et
1221 2103 1358 2128 oratores
1372 2098 1401 2127 in
1426 2108 1483 2127 usu
1502 2097 1593 2133 hujus

871 2141 961 2172 verbi
975 2142 1107 2173 λέλυται.
1124 2143 1215 2182 Apud
1234 2143 1326 2172 Poet.
1347 2140 1426 2181 φόβῳ
1442 2153 1487 2174 τις
1507 2140 1594 2170 λέλυ-

871 2186 1070 2222 ται,-λύτο
1095 2186 1218 2223 γούνατα
1243 2185 1293 2215 καὶ
1317 2183 1396 2224 φίλον
1414 2182 1491 2224 iri-03,
1516 2190 1594 2214 melu

873 2230 964 2265 labat,
979 2228 1114 2269 fatiscit,
1138 2230 1322 2259 dissolvitur:
1347 2233 1377 2257 at
1399 2229 1481 2267 apud
1506 2228 1593 2257 Orat.

872 2271 955 2313 φὸἔος
970 2273 1083 2310 λύεται,
1099 2275 1157 2312 ipse
1174 2278 1264 2303 metus
1281 2273 1415 2307 solvitur,
1433 2273 1461 2301 h.
1478 2283 1506 2301 e.
1527 2282 1594 2301 era<

872 2318 972 2347 nescit.

915 2378 959 2383 -—
982 2363 1036 2391 11.
1059 2362 1094 2393 ὡς
1119 2359 1180 2402 ἔχου
1206 2359 1336 2400 γνώμης]
1368 2360 1440 2399 qnid
1464 2360 1600 2392 sentiam,

875 2410 926 2434 aut
941 2414 1075 2444 qnaenam
1090 2415 1154 2434 ntea
1167 2406 1203 2434 sit
1216 2406 1368 2433 sententia.
1386 2405 1423 2433 de
1438 2404 1492 2432 hac
1509 2403 1599 2442 phra-

877 2447 905 2477 si
921 2454 1022 2477 antea.

918 2509 960 2514 -—
979 2492 1029 2522 15.
1055 2489 1181 2530 πόλεμον
1200 2489 1340 2530 ἄρασθαι]
1369 2490 1475 2519 bellum
1499 2498 1600 2529 gerere

878 2535 927 2564 vel
953 2534 1061 2564 bellum
1082 2535 1238 2572 suscipere,
1262 2535 1387 2564 verbum
1412 2534 1550 2572 elegans,
1571 2537 1602 2562 et

877 2578 937 2608 hoe
954 2588 1045 2608 sensu
1066 2578 1148 2616 apud
1171 2578 1294 2607 Atticos
1315 2578 1482 2615 scriptores
1506 2576 1602 2606 usita-

880 2626 944 2652 tum
963 2622 1011 2659 (ut
1028 2631 1122 2659 supra
1137 2621 1264 2658 πόλεμον
1275 2620 1420 2660 ἐκφέξειν).
1442 2620 1602 2650 Demos-th.

881 2671 986 2695 noster
1010 2665 1103 2694 alibi:
1137 2663 1193 2704 [de
1210 2665 1284 2694 Pac.
1307 2664 1331 2703 ξ.
1356 2664 1412 2705 fist]
1438 2664 1465 2693 οὐ
1488 2663 1529 2692 δεῖ
1550 2662 1602 2691 πό-

881 2715 969 2748 λεμον
989 2707 1081 2746 ἄδοξον
1103 2708 1151 2737 καὶ
1173 2708 1323 2748 δαπανηρὲν
1343 2706 1477 2748 ἄρασθαι.
1496 2706 1604 2734 bellum

883 2751 1010 2792 ignobile
1034 2757 1059 2782 et
1081 2758 1280 2790 sumptuosum
1306 2762 1362 2782 non
1388 2756 1428 2781 esc
1449 2750 1606 2788 suscipien-

883 2796 966 2825 dum.
989 2795 1130 2836 Tbncyd.
1148 2795 1168 2824 l.
1187 2796 1206 2825 i.
1226 2795 1270 2835 [c.
1288 2794 1356 2833 80.]
1374 2796 1435 2827 πῶς
1454 2795 1507 2833 χρῆ
1533 2791 1607 2832 mk:

884 2838 998 2874 τούτους
1009 2838 1105 2880 ῥαδίως
1121 2838 1246 2879 πόλεμον
1258 2837 1378 2878 οἷς-ασθαι
1396 2844 1454 2866 etc.
1471 2836 1609 2876 quomodo

884 2887 993 2920 oportet
1009 2888 1066 2912 etc.
1114 2882 1290 2912 Discritnen
1309 2882 1387 2910 inter
1403 2878 1526 2919 ἆξασθαι
1543 2890 1609 2910 aor-

886 2938 916 2955 οι.
940 2925 1020 2956 med.
1044 2930 1076 2954 et
1099 2935 1161 2955 aor.
1188 2923 1215 2954 C.
1238 2923 1368 2963 ιὶξὲσθαι.
1387 2921 1530 2962 Ἀρασθκι
1554 2923 1608 2952 κίν-

887 2968 968 3004 δυνον,
988 2968 1126 3008 πόλεμον,
1145 2969 1226 3007 apud
1253 2966 1464 3007 πεζογξάφουςτ
1486 2965 1611 3006 ἐρέσθαι

887 3011 968 3047 νίκην,
985 3012 1076 3046 κλέος,
1095 3011 1184 3045 κῦδος.
1215 3012 1250 3040 ln
1273 3011 1372 3039 soluta
1389 3010 1526 3039 oratione
1542 3009 1611 3049 ἄρα·

888 3055 964 3085 σθαι
980 3061 1107 3088 tuntum,
1125 3057 1153 3085 in
1170 3054 1304 3083 carmine
1322 3060 1484 3092 utrumque
1500 3058 1531 3082 el.
1545 3054 1615 3092 <33:²-

913 3098 934 3116 2
1043 3099 1050 3106 .
1074 3098 1081 3113 2
1191 3097 1198 3106 ,
1312 3096 1318 3104 x
1353 3096 1363 3105 .
1474 3098 1487 3104 s

890 3111 965 3128 aaut
988 3103 1018 3129 et
1036 3097 1165 3138 agzcflcu.
1202 3106 1333 3127 Ασπετον
1347 3109 1434 3138 ngare
1455 3096 1542 3130 κυδος.
1562 3096 1619 3136 [Il.
