1931 3322
347 195 411 238 IN
444 196 616 238 ORAT.
648 196 729 238 DE
762 194 1060 240 RHODIOR.
1094 193 1442 237 LIBERTATE.
1533 197 1616 238 525

179 301 295 332 Auctor
310 302 450 333 Maccab.
466 303 487 333 l.
502 304 523 334 i.
535 314 562 334 c.
574 306 624 334 15.
638 303 777 343 Βούλομαι
793 303 821 334 δὲ
833 305 879 333 ἇν-

179 343 384 376 ‹moda-aeona
392 348 442 380 τῆς
453 344 609 380 Cas-arem.
618 347 679 377 volo
687 353 784 377 autem
793 350 879 377 etiam

178 388 330 417 vendicare
359 399 494 429 regnum.
550 390 703 420 Differunt
730 391 881 420 ἀντιποιεῖν

178 432 210 458 et
230 430 456 462 ἄντιποιεῖσθοιιε
479 432 537 462 etsi
560 434 613 462 Gr.
629 433 793 472 Lexicogr.
815 434 878 462 haec

177 471 240 501 duo
263 474 340 504 male
361 475 561 511 confundunt,
578 485 741 514 eorumque
764 475 877 513 signifi·

176 513 313 546 cationes
336 528 394 548 una
414 518 604 559 permiscent.
650 519 727 547 Nam
749 523 779 547 et
799 519 876 547 ἀντι-

177 559 312 597 ποιοῦμαι
328 566 485 600 exponunt
496 571 552 590 uon
567 561 663 590 solnm
677 561 805 596 vendico,
822 561 876 590 sed

177 600 268 630 etiam
278 601 366 641 facio
380 604 492 644 aliquid
512 604 646 633 adversus
657 614 668 639 ,·
692 608 722 632 et
741 604 876 633 ἅντιποιῶ

177 651 239 672 non
268 645 366 675 solum
387 645 474 687 facio
499 646 612 685 aliquid
640 645 788 682 adversus,
821 647 874 676 sed

177 685 267 716 etiam
286 689 417 718 vendico.-
439 699 507 718 cum
534 689 598 718 haec
623 689 685 718 duo
709 689 877 728 significata

129 736 132 739 ⁴
176 737 328 768 nunquam
360 731 584 762 confunduntur
616 731 695 772 apud
726 737 876 762 auctores.

176 770 308 802 Notetur
322 772 424 812 itaque
441 774 617 804 discrimen.
661 774 876 815 Ἀντιποιοῦμαι

175 822 295 853 semper
306 821 353 846 est
367 817 398 846 id
414 817 494 856 quod
510 817 657 853 diximus,
672 817 732 847 viz.
748 820 876 854 vendico,

174 855 248 886 mihi
261 868 381 894 assumo,
397 864 447 890 aut
463 869 580 900 arrogo,
594 865 646 890 aut
657 870 796 899 occupare
810 872 876 891 con-

175 899 278 930 tendo.-
303 906 334 932 at
356 902 490 932 ἅντιποιῶ
510 908 569 932 aot.
595 912 742 942 nunquam
768 904 796 933 in
820 905 876 934 hoo

174 941 345 981 significatu
367 946 489 985 legitur,
509 946 562 975 sed
576 945 666 985 longe
683 946 763 975 aliud
783 947 876 976 deno-

173 989 229 1021 tat,
247 986 295 1015 viz
316 986 404 1028 facio
424 989 559 1023 vicissim,
583 998 638 1026 par
652 990 722 1026 pari
742 991 876 1028 rependo,

174 1031 206 1057 et
227 1030 334 1059 transit
348 1030 379 1060 in
396 1041 555 1071 personam
572 1030 620 1060 vel
636 1041 810 1069 expressam
828 1033 876 1062 vel

170 1069 411 1111 intelligendam,
427 1079 458 1103 et
478 1073 660 1103 contrarium
679 1077 727 1103 est
741 1074 784 1113 τᾷἱ
798 1076 875 1104 ἀντι-

172 1113 309 1156 πάσχειν,
321 1117 401 1146 unde
416 1114 629 1148 ἀντιπεπονθῶς.
664 1116 758 1145 Arist.
782 1118 876 1148 Rhet-

167 1156 230 1187 Lii.
240 1157 283 1197 [c.
292 1158 340 1199 2.]
348 1159 370 1188 οἱ
379 1160 431 1197 γὰρ
438 1159 640 1191 ἄντιποιοῐὶντες
649 1159 703 1200 οὐχ
712 1159 876 1201 ὑβρίζουσιν,

171 1200 466 1242 ἀλλὰιτιμωροῦντοιι.
482 1203 534 1241 qui
547 1211 601 1240 pro
615 1203 802 1239 contumelia,
818 1215 876 1245 qua

172 1243 210 1272 ab
233 1243 302 1273 aliis
312 1243 447 1285 fumant
463 1242 576 1285 offecti,
590 1245 660 1283 ipsis
676 1255 734 1283 par
748 1245 876 1286 faciunt

170 1291 199 1316 et
212 1287 332 1316 vicissim
346 1297 389 1317 eos
403 1287 577 1317 contumelia
588 1285 723 1327 afficiunt
733 1299 745 1325 ;
769 1290 816 1319 isti
829 1292 874 1319 in-

162 1329 283 1367 juv-iam
297 1340 355 1360 non
367 1329 510 1371 faciunt,
521 1330 570 1360 sed
590 1331 765 1370 propulsant
783 1339 810 1362 et
827 1334 874 1363 ul-

172 1373 335 1403 ciscuntur.
388 1373 475 1403 Idem
493 1373 564 1403 Eth.
577 1384 605 1403 v.
620 1374 664 1415 [o.
680 1373 727 1414 8.]
744 1375 794 1404 ubi
811 1377 874 1415 agit

171 1414 234 1456 περὶ
248 1416 297 1444 τοῦ
308 1414 546 1451 ἂντιπεπονθότος,
561 1427 613 1446 seu
629 1417 667 1446 de
683 1417 795 1447 talione
812 1420 874 1458 Py-

171 1458 329 1497 thagorica
341 1470 348 1488 z
371 1459 414 1498 τῷ
424 1460 572 1490 ἀντιποιεῖν
585 1461 639 1501 γὰρ
650 1460 780 1498 οἷνίιλογιν
794 1474 874 1502 συμ-

170 1499 275 1540 μένειῆ
291 1500 383 1537 πόλις.
395 1501 492 1543 factis
510 1504 586 1532 enim
604 1504 785 1542 proportione
800 1507 874 1536 reci-

168 1545 262 1584 procis
272 1552 458 1576 conservatur
471 1547 572 1576 unitas
584 1546 722 1576 civitatis.

213 1604 258 1610 —
268 1589 319 1618 18.
334 1586 487 1629 ἐγκρατὴς]
506 1589 590 1618 ldeln
606 1589 667 1618 fere
681 1590 760 1628 qnod
776 1589 872 1630 κύριος,

170 1629 315 1667 dominus,
327 1633 377 1671 qui
390 1631 504 1672 aliquid
518 1633 550 1661 in
563 1642 616 1662 sua
629 1638 767 1671 potestate
779 1633 874 1670 habet,

170 1671 225 1703 ὁὲν
235 1673 331 1713 κράτει
343 1672 426 1715 ἔχων.
473 1675 632 1705 Demosth.
657 1674 744 1715 [adv.
761 1677 873 1707 Lacrit.

167 1715 193 1755 §.
207 1714 262 1756 γ’,]
285 1714 377 1748 ἐπειδὴ
400 1715 428 1746 δὲ
449 1717 588 1759 τάχιστα
609 1716 745 1758 ἐγκρατὴς
767 1718 874 1757 ἐγένετο

169 1759 220 1788 τοῦ
235 1758 367 1799 ἀργυρίου.
391 1765 539 1800 postquam
551 1763 680 1799 pecuniae
695 1771 804 1800 compos
815 1762 872 1803 fa-

169 1806 233 1832 ctus
245 1808 297 1838 est,
313 1802 363 1832 vel
384 1804 416 1833 in
437 1814 490 1833 sua
510 1808 648 1841 potestate
662 1803 763 1834 habuit
783 1815 872 1843 pecu-

170 1845 263 1875 niam.
279 1845 324 1875 sic
334 1843 472 1885 ἐγκρατὴς
485 1848 541 1876 τῶν
555 1847 755 1886 πραγμάτων,
771 1858 870 1878 rerum

167 1893 286 1926 potitus.
330 1887 481 1918 Herodot.
498 1888 537 1929 [l.
551 1889 614 1918 viii.
633 1890 702 1931 49.]
719 1892 774 1919 τῶν
791 1891 871 1921 αὐτοὶ

167 1929 279 1970 χωρέων
293 1929 440 1970 ἐγκρατέες
458 1931 522 1961 εἶσί.
536 1932 569 1961 in
592 1931 658 1962 locis
678 1943 800 1972 quorum
819 1944 871 1972 po-

168 1974 289 2004 tiuntur
301 1975 410 2004 domini
420 1979 449 2004 et
462 1978 599 2014 compotes
611 1981 711 2005 essent.
755 1974 871 2016 Ἐγκρα-

168 2017 220 2050 τῆς
247 2018 329 2056 apnd
349 2017 424 2047 alios
448 2018 502 2047 Gr.
524 2018 604 2047 idem
631 2019 712 2057 quod
734 2017 871 2054 ἐπήβολος

168 2059 252 2098 apud
269 2061 362 2090 Hom.
374 2060 488 2098 Odyss.
513 2059 560 2100 [Β.
576 2062 667 2102 319.]
693 2061 721 2091 οὐ
748 2063 801 2101 γὰρ
816 2061 871 2097 νηὸς

168 2099 305 2137 ἐπήβολος
318 2101 372 2133 οὐδ’
385 2101 500 2144 ἐρετάων
510 2102 632 2143 Γίνομαι.
644 2115 699 2133 non
715 2115 777 2134 sum
794 2116 870 2135 com-

162 2154 216 2184 pos
228 2147 320 2181 navis,
334 2157 392 2176 non
412 2146 500 2176 habeo
523 2157 623 2177 navem
646 2157 697 2177 nec
717 2153 825 2177 nautas
838 2150 870 2178 in

167 2198 230 2218 mea
243 2193 390 2228 potestate.
434 2188 693 2226 801]οΙ.ἒπήὲολος·
717 2189 868 2233 ἐπιτυχὴς,

167 2229 316 2271 ἐγκρατὴς,
328 2230 386 2262 ἇπδ
401 2234 453 2267 τῆς
469 2230 550 2267 ξολῆς
571 2233 619 2262 καὶ
641 2234 691 2262 τοῦ
713 2233 841 2270 Βάλλειν,
856 2234 873 2264 δ’

167 2272 233 2304 ἐστι
248 2275 298 2304 τοῦ
318 2275 426 2305 σκοποῦ
449 2277 608 2316 τυγχάνειν.
653 2275 806 2311 Ἐπήβολος
822 2283 869 2307 est

166 2318 217 2357 qui
244 2327 357 2357 scopum
381 2320 523 2359 pertingit
550 2325 578 2349 et
606 2321 766 2360 assequitur
794 2320 867 2362 (pro

167 2358 325 2400 ἐπίβολος),
339 2361 476 2400 adeoque
491 2362 542 2401 qui
563 2372 674 2401 compos
688 2368 729 2392 est
742 2363 869 2404 alicujus

166 2404 211 2433 rei
231 2405 270 2433 ad
295 2414 381 2443 qnam
404 2404 564 2434 collimavit
585 2411 614 2435 et
633 2416 719 2446 quam
743 2407 774 2435 in
799 2409 868 2436 votis

166 2446 280 2476 habuit.
311 2447 398 2476 Hanc
411 2457 518 2477 vocem
533 2449 570 2477 ab
581 2448 674 2479 Hom.
690 2453 866 2486 mutuatam,

166 2488 295 2528 aliisque
311 2488 494 2530 πεζογράφοις
509 2490 607 2521 miuus
629 2491 780 2529 usitatam,
797 2494 867 2523 Ari-

167 2537 239 2562 stot.
255 2532 326 2562 Eth.
338 2532 358 2562 l.
375 2533 397 2562 i.
413 2536 464 2563 11.
487 2532 533 2563 οὐκ
549 2533 581 2563 ἂν
595 2532 698 2572 γένοιτο
718 2536 805 2564 πάλιν
822 2536 865 2566 εὐ-

166 2572 273 2614 δαίμων
293 2573 319 2604 ἓν
339 2573 424 2615 ὀλίγῳ
443 2574 542 2617 χρόνῳ,
557 2576 625 2606 ἀλλ’
635 2577 712 2617 εἴπερ
726 2576 752 2606 ἐν
767 2578 868 2618 πολλῷ

165 2617 217 2647 τινὶ
236 2617 285 2647 καὶ
302 2618 410 2657 τελείῳ,
424 2620 559 2657 μεγάλων
573 2619 620 2649 καὶ
642 2622 736 2650 καλῶν
749 2618 775 2650 ἐν
788 2622 868 2662 αὐτῷ’

164 2660 302 2700 γενόμενος
315 2660 461 2696 ἐπήβολος.
482 2663 507 2692 si
527 2673 704 2704 magnarum
724 2670 866 2702 pv‘aestan·

165 2704 296 2743 tiumque
309 2714 407 2734 rerum
435 2714 542 2744 compos
568 2707 683 2735 evadat.
727 2707 865 2738 Eustath.

166 2745 295 2786 [1404.]
311 2745 445 2780 {orhCoMc
467 2747 479 2776 ὅ
501 2746 702 2783 ἐπιτευκτικός,
718 2746 740 2788 a}
751 2748 866 2780 ἐναντίον

165 2787 316 2829 ἀβέλτερος
334 2789 346 2818 ὅ
368 2789 520 2831 ἐπιτυχὴς,
543 2790 600 2821 ἀπὸ
622 2792 672 2821 τοῦ
694 2790 828 2829 ingens,
852 2794 864 2823 ὅ

167 2833 263 2872 τυχὼν
282 2831 455 2872 πράγματός
475 2844 557 2868 τινος,
577 2833 702 2874 Ὁμήρῳ·
726 2836 813 2875 wag&
837 2835 865 2866 δὲ

166 2875 227 2908 τοῖς
241 2873 350 2915 ὕστερον
371 2876 384 2906 ὅ
406 2875 526 2911 συνετός.
549 2881 632 2906 certe
654 2876 806 2917 ἀβέλτερος
819 2884 865 2909 est

163 2916 306 2951 ἀσύνετος.
313 2918 444 2954 stolidus,
454 2920 635 2958 imprudens,
644 2921 680 2949 ab
690 2933 710 2949 α,
719 2925 750 2950 et
761 2920 864 2953 βάλλω

167 2959 217 2989 vel
232 2957 322 2996 Ε’έλος,
337 2961 424 2999 quasi
440 2973 458 2991 a
468 2972 548 3001 scopo
561 2963 699 2993 aberrans
710 2974 721 3000 ,-
744 2969 774 2993 at
796 2963 864 2994 ἐπῆ·

166 2999 245 3036 ζολος
258 3003 360 3038 ἁπλῶς
382 3014 438 3043 pro
460 3004 573 3039 συνετὸς
589 3006 642 3036 vix
659 3006 804 3049 (opinor)
819 3007 862 3038 le-

912 301 994 339 gitur
1021 303 1101 342 apud
1129 307 1278 332 auctores.
1330 299 1478 334 Ἐπήέολος
1504 304 1614 341 φρενῶν,

911 345 1014 374 mentis
1039 354 1156 383 compos.
1201 345 1344 384 Sophool.
1368 344 1471 380 Antig.
1502 345 1610 386 [491]

910 385 977 416 εἶδον
999 388 1098 427 ἇρτιοές
1120 390 1276 418 Auro-&om
1300 388 1386 418 αὐτὴν
1407 385 1462 417 οὐδ’
1480 385 1614 417 ἐπήζολον

911 431 1018 468 φρενῶν.
1047 431 1107 459 vidi
1131 440 1192 460 eam
1223 440 1317 469 nuper
1346 431 1535 460 insanientem
1558 441 1612 460 uec

911 474 1012 502 mentis
1024 479 1184 511 compotem.
1206 472 1342 507 ἐπήβολος
1367 476 1463 512 φρενῶν
1489 478 1537 502 est
1563 471 1611 511 ἔγ-

910 516 1013 553 κρατὲς
1036 517 1133 555 φρενῶν
1156 516 1202 544 vel
1223 515 1349 555 καρτερὸς
1368 517 1433 550 νόου,
1457 521 1489 544 nt
1511 516 1612 554 inquit

910 557 1044 597 Theogn.
1064 558 1171 598 [479]
1181 558 1235 590 Ὃς
1250 557 1273 586 δ’
1288 559 1319 587 ἂν
1330 559 1501 600 ὑπερβάλλῃ
1516 559 1613 594 πόσιος

908 599 1011 640 μέτρον
1040 601 1086 630 οἰκ
1113 600 1156 630 ἔτι
1178 601 1261 633 κεῖνος
1289 603 1344 634 Τῆς
1366 602 1452 630 αὑτοῦ
1477 603 1613 639 γλώσσης

909 642 1037 683 καρτερός
1062 643 1118 674 οὐδὲ
1144 643 1208 673 νόου.
1228 645 1278 682 qui
1301 644 1416 673 modum
1440 646 1471 674 in
1493 645 1612 675 bibendo

909 688 1028 722 excedit,
1045 687 1069 716 is
1083 697 1140 716 non
1161 687 1286 725 amplius
1306 696 1362 716 suoe
1379 687 1489 726 lingnae
1503 697 1613 726 compos

909 735 948 759 est
973 739 1061 770 neque
1082 731 1195 760 mentis.
1239 729 1280 758 Et
1302 735 1335 759 ut
1358 728 1511 767 Theognis
1537 731 1614 761 hano

910 782 1014 802 vocem
1029 772 1159 812 καρτερός
1182 773 1240 801 hoc
1265 781 1356 802 sensu
1373 781 1440 801 cum
1459 772 1549 810 genit.
1566 774 1612 803 rei

910 815 1079 853 conjunxit,
1095 817 1137 845 ita
1151 814 1333 845 Theocritus
1349 824 1418 844 cum
1435 814 1527 853 genit.
1544 825 1613 853 per·

910 868 991 887 sonae
1005 858 1100 897 ldyll.
1112 869 1166 889 xv.
1180 857 1264 898 [94.]
1279 859 1322 888 Μὴ
1334 857 1392 899 φυῇ
1404 857 1572 897 μελιτῶδες,
1584 857 1613 893 ὃς

909 901 991 940 ἁμῶν
1016 901 1143 942 καρτερὸς
1176 900 1224 931 εἴη.
1255 910 1290 929 ne
1315 910 1446 940 unquam
1475 907 1614 931 nascatur

910 946 1072 983 quisquam,
1085 944 1110 974 O
1121 945 1217 974 suavis
1230 942 1418 982 Proserpina,
1433 953 1485 973 nec
1500 945 1533 973 in
1544 946 1616 975 vivis

909 986 955 1021 sit,
972 988 1022 1026 qui
1037 988 1069 1016 in
1084 997 1132 1016 nos
1148 987 1301 1025 imperium
1321 991 1347 1016 ct
1369 992 1538 1025 potestatem
1561 987 1615 1017 ha-

909 1028 993 1065 beut5
1015 1030 1088 1059 absit
1110 1033 1145 1059 ut
1171 1040 1220 1059 nos
1244 1038 1330 1059 serm
1351 1030 1487 1069 cuiquam
1513 1030 1614 1061 simus.

910 1071 1030 1102 Arx-ian.
1061 1073 1113 1102 de,
1131 1072 1243 1111 exped.
1274 1072 1443 1102 Alexandr.
1489 1071 1614 1103 Θηέαίων

909 1113 1016 1151 ἐγένετο
1041 1115 1177 1155 καρτερός.
1209 1113 1355 1144 Thebanos
1383 1116 1416 1144 in
1443 1120 1615 1152 potestatem

908 1166 989 1186 suam
1004 1158 1127 1198 redegit.
1153 1158 1296 1187 Eustath.
1313 1158 1401 1198 [101.
1418 1158 1532 1198 1790]
1547 1170 1615 1198 καρ-

909 1199 984 1239 τερὸς
998 1200 1061 1229 ἀντὶ
1077 1201 1125 1230 τοῦ
1138 1202 1257 1237 mum-kg,
1269 1201 1363 1242 γενικῇ
1377 1202 1617 1240 συντασσόμενον,

908 1244 954 1271 καὶ
970 1242 1033 1272 ἀντὶ
1047 1245 1097 1273 τοῦ
1112 1242 1252 1277 δεσπότης
1267 1243 1314 1272 καὶ
1329 1244 1423 1284 ἄρχων
1439 1242 1452 1274 ἢ
1468 1242 1615 1284 ἐγκρατής.

908 1285 1038 1325 Καρτερός
1054 1292 1083 1316 et
1106 1285 1243 1326 ἐγκρατὴς
1257 1297 1321 1325 seq.
1343 1287 1438 1325 genit.
1454 1292 1535 1322 sunt,
1551 1287 1563 1317 ὁ
1586 1287 1613 1317 ἓν

907 1329 1003 1369 κράτει
1017 1328 1099 1370 ἔχων,
1115 1331 1164 1370 qui
1177 1330 1302 1369 aliquem
1318 1330 1367 1359 vel
1381 1329 1496 1370 aliquid
1512 1333 1543 1360 z'n
1561 1341 1613 1369 po-

908 1377 1008 1402 testate
1025 1372 1119 1407 habet,
1137 1373 1149 1402 ὁ
1166 1372 1264 1412 κύριος.
1308 1372 1379 1402 Hoc
1396 1372 1542 1402 libentius
1558 1375 1612 1403 ob·

907 1425 1009 1450 servo,
1022 1421 1055 1445 ut
1069 1421 1191 1445 notetur
1206 1414 1370 1445 discrimen
1386 1415 1465 1445 inter
1479 1416 1613 1454 phrasim

908 1463 937 1488 et
953 1459 1115 1488 dialectum
1131 1459 1259 1488 Homeri
1275 1464 1305 1488 et
1326 1461 1380 1488 τῶν
1401 1457 1614 1500 μεθωομηρον.

906 1501 1042 1543 Καρτερὲς
1065 1502 1159 1532 Hom.
1187 1501 1368 1540 simpliciter
1392 1507 1423 1531 et
1446 1502 1511 1532 sine
1539 1513 1611 1533 casu

907 1549 955 1574 est
978 1544 1104 1585 ἰσχυρὸς,
1125 1545 1258 1584 ἄλκιμος,
1269 1543 1375 1585 fortis,
1394 1550 1539 1582 strenuus,
1565 1556 1613 1576 ro-

907 1587 1016 1624 bustus,
1024 1589 1245 1629 magnanimus:
1263 1593 1292 1617 at
1303 1589 1434 1626 posteris
1445 1589 1535 1620 Hom.
1546 1601 1613 1629 κοιρ·

907 1631 982 1672 τερός
1004 1642 1072 1661 cum
1099 1632 1191 1671 genit.
1216 1636 1262 1660 est
1285 1641 1405 1670 compoS‚
1428 1630 1525 1671 κύριος,
1549 1637 1610 1663 eto.

907 1674 1006 1713 igitur
1021 1674 1085 1703 haec
1101 1684 1267 1713 synonyma
1283 1680 1353 1703 sunt
1383 1673 1530 1713 ἐγκρατὴς,
1545 1673 1608 1705 ἐπι-

906 1718 1009 1758 τυχὴς,
1026 1716 1172 1753 ἐπήβολος,
1184 1717 1279 1757 κύριος,
1289 1716 1428 1757 καρτερὸς,
1439 1727 1501 1756 seq.
1515 1719 1610 1756 genit,

905 1769 1025 1799 compos,
1047 1760 1190 1795 dominus,
1213 1764 1271 1789 etc.
1295 1765 1384 1798 atque
1411 1760 1440 1789 in
1461 1760 1518 1790 hoc
1541 1761 1609 1791 loco

907 1803 1065 1833 Demosth.
1090 1801 1239 1842 ἐγκρατής.
1283 1804 1384 1842 Atque
1412 1803 1460 1832 hic
1486 1803 1608 1842 quidem

906 1845 1071 1875 communis
1095 1851 1141 1875 est
1165 1857 1238 1875 usus
1261 1846 1352 1884 hujus
1369 1846 1510 1875 vocabuli
1527 1849 1608 1885 apud

906 1888 1059 1918 Rhetores
1081 1894 1112 1918 et
1136 1889 1251 1924 Polit.·‚
1274 1889 1351 1917 alius
1370 1890 1431 1926 jam
1457 1889 1521 1918 fere
1541 1891 1608 1928 ejus

906 1941 976 1960 usus
992 1938 1038 1961 est
1052 1932 1128 1971 apud
1142 1932 1268 1961 Ethicos
1278 1935 1308 1961 et
1320 1931 1504 1970 Theologos,
1517 1943 1607 1971 quem

903 1974 994 2003 etiam
1018 1975 1116 2004 obiter
1140 1980 1261 2013 tangere
1286 1976 1383 2003 visum
1410 1979 1468 2010 est,
1493 1981 1525 2004 ut
1547 1976 1606 2007 viz.

904 2014 1039 2054 ἐγκρατὴς
1061 2017 1101 2047 sit
1126 2019 1270 2047 abstinens
1296 2018 1344 2046 vel
1372 2019 1535 2054 continens,
1557 2020 1604 2050 vel

903 2058 1044 2099 κρείττων,
1062 2061 1203 2099 superior,
1230 2060 1330 2099 aliquo
1355 2071 1398 2089 sc.
1422 2061 1531 2091 affectu
1555 2067 1608 2093 aut

903 2103 1046 2141 passione
1062 2103 1173 2142 aliqua,
1190 2108 1222 2133 ut
1237 2101 1372 2143 ἐγκρατὲς
1384 2105 1433 2133 τοῦ
1447 2103 1546 2142 θυμοῦ,
1556 2107 1607 2145 qui

903 2147 953 2175 irae
967 2147 1148 2182 moderatur,
1165 2148 1214 2187 qui
1229 2157 1286 2175 non
1301 2147 1462 2176 succumbit
1478 2149 1539 2182 irae,
1557 2150 1606 2188 qui

903 2190 977 2218 iram
1010 2195 1038 2219 et
1070 2191 1200 2219 animum
1228 2189 1362 2225 cohibet,·
1399 2189 1443 2219 sic
1470 2188 1607 2230 ἐγκρατὴς

902 2231 1037 2272 γαστρὸς,
1061 2237 1231 2271 temperans,
1256 2233 1416 2272 continens,
1439 2235 1489 2273 qui
1513 2236 1606 2264 ventri

902 2285 961 2304 non
976 2282 1016 2305 est
1031 2275 1158 2310 deditus,
1172 2277 1222 2315 qui
1242 2276 1337 2305 ventri
1356 2286 1413 2304 non
1437 2278 1605 2312 succumbit,

902 2320 951 2357 qui
966 2324 1091 2349 ventrem
1110 2319 1245 2357 reprimit
1268 2323 1295 2348 et
1317 2324 1423 2348 coercet
1434 2329 1444 2354 ,·
1468 2317 1605 2358 ἐγκρατὴς

901 2362 950 2390 τοῦ
959 2360 1052 2396 ὕπνου,
1063 2362 1112 2402 qui
1124 2371 1218 2391 somno
1232 2372 1288 2391 non
1300 2367 1340 2391 est
1350 2361 1479 2391 deditus.
1502 2364 1603 2402 Atque

901 2403 944 2434 ita
962 2405 1078 2434 Philos.
1093 2415 1175 2444 saepe
1190 2404 1219 2434 in
1240 2404 1359 2434 Ethicis
1374 2403 1497 2444 ἐγκρατῆ
1509 2408 1603 2436 conti*

900 2453 1013 2477 nentem
1029 2453 1059 2477 et
1081 2446 1245 2487 ἐγκράτειαν
1269 2448 1487 2478 continentiam.
1533 2449 1603 2478 Ple-

899 2499 1027 2529 rumque
1049 2496 1214 2529 usurpatur
1229 2492 1267 2520 de
1281 2490 1467 2520 continentia
1488 2501 1554 2530 quae
1571 2492 1600 2522 in

900 2533 1094 2563 refraenandis
1116 2533 1326 2572 voluptatibus
1350 2535 1508 2572 corporeis
1532 2545 1600 2565 ver-

900 2581 994 2611 satur,
1011 2582 1041 2606 et
1064 2575 1132 2606 ua‘r'
1153 2575 1252 2617 ἐξοχὴν
1271 2577 1308 2606 de
1323 2576 1507 2606 continentia
1523 2578 1551 2607 in
1568 2589 1600 2607 re

900 2619 1058 2653 Venerea;
1083 2620 1162 2649 unde
1191 2620 1266 2649 illud
1294 2619 1438 2658 Apostoli
1470 2618 1502 2659 [1
1529 2621 1602 2650 Cor.

900 2661 952 2691 vii.
968 2662 1015 2702 5.]
1032 2663 1054 2692 εἷ
1070 2662 1097 2692 δὲ
1120 2663 1167 2693 οὐκ
1189 2661 1403 2703 ἐγκρατεύονται
1419 2663 1600 2701 γαμησάτω-

898 2716 962 2734 σαν.
985 2705 1060 2735 etin
1082 2706 1140 2736 alio
1156 2706 1224 2736 loco
1242 2706 1277 2747 [l
1295 2706 1364 2735 Cor.
1382 2706 1424 2735 ix.
1443 2705 1509 2745 ⁶25]
1534 2707 1599 2740 wa,-

899 2747 926 2777 δὲ
943 2749 954 2777 ὁ
971 2748 1167 2789 ἀγωνιζόμενος
1190 2749 1288 2779 πάντα
1310 2747 1520 2788 ἐγκρατεύεται.
1545 2749 1598 2778 ubi

898 2791 1032 2821 alludere
1062 2793 1183 2822 videtur
1211 2792 1326 2822 Paulus
1356 2791 1394 2820 ad
1422 2791 1542 2819 ἄσκησιν
1567 2797 1597 2821 et

897 2833 1104 2875 ἇναγκοφαγίαν
1118 2836 1198 2865 illam
1215 2834 1398 2865 athleticam.
1432 2834 1514 2863 Beza
1528 2833 1598 2874 (qui

898 2883 928 2906 et
944 2887 999 2907 nos
1014 2878 1044 2907 in
1061 2879 1203 2908 versione
1227 2882 1330 2907 nostra
1348 2875 1541 2917 sequimur):
1567 2878 1599 2907 in

897 2920 1027 2950 omnibus
1038 2922 1194 2951 continens.
1203 2931 1269 2960 quae
1278 2919 1488 2958 interpretatio
1498 2929 1600 2958 quam·

897 2963 998 2993 obrem
1030 2964 1198 3004 displicere
1227 2963 1337 2992 debeat
1367 2962 1506 2997 eruditis,
1539 2972 1598 2992 non

897 3005 1044 3047 intelligo.
1092 3006 1271 3037 Aristoteles
1293 3004 1321 3035 in
1346 3005 1462 3036 Ethicis
1478 3003 1599 3047 ἐγκρατῆ·
