1931 3323
344 200 427 239 20ss

346 306 420 340 lere,
435 305 627 336 Zenothemis
644 310 744 337 autem
757 309 916 338 recusabat
928 309 1053 349 expelli.

388 367 430 372 —
445 351 476 378 7.
493 348 605 389 ἐκεῖνος]
622 350 746 381 Protus.

386 409 427 414 -—
439 394 468 422 8.
487 392 596 433 τιμὰς]
612 394 768 424 mercedes
787 394 919 423 naucleri
936 400 964 424 ct
979 404 1051 424 nau-

345 439 454 469 tarum,
472 440 636 466 vecturam.

384 495 427 501 ——
444 478 518 508 ibid.
534 479 646 520 τοῦτον]
660 479 867 510 Zenothernin.

387 538 429 543 -—
445 523 475 552 9.
489 523 529 551 ’τὰ
549 522 679 563 διάφοροι]
699 522 961 552 intertrimentum.
976 522 1005 552 h.
1023 535 1050 553 e.

341 564 534 594 reluitionem
549 566 764 606 impensarum,
779 576 846 605 quae
858 566 1049 596 Zenothemi-

342 607 376 636 di
394 607 524 637 fuissent
546 609 707 644 faciendae,
726 614 756 639 et
774 610 963 644 damnorum,
982 620 1049 649 quae

341 660 427 680 mora
442 650 551 681 aliisve
565 653 604 682 de
620 652 721 682 causis
736 662 845 691 passus
860 657 952 683 esset.
983 654 1050 682 Ma-

341 703 400 732 gna
417 694 492 724 enim
507 695 615 725 damna
630 695 760 725 fuissent
773 695 981 726 Zenothemidi
999 706 1048 725 ac·

341 736 494 776 cipienda,
522 738 549 768 si
576 738 706 767 oblatam
731 739 878 768 voluisset
908 739 1047 778 recipere

339 780 559 816 conditionem,
580 781 610 811 h.
623 791 651 810 e.
668 791 736 810 cum
753 781 824 810 navi
839 786 870 811 et
885 782 1047 818 frumento,

339 827 371 852 et
395 824 490 853 Proto
519 824 707 858 adversario,
730 825 897 863 Syracusas
928 825 1047 855 renavi-

342 875 426 904 gare,
443 873 473 896 et
488 866 530 896 ibi
542 867 612 905 jure
629 866 773 905 experiri.

383 927 425 931 —
444 912 494 939 10.
514 909 565 939 καὶ
584 910 724 940 τάλαντον
745 909 930 951 προσλαβεῖν]
952 910 1048 940 verba

340 951 405 981 haec
428 953 539 982 absunt
553 954 590 983 ab
607 955 798 992 Augustano,
813 953 930 989 nescio,
945 964 983 983 an
998 964 1046 984 re-

338 1000 397 1025 cte.
414 1005 481 1025 nam
494 996 642 1026 talentum
657 1007 713 1035 pro
725 997 804 1026 dono
815 997 947 1035 gratuito
959 996 1047 1027 vide-

339 1042 388 1067 tur
403 1039 524 1068 modum
539 1038 693 1077 aequitatis
708 1040 872 1070 excedere.
915 1040 1045 1070 Verum-

338 1086 439 1110 tamen
467 1081 547 1111 solet
573 1082 707 1121 impetus
735 1082 825 1112 animi
852 1083 990 1113 homines
1015 1089 1046 1114 et

337 1124 515 1162 pertinacia,
541 1129 572 1155 et
600 1125 711 1155 fiducia
740 1136 840 1155 causae
872 1126 1044 1156 obtinendae

336 1168 417 1197 ultra
437 1168 580 1198 terminos
607 1169 763 1199 modestiae
784 1169 925 1209 abripere
950 1174 982 1199 et
1005 1171 1044 1200 ad

339 1211 503 1241 vanitatem
519 1211 651 1250 aliquam
666 1212 836 1252 impellere.

380 1257 487 1285 -11.
508 1252 619 1296 ἐκείνου]
646 1256 760 1286 Protus
778 1255 964 1295 designatur.
988 1257 1042 1286 de-

335 1296 408 1327 inde
428 1299 531 1328 malim
546 1309 576 1329 v.
594 1301 645 1330 12.
668 1299 716 1329 καὶ
738 1298 872 1337 λεγόντων
890 1299 939 1328 καὶ
963 1300 1042 1340 ἡμῖν,

335 1340 402 1370 scil.
418 1341 527 1371 ταύτά.

378 1401 420 1408 —
436 1387 487 1416 15.
512 1383 619 1424 ἐξάγειν
637 1385 776 1426 βεὲαιοῧν]
803 1397 858 1425 pro
878 1386 1042 1425 posteriori

333 1427 487 1457 vocabulo
518 1428 640 1458 videtur
679 1429 828 1459 sententia
861 1428 1044 1462 βεβαιούντων

334 1472 413 1510 ἡμῶν
440 1472 607 1511 postulare.
651 1472 685 1501 Si
708 1482 763 1502 nus
791 1471 850 1501 sibi
876 1481 1042 1511 sponsores

332 1513 451 1549 fiamus,
479 1524 533 1544 nos
563 1514 644 1544 velle
670 1514 871 1544 Zenothemin
900 1515 1042 1543 educere.

332 1558 414 1595 quod
432 1567 499 1587 cum
515 1558 618 1593 fiebat,
633 1562 696 1587 tum
718 1558 799 1588 actio
814 1557 879 1587 litis
893 1558 1043 1587 adversus

333 1600 530 1630 Zenothemiu
558 1611 576 1630 a
603 1602 708 1636 Proto,
740 1601 839 1640 primo
864 1605 979 1637 actore,
1003 1600 1042 1630 ad

332 1645 501 1674 Demonem
523 1645 649 1683 ejusque
672 1643 773 1674 socios
792 1644 1040 1674 transferebatur.

331 1687 432 1726 possit
447 1698 567 1726 quoque
581 1688 629 1717 οὐκ
644 1685 761 1725 ἓώμενος
776 1687 848 1726 legi.

374 1746 416 1753 —-
432 1732 483 1760 16.
504 1731 526 1760 εἷ
553 1728 577 1759 δ’
597 1727 633 1760 αὖ
654 1729 792 1771 θέλοντος]
818 1729 943 1760 correxi
965 1729 988 1760 εἶ
1012 1729 1040 1761 δὲ

331 1772 420 1802 ταῦτ’
445 1772 599 1807 ἐθέλοντος.
644 1773 699 1803 Sin
719 1779 828 1810 autem,
852 1775 963 1803 tametsi
984 1774 1041 1813 ipse

328 1815 459 1856 (Protus
481 1816 570 1856 puta)
582 1826 637 1846 sese
652 1818 691 1847 ud
706 1817 764 1847 haec
781 1816 912 1859 offerret,
927 1826 977 1847 nos
992 1822 1039 1846 tu-

328 1868 393 1889 men
404 1858 795 1901 Zenothemidifrumentum
802 1870 853 1898 per
855 1861 1039 1890 mitteremus.

371 1920 414 1925 —-
431 1905 482 1933 19.
499 1902 518 1932 ἒ.
540 1902 742 1943 πςουκοιλεῖτο]
759 1904 849 1934 valde
865 1913 986 1938 vereor,
1000 1913 1038 1933 ne

328 1945 546 1986 προκαλεῖσθαι
572 1946 603 1975 in
626 1947 750 1985 passivo
776 1957 835 1976 non
861 1951 1038 1985 usurpetur,

328 1989 383 2018 sed
397 1989 588 2019 solummodo
605 1989 634 2018 in
650 1989 763 2019 medio.
776 1989 859 2029 quod
875 1989 902 2019 si
918 1991 964 2019 sic
981 1994 1040 2026 est,

327 2042 455 2067 necesse
466 2037 513 2062 est
523 2032 535 2061 ὁ
552 2034 661 2072 πρῶτος
674 2032 796 2062 deesse.
806 2034 845 2063 ad
855 2043 916 2072 quae
929 2032 1038 2063 Prot-us

326 2085 392 2104 eum
415 2070 569 2105 invitabat.
614 2075 668 2104 Sin
691 2081 791 2105 autem
813 2076 938 2115 vulgata
960 2077 1037 2106 bene

327 2118 428 2154 habet,
445 2118 538 2148 debet
553 2119 674 2158 passive
697 2118 810 2159 accipi,
826 2119 866 2149 ad
884 2129 945 2159 quae
959 2119 1036 2150 invi-

326 2161 458 2191 &abatur-

369 2222 411 2227 —-
426 2207 477 2235 ⁴22.
495 2204 608 2245 ἤθελον]
627 2205 748 2235 correxi
760 2204 869 2235 ἤθελεν.
887 2204 916 2234 in
933 2205 1036 2245 singu-

321 2247 387 2278 lari.
405 2248 598 2278 Zenothemis
610 2253 694 2287 puta.

366 2308 410 2313 —
422 2294 474 2323 24.
485 2292 627 2333 προειδὼς]
642 2298 729 2322 norat
744 2291 952 2326 Zenothemis,
968 2292 1037 2321 He-

325 2339 490 2373 gesti-atum
517 2335 596 2364 velle
627 2345 735 2364 navem
762 2338 856 2373 ponto
884 2344 1035 2374 mergere,

324 2377 502 2417 priusquam
519 2377 569 2406 hic
586 2378 617 2407 id
633 2378 820 2408 institueret.

366 2423 440 2451 888.
458 2423 488 2451 8.
504 2419 640 2462 ἔμελλον]
659 2421 761 2451 malim
777 2419 949 2460 ἐμέλλομεν.
967 2430 1034 2450 nam

322 2464 414 2501 paulo
437 2469 507 2494 ante
533 2464 654 2495 dixerat
680 2463 764 2497 οὐδεὶς
793 2465 869 2503 ἡμῶν
891 2464 1034 2503 ὑπελάμ-

323 2506 411 2538 βεινεν.

362 2567 404 2573 -
420 2551 472 2580 26.
493 2550 722 2592 συντεταχότος]
741 2550 791 2580 alii
808 2548 1033 2584 συντεθεικότος.

718 200 750 242 Ι.
778 202 810 243 Ι.
836 201 1059 244 REISKE

1091 203 1419 247 ANNOTATA

1087 307 1201 342 nescio,
1218 312 1317 338 utrum
1332 310 1452 340 melius.

1129 352 1204 380 889.
1216 353 1246 380 4.
1264 350 1406 394 ἐλθόντα]
1424 353 1492 383 scil.
1509 352 1650 394 Ἀθήναζε.

1128 410 1169 415 —
1186 393 1261 423 ibid.
1269 395 1414 448 ρποιήσειν]
1431 397 1613 437 εοὶ1.ὲαυτῷ’.

1126 453 1168 458 -
1185 439 1236 467 14.
1247 438 1298 471 τῆς
1313 436 1360 467 ἐπὶ
1375 439 1421 469 τὸν
1433 440 1526 482 σῖτον]
1543 441 1790 481 praepositionem

1084 479 1205 509 tametsi
1230 479 1370 510 vitiosam
1391 481 1512 522 reliqui,
1534 483 1608 523 quia
1632 485 1790 516 meliorem

1083 532 1142 552 non
1173 523 1287 561 reperi.
1329 524 1419 554 Wolf
1446 526 1532 556 dedit
1559 526 1636 566 περὶ.
1682 529 1789 558 Saltim

1082 567 1162 606 ''723³-
1176 566 1323 601 dedisset,
1339 568 1421 607 quod
1436 569 1547 599 melius
1564 571 1752 601 conveniret.

1124 612 1234 639 —020.
1257 609 1325 650 όφλε
1328 621 1349 640 ιν
1369 610 1414 652 δὲ]
1438 612 1568 642 subaudi
1582 612 1628 642 τὸν
1644 612 1791 654 Ζηνόθεμιν

1082 663 1131 683 την
1145 651 1227 683 δίκην.

1123 713 1165 718 —
1183 699 1234 727 21.
1251 695 1361 737 ἐκεῖνος]
1380 697 1504 727 Protus.

1123 756 1165 761 —-
1195 741 1248 769 ⁰22.
1274 739 1401 780 ποιῶσιν]
1432 741 1626 771 Zenothemis
1656 745 1688 772 et
1715 742 1789 773 Ari-

1081 782 1224 820 stophen.

1122 840 1165 846 —
1181 824 1254 854 ibid.
1280 825 1511 867 ὡμολογήκασιν]
1533 827 1663 858 subaudi
1677 825 1706 857 εὖ
1721 827 1788 871 ἔχῃ,

1080 866 1130 896 vel
1147 867 1207 897 tale
1220 867 1304 906 quid.

1121 927 1164 932 ——
1180 912 1232 940 24.
1244 910 1281 944 εἷς
1294 922 1327 939 το
1343 909 1493 952 ἔγκλημα]
1509 912 1647 943 libellum
1662 924 1787 945 accusa-

1078 951 1184 988 tionis,
1210 964 1299 992 quem
1321 953 1515 985 Zenothemis
1537 957 1685 988 adversus
1708 958 1788 988 Pro-

1079 999 1141 1025 tum
1158 996 1318 1035 jndicibus
1334 997 1529 1028 exhibuerat.

1121 1050 1244 1078 -—.pen
1260 1038 1431 1090 ὑπανέῳγεν]
1447 1041 1580 1072 Thomas
1593 1041 1742 1098 Magister
1757 1053 1786 1073 v.

1077 1080 1235 1122 ἀνέῳγενὴ.
1250 1083 1271 1113 l.
1285 1083 1369 1114 citat.

1119 1143 1162 1149 —-
1179 1126 1234 1157 ult.
1257 1126 1336 1157 αὐτοι
1352 1137 1417 1167 πςος
1430 1125 1561 1168 ἐαυτους]
1588 1127 1715 1167 primam
1732 1140 1784 1159 vo-

1076 1178 1142 1198 cem
1175 1169 1291 1200 addidi.
1321 1170 1488 1209 alloquitur
1514 1171 1725 1208 Zenothemin‚
1753 1178 1786 1202 et

1076 1211 1214 1249 Protum,
1226 1214 1282 1244 sed
1294 1213 1373 1243 huno
1386 1214 1552 1244 absentem.
1582 1214 1693 1245 Protns
1705 1215 1783 1246 enim

1075 1255 1257 1294 auffugerat.

1119 1301 1192 1329 890.
1208 1298 1395 1351 1.·1νξόσοιγε]
1410 1304 1455 1337 tu,
1467 1300 1656 1330 Zenothemi.

1116 1359 1160 1365 -—
1176 1343 1209 1373 3.
1232 1341 1319 1381 δίκην]
1347 1345 1460 1374 Protus
1482 1343 1561 1373 enim
1585 1343 1784 1375 contumaciae

1075 1385 1174 1414 fuerat
1189 1385 1360 1421 damnatus,
1381 1388 1412 1414 et
1428 1384 1469 1414 lis
1482 1389 1588 1415 contra
1601 1397 1670 1416 eum
1686 1387 1785 1417 Zeno—

1076 1427 1205 1456 themidi
1220 1427 1405 1466 adjudicata.

1117 1485 1161 1493 --
1176 1470 1208 1499 5.
1231 1472 1257 1501 νῆ
1273 1467 1344 1509 Δία]
1367 1473 1415 1499 est
1435 1470 1581 1508 objectio,
1596 1470 1739 1502 desinens
1754 1473 1785 1503 in

1076 1522 1107 1542 v.
1124 1511 1270 1553 ἅνθρωπος
1281 1514 1339 1542 hoe
1352 1522 1454 1542 versu.
1470 1513 1520 1543 cui
1531 1513 1700 1544 occurritur
1715 1526 1784 1546 ver-

1075 1553 1124 1584 bis
1139 1554 1185 1584 διίι
1199 1566 1231 1594 γε
1244 1557 1332 1596 ὑμᾶς.
1348 1561 1490 1594 attamen,
1505 1556 1589 1593 aitis,
1603 1555 1695 1594 homo,
1707 1559 1786 1588 Pro-

1075 1602 1137 1633 tus,
1152 1599 1236 1635 abiit,
1251 1600 1351 1630 evasit.
1396 1598 1486 1629 Recte
1507 1609 1584 1637 vero,
1603 1599 1739 1640 inquam,
1753 1607 1785 1632 at

1074 1652 1132 1672 uon
1147 1647 1257 1678 nostra,
1272 1643 1320 1673 sed
1334 1647 1428 1678 vestra
1443 1642 1543 1681 culpa.

1116 1701 1159 1707 -—
1175 1687 1205 1715 8.
1222 1685 1255 1716 δι’
1269 1684 1360 1724 ὑμῶν]
1376 1684 1477 1715 malim
1491 1684 1526 1715 δι’
1537 1686 1626 1725 ὑμᾶς.

1116 1745 1159 1750 -
1175 1731 1226 1759 14.
1252 1727 1365 1768 ἔνδειαν]
1391 1728 1514 1758 correxi
1537 1728 1652 1760 ἔκδειαν.
1673 1732 1784 1770 partim

1073 1770 1163 1801 debiti
1177 1772 1309 1802 ‘nondum
1323 1772 1485 1810 depensum.

1173 1816 1225 1844 22.
1248 1814 1398 1856 γνώριμον]
1422 1815 1490 1845 scil.
1505 1812 1579 1855 ἐμοί.
1595 1813 1689 1846 ἐκεινον
1702 1816 1784 1847 redit

1073 1857 1111 1887 ad
1128 1858 1378 1888 Demosthenem.
1592 1865 1601 1882 2

1115 1918 1157 1923 ——
1172 1911 1241 1940 pen.
1266 1900 1342 1931 δεινὸν
1359 1899 1414 1941 εἴη]
1439 1899 1569 1931 subaudi
1592 1900 1615 1930 εἲ
1634 1904 1678 1941 μη
1698 1903 1783 1934 ἰι-τοιή-

1072 1955 1175 1983 σαιμι

1115 2004 1158 2010 -—
1170 1987 1226 2018 ult.
1239 1985 1305 2028 ἔμοι
1318 1984 1516 2028 συμβέβηκεν]
1531 1986 1660 2018 malim'
1649 1999 1715 2028 εμοι
1729 1991 1783 2030 γᾶς

1071 2042 1108 2061 συ
1138 2029 1169 2063 Β.

1108 2043 1239 2104 ῗ91.“3.
1259 2075 1299 2104 τὰ
1313 2073 1452 2114 τοιαυτα]
1466 2084 1524 2104 non
1540 2073 1692 2113 intelligo,
1707 2074 1781 2114 quid

1070 2116 1130 2147 sibi
1147 2116 1231 2148 velit.
1250 2127 1310 2147 non
1330 2117 1431 2156 potuit
1451 2127 1558 2146 causas
1580 2117 1719 2158 publicas
1741 2119 1780 2148 ad

1070 2163 1209 2200 privatos
1232 2159 1370 2190 homines
1388 2160 1573 2199 pertinentes
1589 2159 1780 2199 designasse,

1071 2208 1104 2233 ut
1129 2203 1309 2242 majestatis,
1331 2203 1506 2243 peculatuS,
1523 2203 1628 2242 legum
1649 2202 1781 2233 vitiosa-

1070 2256 1147 2282 rum,
1164 2250 1224 2276 etc.
1240 2246 1352 2285 quibus
1368 2246 1525 2281 detractis,
1544 2244 1656 2285 ecquid
1674 2256 1779 2285 quaeso

1069 2294 1203 2319 remanet
1217 2289 1317 2319 causis
1330 2288 1476 2329 publicis.
1503 2289 1576 2328 Ipse
1593 2289 1779 2319 Demosthe«-

1069 2343 1135 2368 nes,
1157 2342 1213 2362 uon
1237 2342 1292 2362 suo
1316 2332 1449 2371 quidem,
1466 2332 1522 2362 sed
1543 2331 1642 2362 alieno
1657 2333 1778 2363 nomine

1068 2375 1196 2414 scripsit
1216 2376 1368 2414 ejusmodi
1392 2375 1559 2411 orationes,
1580 2374 1706 2414 scripsit
1732 2379 1777 2405 ta-

1067 2428 1156 2457 men;
1181 2423 1214 2448 ut
1228 2419 1416 2454 mentiretur,
1431 2418 1457 2449 si
1473 2419 1511 2448 ab
1531 2417 1570 2447 iis
1591 2428 1624 2448 se
1643 2418 1777 2448 abfuisse

1067 2461 1240 2492 affirmaret.
1287 2461 1348 2491 Sed
1367 2465 1432 2492 erat.
1449 2461 1499 2492 hic
1515 2461 1615 2496 locus,
1630 2460 1662 2490 ni
1676 2461 1778 2496 fallor,

1066 2505 1200 2545 apertior
1225 2505 1358 2541 futurus,
1385 2505 1413 2535 si
1438 2509 1522 2535 totus
1549 2507 1695 2540 exstaret,
1722 2505 1778 2534 sed

1066 2553 1194 2588 apparet
1209 2548 1376 2580 clausulam
1391 2547 1512 2578 deesse.

415 2689 498 2732 AD
532 2691 900 2734 ORATIONEM
934 2690 1256 2734 ADVERSUS
1289 2688 1672 2733 APATURIUM.

361 2809 434 2838 893.
452 2811 481 2838 1.
496 2807 608 2847 αὐτοῖς]
622 2810 695 2838 solis.

357 2868 402 2874 -—
415 2852 446 2880 7.
463 2851 475 2880 ὅ
489 2851 545 2891 μὲν
559 2849 616 2892 οὖν]
632 2852 775 2890 designat
791 2852 985 2882 Aristoclem.

361 2912 402 2916 —
420 2896 450 2924 8.
465 2896 547 2934 μετὰ
559 2894 680 2935 τούτων]
698 2895 816 2924 correxi
833 2895 942 2925 τούτου.
958 2905 1027 2925 cum

317 2938 374 2967 hoc
388 2938 552 2976 Apaturio.

357 2997 400 3002 -—
415 2982 468 3011 27.
495 2980 615 3021 τούτοις]
643 2981 766 3012 correxi
792 2991 861 3012 meo
885 2981 1021 3019 periculo

313 3022 428 3054 τούτων.
442 3025 474 3054 in
489 3024 545 3062 his,
559 3025 638 3055 inter
651 3024 709 3054 hos.

1107 2811 1180 2841 894.
1208 2811 1238 2838 7.
1270 2806 1443 2848 ἀδικοῦντες]
1473 2806 1546 2836 dedi
1575 2806 1775 2840 ἀπαιτοῦντες.

1068 2852 1196 2891 vulgata
1211 2851 1335 2881 videtur
1349 2854 1436 2880 notas
1452 2849 1530 2879 alius
1547 2849 1706 2887 cujusdam
1724 2859 1775 2879 ve-

1067 2899 1157 2924 tustae
1172 2893 1325 2929 lectionis,
1340 2903 1408 2932 quae
1424 2892 1515 2922 etiam
1531 2891 1664 2922 inlibris
1674 2902 1776 2921 versa-

1066 2943 1098 2967 ta
1119 2937 1224 2973 fuerit,
1246 2937 1372 2971 referre,
1396 2945 1486 2975 quam
1512 2934 1655 2974 suspicor
1680 2934 1776 2964 fuisse

1065 2979 1242 3014 ἐκδικοῦντες.
1255 2979 1420 3010 Lambinus
1431 2979 1553 3010 volebat
1564 2977 1776 3010 ἀντιδικοῦντες.

1066 3024 1204 3061 profecto
1221 3024 1285 3062 jam
1307 3033 1399 3064 supra
1421 3033 1453 3073 p.
1482 3023 1555 3054 840.
1579 3031 1649 3061 pen.
1672 3030 1775 3050 exem-
