1931 3322
476 183 541 225 ΙΝ
575 182 985 226 PHILIPPICAM
1020 183 1102 226 DE
1136 185 1310 229 PACE.

1547 189 1631 231 365

644 359 710 400 IN
747 357 1138 402 ORATIONEM.

204 465 258 507 [Ρ.
273 468 326 497 21.
342 466 392 497 ed.
405 466 525 507 Doun.]
549 478 581 507 p.
598 469 673 499 136.
689 470 729 497 1.,
741 466 790 507 ὁξῶ
804 465 875 507 μὲν]

158 510 267 541 Solent
281 511 429 540 Oratores
441 510 533 540 initio
547 511 684 546 dicendi,
704 520 764 549 quo
780 511 877 548 majo-

157 563 225 583 rem
244 553 305 583 sibi
320 553 457 584 savorem
471 554 649 589 concilient,
664 554 757 583 duras
774 558 877 591 partes

158 606 229 627 suas
241 596 426 636 praedicare,
438 601 470 627 et
480 607 594 633 causae,
608 607 697 636 quam
710 602 814 635 agunt,
825 596 877 625 de-

156 644 328 670 monstrare
364 639 586 671 difficultatem.
641 640 765 670 Fauent
796 639 877 668 enim

158 693 266 713 omnes
301 689 394 723 atque
428 687 611 713 succurrunt
649 681 878 717 laborantibus,

156 726 246 766 gravi
258 726 448 765 defatigatos
469 736 562 757 onere
583 726 758 756 sublevant.
802 725 877 754 Tale

154 774 208 800 est
228 769 393 800 exordium
414 769 574 800 Ciceronis
597 780 654 809 pro
675 770 713 800 P.
729 768 876 809 Quinctio

155 812 202 853 [c.
219 813 268 855 1.]
287 818 308 831 “
321 814 399 852 Quae
413 823 463 843 res
484 813 516 843 in
538 813 668 844 civitate
690 814 760 842 duae
778 812 878 851 pluri-

155 867 239 887 mum
254 860 394 897 possunt,
406 857 452 886 hae
469 862 575 887 contra
586 867 640 887 nos
653 858 749 886 ambae
760 856 878 886 faciunt

153 899 186 930 in
200 901 259 930 hoc
270 904 422 940 tempore,
439 910 557 930 summa
573 901 672 939 gratia
687 905 720 930 et
733 900 877 939 eloquen-

155 944 220 982 tia;
243 955 370 984 quarum
393 945 531 980 alteram,
553 945 588 974 C.
604 944 735 983 Aquilli,
753 953 874 979 vereor,

157 987 286 1018 alterum
295 993 411 1018 metuo.
426 987 602 1027 eloquentia
613 989 653 1026 Q.
667 987 830 1018 Hortensii
839 998 876 1016 ne

155 1041 206 1061 me
233 1031 368 1062 dicendo
393 1031 553 1070 impediat,
579 1031 720 1061 nonnihil
743 1040 877 1060 commo-

158 1085 244 1105 veor.
268 1075 376 1105 Gratia
391 1075 482 1104 Sexti
498 1074 601 1104 Naevii
617 1084 655 1104 ne
671 1074 710 1104 P.
727 1073 875 1111 Quinctio

154 1122 276 1154 noceat,
299 1118 333 1148 id
349 1127 423 1147 vero
438 1117 714 1148 non-mediocriter
727 1116 875 1155 pertime-

154 1171 220 1192 sco.
264 1162 377 1200 Neque
405 1161 464 1190 hoc
491 1165 651 1200 tantopere
676 1160 874 1200 quaerendum

154 1204 324 1240 videretur,
347 1204 414 1233 haec
429 1213 549 1234 summa
562 1204 593 1233 in
615 1203 680 1233 illis
695 1213 777 1238 esse,
801 1203 827 1232 si
844 1203 874 1233 in

152 1247 245 1278 nobis
258 1251 362 1285 essent
374 1248 482 1278 saltem
497 1246 677 1277 mediocria.
702 1247 817 1276 Verum
830 1247 875 1276 ita

154 1302 189 1322 se
204 1302 254 1322 res
269 1292 372 1327 habet,
390 1294 425 1320 ut
439 1301 511 1331 ego,
527 1290 580 1330 qui
595 1300 695 1330 neque
713 1300 771 1320 usu
787 1290 874 1327 satis,

155 1339 187 1365 et
208 1335 334 1374 ingenio
356 1344 465 1374 parum
488 1344 628 1374 possum,
650 1344 721 1363 cum
744 1337 874 1372 patrono

153 1378 360 1410 disertissimo
394 1387 554 1417 comparer
570 1389 578 1407 ε
625 1378 664 1407 Ρ.
695 1377 874 1414 Quinctius,

153 1424 207 1453 cui
222 1426 332 1453 tenues
346 1431 435 1461 opes,
449 1421 540 1452 nullae
556 1421 732 1457 facultates,
751 1421 874 1460 exiguae

152 1471 224 1496 sunt
253 1465 419 1496 amicorum
449 1464 562 1504 copiae,
592 1475 663 1494 cum
693 1465 874 1495 adversario

151 1509 380 1550 gratiosissimo
409 1509 584 1538 contendat.
639 1508 726 1538 Illud
750 1518 875 1548 quoque

149 1553 242 1583 nobis
262 1552 387 1584 accedit
402 1552 640 1588 incommodum,
661 1552 744 1591 quod
761 1553 807 1582 M.
818 1553 837 1583 J
842 1563 874 1582 u·

150 1596 235 1632 nius,
251 1596 305 1636 qui
320 1596 397 1626 hanc
413 1606 547 1632 causam,
563 1595 694 1635 Aquini,
707 1595 873 1634 aliquoties

152 1641 236 1679 apud
252 1644 284 1670 te
300 1639 378 1679 egit,
393 1640 485 1670 homo
499 1643 531 1669 et
543 1638 573 1668 in
587 1639 656 1669 aliis
667 1639 767 1669 causis
783 1650 874 1669 exer-

151 1684 276 1720 citatus,
288 1683 364 1714 etin
376 1683 432 1713 hac
442 1682 570 1712 multum
583 1687 616 1712 et
624 1692 708 1722 saepe
721 1688 873 1720 versatus,

149 1727 211 1758 hoc
226 1731 365 1766 tempore
387 1728 476 1757 abest
495 1736 577 1756 nova
596 1726 753 1766 legatione
775 1726 874 1764 impe-

151 1770 236 1801 ditus
250 1781 258 1800 z
282 1775 315 1801 et
328 1770 366 1801 ad
384 1781 433 1801 me
447 1774 571 1801 ventum
591 1774 651 1806 est,
671 1769 724 1809 qni
739 1774 774 1799 ut
790 1780 872 1800 sum-

149 1824 202 1844 ma
209 1815 352 1844 haberem
364 1818 480 1850 cetera,
489 1813 640 1853 temporis
651 1813 775 1852 quidem
788 1819 872 1844 certe

150 1857 208 1887 vix
223 1857 300 1887 satis
314 1857 418 1892 habui,
432 1862 465 1887 nt
478 1866 544 1886 rem
556 1861 670 1887 tantam
686 1862 734 1887 tot
749 1862 873 1887 contro-

148 1900 262 1931 versiis
291 1899 480 1940 implicatam
505 1909 630 1939 possem
655 1900 873 1938 cognoscere.'’

150 1943 227 1974 Tale
237 1947 286 1974 est
295 1948 326 1973 et
334 1953 392 1983 pro
405 1943 527 1973 Corona
540 1941 586 1983 [p.
595 1945 671 1973 226.
681 1943 732 1972 ed.
744 1943 872 1984 Reisk.]

152 1986 373 2017 Demosthenis
394 1985 597 2026 prooemium:
630 1987 729 2016 πολλὰ
752 1985 808 2025 μὲν
831 1984 873 2017 οὖν

150 2029 238 2069 ἔγωγ’
260 2029 445 2069 ἐλαττοῦμαι
469 2030 550 2060 κατὰ
573 2029 682 2059 τουτονὶ
707 2027 755 2059 τὸν
776 2030 872 2068 ἀγῶνα

150 2074 299 2115 Αἰσχίνου.
320 2072 366 2104 δύο
383 2072 422 2109 δὲ,
437 2070 458 2102 ὦ
474 2072 566 2114 ἄνδρες
581 2070 736 2108 Ἀθηναῖοι,
751 2073 801 2103 καὶ
815 2084 872 2113 με-

150 2117 242 2155 γάλα·
256 2115 283 2147 ἓν
293 2115 359 2156 μὲν,
369 2114 413 2146 ὅτι
424 2116 453 2146 οὗ
465 2116 533 2156 ’περὶ
545 2117 601 2145 τῶν
611 2115 677 2145 ἴσων
685 2115 872 2157 ἀγωνίζομαι.

149 2160 179 2191 οὗ
194 2160 248 2200 γάρ
264 2159 344 2190 ἐστιν
357 2159 416 2190 ἴσον
429 2160 471 2189 νῦν
489 2158 556 2199 ἐμοὶ
574 2160 626 2194 τῆς
644 2157 712 2199 παρ’
732 2160 811 2199 ὑμῶν
828 2161 869 2191 εὗ-

147 2202 218 2238 νοίας
233 2204 413 2244 διαμαρτεῖν,
424 2202 471 2232 καὶ
487 2202 580 2242 τούτῳ
590 2204 633 2242 μὴ
650 2202 722 2233 ἑλεῖν
736 2205 787 2234 τὴν
803 2215 872 2244 γρα-

149 2247 212 2286 φήν.
236 2245 305 2277 ἀλλ’
319 2245 384 2286 ἐμοὶ
399 2245 465 2286 μὲν,
481 2246 510 2276 οὐ
526 2245 671 2286 Βούλομαι
691 2245 720 2276 δὲ
735 2246 872 2288 δυσχερὲς

147 2290 236 2322 εἰπεῖν
249 2289 323 2321 οὐδὲν
341 2289 496 2332 ἀρχόμενος
513 2291 564 2320 τοῦ
578 2289 674 2327 λόγου.
697 2286 778 2324 οὗτος
797 2290 826 2321 δὲ
839 2290 871 2321 ἐκ

149 2333 310 2375 περιουσίας
326 2332 398 2372 ἐμοῦ
415 2333 577 2374 κατηγορεῖ,
597 2332 687 2374 ἔτεξον
701 2332 736 2370 δ’,
757 2333 770 2364 ὃ
784 2334 869 2373 φύσει

147 2380 239 2408 victv
258 2377 414 2418 ἀνθρώποις
431 2378 566 2419 ὑπάρχει,
585 2379 642 2406 τῶν
660 2376 716 2416 μὲν
736 2378 871 2418 λοιδοριῶν

148 2420 197 2450 καὶ
212 2423 270 2451 τῶν
288 2423 458 2461 κατηγοριῶν
472 2420 577 2450 ἀκούειν
592 2418 685 2457 ἡδέως,
704 2422 766 2455 τοῖς
785 2421 870 2452 ἐπαι-

146 2465 223 2495 νοῦσι
238 2463 263 2494 δ’
277 2465 380 2499 αὖτοὺς
389 2462 546 2506 ἄχθεσθαι.
567 2463 675 2494 τούτων
687 2463 774 2495 τοίνυν
787 2463 801 2493 ὃ
815 2465 871 2505 μέν

147 2506 215 2538 ἔστι
229 2506 296 2548 πρὸς
307 2507 405 2544 ἡδονὴν,
413 2506 507 2548 τούτῳ
518 2506 639 2537 δέδοται·
656 2505 669 2536 ὃ
681 2507 710 2538 δὲ
722 2510 823 2545 πᾶσιν,
834 2510 870 2544 ὡς

147 2550 224 2585 ἔπος
234 2551 342 2588 εἶωεῗν,
357 2549 478 2592 ἐνοχλεῖ,
494 2549 590 2580 λοιπόν
603 2549 677 2590 ἐμοί.
692 2550 744 2590 κᾷν
755 2551 812 2591 μὲν
825 2553 868 2583 εὐ-

148 2593 323 2635 λαβούμενος
336 2595 422 2625 τοῦτο
442 2596 485 2634 μὴ
508 2592 585 2632 λέγω
605 2595 646 2624 τοὶ
668 2594 870 2635 πεπραγμένα

147 2636 281 2679 ἐμαυτῷ,
297 2638 346 2669 οὔκ
364 2636 438 2678 ἔχειν
456 2636 672 2668 ἀπολύσασθαι
690 2640 731 2668 τὸ.
747 2649 870 2678 κατηγο-

148 2680 256 2723 ςημὲνα
266 2681 347 2721 δόξω,
361 2680 418 2711 οὐδ’
431 2679 477 2721 ἐφ’
492 2679 530 2716 οἷς
549 2681 621 2720 ἀξιῶ
635 2681 804 2721 τιμᾶσθαι,
816 2682 870 2713 δει·

149 2724 250 2755 κνύναι.
273 2725 306 2755 ἃν
319 2724 348 2755 δὲ
364 2723 412 2765 ἐφ’
426 2724 446 2754 ἃ
461 2724 510 2755 καὶ
525 2723 667 2755 πεποίηκα
683 2725 732 2755 καὶ
747 2725 869 2755 πεπολί-

148 2777 257 2808 τευμαι
272 2767 392 2809 βαδίζον,
414 2768 558 2803 πολλάκις
577 2766 666 2807 λέγειν
678 2769 870 2806 ἀναγκασθή-

148 2821 243 2851 σομαι
252 2811 323 2852 περὶ
335 2810 477 2852 ἐμαυτοῦ.
500 2811 552 2842 Sic
565 2811 666 2841 visum
680 2817 728 2842 est
740 2812 869 2851 primam

149 2854 321 2891 Ciceronis,
335 2865 435 2895 neque
459 2865 526 2886 eam
549 2855 706 2894 optimam,
729 2866 798 2885 cum
814 2867 869 2895 po-

149 2901 264 2928 strema
285 2898 351 2929 fere
378 2899 611 2936 Demosthenis,
637 2909 727 2938 quam
752 2899 870 2936 habuit,

152 2941 207 2971 sed
223 2941 475 2982 praestantissima
492 2952 681 2982 comparare.
727 2942 807 2972 Haec
823 2942 870 2973 in-

150 2984 380 3015 commodorum
397 2986 659 3021 commemoratio,
672 2986 720 3015 καὶ
736 2985 867 3015 ἐλαττω-

150 3027 255 3066 μάτων
262 3026 469 3070 ἅπαξίθμησιε,
480 3029 607 3060 miritice
621 3030 755 3060 studium
769 3029 798 3060 in
813 3039 867 3062 uos

913 466 1088 496 auditorum
1114 467 1239 498 excitat.
1284 470 1350 500 Nec
1382 482 1440 501 non
1471 473 1629 504 Isocrates

912 508 994 539 idem
1012 510 1087 540 fecit
1107 510 1138 539 in
1161 520 1212 541 sta
1233 522 1354 551 quoque
1377 515 1438 555 περὶ
1459 518 1509 550 ‘ri-1⁴,-
1534 517 1632 557 εἰρήνης

915 551 952 592 [t.
965 554 1008 583 11.
1020 564 1052 592 p.
1066 555 1139 583 170.
1152 554 1282 597 Anger]
1300 556 1395 586 ἅπασι
1407 559 1461 599 γάρ
1472 558 1536 589 ἐστι
1546 569 1630 600 φανε-

913 595 963 635 ρὸν,
974 595 1016 627 ἔτι
1029 599 1144 636 μᾶλλον
1152 596 1246 628 ἥδεσθε
1256 600 1315 633 τοῖς
1326 604 1541 640 παρακαλοῦσιν
1552 605 1630 641 ἑμῖις

913 638 961 669 ἐπὶ
977 632 1025 669 τον
1040 640 1185 680 πόλεμον,
1200 639 1244 681 [p.
1261 644 1313 673 23.
1331 644 1381 673 ed.
1396 644 1451 684 D.]
1468 644 1482 675 ἢ
1497 647 1557 680 τοῖς
1568 648 1632 687 ’,τερῖ

913 684 965 716 τῆς
978 683 1077 723 eleb-am
1091 682 1337 723 συμὲουλεύουσιν.
1382 687 1444 717 His
1466 689 1545 718 enim
1565 700 1630 719 me-

912 726 990 757 liore
1025 727 1200 758 conditione
1227 730 1422 760 adversarios
1456 741 1529 761 suos
1561 743 1629 763 esse
1671 767 1676 772 ⁸

913 771 1059 801 ostendit.
1106 771 1214 811 Neque
1231 773 1289 803 boc
1311 774 1411 803 solum
1432 775 1544 804 summi
1559 776 1630 805 rbe-

912 818 996 843 tores
1012 814 1135 849 faciunt,
1148 816 1203 844 sed
1216 816 1325 855 Lysias
1338 827 1460 857 quoque
1472 818 1502 847 in
1514 818 1630 857 priuci-

912 857 966 896 pio
994 857 1033 886 de
1060 859 1147 887 bouis
1171 859 1386 899 Aristophanis
1415 860 1462 901 [p.
1487 864 1559 893 1912.
1579 863 1631 893 ed.

912 900 1028 941 Alter]
1044 901 1206 940 αἶτήσομαι
1222 901 1260 933 οὖν
1276 904 1355 944 ὖμΞίς
1374 902 1468 934 δίκαια
1482 905 1532 934 καὶ
1550 905 1630 947 ῥοίδια

910 942 1102 984 χαρίσασθαι,
1126 945 1188 975 ἄνευ
1210 945 1299 987 ὃςγῆς,
1321 946 1370 977 καὶ
1392 948 1472 987 ἦμῶν
1495 949 1630 986 ἀκοῦσαι,

911 988 1006 1028 ὥσπερ
1021 990 1076 1018 τῶν
1091 988 1257 1030 κατηγόρων.
1272 991 1379 1028 ἀνάγκη
1393 993 1448 1031 γὰξ
1463 990 1510 1021 τὸν
1524 993 1632 1022 ἐπολο-

910 1029 1052 1069 γούμενον,
1067 1031 1118 1072 κᾷν
1131 1031 1162 1071 ἐξ
1177 1033 1238 1062 ἴσου
1249 1033 1396 1074 ‹singuiis-62,
1409 1034 1532 1065 ἔλαττον
1543 1035 1631 1076 ἔχειν.

911 1074 933 1102 οἱ
949 1073 1005 1113 μὲν
1025 1076 1080 1116 γὲρ
1093 1074 1125 1105 ἐκ
1140 1079 1255 1107 πολλοῦ
1274 1077 1370 1119 χρόνου
1390 1076 1630 1116 ἐπιβουλεύοντες,

909 1117 989 1146 αὐτοὶ
1005 1118 1068 1148 ἄνευ
1082 1118 1197 1150 κινδύνου
1211 1119 1295 1155 ὄντες,
1309 1124 1359 1152 ’τῖεν
1374 1121 1543 1161 κατηγοςίοιν
1555 1121 1632 1154 ἐποι-

907 1159 1024 1195 ήσαντο,
1039 1163 1120 1200 ἡμεῖς
1133 1163 1162 1193 δὲ
1173 1163 1368 1204 ἀγωνιζόμεθα
1384 1168 1466 1204 μετὰ
1483 1165 1567 1201 δέους,
1579 1166 1631 1196 καὶ

908 1203 1052 1240 διαβολῆς,
1063 1206 1112 1236 καὶ
1123 1206 1238 1237 κινδύνου
1249 1207 1403 1247 μεγίστου.
1420 1208 1491 1242 εἰκὸς
1500 1207 1543 1239 οἶν
1551 1210 1630 1249 ὑμᾶς

907 1246 1007 1277 εὔνοιαν
1022 1247 1112 1278 πλείω
1126 1249 1203 1290 ἔχειν
1216 1253 1278 1285 τοῖς
1289 1252 1534 1292 ἀπολογουμένοις.
1568 1252 1630 1283 Nos

906 1301 1026 1321 causam
1041 1293 1170 1322 dicimus
1179 1304 1247 1323 cum
1261 1295 1364 1325 timore
1375 1300 1404 1325 et
1413 1297 1631 1333 criminatione,

907 1339 934 1364 et
949 1345 1057 1376 magno
1073 1337 1217 1375 periculo.
1264 1337 1368 1372 Quare
1381 1349 1497 1379 aequum
1512 1345 1550 1369 est
1566 1351 1630 1370 ma-

897 1377 996 1417 jorem
1024 1379 1104 1409 nobis
1131 1380 1285 1419 impartire
1313 1391 1360 1411 vos
1384 1382 1628 1413 benevolentiam.

907 1420 960 1450 Sic
975 1421 1140 1452 Sallustius
1157 1433 1279 1462 quoque
1295 1434 1427 1455 exorsus
1441 1431 1489 1455 est
1505 1427 1543 1456 ad
1561 1429 1632 1458 Cae·

908 1467 1007 1495 sarem
1039 1466 1094 1507 [de
1122 1467 1340 1497 constituenda
1366 1478 1433 1508 rep.
1461 1469 1552 1508 epist.
1579 1470 1628 1511 ii.]

907 1512 929 1525 “
944 1509 1016 1538 Scio
1033 1519 1102 1549 ego,
1121 1520 1213 1549 qnam
1228 1511 1354 1540 difficile
1377 1516 1470 1551 atque
1487 1523 1629 1553 asperum

907 1552 990 1582 factu
1007 1552 1060 1589 sit,
1073 1553 1236 1583 consilium
1251 1555 1326 1584 dare
1337 1555 1415 1594 regi,
1429 1560 1482 1585 aut
1497 1556 1630 1596 impera-

906 1595 980 1631 tori,
989 1602 1147 1635 postremo
1159 1598 1301 1637 cuiquam
1312 1598 1446 1634 mortali,
1456 1602 1543 1638 cujus
1552 1610 1629 1640 opes

907 1638 938 1668 in
954 1641 1083 1670 excelso
1098 1645 1181 1671 sunt.
1204 1641 1329 1681 Quippe
1345 1652 1414 1672 cum
1431 1647 1463 1672 et
1478 1642 1543 1673 inis
1557 1640 1631 1674 con·

908 1682 1058 1713 sultorum
1079 1681 1180 1723 copiae
1204 1685 1318 1720 adsint,
1341 1695 1440 1724 neque
1462 1687 1501 1716 de
1523 1688 1629 1718 futuro

907 1725 1067 1767 quisquam
1084 1728 1160 1757 satis
1181 1728 1315 1758 callidus
1331 1729 1470 1768 satisque
1491 1731 1628 1768 prudens

908 1769 960 1799 sit.
1005 1770 1185 1808 Quinetiam
1203 1782 1286 1811 saepe
1301 1782 1397 1811 prava
1412 1774 1522 1812 magis,
1537 1785 1628 1814 quam

907 1814 996 1850 bona,
1028 1815 1161 1845 consilia
1189 1825 1339 1855 prospere
1367 1817 1526 1853 eveniunt,
1557 1819 1629 1858 quia

906 1857 1069 1897 plerasque
1086 1868 1136 1888 res
1151 1859 1271 1888 fortuna
1294 1870 1332 1888 ex
1349 1859 1480 1890 libidine
1494 1871 1548 1890 sua
1563 1863 1630 1901 agi-

905 1899 983 1930 tat-'¹
1030 1902 1070 1931 Et
1097 1903 1175 1932 Cato
1207 1901 1349 1942 [auctore
1377 1903 1510 1943 GellioJ,
1535 1915 1628 1943 quum

906 1942 1006 1982 legem
1024 1944 1243 1984 sumptuariam
1257 1946 1420 1982 suadebat,
1434 1947 1480 1976 sio
1495 1958 1627 1979 exorsus

907 1991 974 2017 est:
998 1988 1114 2023 “Scio,
1131 1987 1205 2017 mihi
1218 1988 1373 2028 negotium
1388 2000 1457 2020 esse
1471 2001 1539 2020 cum
1553 2003 1629 2023 ven-

906 2034 965 2065 tre,
981 2030 1033 2071 qui
1049 2042 1108 2061 non
1120 2032 1214 2061 habet
1229 2031 1362 2063 aureis.'’

948 2092 991 2097 —
1011 2074 1086 2105 ibid.
1116 2074 1181 2116 ὁρῶ]
1211 2076 1296 2106 Justi
1326 2077 1476 2116 cujusque
1506 2079 1631 2110 exordii

905 2122 1010 2157 partes
1025 2124 1095 2148 sunt
1104 2124 1246 2158 quatuor,
1262 2123 1294 2149 ut
1305 2120 1399 2150 docet
1411 2122 1627 2161 Hermogenes

906 2159 947 2200 [ἐν
969 2161 1014 2202 τῷ
1036 2162 1098 2202 mg?
1114 2161 1252 2203 εὑρέσεων.
1269 2162 1323 2192 lib.
1340 2163 1361 2194 i.
1376 2174 1407 2204 p.
1423 2167 1478 2195 98.
1494 2165 1628 2207 Sturm.]

905 2204 1056 2244 πςόταο-ις,
1081 2208 1260 2243 κατασκευὴ,
1280 2205 1407 2246 ἀξίωσις,
1431 2205 1527 2245 Caio-uc,
1550 2220 1626 2249 quas

904 2248 955 2278 hic
972 2249 1080 2279 ordine
1092 2259 1199 2279 omnes
1217 2250 1417 2289 reperiemus.
1433 2251 1481 2292 δεῖ)
1495 2254 1535 2282 ‘ni
1553 2263 1628 2294 παξ-

904 2291 971 2322 όντα
984 2292 1154 2333 πξάγματα
1169 2295 1277 2324 πολλὴν
1293 2292 1443 2324 δυσκολίαν
1458 2295 1564 2337 ἔχοντα
1579 2296 1629 2326 καὶ

904 2336 1050 2377 ταραχὴν)
1073 2337 1088 2367 ἦ
1112 2337 1211 2377 πρώτη
1235 2336 1387 2377 πρότασις,
1412 2339 1462 2368 cui
1488 2339 1556 2369 vice
1577 2342 1629 2375 τ’νῖς

903 2381 1084 2414 κατασκευῆς
1099 2381 1243 2419 adjuncta
1258 2386 1307 2410 est
1323 2381 1439 2420 duplex
1456 2381 1628 2421 αἰτιολογία,

903 2422 1010 2463 (quam
1027 2422 1350 2462 Aristotelesim'zoyov
1365 2429 1466 2460 vocat,
1483 2431 1514 2456 et
1529 2425 1628 2457 ἐπιλέ-

904 2477 961 2504 γειν
971 2467 1020 2497 τήν
1029 2465 1124 2496 αἰτίαν
1134 2467 1280 2508 [Rhetor.
1294 2467 1328 2497 ii.
1339 2467 1428 2509 21.])
1438 2468 1466 2498 οὐ
1478 2468 1560 2509 μόνον
1572 2470 1627 2509 τῷ,

903 2510 985 2540 ἀλλὰ
1011 2509 1060 2540 καὶ
1085 2510 1139 2550 τᾷἶ.
1163 2510 1299 2540 δυσκόλου
1324 2510 1347 2540 δ’
1371 2510 1449 2546 ’ὄντος
1471 2513 1556 2552 φύσει
1578 2514 1629 2544 καὶ

902 2554 1054 2595 χαλεποῦ)
1070 2553 1116 2594 [p.
1135 2555 1188 2585 24.
1202 2554 1252 2584 ed.
1273 2554 1329 2595 D.]
1345 2553 1461 2595 Sem-{ga
1476 2556 1628 2597 πρότασις.

904 2597 928 2626 οἱ
955 2595 1012 2636 μὲν
1034 2599 1088 2636 γὰρ
1113 2596 1198 2627 ἄλλοι
1225 2598 1333 2633 πάντες
1356 2597 1509 2640 ἄνθρωποι)
1534 2610 1629 2629 κατει-

904 2640 1000 2676 σκευῆ.
1018 2640 1051 2670 ἂν
1070 2638 1224 2671 ἐθελήσητε
1237 2642 1288 2671 τοῦ
1302 2640 1430 2681 θορυβεῖν
1444 2643 1494 2672 καὶ
1509 2649 1629 2683 φιλονει-

904 2685 961 2714 κεῖν
990 2685 1186 2721 ἀποστάντες,
1216 2684 1338 2726 ἀκούειν)
1366 2684 1494 2725 ἀξίωσις,
1523 2697 1627 2726 quum,

904 2727 979 2766 quid
996 2727 1125 2758 velimus
1139 2738 1176 2758 ac
1189 2727 1256 2759 fieri
1269 2729 1474 2768 postulemus,
1491 2731 1628 2759 ostendi-

904 2775 965 2800 tur.
988 2771 1031 2801 Ut
1045 2770 1206 2802 Ciceronis
1218 2771 1271 2801 illa
1283 2772 1451 2812 postulatio
1461 2783 1516 2812 pro
1530 2773 1628 2811 Quin-

905 2813 966 2844 ctio
978 2812 1021 2854 [c.
1033 2814 1080 2855 1.]
1095 2819 1114 2832 ‘⁸
1127 2815 1276 2854 Quaequo
1286 2816 1375 2853 plura
1384 2820 1464 2849 sunt,
1475 2816 1509 2844 C.
1521 2817 1630 2855 Aquil-

905 2857 939 2892 li,
958 2868 994 2887 eo
1010 2862 1054 2894 te,
1066 2859 1175 2895 ethos,
1189 2858 1240 2898 qui
1251 2859 1305 2888 tibi
1319 2859 1348 2887 in
1363 2858 1491 2887 consilio
1505 2860 1628 2895 adsunt,

905 2901 1027 2931 meliori
1043 2906 1143 2932 mente
1159 2907 1262 2931 nostra
1275 2902 1370 2931 verba
1384 2902 1490 2932 audire
1507 2909 1629 2941 oporte—

906 2944 961 2979 bit,
977 2950 1009 2975 ut
1021 2945 1124 2975 multis
1140 2945 1344 2975 incommodis
1358 2945 1471 2974 veritas
1483 2945 1629 2977 debilita-

906 2994 948 3023 ta,
975 2989 1098 3018 tandem
1123 2988 1267 3027 :equitate
1292 2987 1397 3018 talium
1421 2987 1556 3019 virorum
1581 3001 1629 3020 rc-

906 3031 1058 3062 crectnr.''
1084 3031 1163 3071 οἶμαι
1181 3030 1249 3070 ἕξειν
1265 3031 1312 3061 καὶ
1331 3030 1419 3069 λέγειν
1434 3031 1482 3062 καῖ
1498 3033 1630 3074 emenu-
