1997 3323
323 226 350 267 6
705 229 740 273 I.
774 229 807 271 Ι.
838 228 1061 271 REISKE
1088 228 1405 272 PRAEFATIO

327 334 432 363 darum
449 332 627 372 deligerem,
647 345 683 364 an
708 339 804 366 totum
828 337 1025 366 effunderem.
1071 336 1228 373 Fuissent,
1252 338 1305 376 qui
1329 337 1405 367 illud
1423 337 1609 371 laudassent,
1626 336 1680 366 sed
1697 342 1783 366 erant

327 389 433 414 contra
443 384 540 415 multo
556 385 671 425 plures,
689 387 739 425 qui
756 387 813 416 hoc
830 387 995 417 malebant.
1041 388 1079 417 Et
1103 392 1230 426 praestat
1255 388 1361 426 utique
1380 398 1500 426 semper
1516 387 1546 417 in
1572 387 1721 427 ejusmodi
1739 397 1785 423 re,

324 439 417 475 atque
433 437 529 467 tutius
552 442 610 473 est,
625 438 806 468 liberalitate
823 438 970 475 donandi,
985 439 1124 478 quamvis
1139 439 1246 475 insint,
1263 438 1374 478 quibus
1386 438 1431 468 uti
1447 449 1592 479 nequeas,
1608 449 1697 479 quam
1714 449 1784 478 par-

325 487 420 517 citate
445 498 597 527 peccare3
621 499 750 528 quorum
778 489 855 520 illud
879 490 970 520 fidem
999 496 1082 520 tuam
1107 495 1248 527 testatur,
1272 494 1342 520 utut
1357 491 1465 520 lectori
1487 501 1609 529 operam
1626 489 1784 530 deligendi

324 538 494 578 relinquat3
518 540 576 569 hoc
603 540 642 570 de
664 540 826 580 diligentia
846 541 1026 581 judicioque
1052 547 1104 572 tuo
1121 541 1248 572 dubium
1265 541 1425 581 relinquit,
1440 545 1471 571 et
1485 541 1685 580 arrogantiam
1701 546 1784 571 tuam

323 590 442 630 prodit,
465 591 554 630 quasi
580 591 746 621 lectoribus
769 593 830 622 tuis
854 594 936 623 haud
958 593 1031 623 satis
1051 593 1180 623 multum
1196 592 1372 632 sagacitatis
1396 592 1498 623 inesse
1520 592 1716 629 credidisses,
1732 592 1785 632 qui

323 643 477 673 delectum
494 642 571 682 ipsis
588 643 813 684 praeripuisses.
859 646 899 674 Et
915 645 1054 684 profecto
1070 649 1138 674 ante
1155 655 1259 674 omnes
1273 644 1370 684 primo
1382 644 1456 674 mihi
1471 644 1612 674 delectus
1625 642 1673 673 hic
1689 644 1784 674 durus

321 700 352 725 et
368 705 480 733 anceps
494 694 562 730 fuit,
574 699 607 724 ut.
619 705 712 734 saepe,
726 707 896 735 promerem
916 707 951 726 an
969 707 1139 736 premerem
1152 697 1283 735 aliquam
1301 695 1476 730 lectionem,
1488 695 1682 734 ambigerem.
1705 696 1786 724 Ten-

323 746 424 775 tabam
441 755 532 785 Opim,
549 747 603 775 sed
618 757 797 786 progressus
814 758 911 787 usque
924 749 961 778 ad
973 759 1004 788 p.
1017 751 1069 779 24.
1082 758 1188 777 rursus
1199 747 1381 785 abjiciebam
1393 746 1555 776 molestum
1570 751 1602 776 et
1615 746 1784 777 infructuo-

322 807 388 826 sum
406 802 567 827 conatum:
592 801 622 827 et
648 799 772 837 praebeo
794 799 843 828 hic
862 811 1050 839 quaecunque
1071 799 1143 829 olim
1159 800 1189 829 in
1208 799 1335 828 schedas
1351 807 1566 837 congesseram
1583 798 1785 837 undecunque

323 847 488 878 lectionum
503 849 820 879 Demosthenicarum.
865 851 908 880 At
922 852 979 881 hoc
995 851 1087 881 nolim
1101 856 1214 886 tamen,
1230 851 1309 879 hauc
1319 850 1443 879 crudam
1461 850 1583 884 molem,
1600 850 1645 879 sic
1660 854 1693 879 ut
1707 860 1785 879 nunc

321 903 380 935 est,
398 900 446 929 vel
463 905 582 930 auctam
593 901 695 936 etiam,
710 912 765 940 per
779 912 895 937 omues,
910 913 977 941 quae
990 903 1184 942 postmodum
1198 902 1361 936 exsistent,
1374 901 1524 931 editiones
1537 902 1628 930 Dem-
1644 902 1787 940 majores,

320 951 524 989 provolutari.
570 953 669 982 Unam
687 954 724 982 ab
741 953 843 991 aliquo
868 953 935 983 viro
961 953 1053 982 docto
1073 957 1222 988 nostrate,
1239 957 1290 982 aut
1306 953 1337 982 in
1354 953 1475 992 Belgio,
1491 951 1541 982 vel
1558 952 1680 990 Anglia,
1695 952 1786 982 condi

320 1002 500 1040 editionem,
515 1004 545 1034 in
563 1015 622 1043 qua
638 1015 705 1034 mea
720 1005 786 1034 haec
801 1009 877 1040 tota,
903 1006 956 1035 sed
983 1006 1158 1040 reformata,
1180 1015 1249 1034 cum
1275 1009 1384 1034 cuncta
1404 1005 1460 1033 bac
1488 1004 1576 1043 sylva
1593 1003 1786 1040 variantium,

318 1065 416 1093 caque
433 1054 537 1092 etiam,
550 1066 619 1085 cum
635 1067 651 1086 e
667 1055 756 1086 libris
773 1057 873 1095 bonis,
889 1061 953 1086 tum
969 1067 1007 1086 ex
1018 1057 1204 1087 editionibus
1219 1057 1347 1087 aliorum
1358 1062 1496 1087 veterum
1512 1061 1682 1092 auctorum,
1697 1060 1787 1086 aucta

320 1106 472 1136 verbatim
488 1107 647 1143 reddatur,
662 1107 694 1136 id
711 1112 825 1138 tantum
842 1110 929 1138 abest
946 1112 979 1137 ut
995 1108 1100 1143 nolim,
1124 1113 1158 1138 ut
1174 1108 1274 1148 potius
1295 1108 1325 1137 in
1343 1108 1421 1137 votis
1438 1108 1576 1137 habeam.
1622 1108 1735 1137 Verum
1751 1118 1787 1138 ea

282 1159 286 1164 ’
318 1166 357 1186 ne
373 1168 456 1187 mera
476 1158 609 1194 recusio,
624 1169 678 1189 seu
700 1160 867 1189 recantatio
883 1160 963 1189 intra
991 1170 1105 1198 paucos
1122 1170 1216 1189 annos
1233 1164 1312 1195 esto,
1337 1164 1496 1197 antequam
1514 1168 1582 1188 mea
1597 1159 1788 1197 exemplaria.

317 1207 466 1238 distracta
482 1208 555 1245 sint,
570 1220 628 1248 qua
644 1220 677 1239 re
699 1220 811 1249 magna
832 1210 989 1240 calamitas
1004 1211 1049 1240 rei
1065 1221 1141 1240 meae
1157 1210 1312 1247 familiari,
1330 1215 1361 1239 et
1385 1220 1495 1248 magna
1521 1209 1594 1239 mihi
1614 1209 1724 1248 injuria
1739 1209 1790 1239 in«

318 1259 460 1296 ferretur,
483 1260 538 1290 sed
555 1261 731 1290 reformatio
755 1267 786 1291 et
808 1262 942 1300 digestio
959 1262 1063 1292 multis
1077 1261 1164 1291 amnis
1181 1262 1306 1300 agitata,
1321 1260 1476 1290 industria
1491 1266 1522 1290 et
1537 1260 1685 1290 felicitate
1700 1261 1787 1291 colli-

317 1311 421 1350 gendi,
439 1312 604 1341 acrimonia
620 1317 651 1341 et
668 1312 797 1343 veritate
812 1313 921 1351 judicii
938 1314 1085 1352 perfecta,
1103 1313 1148 1342 sic
1165 1317 1265 1343 tamen
1281 1318 1316 1342 ut
1331 1323 1347 1342 a
1362 1322 1410 1342 me
1426 1312 1607 1351 scriptorum
1631 1323 1669 1342 ne
1691 1313 1786 1352 sylla-

318 1363 389 1392 bam
406 1363 529 1402 quidem
544 1368 653 1399 mutet,
671 1365 863 1394 solummodo
879 1376 999 1395 errores
1015 1366 1045 1395 in
1064 1363 1321 1394 annotatiunculis
1337 1363 1448 1403 cuique
1475 1364 1544 1393 loco
1565 1364 1715 1394 addendis
1732 1365 1786 1395 de—

318 1418 470 1444 monstret
485 1418 576 1454 atque
592 1415 737 1456 corrigat,
754 1416 928 1446 deficientia
944 1417 1049 1452 addat,
1067 1421 1098 1446 et
1114 1421 1218 1455 partes
1234 1416 1339 1455 operis
1366 1425 1447 1445 nunc
1471 1414 1636 1445 distractas
1659 1416 1786 1455 copulet

317 1464 351 1494 in
377 1464 597 1505 melioremque
619 1466 757 1497 ordinem
783 1467 913 1506 redigat.
959 1468 1037 1498 Post
1063 1468 1176 1498 editam
1192 1467 1342 1506 ejusmodi
1359 1467 1477 1506 plenam
1496 1466 1637 1496 omnibus
1652 1468 1786 1497 numeris

317 1517 547 1556 absolutamque
575 1517 753 1554 editionem,
783 1517 980 1557 acquiescent
1005 1519 1203 1558 postmodum
1226 1517 1443 1548 Demosthenis
1470 1518 1602 1547 lectores
1627 1528 1737 1548 severo
1754 1524 1786 1549 et

316 1570 428 1599 acerbo
454 1569 693 1600 lectissimarum
717 1570 882 1601 lectionum
899 1571 1034 1608 delectu,
1062 1582 1079 1601 a
1102 1571 1170 1602 viro
1190 1571 1283 1600 docto
1306 1570 1338 1600 in
1364 1570 1480 1600 minore
1505 1569 1634 1609 quadam
1649 1570 1784 1602 editione

316 1621 469 1652 faciendo.

360 1674 395 1703 In
411 1672 508 1703 naevis
524 1673 722 1705 collectionis
738 1686 815 1705 meae
831 1676 1013 1706 variantium
1029 1676 1110 1706 hunc
1126 1676 1271 1707 videntur
1292 1674 1379 1706 multi
1397 1685 1467 1705 esse
1484 1674 1685 1711 numeraturi,
1701 1676 1784 1715 quod

314 1728 456 1755 auctores
473 1725 605 1765 vulgatae
628 1737 776 1765 nusquam
801 1728 962 1764 ediderim,
980 1728 1034 1757 sed
1058 1728 1250 1758 solummodo
1274 1731 1415 1757 auctores
1441 1725 1608 1755 lectionum
1625 1736 1644 1755 a
1658 1727 1786 1766 vulgata

313 1775 553 1806 discedentium.
599 1777 764 1817 Vulgatam
792 1779 916 1818 appello
943 1779 1059 1819 ubique
1082 1778 1310 1816 Morellianam,
1331 1788 1370 1807 ex
1387 1776 1502 1807 Aldina
1517 1786 1708 1816 expressam,
1725 1778 1784 1809 nisi

314 1827 368 1857 ubi
385 1827 518 1857 Morello
534 1828 634 1858 visum
650 1829 709 1858 fuit
724 1831 761 1859 ab
778 1840 813 1859 ea
830 1831 1004 1860 discedere.
1051 1831 1163 1861 Fuerat
1178 1831 1209 1860 id
1225 1830 1347 1869 quidem
1364 1829 1505 1869 profecto
1520 1839 1579 1858 non
1595 1829 1713 1867 inutile,
1728 1831 1784 1861 sed

312 1877 461 1909 infinitum
477 1879 507 1908 in
522 1880 646 1909 modum
666 1880 802 1910 laborem
827 1893 926 1912 meum
951 1889 981 1912 et
1006 1883 1117 1912 molem
1141 1882 1243 1922 operis
1265 1881 1361 1920 duplo
1384 1885 1612 1919 exaggerasset.
1656 1882 1730 1922 Ipse
1751 1882 1783 1911 in

313 1931 412 1961 naevis
429 1931 509 1961 hunc
526 1942 618 1971 pono,
637 1933 718 1971 quod
735 1933 900 1963 lectionem
916 1934 1099 1964 Wolfianam
1117 1944 1176 1963 non
1192 1932 1406 1968 indicaverim,
1422 1942 1492 1961 cum
1508 1931 1676 1962 editionum
1692 1943 1785 1973 supe·

312 1982 426 2012 riorum
444 1983 527 2012 nulla
549 1984 805 2020 consentientem,
828 1986 883 2015 sed
906 1990 959 2016 aut
984 1985 1166 2015 Felicianeae
1190 1984 1320 2023 vestigia
1341 1988 1542 2024 prementem,
1556 1984 1652 2025 (quod
1672 1985 1785 2015 vellem

314 2033 428 2072 ubique
445 2035 557 2064 factum
575 2034 658 2075 esse)
671 2040 736 2072 aut,
748 2036 779 2066 id
796 2037 879 2076 quod
896 2038 981 2068 dolet
996 2037 1093 2067 multo
1107 2037 1222 2076 saepius
1236 2037 1361 2071 sactum,
1371 2037 1566 2075 conjecturas
1577 2047 1664 2075 paene
1679 2048 1784 2068 omnes

312 2084 483 2115 Woltianas
507 2096 564 2124 pro
588 2087 691 2116 verbis
708 2088 958 2118 Demosthenicis
981 2088 1210 2128 subjicientem.
1255 2088 1407 2127 Taylorus
1423 2088 1500 2117 hanc
1515 2087 1679 2117 lectionem
1694 2087 1786 2118 Wol-

313 2134 433 2170 fianam,
445 2136 632 2166 maculosam
647 2142 678 2168 et
695 2138 831 2174 infidam,
848 2140 981 2174 recudit,
999 2150 1097 2179 neque
1122 2144 1221 2169 tamen
1237 2138 1268 2168 in
1284 2138 1532 2168 annotationibus
1548 2149 1614 2168 eam
1627 2139 1692 2169 sive
1709 2151 1784 2170 exa-

312 2186 441 2222 minans,
467 2187 534 2218 sive
558 2189 738 2228 explanans,
761 2191 884 2230 repetit,
907 2194 942 2220 ut
965 2201 1033 2220 cum
1059 2201 1126 2220 mea
1142 2190 1237 2220 editio
1262 2190 1439 2229 exemplum
1463 2190 1544 2219 aliud
1571 2196 1784 2231 repraesentet,

312 2237 420 2274 lector,
436 2238 595 2269 Wolfiana
611 2244 663 2269 aut
678 2241 850 2281 Taylorana
866 2252 986 2277 carens,
1007 2241 1141 2280 ignoret,
1157 2241 1230 2281 quid
1255 2242 1399 2271 lectionis
1420 2241 1538 2280 Taylor
1555 2251 1610 2271 seu
1626 2242 1783 2279 defendat,

318 2298 371 2318 seu
388 2289 559 2330 impugnet.
604 2291 662 2321 Cui
679 2293 759 2322 malo
776 2292 870 2322 citius
886 2293 1103 2330 occurrissem,
1120 2294 1145 2323 si
1158 2292 1392 2333 praevidissem:
1411 2293 1464 2322 sed
1481 2304 1562 2323 nunc
1578 2293 1699 2323 demum
1715 2298 1788 2333 post

311 2352 440 2372 excusas
466 2343 593 2382 Taylori
620 2345 831 2374 annotationes
859 2345 1069 2385 deprehendo,
1093 2346 1259 2384 Taylorum
1285 2346 1455 2375 observans
1484 2344 1555 2375 satis
1581 2345 1693 2375 habere
1721 2344 1783 2375 loci

311 2395 460 2434 cujusque
477 2405 495 2424 a
510 2407 542 2425 se
557 2396 588 2426 in
606 2402 710 2427 annot.
728 2397 838 2436 agitati
859 2398 988 2436 primam
1013 2408 1164 2437 quamque
1182 2408 1290 2427 vocem
1307 2407 1435 2436 ponere,
1452 2407 1520 2427 cum
1536 2396 1642 2426 addito
1658 2408 1685 2427 κ.
1703 2409 1734 2427 τ.
1751 2403 1782 2427 λ.

312 2456 379 2484 quae
396 2457 446 2475 res
464 2447 572 2477 lectori
586 2459 709 2487 operam
722 2454 837 2479 tomum
853 2460 1004 2489 quemque
1018 2451 1106 2479 Dem.
1118 2449 1299 2480 revolvendi
1315 2448 1458 2488 imponit.
1488 2448 1625 2478 Molesta
1638 2448 1782 2479 universe

310 2507 361 2526 res
379 2502 437 2532 est,
453 2497 483 2526 in
498 2499 672 2537 Taylorana
686 2501 898 2530 annotationes
916 2511 975 2530 non
992 2501 1105 2537 textui,
1123 2501 1176 2530 sed
1198 2498 1344 2529 orationis
1361 2499 1512 2540 cujusque
1530 2498 1609 2528 calci
1626 2499 1781 2538 subjectas

310 2558 394 2584 esse,
407 2549 488 2578 unde
505 2548 729 2580 incommodum
747 2551 883 2587 exsistit,
900 2557 934 2581 ut
951 2562 1077 2581 necesse
1091 2551 1146 2580 tibi
1159 2551 1209 2587 sit,
1223 2551 1260 2580 ad
1276 2551 1377 2580 locum
1394 2560 1545 2588 quemque
1559 2539 1784 2580 librunsrevol·

311 2601 404 2630 vendi
427 2601 549 2630 horsum
566 2613 719 2641 prorsum.
765 2604 916 2642 Taylorus
940 2614 1049 2642 nempe
1074 2603 1266 2644 typographo
1293 2603 1426 2642 primum
1451 2602 1543 2631 dabat
1568 2601 1780 2637 excudendam

311 2651 477 2682 orationem
495 2664 647 2692 quamque
672 2655 822 2692 seorsimg
846 2660 909 2685 tum
928 2656 1070 2685 absoluta
1094 2656 1243 2694 cujusque
1269 2655 1484 2694 impressione,
1512 2654 1693 2684 cessandum
1718 2658 1782 2683 erat

310 2703 413 2741 operis
428 2704 465 2732 ad
483 2714 594 2733 annos:
625 2704 767 2735 mittebat
784 2706 931 2736 orationis
947 2708 1097 2745 cujusque
1110 2706 1182 2735 folia
1199 2717 1215 2735 a
1230 2707 1316 2744 prelo
1331 2706 1391 2735 uda
1405 2706 1442 2735 ad
1456 2705 1673 2735 Marklandum
1688 2705 1782 2734 rusti-

309 2757 426 2783 cantem
441 2765 448 2791 ;
466 2754 515 2783 hic
531 2754 718 2790 remittebat,
734 2756 786 2785 ubi
803 2758 955 2795 margines
973 2757 1038 2786 suis
1052 2756 1310 2786 annotati-incutis
1326 2756 1575 2795 conscripsisset,
1592 2765 1659 2793 quae
1669 2765 1734 2790 rus,
1751 2760 1782 2785 et

309 2803 464 2834 defectum
481 2805 644 2842 librorum,
660 2811 690 2835 et
706 2807 856 2836 hominem
878 2809 908 2837 in
933 2809 1143 2838 Demosthene
1160 2810 1313 2849 hospitem
1328 2808 1474 2847 produnt,
1489 2808 1528 2837 ad
1544 2808 1708 2846 gerendam
1727 2818 1781 2837 vo-

308 2860 409 2885 catum
421 2857 624 2895 provinciam,
637 2868 726 2896 quam
740 2869 867 2897 prorsus
879 2860 1033 2898 ignoraret
1048 2871 1053 2889 :
1074 2866 1135 2890 tum
1149 2861 1261 2900 'I'aylor
1274 2859 1394 2889 interim
1407 2859 1475 2899 ipse
1490 2869 1559 2889 suas
1570 2859 1783 2889 annotationes

307 2905 502 2937 elaborabat:
520 2918 580 2947 quo
595 2908 677 2938 facto
694 2910 945 2941 excudebantur:
967 2916 999 2940 et
1014 2915 1078 2941 tum
1096 2923 1173 2941 nova
1187 2921 1292 2942 rursus
1303 2911 1414 2947 oratio,
1432 2911 1460 2940 in
1478 2921 1537 2950 qua
1552 2911 1657 2941 eadem
1675 2911 1782 2942 volve-

305 2957 395 2986 batur
406 2962 481 2989 rota.
508 2959 597 2990 Unde
613 2960 721 2991 mirum
737 2972 795 2991 non
811 2966 868 2999 est,
883 2962 967 2992 illam
985 2963 1149 2993 editionem
1162 2964 1200 2993 ad
1213 2968 1260 2993 tot
1272 2973 1417 2993 annorum
1431 2963 1662 2993 diuturnitatem
1677 2968 1780 2994 extra·

307 3011 384 3037 ctam
400 3019 480 3040 esse.
525 3011 638 3047 Nobis,
654 3011 705 3051 qui
727 3012 897 3046 Carteretis
915 3013 1095 3044 Granvilliis
1112 3024 1263 3050 caremus,
1281 3017 1438 3045 sumtuum
1454 3013 1484 3044 in
1502 3019 1593 3055 typos
1611 3020 1641 3046 et
1656 3014 1778 3046 chartas
