1931 3322
343 177 544 222 SUPER
577 176 893 220 ORATIONE
925 176 1008 218 DE
1040 176 1384 221 HALONESO.

135 285 185 314 tur
206 282 284 321 fieri,
308 288 343 315 ut
369 286 595 316 Demosthenes
621 286 698 321 haec,
720 294 788 324 quae
811 283 851 313 de

133 326 294 358 Haloneso
309 332 340 358 et
354 328 395 358 de
405 329 518 358 ceteris
533 329 626 358 rebus
637 329 697 358 ista
713 326 849 357 occasio·

132 379 173 400 ne
191 370 228 399 ad
251 371 402 410 populum
420 376 486 401 erat
504 371 640 407 locutus,
660 371 760 401 miuus
779 370 850 400 dili—

133 417 242 452 genter
261 414 344 444 domi
359 419 489 450 notaret,
510 414 540 444 in
564 425 661 453 eoque
681 424 731 444 res
753 412 850 452 magis

132 466 222 495 quam
245 457 412 488 dictionem
438 461 604 497 spectaret.
650 457 721 494 Quo
748 457 850 496 posito

132 509 189 528 nos
204 510 304 539 neque
322 507 499 531 ornamenta
515 506 626 531 cuncta
645 501 773 531 dicendi
793 499 851 529 hac

130 541 162 571 in
175 543 312 574 oratione
325 544 580 581 desiderabimus,
591 548 623 573 et
637 543 715 573 illud
728 542 850 578 vitium,

130 586 214 624 quod
235 587 340 627 paullo
357 593 425 617 ante
447 585 698 621 commemoravi,
719 596 850 616 excusa-

131 629 244 661 bimus.
287 631 429 670 Namque
447 634 561 665 orator,
579 639 673 669 quum
687 630 850 669 professus

131 678 225 709 esset,
246 684 280 704 se
296 675 428 714 primum
452 674 492 702 ad
511 673 676 712 epistolam
699 673 850 712 Philippi,

130 719 196 746 tum
211 717 250 746 ad
265 717 435 756 legatorum
458 727 614 747 sermones
631 726 850 756 responsurum

131 758 182 800 (p.
199 761 273 791 165.
291 759 351 802 8.)‚
363 764 475 796 tamen,
491 760 531 789 de
548 759 682 799 epistola
697 760 752 790 illa
766 765 850 800 post-

129 812 219 842 quam
242 804 411 842 peroravit,
433 804 536 833 statim
559 803 671 833 transit
690 803 729 833 ad
749 804 850 843 legem

128 846 286 877 serendam
302 847 342 877 de
357 857 508 885 responso
527 847 566 876 ad
588 847 693 877 literas
716 847 785 877 illas
806 847 850 877 le-

128 894 334 929 gatorumque
351 900 506 920 sermones
516 891 617 921 dando
635 889 683 932 (v.
699 895 764 920 not.
780 890 828 932 Ξ.)
842 903 848 921 :

130 932 198 963 sive
214 934 298 973 quod
313 935 542 964 Demosthenes
558 935 690 964 refutata
708 934 850 974 Philippi

129 975 263 1016 epistola
281 977 373 1007 simul
388 977 480 1007 etiam
491 977 611 1017 legatos
624 977 850 1018 quodammodo

128 1020 284 1051 refutasse
304 1020 364 1051 sibi
379 1020 549 1058 videretur,
571 1021 639 1052 sive
659 1020 778 1060 scripto
797 1022 851 1052 illo

128 1072 282 1103 responso
308 1067 418 1094 cuncta
447 1068 531 1095 esset
558 1064 850 1104 comprehensurus,

129 1106 198 1137 sive
221 1107 281 1138 alia
303 1108 436 1147 denique
461 1118 555 1138 causa
577 1108 667 1138 finem
690 1107 850 1147 imponere

128 1151 261 1181 orationi
278 1152 414 1191 juberet.
451 1152 542 1190 Quod
555 1161 648 1190 quum
663 1151 694 1181 in
711 1151 851 1182 habenda

129 1193 268 1225 oratione
278 1194 446 1225 accidisset
455 1195 581 1231 oratori,
592 1195 766 1224 necessario
775 1200 807 1226 et
819 1195 850 1225 in

127 1238 350 1268 conscribenda
362 1237 490 1274 accidit,
503 1238 656 1278 siquidem
673 1238 776 1269 omnia
791 1239 850 1275 sic,

128 1285 164 1310 ut
178 1281 210 1311 in
226 1281 373 1312 concione
388 1281 526 1319 dixerat,
537 1282 611 1312 lima
625 1291 685 1312 nou
699 1282 847 1319 adhibita,

127 1325 277 1356 exaravit.

175 1368 245 1398 Nec
258 1379 334 1400 vero
352 1372 454 1400 tamen
473 1369 700 1400 Demosthenes
717 1380 849 1410 unquam

127 1411 207 1442 adeo
230 1423 317 1443 suam
340 1413 496 1452 deponere
519 1423 694 1454 personam,
718 1414 848 1444 alienam

126 1453 257 1486 induere
279 1456 393 1497 potuit,
414 1457 488 1497 quin
511 1467 633 1497 semper
656 1456 759 1488 nativa
781 1459 848 1497 ejus

125 1497 230 1529 virtus
242 1499 402 1530 emineret.
440 1499 561 1530 Emicat
574 1500 629 1531 illa
644 1511 719 1531 vero
736 1511 776 1531 ex
792 1502 848 1531 hac

126 1541 208 1581 ipsa,
238 1543 271 1573 ni
299 1543 401 1582 fallor,
431 1544 472 1575 de
507 1544 668 1574 Haloneso
696 1544 846 1575 oratione.

126 1585 231 1617 Multa
259 1587 364 1617 insunt
393 1586 530 1628 egregia,
559 1588 656 1618 multa
684 1588 848 1628 ejusmodi,

98 1654 105 1663 .
125 1638 196 1668 quae
219 1635 251 1661 et
273 1631 425 1671 gravitate
446 1635 540 1671 atque
563 1631 704 1661 acumine
726 1638 847 1662 senten-

126 1672 239 1703 tiarum
253 1680 285 1704 et
298 1673 438 1705 novitate
454 1674 579 1705 dicendi
594 1686 653 1705 non
666 1675 758 1705 modo
775 1679 848 1715 apta

124 1715 186 1746 sint
212 1723 366 1748 oratorum
397 1717 542 1759 principi,
572 1719 628 1748 sed
654 1719 721 1758 ejus
749 1718 847 1748 veluti

123 1760 259 1800 propria.
303 1761 440 1801 Dignum
459 1762 671 1792 Demosthene
695 1761 773 1792 illud
798 1767 848 1791 est

123 1802 176 1844 (p.
189 1805 264 1835 166.
279 1804 372 1846 19.):
399 1804 543 1836 “irridet
560 1816 628 1842 vos,
650 1805 726 1836 nihil
750 1804 846 1840 aliud,

123 1847 164 1876 de
188 1847 300 1878 insulis
316 1848 429 1887 jubens
454 1848 578 1887 litigare
601 1859 672 1879 cum
696 1849 768 1884 isto,
792 1848 846 1886 qui

123 1900 234 1921 navem
250 1891 340 1921 Pella
362 1891 459 1921 solvit
469 1891 506 1921 :²⁴
522 1895 634 1921 vestrae
654 1891 734 1921 enim
759 1900 846 1929 opes,

120 1932 315 1965 liberatrices
325 1933 468 1971 Graeciae,
480 1934 506 1964 si
519 1933 670 1963 maritima
683 1933 753 1962 loca
765 1934 846 1963 tueri

122 1982 291 2017 nequeunt,
313 1982 379 2008 tum
401 1987 477 2007 vero
499 1977 677 2006 continente
700 1976 846 2006 universa

122 2020 205 2051 ultro
237 2019 423 2052 deceditis.''
478 2019 616 2059 Dignum
646 2024 678 2049 et
706 2019 784 2050 illud
812 2030 844 2059 p.

123 2066 198 2095 169.
216 2067 248 2095 6.
271 2064 379 2095 “mari
394 2063 483 2094 aiunt
499 2073 567 2093 eum
587 2062 663 2093 nihil
679 2073 771 2103 egere
785 2074 795 2102 3
814 2069 845 2094 at

120 2106 195 2144 iste,
217 2108 292 2138 nihil
308 2108 456 2138 videlicet
475 2106 553 2137 mari
576 2117 681 2147 egens,
704 2107 844 2138 triremes

121 2155 223 2189 ornat,
234 2152 357 2183 navalia
372 2151 617 2189 condit,classes
633 2150 773 2182 emittere
789 2161 844 2191 pa-

1517 177 1602 220 429

885 287 943 318 rat,
960 282 1177 323 impensasque
1195 296 1254 316 uon
1271 296 1383 326 parvas
1403 285 1434 315 in
1449 284 1604 316 maritima

885 326 959 355 facit
989 326 1137 365 pericula,
1162 338 1228 366 prae
1255 330 1367 367 quibus
1394 338 1506 364 cuncta
1531 340 1605 359 con-

885 367 1026 398 temnit.”
1047 369 1207 408 Pauloque
1217 377 1289 410 post
1298 383 1330 411 p.
1342 374 1416 402 169.
1431 375 1483 402 14.
1494 376 1515 389 “
1526 383 1604 412 quos

885 411 1024 442 homines
1044 421 1103 441 nou
1126 413 1222 451 pudet
1243 415 1403 454 Philippo,
1417 426 1477 446 non
1494 415 1606 455 patria>

887 465 964 490 suae,
975 455 1083 484 vivere
1095 466 1104 493 3
1120 455 1172 494 qui
1185 456 1356 487 domestica
1367 459 1440 488 dum
1454 460 1605 495 vendunt,

885 499 1011 527 domum
1039 508 1124 527 suam
1152 498 1289 538 Philippi
1318 511 1350 530 se
1375 501 1456 531 dona
1482 503 1604 532 deferre

887 540 1083 580 opiuantur.'’
1115 542 1194 571 Tum
1219 551 1251 580 p.
1275 545 1349 573 172.
1373 545 1425 574 24.
1452 546 1604 575 “Pheras

886 585 980 623 cepit,
996 583 1240 623 praesidiumque
1259 585 1319 614 arci
1343 586 1501 625 imposuit,
1517 593 1551 617 ut
1565 588 1604 617 li-

886 628 952 657 beri
976 627 1123 658 videlicet
1146 627 1267 657 Pheraei
1295 634 1418 667 essent3
1446 631 1604 669 Cassopiae

886 676 949 701 tres
964 672 1069 708 urbes,
1083 670 1282 706 Pandosiam,
1293 671 1445 707 Bucheta,
1456 673 1605 703 Elatriam

886 715 1008 745 exustis
1024 714 1108 754 agris
1124 714 1307 753 vexatisque
1324 714 1451 754 oppidis
1468 716 1605 746 Alexan-

886 758 955 794 dro,
971 759 1053 789 affini
1067 769 1135 795 suo,
1152 758 1290 788 tradidit.
1335 759 1394 788 Nae
1409 759 1462 788 ille
1482 760 1607 798 egregie

885 802 1001 832 liberos
1026 801 1113 842 cupit
1136 812 1205 832 esse
1228 800 1398 832 Graecos!'’
1422 807 1453 832 et
1476 813 1507 841 p.
1532 805 1606 833 173.

887 847 940 875 17.
957 849 979 863 “
997 845 1082 876 hisce
1098 845 1200 875 literis
1216 854 1327 885 magna
1343 856 1376 875 se
1392 845 1423 875 in
1441 856 1497 875 vos
1514 847 1608 876 bene—

885 888 956 918 ficia
972 889 1122 928 praedicat
1137 889 1332 919 collaturum.
1368 888 1526 919 Beneficia
1541 890 1607 919 haec

886 937 996 962 erunt:
1022 943 1079 963 nec
1096 937 1200 963 vestra
1216 932 1306 962 vobis
1321 933 1446 968 reddet,
1458 942 1559 972 neque
1575 933 1608 963 in

887 980 1035 1006 terrarum
1052 977 1139 1012 orbe,
1154 976 1235 1015 quod
1250 976 1345 1005 donet
1356 975 1459 1012 vobis,
1470 976 1609 1006 invenie-

886 1023 936 1050 tur
949 1032 955 1049 :
981 1021 1036 1050 sed
1050 1020 1110 1050 alia
1124 1020 1263 1059 quaedam
1281 1019 1379 1059 regio,
1396 1020 1456 1050 alia
1467 1024 1561 1056 terra,
1575 1025 1609 1050 ut

886 1063 1022 1100 videtur,
1038 1067 1217 1102 compareat
1238 1073 1364 1093 necesse
1380 1068 1439 1100 est,
1455 1064 1536 1093 unde
1552 1075 1608 1093 no-

886 1106 935 1137 bis
950 1107 1068 1147 aliquid
1086 1108 1125 1137 sit
1138 1106 1301 1137 daturus.''
1325 1107 1469 1146 Denique
1484 1118 1517 1147 p.
1532 1109 1607 1138 174.

885 1151 917 1179 7.
946 1151 1128 1191 “Captivos
1152 1150 1328 1180 reddidisse
1352 1161 1456 1181 omnes
1479 1150 1610 1189 dicitur,

885 1193 913 1223 is
930 1193 982 1233 qui
1001 1194 1190 1234 Carystium,
1211 1193 1366 1233 hospitem
1387 1194 1466 1233 reip.
1483 1200 1608 1231 nostran,

885 1248 975 1276 quem
991 1238 1187 1277 efflagitaturi
1200 1242 1264 1267 tres
1274 1238 1311 1267 ad
1329 1237 1422 1268 istum
1436 1238 1608 1278 legationes

884 1281 1036 1317 misimus,
1053 1282 1146 1312 talem
1168 1280 1266 1311 virum
1287 1286 1372 1311 tauto
1395 1292 1490 1321 opere
1512 1281 1610 1322 cupiit

883 1325 975 1355 nobis
999 1326 1186 1362 condonare,
1206 1329 1241 1354 ut
1262 1324 1426 1361 occiderit,
1446 1330 1477 1355 et
1499 1336 1537 1355 ne
1559 1335 1607 1355 se-

883 1369 1040 1408 pulturam
1055 1368 1179 1408 quidem
1189 1369 1305 1407 justam
1318 1368 1510 1398 concesserit
1524 1368 1555 1398 !''
1565 1385 1609 1391 —

884 1413 945 1442 Sed
959 1423 1051 1453 parco
1058 1413 1148 1452 plura
1157 1422 1342 1451 congerere:
1356 1413 1423 1442 haec
1436 1412 1516 1442 enim
1529 1412 1610 1452 ipsa,

884 1467 953 1496 quae
979 1456 1136 1496 excerpsi,
1160 1456 1236 1486 licet
1261 1466 1320 1485 non
1344 1466 1401 1496 per
1424 1467 1457 1486 se
1480 1457 1608 1486 demon-

885 1504 995 1537 strent,
1007 1511 1024 1530 a
1039 1500 1250 1530 Demosthene
1263 1500 1328 1529 haec
1345 1499 1520 1530 necessario
1538 1510 1608 1530 esse

883 1545 1022 1584 profecta
1041 1543 1128 1585 (nam
1150 1548 1182 1573 et
1199 1543 1279 1573 alius
1300 1548 1389 1573 acute
1410 1543 1608 1583 graviterque

883 1588 984 1628 potuit
1001 1586 1170 1629 scribere),
1186 1591 1217 1617 at
1231 1587 1291 1616 hoc
1307 1591 1408 1616 tamen
1425 1587 1609 1624 ostendunt,

882 1631 1008 1661 minime
1032 1630 1191 1671 indignam
1209 1630 1265 1660 illo
1289 1634 1413 1661 auctore
1435 1630 1515 1660 hanc
1538 1641 1608 1661 esse

882 1675 1064 1704 orationem.

926 1717 1054 1753 Similis,
1070 1721 1105 1747 ut
1120 1716 1353 1752 sententiarum,
1370 1716 1414 1747 ita
1426 1716 1565 1747 dictionis
1576 1723 1607 1748 et

882 1760 1035 1789 verborum
1045 1764 1094 1789 est
1105 1760 1196 1790 ratio.
1212 1760 1314 1789 Multa
1324 1760 1406 1789 enim
1419 1771 1457 1790 ex
1468 1760 1525 1790 hac
1538 1772 1607 1792 ora-

881 1802 965 1833 tioue
987 1813 1114 1842 possum
1133 1813 1386 1839 commemorare,
1411 1813 1479 1842 quae
1497 1806 1607 1834 verbo-

881 1857 948 1876 rum
967 1847 1016 1875 vel
1037 1857 1095 1876 usu
1115 1847 1164 1876 vel
1187 1846 1391 1876 collocatione
1409 1852 1462 1877 aut
1480 1848 1607 1886 propria

881 1900 950 1919 esse
967 1889 1200 1925 Demosthenis,
1213 1893 1266 1919 aut
1276 1889 1465 1929 frequentius
1476 1892 1558 1931 apud
1568 1891 1606 1921 il-

881 1933 956 1969 lum,
973 1942 1062 1972 quam
1076 1933 1158 1972 apud
1173 1937 1304 1969 ceteros,
1318 1933 1482 1963 videantur
1498 1945 1607 1965 occur·

880 1986 964 2006 rere:
989 1977 1078 2015 cujus
1097 1976 1220 2016 generis
1239 1981 1288 2006 est
1304 1987 1336 2006 v.
1353 1986 1382 2007 c.
1401 1978 1606 2017 transpositio

880 2019 940 2049 ista
960 2021 1136 2055 verborum,
1152 2019 1208 2049 ubi
1223 2030 1312 2050 casus
1329 2020 1367 2050 ab
1382 2021 1539 2060 adjectivo
1553 2027 1605 2052 aut

880 2063 1047 2103 participio
1064 2064 1213 2103 pendens,
1230 2064 1268 2092 ab
1286 2074 1322 2093 eo
1338 2064 1540 2103 disjungitur,
1556 2065 1604 2096 in·

879 2107 1032 2147 tei-posito
1049 2107 1243 2137 substantivo
1252 2106 1290 2146 3²⁵
1305 2108 1418 2137 deinde
1430 2119 1504 2138 usus
1516 2109 1604 2148 pleo—

878 2151 1014 2182 nasticus
1039 2151 1230 2192 pronominis
1259 2151 1506 2190 demonstrativi,
1534 2154 1604 2183 aliis

119 2237 291 2268 mosthenis
307 2242 503 2269 monumenta
518 2241 695 2274 censentur,
710 2240 811 2268 tamen
828 2247 889 2267 non
911 2241 983 2267 sunt
1002 2237 1143 2268 omnibus
1162 2237 1299 2268 numeris
1322 2238 1484 2274 absolutae,
1501 2249 1602 2278 neque

119 2290 159 2311 ea
174 2281 344 2322 diligentia,
359 2292 419 2322 qua
434 2293 464 2312 v.
480 2292 509 2312 c.
525 2286 604 2312 orat.
619 2282 658 2311 de
675 2291 800 2317 corona,
818 2281 994 2322 perpolitae,
1011 2282 1063 2312 sed
1084 2282 1178 2312 rudes
1195 2282 1422 2321 quodammodo
1438 2292 1477 2311 ex
1495 2287 1601 2312 aucto·

119 2323 166 2355 ris
181 2324 327 2356 videntur
341 2325 568 2355 commentariis
581 2324 750 2355 excidisse.
776 2325 910 2356 Photius
926 2336 958 2365 p.
972 2327 1069 2356 1468.
1083 2325 1151 2366 (ed.
1167 2324 1328 2365 Hoesch.)
1343 2325 1487 2364 μάλιστα
1502 2325 1514 2354 ὁ
1530 2325 1601 2356 κατ’

120 2366 257 2410 Αἰσχίνου
275 2367 356 2408 λόγος
369 2367 515 2411 παρέσχεν
529 2367 625 2399 αῖτίαν
640 2367 666 2398 ἒν
681 2369 882 2409 ὺωομνῆμασι
905 2367 1149 2409 καταλελεῖφθαι,
1170 2368 1246 2399 οὔπω
1263 2370 1313 2399 τῆν
1328 2366 1462 2408 ἐργασίαν
1477 2369 1600 2401 ἀπειλη-

119 2412 182 2451 φὼς
191 2410 312 2442 τελείαν·
335 2410 417 2443 διότι.
435 2435 443 2442 .
459 2433 468 2442 .
486 2433 495 2443 .
511 2411 668 2454 παρέθετο,
686 2411 751 2452 δ’περ
773 2413 821 2443 οὐκ
846 2412 877 2442 ἃν
902 2412 1031 2454 περιεῖδεν
1048 2412 1060 2442 ὅ
1078 2411 1167 2453 ῥῆτωρ
1184 2412 1223 2446 εἷς
1243 2410 1377 2451 ἐξέτασιν
1394 2411 1601 2454 ἀκριβεστέραν

118 2455 176 2484 τῶν
190 2454 263 2485 ἰδίων
284 2455 373 2494 λόγων
387 2456 554 2490 καταστάς.
599 2456 641 2486 Et
655 2456 748 2495 paulo
771 2461 842 2497 post
858 2456 934 2486 ibid.
951 2457 963 2486 ὁ
978 2458 1058 2486 κατὰ
1073 2453 1183 2486 Μειδίου
1204 2455 1253 2485 καὶ
1270 2454 1340 2484 κατ’
1362 2454 1498 2496 Αἰσχίνου
1517 2456 1600 2494 λόγος

117 2496 214 2529 αἶτίαν
225 2498 298 2540 ἔσχε
308 2499 358 2529 τοῦ
372 2501 415 2539 μῆ
429 2501 479 2530 τὴν
489 2499 574 2531 αὖτῆν
584 2501 663 2529 κατὰ
673 2499 772 2530 πάντα
783 2500 880 2539 ἀρετὴν
888 2499 931 2540 τᾷἱ
945 2497 1147 2539 Δημοσθενικῷ
1159 2497 1412 2529 συνδιασώςοισθαι
1423 2502 1598 2541 >cagani-Epi.

117 2540 167 2572 καὶ
176 2544 231 2583 γὰρ
240 2540 266 2572 ἔν
275 2544 336 2576 τοῖς
351 2542 414 2573 δυσὶ
425 2542 536 2578 τούτοις
544 2541 636 2580 λόγοις
643 2541 675 2572 ἐκ
684 2538 909 2583 διαλειμμάτων
917 2545 996 2573 τινῶν
1005 2543 1071 2576 ταῖς
1082 2542 1187 2575 αὐταῖς
1196 2541 1302 2577 ἐννοίαις
1312 2540 1488 2578 Ernaginum,
1503 2544 1598 2583 ἁμιλ-

116 2583 225 2615 λᾶσθαι
235 2585 310 2616 δοκεῖ
319 2585 386 2626 πρὸς
398 2585 497 2617 ἑαυτὸν
507 2587 597 2626 ὥςπερ
609 2587 784 2626 ἀσκούμενος
792 2585 865 2616 ἀλλ’
876 2586 924 2616 οὐκ,
934 2585 982 2617 ἐπ’
993 2587 1090 2620 αὐτοῖς
1102 2584 1302 2626 ἀγωνιζόμενος
1315 2587 1376 2621 τοῖς
1387 2585 1483 2626 ἔργοις.
1498 2586 1537 2615 διὸ
1550 2587 1598 2616 καί

116 2638 189 2663 τινες
202 2628 322 2668 ἔφησαν,
337 2629 464 2668 ἑκάτερον
478 2629 558 2669 λόγον
571 2628 597 2659 ἐν
608 2630 708 2664 τύποις
718 2629 955 2669 καταλειφθῆναι,
971 2631 1053 2660 ἀλλὰ
1068 2631 1111 2670 μὴ
1127 2628 1194 2670 ore&
1208 2628 1316 2659 ἔκδοσιν
1331 2629 1572 2669 διακεκαὲάςὲαι.

161 2671 189 2692 ²⁴
211 2673 279 2713 veti:
292 2673 340 2704 τὸν
355 2672 388 2703 ἐκ
402 2672 516 2708 Πέλλης
531 2673 699 2714 ὁρμώμενον,
715 2675 904 2704 contemtim.
929 2673 1080 2704 Similiter
1095 2674 1135 2704 de
1152 2672 1301 2713 Philippo
1319 2673 1547 2703 Demosthenes
1564 2674 1595 2702 in

116 2725 164 2745 or.
178 2715 218 2746 de
230 2726 294 2748 cor.
310 2719 386 2749 247.
397 2719 451 2748 16.
465 2717 515 2747 ed.
533 2717 640 2748 Reisk.
654 2717 666 2747 ὁ
681 2716 708 2747 ἐν
720 2715 819 2759 Πέλλῃ
834 2717 962 2757 τραφεὶς,
973 2716 1066 2759 χωξίῳ
1082 2716 1172 2757 ἀδόξῳ
1183 2715 1251 2747 τότε
1268 2727 1300 2755 γε
1315 2716 1372 2746 ὄντι
1387 2716 1436 2746 καὶ
1448 2715 1552 2755 μικρῷ,
1564 2722 1595 2746 et

115 2757 149 2788 in
163 2769 209 2790 or.
225 2765 331 2791 contra
346 2761 428 2791 Phil.
445 2760 538 2800 epist.
555 2763 628 2792 158.
644 2763 676 2792 5.
691 2759 749 2791 ὅέιι
762 2759 933 2794 Μακεδονίας
948 2761 1116 2801 ὁρμώμενος.
1154 2761 1241 2790 ldem
1258 2762 1297 2791 de
1314 2760 1491 2791 Alexandro
1507 2759 1594 2789 dicc-

116 2801 186 2832 bat:
211 2803 326 2845 ἀγαπᾷ
340 2803 366 2834 ἐν
376 2803 476 2845 Πέλλῃ
492 2806 669 2845 περιπατῶν,
685 2809 766 2835 teste
783 2804 891 2834 AEsch.
904 2815 948 2834 or.
964 2805 995 2834 iu
1013 2806 1096 2835 Ctes.
1107 2816 1138 2844 p.
1151 2805 1226 2835 547.

160 2843 189 2864 ²⁵
203 2856 231 2876 v-
242 2847 299 2877 hac
310 2853 389 2878 orat.
403 2859 433 2887 p.
446 2849 520 2880 169.
529 2848 584 2878 ult.
599 2850 650 2880 τὴν
660 2846 911 2887 καταψευδομένην
926 2848 1037 2888 γνώμην
1048 2850 1104 2878 τῶν
1117 2847 1273 2888 πρέσβεων,
1284 2846 1306 2877 i.
1319 2857 1347 2876 e.
1358 2844 1593 2885 populiscitum,

115 2889 198 2928 quod
225 2890 430 2922 mentiebatur
451 2895 559 2922 contra
582 2892 720 2931 legatos:
746 2892 786 2920 cf.
804 2902 835 2921 v.
852 2902 879 2922 c.
903 2891 1110 2931 Philippicam
1128 2893 1175 2921 11.
1191 2901 1222 2930 p.
1237 2893 1290 2921 67.
1307 2892 1359 2920 92.
1375 2890 1424 2919 ed.
1442 2889 1553 2919 Reisk.
1578 2892 1590 2921 ἦ

113 2932 262 2972 προσοῦσα
272 2933 370 2973 ἀδοξία
384 2935 427 2975 τῷ
441 2935 612 2976 πράγματι·
628 2935 667 2965 de
685 2936 751 2965 reb.
766 2934 875 2965 Chers.
891 2945 923 2974 p.
939 2937 991 2966 95.
1010 2939 1041 2966 4.
1064 2935 1105 2965 τὰ
1120 2933 1245 2975 παξόντα
1263 2934 1431 2974 πράγματα
1443 2931 1483 2972 τῇ
1496 2931 1587 2963 πόλει·

112 2974 154 3005 de
168 2985 283 3007 corona
295 2978 370 3008 301.
383 2980 434 3009 27.
446 2979 458 3008 ὁ
470 2980 650 3018 κατειληφὼς
663 2977 777 3012 κίνδυνος
791 2979 841 3009 τὴν
853 2978 946 3009 πόλιν·
965 2979 1078 3009 ibidem
1097 2980 1172 3009 2577.
1182 2981 1234 3009 ‘29-
1254 2979 1291 3006 τὸ,
1305 2974 1496 3016 πεπςαγμένα,
1511 2979 1589 3006 καλὰ

112 3017 154 3060 '1¹33‘
168 3019 262 3050 πόλει·
275 3025 305 3052 et
317 3020 393 3054 ibid.
409 3023 483 3054 294.
502 3024 532 3054 8.
555 3021 621 3062 δ’πες
640 3021 662 3052 δ’
675 3021 706 3053 ἃν
723 3021 734 3052 ὁ
750 3022 932 3064 φαυλότατος
944 3022 991 3052 καὶ
1011 3020 1245 3060 δυσμενέστατος
1259 3018 1398 3060 ἅνθςοιπος
1416 3018 1536 3049 ποιήσεις
1554 3021 1591 3060 τῇ
