1931 3323
315 213 398 255 ⁴288

313 318 464 356 linquens.
509 317 571 347 Sed
595 318 640 347 sio
665 318 762 348 solent
782 319 908 356 Graeci3
930 323 959 348 et
978 319 1021 347 vi-

314 360 391 390 deor
417 371 435 389 e
459 361 526 389 loco
554 361 706 400 superiori
733 371 762 400 p.
789 364 883 392 1247.
908 365 936 391 1.
970 362 1020 391 nbi

313 407 401 432 actor
417 403 542 438 dieitur,
558 404 609 443 qui
633 415 716 434 reum
741 406 906 444 ἀπογξαφῐῖς
932 415 1020 443 pere-

313 447 406 485 gerit,
423 449 463 476 τὰ
477 445 541 486 τρία
555 446 626 488 ,wien
643 449 885 487 proscriptorum
907 449 950 476 rei
969 449 1020 477 bo-

314 500 421 520 norum
439 491 607 529 accepisse,
623 491 781 530 colligere,
798 501 918 530 semper
933 490 962 519 in
979 497 1021 520 ta-

314 532 395 562 libus
409 538 502 563 totum
521 534 564 563 illi
581 545 716 568 numero,
731 535 780 573 qui
794 535 944 563 indicatus
961 539 1020 570 est,

314 575 487 614 proximum
500 577 664 617 designari.
683 584 714 606 ut
725 588 741 606 a
755 578 869 606 binario
880 587 1020 607 numerus

314 623 363 648 est
376 619 536 658 proximus
552 621 711 655 ternarius,
725 627 755 650 et
767 620 898 650 ternario
915 621 1019 659 proxi-

313 672 382 691 mus
406 667 453 692 est
476 664 697 701 quaternariuS.
721 674 788 692 curn
814 674 887 701 ergo
911 666 951 693 τίι
976 664 1020 693 δύο

313 703 385 744 μὲξη
399 706 603 744 appellantur,
616 707 797 735 subanditur
813 707 851 735 de
870 707 978 742 tribus,
989 713 1020 736 et

314 758 383 778 cum
400 750 441 778 τοὶ
456 746 520 788 τξίοι
533 748 615 788 μὲξη,
634 749 812 778 subauditur
827 750 866 777 de
880 754 1019 786 quatuor.

358 793 451 822 1380.
479 795 508 821 1.
533 792 598 821 δέκα
623 791 688 832 ἔτη]
712 792 773 820 imo
797 802 868 820 vero
893 791 935 821 δύο
960 792 1020 822 ἔτη.

314 833 466 864 biennium
483 835 682 864 solummodo.
702 845 750 864 res
763 840 833 864 nota
849 839 895 863 est
908 845 923 864 e
940 835 1018 864 Thn-

312 876 434 915 cydide.
459 882 490 906 et
504 888 588 907 error
603 878 652 906 hic
668 878 895 911 Demosthenis,
913 878 936 906 si
954 879 1020 916 ejus

313 925 371 954 est,
386 925 416 949 et
429 930 487 949 non
506 921 606 959 potius
623 920 828 956 librariorum,
839 923 902 959 jam
916 931 933 950 a
947 921 1020 950 viris

312 962 412 992 doctis
433 967 553 992 notatus
574 969 631 992 est.
676 964 707 993 Si
728 964 942 993 Demosthenis
958 964 1021 993 haec

313 1006 411 1035 oratio
435 1015 493 1035 non
514 1010 572 1042 est,
594 1007 643 1036 cui
660 1017 728 1036 eum
744 1017 852 1045 niagno
870 1018 1020 1036 consensu

312 1059 416 1078 omnes
425 1049 611 1087 abjudicant,
621 1061 800 1089 quamquam
811 1051 920 1080 nullam
933 1051 1022 1089 plane

313 1102 434 1121 causam
455 1093 555 1128 video,
580 1104 633 1122 cm·
658 1094 778 1129 faciant,
796 1104 853 1132 ego
877 1095 1021 1133 equidem

312 1134 415 1164 nullus
431 1135 537 1166 dubito
554 1137 620 1174 ejus
636 1147 717 1172 esse,
730 1138 816 1175 cujus
830 1137 858 1166 in
875 1138 1021 1176 operibus

313 1177 545 1217 circumfertur,
581 1185 786 1210 verumtamen
815 1180 842 1209 si
869 1182 936 1220 ejus
962 1191 1020 1210 non

313 1225 371 1256 est,
388 1221 490 1261 possit
509 1232 548 1252 ex
576 1223 631 1252 hac
657 1228 717 1252 tam
740 1223 863 1263 prolixa
877 1225 915 1253 de
939 1230 1020 1253 sorte

313 1263 531 1295 Plataeensium
563 1267 767 1302 enarratione,
801 1267 921 1297 tametsi
951 1277 1019 1296 cnm

312 1316 404 1337 causa
420 1309 563 1346 praesenti
575 1309 623 1338 vel
638 1310 770 1339 maxime
784 1316 832 1339 est
848 1311 1020 1349 conjuncta,

312 1351 489 1390 Lycurgum
500 1352 598 1381 videri
609 1357 763 1382 auctorem
774 1353 918 1391 prodere,
930 1363 1020 1392 quem

313 1393 433 1432 digredi
449 1395 479 1424 in
495 1400 629 1427 vetustas
643 1396 783 1425 historias
795 1405 914 1425 amasse
931 1396 1023 1425 docet

312 1438 381 1475 ejus
406 1448 465 1468 una
489 1439 590 1468 adhuc
613 1445 771 1477 superstes
795 1439 825 1468 in
843 1439 1022 1469 Leoni-atem

310 1480 421 1510 oratio.

355 1541 397 1546 —-
423 1526 452 1554 6.
476 1523 580 1564 νύκτα]
603 1524 725 1554 videtur
747 1523 877 1554 ἀσέληνον
900 1525 1020 1555 deesse.

311 1573 419 1596 noctem
436 1567 571 1598 illimem.

354 1628 397 1632 —
415 1612 464 1640 19.
490 1611 501 1640 ὅ
523 1610 621 1651 νόμος]
648 1610 771 1641 Solonis
794 1615 878 1649 puta,
895 1612 933 1641 de
951 1622 1022 1641 eau-

311 1652 447 1683 tionibus
464 1658 496 1682 et
511 1655 609 1692 pactis
625 1654 823 1684 observandis
839 1654 869 1683 in
895 1655 1022 1695 adopta-

312 1696 395 1725 tione
413 1696 484 1726 novi
501 1698 589 1727 civis.
635 1697 792 1727 Sententia
809 1702 856 1727 est
871 1709 877 1727 :
901 1703 1022 1728 consta-

311 1739 358 1769 bit
371 1749 387 1768 e
399 1740 537 1774 decreto,
551 1741 650 1770 statim
663 1741 833 1776 recitando,
844 1742 925 1778 quod
942 1741 1022 1780 Hip-

311 1786 438 1822 pocrate
463 1789 585 1813 auctore
609 1790 708 1813 ratum
734 1784 894 1818 habuistis,
913 1789 1024 1823 quanta

312 1835 369 1855 vos
381 1825 443 1865 ipsi
459 1826 608 1865 religione
624 1826 745 1857 Solonis
758 1826 840 1856 illam
858 1827 956 1867 legem
974 1838 1022 1857 so-

311 1868 402 1898 leatis
418 1870 593 1900 observare.
608 1881 637 1900 v.
651 1881 683 1910 p.
700 1872 795 1900 1381.
812 1872 863 1900 17.

355 1929 396 1935 --
422 1914 473 1943 27.
503 1911 535 1941 ἐκ
558 1912 663 1955 γένους]
690 1913 819 1943 subaudi
846 1913 953 1944 τούτων
978 1914 1022 1954 μὴ

313 1956 445 1994 μετεῖναι
465 1956 570 1989 αὐτοῖς.

355 2016 399 2020 -
414 1999 490 2027 ibid.
513 1999 586 2038 μηδὲ
602 2002 657 2029 τῶν
676 1998 749 2029 ἐννέα
769 1998 927 2040 ἀρχόντων]
951 1999 1022 2028 sub-

313 2041 386 2070 audi
399 2043 450 2075 τῆς
465 2042 565 2083 ἀρχῆς,
589 2045 642 2073 sed
658 2043 778 2072 videtur
795 2043 897 2082 potius
913 2044 1022 2073 deesse

312 2083 450 2122 γενέσθαι
466 2085 513 2125 (v.
528 2097 557 2125 p.
575 2088 670 2117 1376.
688 2086 759 2126 17.)
775 2091 827 2115 aut
850 2087 953 2127 λαχεῖν
973 2089 1021 2127 (v.

315 2138 347 2166 p.
361 2130 457 2158 1381.
473 2129 550 2169 Qu).

357 2173 451 2201 1381.
479 2174 507 2201 6.
531 2175 645 2212 ωςῶτον
667 2171 723 2211 μὲν
744 2171 953 2211 δοκιμασθῆναι
964 2172 1022 2212 -]

313 2214 437 2244 videtur
459 2215 508 2244 hic
533 2215 617 2244 locus
641 2226 769 2254 arguere
794 2225 824 2254 p.
841 2217 936 2245 1380.
953 2226 1021 2254 pen.

312 2262 383 2295 post
395 2258 489 2287 verba
505 2259 568 2292 τοὺς
583 2257 606 2287 δ’
616 2257 648 2287 ἐκ.
664 2258 770 2288 τούτων
783 2259 884 2296 aliqua
900 2258 1021 2288 deside-

314 2301 385 2330 rari.
411 2311 477 2330 uam
496 2312 563 2340 qnae
584 2302 632 2331 hic
648 2313 685 2330 ex
712 2302 764 2330 illo
789 2302 913 2330 decreto
934 2311 1021 2340 repe—

314 2348 428 2378 tuntur,
446 2354 482 2375 e·
497 2344 539 2374 ibi
557 2355 614 2374 non
633 2346 784 2380 leguntur.

355 2403 400 2411 -ν-
416 2389 468 2417 17.
491 2387 536 2418 τὸν
559 2387 638 2428 νόμον
657 2387 803 2427 διωρίσατο
825 2385 852 2415 ἐν
871 2386 914 2425 τῷ
935 2384 1023 2426 ψηφί-

313 2440 412 2468 σματι
428 2429 493 2470 πρὸς
516 2431 617 2465 αὐτοὺς
639 2430 749 2472 εὐθέως]
775 2431 875 2460 statim
897 2431 929 2460 in
954 2430 1022 2468 ipso

310 2473 373 2510 jam
389 2473 557 2503 adhucillo
582 2474 787 2513 psephismate
812 2474 1022 2503 accommoda-

315 2515 362 2544 vit
372 2516 410 2544 ad
425 2527 490 2551 eos,
504 2517 691 2546 Plataeenses
707 2521 792 2556 puta,
807 2516 1021 2556 exceptionem

315 2562 347 2587 et
370 2558 685 2599 circumscriptionem
710 2560 776 2601 (vel
803 2558 1024 2598 definitionem)

312 2601 393 2639 legis
410 2612 426 2630 a
442 2603 554 2632 Solone
580 2604 661 2640 latae,
685 2604 776 2642 paulo
802 2609 870 2633 ante
890 2613 1022 2632 comme-

313 2650 449 2678 moratae,
465 2646 502 2675 de
519 2645 633 2676 ratione
647 2657 743 2676 novos
755 2647 840 2677 cives
857 2646 1022 2684 adoptandi

315 2687 394 2717 inter
410 2688 505 2718 cives.
522 2689 645 2718 disertis
656 2690 760 2719 verbis
777 2689 867 2719 etiam
882 2689 912 2718 in
931 2699 1023 2718 causa

315 2730 531 2761 Plataeensium
544 2731 668 2762 iteravit
684 2733 855 2762 cautionem
872 2732 954 2762 illam
970 2743 1022 2761 ve-

314 2779 404 2804 tustae
419 2774 508 2813 legis,
523 2785 590 2814 quae
606 2775 709 2804 cautio
725 2781 808 2805 vetat
828 2776 914 2805 oives
937 2775 1024 2805 facti-

315 2817 376 2848 tios
389 2817 428 2846 ad
442 2818 537 2848 ullum
554 2818 764 2857 magistratum
779 2818 1024 2848 sacerdotiumve

316 2860 449 2897 admitti,
464 2866 496 2891 et
511 2861 615 2890 liberis
636 2871 739 2891 eorum
763 2861 952 2891 solummodo
973 2862 1024 2900 jus

315 2904 447 2934 honores
470 2904 598 2943 petendi
615 2904 733 2934 tribuit.
779 2904 856 2934 Cum
875 2905 1025 2934 Plataeen-

316 2947 401 2976 sibus
415 2946 477 2977 illis
493 2947 521 2978 in
537 2948 605 2987 ipso
622 2947 726 2977 statim
743 2957 798 2977 suo
815 2947 1024 2986 psephismate

316 2990 362 3019 sie
378 2990 506 3026 decidit,
520 2996 552 3021 et
566 2994 673 3030 pactus
690 2996 749 3027 est,
769 3000 896 3030 eamque
920 2991 1025 3020 eondi-

316 3033 430 3063 tionem
451 3035 488 3063 ab
514 3034 590 3073 ipsis
614 3034 731 3074 exegit,
748 3037 780 3063 ut
795 3033 848 3063 illa
870 3033 1026 3073 praeeipua

689 211 720 252 Ι.
754 211 788 253 Ι.
822 211 1043 252 REISKE
1076 210 1402 251 ANNOTATA

1055 329 1090 348 ne
1106 318 1257 348 auderent
1273 328 1404 357 unquam
1420 323 1535 357 petere.

1098 379 1139 384 —-
1156 363 1207 392 93.
1230 361 1467 402 ὁμολογουμένους
1486 359 1615 402 ἀρίστους
1629 371 1684 391 των
1697 360 1762 390 Ἐλ-

1055 404 1137 434 λῆνων
1151 406 1361 446 γεγενημηνους]
1378 405 1459 435 idem
1485 409 1534 435 est
1558 415 1593 435 ae
1615 404 1641 434 si
1663 403 1762 433 dixis-

1055 453 1122 477 set:
1148 460 1212 482 τους
1236 447 1471 487 ὁμολογουμένους
1487 448 1580 488 [vel1
1571 446 1630 488 περὶ
1645 444 1681 477 ουν
1694 447 1762 487 ὅμο-

1055 491 1210 532 λογεῖται],
1226 490 1269 520 ὃτι
1285 491 1395 531 ἄριστοι
1408 493 1462 521 τῶν
1472 491 1607 522 Ελληνων
1620 490 1762 528 γεγόνασι.

1056 534 1125 564 vide
1142 534 1270 564 similem
1289 535 1695 574 constructionemP·1382.
1710 535 1761 564 13

1053 575 1484 619 ἔγνωσμενην-εἶξγασ-μένην]
1507 578 1539 607 id
1563 582 1622 613 est,
1637 587 1706 616 wega
1733 588 1762 609 ης

1054 621 1166 654 πάντες
1181 621 1370 658 γινωσκσυσιν,
1386 621 1429 650 δ’τι
1442 620 1596 661 εἰργάσατο
1608 631 1658 659 γης
1673 617 1761 659 περίο-

1054 663 1103 693 δον.
1118 675 1205 703 quam
1219 664 1381 693 dictionem
1395 675 1450 694 cur
1463 664 1522 693 viri
1538 664 1634 699 docti,
1648 662 1760 691 nodum

1054 707 1082 735 in
1101 708 1201 747 scirpo
1217 712 1396 746 qnaerentes,
1422 712 1453 737 et
1476 707 1580 737 nescio
1601 716 1669 746 quae
1691 704 1763 734 ἀσύ-

1053 761 1155 778 στατα
1166 750 1445 786 comminiscentes,
1456 750 1689 791 reprehendant,
1702 759 1759 778 non

1055 792 1157 822 video.
1534 814 1535 818 .

1098 853 1139 857 -—-
1157 838 1207 865 524.
1231 836 1341 876 καλῶς]
1359 836 1388 865 1ι.
1400 836 1421 865 l.
1439 835 1559 875 accipio
1577 845 1634 875 pro
1649 836 1760 873 σαφῶς.

1097 896 1140 901 -—
1155 881 1207 909 25.
1233 877 1421 919 διορίσασθαι]
1438 879 1464 908 si
1483 881 1560 911 bene
1582 880 1640 908 boo
1657 878 1759 911 habet,

1055 931 1179 951 necesse
1197 926 1254 957 est,
1277 927 1310 950 ut
1326 932 1356 950 v.
1371 922 1426 950 ult.
1449 922 1571 962 legatur
1594 919 1689 950 ἐάσαι.
1713 921 1759 950 sin

1056 971 1154 994 antem
1182 965 1225 994 ibi
1250 969 1390 993 servatur
1413 963 1525 994 ἐάσετε.
1548 974 1678 994 necesse
1703 967 1762 998 est,

1057 1012 1089 1037 ut
1106 1019 1134 1036 v.
1153 1008 1204 1038 ⁶25.
1229 1005 1391 1047 διωρίσασθε
1409 1007 1539 1047 legatur.
1565 1005 1721 1048 posterius
1738 1007 1762 1035 si

1058 1052 1234 1089 probamus.
1251 1056 1313 1080 tum
1331 1051 1497 1080 semicolon
1514 1050 1573 1080 erit
1587 1054 1660 1090 post
1674 1049 1765 1079 οὐκοῦν

1056 1093 1132 1123 δεινὸν
1153 1105 1180 1123 v.
1204 1097 1255 1125 22.
1282 1094 1447 1134 figendum,
1471 1099 1502 1124 et
1525 1098 1588 1123 tum
1613 1103 1695 1123 nova
1717 1093 1763 1122 in-

1054 1137 1131 1176 cipit
1162 1137 1322 1167 sententia.
1368 1137 1466 1167 Grave
1487 1136 1592 1178 foret:
1627 1137 1765 1167 adversus

1054 1181 1199 1210 civitatem
1214 1180 1328 1220 quidem
1337 1180 1515 1220 finitimam,
1531 1180 1567 1210 cle
1583 1190 1641 1220 qua
1656 1184 1764 1209 constet

1054 1224 1132 1253 inter
1143 1234 1248 1259 omnes,
1261 1234 1323 1253 eam
1337 1225 1465 1253 omnium
1480 1222 1651 1255 Graecorum
1663 1223 1766 1261 optime

1054 1267 1089 1296 de
1110 1267 1184 1296 vobis
1203 1266 1301 1308 fuisse
1327 1267 1472 1302 meritam,
1499 1266 1653 1296 curassetis
1678 1270 1765 1294 tanta

1055 1311 1199 1349 aequitate,
1211 1315 1238 1338 et
1247 1310 1411 1348 prudentia
1421 1315 1507 1349 atque
1515 1308 1765 1347 circumspectione

1055 1354 1116 1392 agi,
1143 1358 1178 1382 ut
1201 1353 1236 1382 de
1259 1353 1384 1392 singulis
1408 1353 1566 1392 quibusque
1590 1351 1765 1391 definiretur

1054 1401 1141 1435 atque
1167 1397 1360 1434 exciperetur,
1383 1405 1445 1435 ‹111ae
1470 1396 1538 1434 ipsis
1560 1403 1686 1424 concessa
1709 1400 1764 1424 aut

1055 1439 1162 1479 negata
1178 1438 1347 1468 voluissetis.-
1372 1437 1449 1467 hanc
1460 1448 1525 1467 vero
1537 1438 1636 1468 sinetis
1647 1438 1765 1476 impune

1055 1482 1169 1511 civitati
1183 1487 1281 1511 vestrae
1304 1482 1356 1511 toti
1370 1481 1500 1511 illudere
1513 1479 1684 1521 foemz'nam,
1701 1490 1764 1520 quoe

1056 1530 1116 1554 tam
1130 1525 1240 1564 palam,
1257 1531 1317 1554 tam
1329 1529 1404 1554 certe
1418 1529 1446 1556 et
1461 1524 1582 1565 liquide,
1597 1529 1632 1555 ut
1646 1522 1765 1553 dubita-

1056 1569 1128 1598 tioni
1145 1569 1222 1598 locus
1237 1568 1340 1598 nullus
1354 1569 1490 1607 supersit,
1501 1576 1558 1606 per
1572 1573 1663 1598 totam
1679 1565 1765 1596 Grae-

1055 1611 1131 1640 ciam
1157 1616 1298 1651 quaestum
1323 1621 1437 1650 corpore
1456 1609 1582 1651 fecerit.
1614 1621 1643 1640 v.
1669 1609 1708 1639 ad
1732 1620 1764 1650 p.

1055 1656 1130 1685 481.
1144 1658 1174 1685 4.
1190 1655 1282 1684 dicta.

1097 1714 1140 1719 —-
1156 1699 1208 1728 26.
1231 1696 1280 1727 καὶ
1295 1694 1429 1738 ἀκςιέὦς]
1445 1697 1541 1727 verba
1561 1695 1609 1726 καὶ
1635 1693 1766 1735 ἄκςιξῶς,

1055 1750 1122 1779 quae
1136 1744 1169 1770 ut
1181 1751 1338 1779 perperam
1351 1751 1368 1769 e
1385 1739 1538 1779 superiori
1551 1749 1642 1769 versu
1657 1738 1766 1768 iterata

1057 1783 1163 1814 volunt
1178 1794 1257 1819 esse,
1270 1783 1401 1822 ideoque
1414 1782 1565 1822 expungi,
1579 1786 1766 1822 quapropter

1056 1827 1160 1863 etiam,
1174 1831 1209 1856 ut
1221 1826 1326 1862 dubia,
1339 1826 1428 1856 uncis
1443 1825 1568 1862 inclusi,
1581 1825 1609 1855 si
1622 1824 1764 1855 volumus

1057 1869 1185 1906 servari,
1205 1870 1303 1909 accipi
1328 1870 1454 1904 debent,
1477 1879 1534 1909 pro
1559 1872 1646 1905 certe,
1664 1867 1766 1906 ptam,

1055 1914 1115 1942 sine
1136 1914 1337 1943 controversia.
1360 1912 1449 1951 quasi
1473 1911 1574 1951 posita
1600 1912 1661 1941 siut
1684 1921 1764 1949 pone

1056 1954 1082 1986 ἐν
1097 1956 1210 1997 ἁπάσῃ,
1233 1965 1287 1994 per
1304 1961 1393 1986 totam
1406 1954 1534 1996 profecto
1552 1954 1708 1990 Graeciam,
1730 1959 1765 1984 ut

1057 2003 1180 2034 constat,
1196 2001 1240 2029 ita
1254 2004 1289 2028 ut
1304 1999 1409 2039 negari
1423 2002 1558 2039 nequeat.
1602 1997 1690 2027 Alias
1701 2007 1766 2026 me-

1056 2042 1118 2071 lius
1147 2043 1323 2072 conveniret
1351 2043 1472 2082 φιινεςῶς
1493 2041 1542 2071 καὶ
1565 2039 1766 2081 ἀπαρακαλύ-

1057 2095 1152 2119 πτως.

1102 2131 1194 2160 1383.
1212 2131 1242 2159 Ξ.
1266 2128 1294 2158 οὗ
1309 2128 1378 2168 γᾶς]
1397 2128 1489 2158 verba
1507 2127 1573 2157 haeo
1589 2126 1650 2156 duo
1667 2125 1764 2165 signis

1056 2172 1274 2211 parentheseos
1301 2171 1421 2200 inclusi.
1452 2180 1510 2200 reon
1536 2168 1635 2199 enim?
1666 2179 1766 2198 annon

1055 2216 1095 2244 sic
1120 2214 1241 2244 dicetis?
1265 2213 1311 2244 sio
1335 2215 1416 2253 perit
1430 2212 1576 2252 quioquid
1593 2211 1692 2242 visum
1709 2211 1767 2241 suit

1056 2258 1156 2287 doctis
1179 2258 1255 2286 viris
1279 2257 1488 2292 obscuritatis,
1514 2265 1580 2295 quae
1605 2254 1686 2285 nulla
1711 2265 1765 2284 un—

1056 2311 1143 2338 quam
1161 2300 1193 2329 in
1208 2301 1237 2329 h.
1251 2301 1272 2329 l.
1290 2299 1357 2329 suit.

1098 2361 1140 2366 —
1167 2345 1217 2374 13.
1252 2340 1465 2381 ἐπιδείκνυνται]
1494 2340 1567 2371 dedi
1596 2338 1765 2371 ἐπιδείκνυτε

1056 2387 1180 2421 ταύταις
1205 2387 1302 2416 ποιεῖν.
1334 2385 1510 2424 exemplum
1537 2383 1616 2424 ipsis
1640 2383 1766 2415 demon-

1057 2431 1162 2459 stratis
1173 2428 1316 2464 faciendi,
1327 2428 1472 2467 quicquid
1490 2426 1568 2467 ipsis
1583 2427 1675 2456 modo
1691 2427 1767 2457 allu-

1058 2474 1172 2502 bescat.
1218 2472 1250 2502 Si
1274 2470 1473 2501 ἐπιδείκνυνται
1495 2474 1646 2506 servetur,
1659 2479 1765 2504 sensu,

1045 2517 1180 2554 jactant,
1203 2515 1328 2557 efferunt
1353 2525 1391 2550 se,
1412 2514 1568 2549 exsultant,
1584 2523 1644 2542 non
1667 2512 1766 2551 possit

1057 2570 1144 2589 ποιειν
1160 2559 1260 2597 sequi,
1276 2558 1331 2588 sed
1348 2557 1520 2598 requiratur
1535 2566 1675 2586 ''totoue-m.
1700 2553 1766 2586 ἐπι-

1058 2601 1177 2632 δείκνυτε
1195 2601 1288 2631 sumsi
1304 2611 1320 2630 e
1339 2602 1415 2631 Bav.
1428 2599 1552 2641 ταύταις
1567 2598 1766 2643 quodammo-

1058 2646 1097 2675 do
1112 2646 1151 2675 de
1167 2655 1235 2674 meo
1251 2644 1335 2679 dedi,
1348 2643 1456 2684 partim
1468 2652 1540 2673 vero
1553 2641 1644 2673 etiam
1657 2651 1673 2670 e
1687 2641 1766 2671 Bav.

1057 2688 1177 2727 repetii,
1194 2687 1224 2717 in
1241 2698 1301 2726 quo
1317 2690 1366 2716 est
1379 2685 1501 2720 ταύτας.

1100 2749 1143 2754 —
1160 2733 1211 2761 18
1234 2729 1388 2770 γενόμενον]
1414 2739 1474 2762 nou
1497 2736 1547 2765 me
1569 2725 1661 2768 fugit,
1682 2731 1766 2756 recte

1057 2785 1148 2814 posse
1169 2774 1232 2804 dici
1247 2774 1342 2812 ἀγῶνα
1356 2762 1607 2812 ἀποψηφίζεσθαι,
1623 2779 1680 2809 pro
1696 2779 1767 2799 cau-

1058 2829 1121 2848 sam
1137 2817 1268 2857 aliquam
1285 2816 1459 2850 absolvere,
1470 2814 1500 2844 h.
1512 2824 1539 2844 e.
1555 2819 1588 2844 ut
1601 2813 1695 2842 asoto
1711 2822 1767 2843 suo

1059 2861 1186 2891 alienam
1202 2860 1376 2899 repudiare,
1391 2857 1429 2887 ad
1444 2856 1577 2887 tribunal
1598 2865 1685 2885 suum
1707 2865 1767 2886 non

1059 2904 1233 2939 admittere,
1262 2903 1336 2932 item
1363 2900 1530 2931 secundum
1557 2909 1643 2930 reum
1670 2898 1701 2928 iu
1732 2909 1768 2929 ea

1059 2957 1152 2977 causa
1171 2949 1222 2985 jus
1243 2946 1328 2975 dare.
1353 2947 1561 2974 verumtamen
1584 2942 1634 2974 hic
1657 2941 1767 2972 melius

1059 2990 1223 3020 convenire
1244 2988 1367 3019 videtur
1390 2997 1545 3027 γενομενου.
1558 2985 1598 3017 in
1621 2984 1769 3029 genitivo.

1059 3038 1243 3073 posteaquam
1255 3031 1338 3062 semel
1349 3030 1403 3061 illa
1415 3040 1505 3061 causa
1517 3039 1549 3059 m
1551 3027 1659 3069 soriam
1672 3027 1768 3057 delata
