1997 3323
6 1975 20 2075 -ὲὸιιᾈ

392 197 472 239 124
762 194 797 238 I.
820 196 856 237 I.
877 193 1101 238 REISKE

389 305 420 333 in
447 303 527 332 libro
552 301 702 332 Weimar.
739 312 835 342 neque
870 303 951 333 illum
990 307 1094 332 conte-

390 346 561 375 mnendam.
607 346 698 384 Quod
715 345 741 375 si
757 346 814 381 illi,
825 346 877 386 qui
893 348 1001 381 τοῦτον,
1017 346 1095 375 hunc

390 388 578 427 Epikerden,
587 394 699 418 nossent
711 395 736 419 et
749 389 810 427 ans
825 389 998 419 liberalitate
1009 394 1097 418 essent

388 433 497 467 ονηαῐὶ,
513 432 728 468 existimarunt,
744 442 809 461 enm
831 443 887 461 non
910 434 965 462 nisi
988 433 1099 461 meritis

389 476 508 516 qtcaesita
517 476 576 505 suis
575 474 663 515 serre
673 477 792 514 praemia
804 488 820 505 (ι
835 485 873 511 se,
889 477 1016 515 quicum
1028 486 1099 504 rur-

388 528 435 548 sus
446 524 585 548 ornarem
600 517 762 548 honoribus.

430 578 475 584 —-
489 562 540 592 15.
547 561 654 613 3αὐτὸς]
672 563 747 591 bene
771 562 874 596 habet,
890 561 1032 610 idemque
1052 564 1100 590 est

388 608 480 643 atque
496 604 508 634 ὁ
523 603 618 638 αὐτός.
663 605 715 634 Sic
732 605 828 635 Attici
845 604 1026 643 saepissiine.

431 663 474 670 -·-
490 650 540 678 22.
562 646 715 699 εὐχέσθω]
741 653 812 687 post
831 645 960 688 εὐχέσθω
977 646 1098 676 videtur

387 691 497 720 deesse
513 688 621 723 Βὲβαια
634 689 735 729 μένειν.

429 735 536 764 4721
542 733 666 774 ,ὑπὲῤῥει
660 734 683 774 .]
701 734 748 763 hic
763 732 821 762 loci
839 737 886 762 est
901 732 1001 762 active
1018 733 1097 762 acci-

387 775 545 814 piendum.
569 776 685 814 Saepe
674 775 734 816 ρέω,
751 781 782 805 ut
801 776 1050 816 Latinumfluere
1066 782 1099 805 et

385 829 482 854 ruere,
492 818 574 848 idem
589 825 636 849 est
650 825 740 857 atque
753 818 914 860 effimdere,
924 823 1097 857 pervertere.

386 862 546 892 Sententia
560 867 626 892 est:
651 862 711 892 nisi
725 872 825 892 rerum
841 861 947 890 harum
962 861 1096 890 omnium

386 909 558 935 contemtus
580 909 669 944 atque
686 906 845 943 neglectus
865 903 1097 933 florentissimas

384 948 576 986 respublicas
592 949 667 978 clam
685 952 716 976 et
731 948 796 977 sine
818 956 911 976 seusu
935 946 1097 985 carpendis

385 996 417 1020 et
431 991 652 1021 labefactandis
667 1001 772 1020 eorum
795 988 1000 1019 fundamentis
1024 989 1096 1019 sub—

384 1038 518 1063 ruerent.

425 1092 469 1101 -·—-
485 1078 516 1107 9.
533 1076 561 1105 οὖ
581 1075 667 1105 τοίνυν
685 1073 765 1115 μόνον
774 1074 831 1115 -—]
850 1073 931 1103 Citat
947 1074 977 1105 11.
991 1074 1011 1104 l.
1027 1074 1096 1105 Ari-

382 1120 480 1149 stides
492 1129 609 1171 τεχνφ
589 1120 708 1158 ρ.236.

424 1180 468 1186 --
483 1163 534 1192 21.
552 1160 642 1202 emp
643 1159 808 1201 ’ὑμῶν-]
825 1159 908 1190 Citat
920 1160 951 1191 b.
963 1160 987 1190 l.
999 1161 1095 1192 Arist.

382 1207 418 1235 ’ΣΙ
435 1216 468 1245 p.
485 1206 560 1235 256.

424 1265 467 1271 -
484 1250 535 1278 26.
551 1258 617 1282 τους
631 1245 831 1287 στρατιώτας]
856 1256 929 1277 suos
951 1246 1019 1277 scil.
1035 1247 1094 1276 Co-

349 1322 352 1325 ,
382 1291 512 1321 rintbios
526 1295 716 1329 vestrosque.

424 1336 499 1365 473.
518 1335 569 1364 13.
586 1333 708 1375 στξῶτον]
726 1344 793 1362 cum
809 1332 913 1362 ἔπειτα.
935 1343 995 1363 non
1013 1333 1095 1363 inse-

382 1382 502 1416 quatur,
515 1377 638 1407 videtur
654 1376 768 1415 aliquid
785 1376 909 1412 deesse,
921 1383 974 1406 aut
988 1379 1095 1417 πςῶτον

380 1430 441 1450 non
454 1422 585 1459 primum
598 1422 647 1450 hic
663 1420 724 1449 loci
739 1419 902 1459 significat,
916 1421 970 1450 sed
981 1421 1093 1456 statim,

378 1462 542 1504 confestim.

422 1523 466 1530 --
482 1508 534 1537 21.
549 1505 625 1546 ἰδὼν]
643 1506 760 1535 correxi
780 1505 865 1539 εἰδώς.
900 1505 932 1535 Si
948 1507 1022 1546 quis,
1035 1507 1093 1536 ista

380 1551 430 1589 qni
445 1555 535 1580 nosset
551 1555 690 1588 tempora,
712 1551 768 1580 sive
788 1558 820 1578 eo
835 1550 911 1589 quod
926 1550 985 1588 ipse
1000 1550 1092 1580 inter-

367 1591 480 1632 fuisset
493 1592 578 1622 rebus
594 1598 659 1622 tum
673 1594 770 1633 gesti-⁴³,
786 1594 842 1622 sive
865 1593 943 1633 quod
965 1593 1094 1623 audisset

378 1645 410 1665 er
424 1636 484 1665 ulio
497 1646 600 1665 earum
613 1646 720 1675 gnaro,
730 1646 797 1665 cum
813 1636 836 1664 is
847 1645 894 1665 eus
908 1642 1071 1666 enarraret.

421 1695 464 1702 —-
479 1681 531 1709 2⁶2.
547 1678 682 1715 ἀκούσας,
703 1679 838 1720 ἀκοῦσαι]
863 1678 1010 1717 displicet
1032 1679 1093 1709 ista

380 1721 516 1757 iteratio,
532 1726 563 1751 et
578 1728 662 1752 recte
683 1722 771 1752 abest
785 1723 823 1751 ab
843 1722 919 1762 Aug.
934 1722 1092 1760 posterius

379 1765 574 1795 vocabulum.
597 1769 786 1804 quapropter
816 1765 906 1794 etiam
932 1765 1020 1794 uncis
1045 1765 1092 1794 in-

379 1808 470 1842 clusi,
486 1813 601 1837 mutata
617 1808 807 1838 solummodo
831 1808 1091 1847 interpunctione.

421 1852 496 1881 474.
513 1853 565 1880 11.
580 1850 718 1893 ἑκάστου]
743 1852 775 1881 id
799 1855 859 1887 est,
879 1849 992 1881 ἑαυτοῦ.
1015 1862 1091 1890 quo-

379 1894 470 1923 modo
484 1894 646 1932 legendum
661 1904 742 1930 esse,
756 1894 797 1924 fui
811 1894 972 1943 αὶῃῐφιτιηᾱο
985 1895 1091 1934 opina-

378 1941 447 1974 tns;
470 1947 548 1966 nune
563 1940 661 1966 tamen
675 1938 712 1966 ab
726 1937 782 1966 illa
793 1937 936 1976 opinione
948 1937 1091 1967 discessi.

419 1997 462 2002 --—
482 1982 532 2009 14.
547 1978 640 2020 σώζῃ]
665 1984 736 2018 post
759 1979 836 2021 σωζῃ
860 1979 1043 2010 subauditur
1066 1981 1089 2010 εἶ

376 2020 475 2060 ἄξιόν’
465 2033 531 2052 εστι
544 2023 641 2052 τοῦτον
656 2022 810 2062 ἀντιτιμξῐν
829 2021 878 2051 καὶ
901 2021 1090 2053 ἀντευποιεῖν.

376 2070 406 2093 et
422 2075 529 2095 vereor
543 2065 689 2104 profecto,
708 2076 744 2094 ne
761 2065 822 2094 tale
840 2064 912 2104 quid
929 2064 1089 2094 desidere-

376 2111 434 2136 tur.
458 2107 571 2147 privati
587 2108 794 2144 considerant,
809 2118 879 2137 num
891 2107 961 2146 quis
977 2108 1089 2147 dignus

377 2150 428 2184 sit,
445 2160 549 2188 gener,
561 2155 594 2180 ut
608 2151 665 2180 hoc
682 2157 758 2184 utar,
774 2156 825 2180 aut
841 2160 928 2185 suus,
945 2154 998 2179 aut
1014 2150 1091 2181 alius

376 2193 568 2231 cujusquam,
585 2199 635 2222 aut
652 2193 803 2232 ejusmodi
820 2193 893 2232 quid
919 2193 993 2222 fieri.
1038 2193 1089 2223 Ci-

376 2235 455 2264 vitas
482 2240 596 2271 autem,
621 2236 733 2275 dignus
758 2245 827 2264 num
852 2235 920 2274 quis
944 2235 998 2271 sit,
1021 2246 1090 2276 spe-

377 2283 472 2313 ctans,
496 2279 555 2308 hoc
579 2283 712 2318 spectat,
738 2289 808 2307 num
833 2278 914 2317 quis,
933 2289 951 2308 a
972 2289 1031 2317 quo
1049 2279 1089 2309 sit

375 2326 482 2351 ornata
498 2325 561 2351 ete
582 2322 720 2360 periculo
742 2326 874 2356 servata,
900 2320 1012 2360 dignus
1038 2323 1089 2358 sit,

375 2374 464 2402 quem
489 2365 653 2394 honoribus
669 2370 699 2394 et
715 2364 851 2403 proemiis
867 2369 1087 2394 remuneretur.

374 2407 424 2436 vel
446 2407 626 2437 subauditur
646 2407 762 2447 potius.
784 2408 882 2436 τοῦτον
897 2407 972 2446 ἄξιον
985 2406 1089 2442 ἑαυτῆς

374 2447 460 2488 κρίνει.
491 2449 572 2480 huno
595 2462 627 2480 se
654 2451 777 2489 dignum
802 2455 930 2489 oenset3
954 2451 984 2480 h.
999 2461 1026 2481 e.
1041 2451 1088 2480 di·

375 2502 480 2531 gnum,
496 2493 546 2531 qui
564 2504 636 2523 suus
661 2494 826 2533 Evergeta,
850 2494 1018 2532 sospitator
1033 2504 1088 2534 ap-

373 2535 518 2574 pelletur.

416 2577 703 2620 —15.ugw0‘p.2v0v]
730 2578 840 2609 inclusi
867 2579 964 2609 uncis.
989 2579 1086 2610 satius

373 2620 485 2651 fuisset
500 2621 586 2661 plane
604 2622 680 2651 tolli.
705 2622 801 2651 dictio
817 2621 880 2651 ἰδεῖν
901 2633 931 2651 τι
956 2622 1038 2662 ἔργῳ,
1058 2623 1086 2653 οὗ

373 2662 462 2703 νόμοις
483 2664 532 2693 καὶ
547 2663 619 2705 δόξῃ,
637 2664 796 2703 signifieat,
815 2671 940 2703 spectare
955 2667 1038 2705 qnid,
1056 2667 1086 2696 b.

375 2717 402 2736 e.
415 2706 593 2747 dijudicare,
608 2707 769 2743 aestimare,
782 2717 814 2737 ex
824 2709 887 2746 ipsa
902 2718 933 2738 re
948 2715 975 2738 et
984 2708 1084 2749 jecto,

373 2759 429 2779 non
446 2759 460 2779 e
476 2750 597 2790 legibus,
613 2760 703 2790 neque
717 2760 750 2779 ex
768 2751 900 2789 opinione
923 2751 1083 2782 hominum.

415 2810 456 2816 --
473 2795 525 2823 ΞΟ.
547 2794 680 2832 ποιοῦμαι
696 2792 742 2823 τὸν
757 2793 850 2833 λόγον]
869 2795 990 2824 correxi
1015 2806 1083 2825 τοσ·

372 2836 447 2864 σῖτον
481 2836 570 2872 λόγον.
631 2838 801 2866 Pronomen
833 2833 905 2865 οὗτοι
935 2838 1016 2867 redit
1045 2839 1083 2867 ad

372 2889 463 2917 supra
480 2879 593 2914 dictos,
611 2880 795 2915 Leuconem‚
819 2878 1008 2917 Epikerden,
1023 2881 1083 2910 Co-

372 2921 502 2951 rinthios
526 2922 662 2958 exsules,
678 2922 728 2951 vel
750 2922 787 2952 ad
813 2923 880 2956 hos,
897 2933 974 2962 quos
990 2924 1082 2953 modo

369 2963 434 2993 dixi
449 2970 630 3002 postremos,
645 2969 773 2996 tantum.

411 3009 485 3037 475.
511 3011 559 3037 10.
585 3006 753 3048 οὐεργεο-ίαν]
776 3018 879 3047 margo
898 3008 997 3039 Lutet.
1014 3010 1080 3039 sine

1135 193 1458 237 ANNOTATA

1128 306 1248 330 auctore
1278 302 1332 330 dat
1361 299 1531 342 ἐπιγαμίαν.
1563 309 1653 341 quam
1679 299 1841 332 lectionem

1128 353 1228 382 neque
1242 353 1299 382 ego
1309 343 1339 372 in
1349 354 1484 374 meorum
1496 345 1643 374 librorum
1657 344 1719 374 ullo
1729 344 1845 384 reperi,

1130 397 1226 426 neque
1239 387 1389 426 Tayloms
1403 387 1436 416 in
1453 397 1589 418 suorum.
1606 393 1793 428 quapropter
1806 397 1844 417 ea

1130 429 1222 459 lectio
1246 429 1318 459 mihi
1342 429 1432 459 valde
1451 434 1500 459 est
1521 435 1675 470 suspecta.
1697 428 1844 470 ἐπιγαμία

1132 483 1190 502 non
1213 473 1330 502 solebat
1356 471 1562 510 singularibus
1582 473 1767 509 hominibus,
1788 473 1844 503 sed

1133 516 1339 546 tantummodo
1356 515 1430 544 totis
1445 515 1568 554 populis
1585 516 1686 547 tribui.
1732 517 1844 555 Singu-

1133 559 1211 588 lares
1229 559 1255 588 si
1272 558 1324 597 qui
1339 559 1424 588 cives
1439 558 1844 595 fierentAtbenieuses‚cum

1132 602 1267 632 civitatis
1281 603 1353 640 jure
1369 603 1420 639 jus
1437 610 1557 640 quoque
1577 601 1664 632 cives
1679 602 1798 632 Atticas
1813 601 1845 630 in

1131 644 1354 674 matrimonium
1373 644 1508 674 ducendi
1520 645 1734 684 impetrabant,
1749 650 1783 675 ut
1802 644 1846 673 nil

1131 698 1208 727 opus
1222 691 1304 717 esset
1318 687 1382 717 illis
1396 687 1455 716 hoc
1470 688 1522 726 jus
1534 687 1660 717 disertis
1672 687 1776 718 verbis
1787 687 1845 717 im-

1130 731 1254 768 pertire.
1299 730 1370 760 Toti
1385 734 1486 761 autem
1501 730 1609 771 populi
1632 730 1660 760 si
1679 732 1750 770 jure
1765 729 1844 760 civi-

1120 773 1202 803 ‚tatis
1218 773 1330 804 Atticae
1349 774 1547 810 donarentur,
1562 774 1602 804 de
1617 775 1689 814 jure
1705 773 1786 804 ultro
1801 772 1846 803 ci-

1129 821 1237 855 troque
1253 817 1571 847 communicandorum
1586 816 1847 847 matrimoniorum

1129 858 1253 889 disertis
1281 860 1384 889 verbis
1412 861 1706 891 commemorabatur
1731 860 1763 890 in
1789 859 1845 889 de-

1129 905 1215 930 creto
1224 913 1233 940 ς
1262 906 1293 931 et
1316 902 1347 931 id
1371 904 1480 932 merito
1502 903 1637 942 quidem.
1681 904 1846 933 servamus

1129 944 1244 983 itaque,
1258 945 1355 974 invito
1370 946 1510 984 quamvis
1524 947 1671 986 'l'ayloro,
1682 943 1848 987 εὔεργεσίιιν,

1131 987 1284 1027 vulgatam
1304 988 1480 1024 lectionem,
1505 999 1575 1027 quae
1601 988 1764 1028 significat,
1785 991 1846 1018 Ar-

1130 1030 1240 1060 chebio
1255 1035 1287 1061 et
1298 1031 1488 1067 Heraclidae,
1499 1031 1689 1071 Byzantinis,
1704 1041 1764 1061 una
1777 1041 1847 1061 cum

1130 1073 1198 1103 aliis
1225 1073 1404 1111 honoribus,
1435 1075 1515 1104 hunc
1539 1084 1661 1114 quoque
1687 1074 1847 1104 decretum

1130 1127 1211 1151 esse,
1242 1122 1274 1146 ut
1304 1117 1459 1157 εὖεςγὲτοιι,
1493 1118 1705 1148 benefactores
1736 1117 1847 1157 populi

1129 1159 1338 1195 Atheniensis,
1348 1160 1586 1199 appellarentur.
1602 1160 1656 1200 qui
1667 1161 1764 1191 honor
1773 1160 1847 1190 olim

1129 1212 1185 1231 non
1202 1202 1366 1232 mediocris
1389 1208 1466 1239 erat,
1482 1213 1581 1243 neque
1605 1204 1753 1234 mediocri
1776 1213 1849 1234 con-

1128 1245 1265 1275 tentione
1282 1251 1313 1275 et
1328 1245 1496 1276 ambitione
1511 1247 1714 1286 quaerebatur.

1171 1306 1215 1311 —-
1231 1291 1284 1319 12.
1305 1291 1347 1319 τοὶ
1362 1287 1498 1329 δοθέντα]
1521 1300 1589 1320 cum
1605 1300 1663 1330 pro
1678 1290 1784 1321 verbis
1805 1291 1847 1321 τοὶ

1129 1330 1242 1360 δοθέντα
1259 1332 1337 1362 liber
1351 1333 1551 1372 Augustanus
1567 1334 1714 1364 exhibeat
1735 1334 1846 1368 ταῦτα,

1130 1374 1199 1403 veni
1222 1375 1252 1404 in
1275 1375 1482 1415 suspicionem
1506 1376 1682 1415 aliquando,
1709 1377 1739 1407 in
1758 1376 1847 1406 libris

1128 1418 1310 1455 quibusdam
1326 1418 1460 1458 antiquis
1474 1418 1586 1449 fuisse·
1613 1417 1790 1460 ἂφσιιςεθηναι
1805 1421 1846 1449 τὰ

1126 1459 1255 1496 δοθέντα,
1269 1462 1319 1491 και
1333 1462 1433 1492 ταῦτα.
1448 1461 1536 1501 μηδὲν
1549 1480 1594 1486 -—
1609 1463 1709 1502 quod'
1700 1473 1731 1493 m
1742 1462 1847 1493 medio

1128 1504 1277 1543 relinquo.

1168 1565 1211 1570 -—
1228 1548 1283 1576 ult.
1294 1546 1472 1589 ἀκούσια-δε]
1487 1549 1591 1578 malim
1604 1546 1788 1579 ἀκούσαισθε.

1169 1592 1243 1620 476.
1257 1592 1305 1620 17.
1324 1589 1386 1632 ἐᾷἶν]
1406 1595 1479 1632 post
1503 1590 1550 1633 ὲᾷν
1567 1596 1621 1622 aut
1633 1590 1724 1633 χρόνον
1737 1592 1847 1622 deesse

1126 1633 1250 1671 videtur
1262 1633 1341 1664 εἶναι.

1166 1692 1212 1700 -—-
1222 1675 1272 1709 19.
1284 1678 1335 1707 τοῦ
1346 1679 1398 1712 τῆς
1409 1677 1518 1712 πόλεως
1532 1676 1632 1719 ἤθους]
1649 1678 1750 1708 locum
1766 1677 1845 1706 huno

1125 1718 1200 1749 citat
1214 1720 1346 1750 Thomas
1361 1721 1447 1760 Mag.
1461 1731 1494 1751 v.
1508 1719 1589 1754 ἦθος.

1167 1778 1206 1785 —-
1225 1764 1278 1793 27.
1289 1763 1337 1793 καὶ
1353 1764 1399 1805 δὴ]
1407 1765 1475 1803 jam
1492 1764 1621 1801 dudum,
1630 1764 1701 1802 jam
1716 1763 1845 1801 pridem.

1124 1804 1217 1835 lectio
1226 1806 1349 1846 vulgata
1358 1811 1485 1846 praestat
1496 1807 1554 1843 illi,
1564 1817 1654 1846 quam
1663 1816 1769 1846 margo
1781 1807 1846 1836 dat.

1168 1850 1244 1878 477.
1260 1851 1292 1879 6.
1317 1848 1360 1880 δ’τι
1385 1851 1507 1884 πολλοὺς
1511 1849 1690 1901 εὖεςγὲτοις]
1722 1849 1845 1879 correxi

1124 1901 1169 1921 οτι
1183 1893 1306 1926 πολλους
1325 1891 1415 1932 ξένους
1429 1891 1586 1934 εὗεςγὲτοις.
1606 1894 1698 1923 tertia
1712 1903 1775 1922 vox
1799 1892 1846 1921 in-

1125 1934 1212 1964 curia
1235 1945 1397 1974 operarum
1424 1936 1646 1967 Parisiensium
1673 1935 1846 1965 exciderat.

1124 1982 1333 2008 verumtamen
1368 1979 1460 2009 etiam
1496 1981 1535 2009 ab
1572 1980 1620 2009 ed.
1644 1979 1682 2008 P.
1713 1977 1847 2008 Manutii

1125 2020 1223 2050 abest.
1240 2021 1330 2059 paulo
1347 2026 1428 2057 ante,
1445 2022 1504 2051 hoo
1522 2023 1593 2062 ipso
1607 2032 1713 2056 versu,
1730 2031 1785 2062 pro
1804 2021 1844 2050 δι’·

1123 2073 1198 2092 καιον
1219 2063 1322 2093 malim
1345 2062 1466 2097 δικαίως.
1481 2065 1633 2104 (egerrime
1647 2066 1701 2095 sim
1717 2065 1846 2100 laturus,

1124 2106 1147 2134 si
1163 2104 1214 2135 hoc
1235 2106 1326 2135 sotum
1343 2106 1414 2146 legis
1428 2106 1574 2146 Leptineoe
1584 2108 1767 2146 possimjure
1784 2117 1845 2136 me-

1122 2148 1180 2177 rito
1199 2130 1419 2186 reprehendere,
1441 2149 1518 2189 quod
1544 2149 1649 2179 multos
1675 2151 1844 2191 peregrinos

1123 2190 1192 2219 bene
1207 2191 1243 2220 de
1253 2200 1315 2229 τῳ
1327 2193 1440 2222 meritos
1452 2193 1521 2221 imm
1525 2193 1638 2222 unitate
1646 2194 1756 2230 privet.

1166 2250 1208 2256 ·—-
1220 2235 1251 2264 8.
1267 2233 1356 2274 ἄξιον]
1370 2235 1501 2264 subaudi
1515 2234 1626 2269 ταύτης
1635 2246 1686 2270 της
1701 2247 1800 2276 τιμης.

1165 2293 1205 2300 -
1219 2277 1276 2307 ult.
1303 2276 1368 2317 πρὸς
1383 2278 1461 2317 υμᾶς
1477 2277 1594 2320 αυτους]
1618 2278 1650 2308 id
1670 2283 1728 2314 est,
1748 2279 1844 2309 solos.

1123 2324 1321 2359 opponuntur
1336 2320 1367 2349 hi
1384 2321 1441 2350 soli
1456 2320 1664 2352 Athenienses
1682 2322 1740 2352 toti
1756 2323 1843 2352 Grae—

1122 2372 1227 2392 corum
1245 2363 1428 2418 pop‘ulorum
1445 2363 1650 2394 universitati.

1167 2407 1241 2436 478.
1257 2408 1287 2438 4.
1300 2406 1396 2447 ὥσπερ
1406 2405 1554 2447 ιΑρμ.οδιόιι
1568 2407 1617 2437 και
1631 2406 1842 2448 Ἀριστογείτο-

1122 2458 1162 2481 νος
1180 2447 1306 2479 ἐο-τησαν
1328 2450 1456 2501 πξώτου]
1473 2449 1524 2480 alii
1539 2452 1622 2490 μετὰ
1637 2449 1780 2491 Αξμόδιον
1794 2450 1843 2480 καὶ

1123 2489 1350 2531 Ἀριστογείτονα
1366 2491 1493 2523 ἔστησαν
1514 2494 1637 2533 πρώτου.
1653 2495 1731 2524 forte
1747 2495 1842 2523 ambae

1121 2533 1293 2564 lectiones·
1284 2545 1324 2566 m
1333 2535 1411 2565 huno
1427 2537 1551 2566 modum
1565 2542 1636 2567 sunt
1649 2537 1843 2576 copulandae,

1120 2577 1218 2618 ὥσπερ
1237 2575 1384 2619 Αρμοδίου
1399 2579 1446 2609 και
1464 2577 1698 2620 Ἀριστογείτονος
1715 2577 1842 2611 ἔστησαν

1119 2622 1204 2659 μετὰ
1220 2620 1334 2655 τούτους
1343 2622 1454 2663 πρώτῳ.
1467 2629 1501 2653 ut
1513 2623 1662 2653 referatur
1673 2623 1712 2653 ad
1724 2633 1842 2662 praece-

1121 2663 1196 2693 dens
1218 2663 1307 2704 αὐτῷ’.
1333 2669 1500 2696 erexerunt
1522 2666 1551 2696 ei
1573 2669 1715 2703 statuam,
1738 2666 1841 2705 primo

1120 2711 1191 2744 post
1220 2707 1428 2743 Harmodium
1459 2714 1490 2739 et
1514 2709 1770 2748 Aristogitonem,
1800 2710 1841 2739 ad

1119 2750 1295 2789 exemplum
1310 2761 1428 2781 eorum.
1442 2752 1472 2781 h.
1491 2761 1518 2781 e.
1534 2751 1624 2791 quasi
1640 2752 1766 2790 paribus
1785 2752 1840 2782 ille

1119 2792 1208 2823 sactis
1219 2803 1310 2832 pares
1326 2804 1448 2833 quoque
1460 2794 1591 2824 honores
1603 2794 1732 2825 meritus
1743 2799 1839 2825 esset.

1117 2836 1177 2864 Sed
1195 2836 1240 2866 nil
1262 2846 1340 2875 opus
1357 2841 1404 2866 est
1428 2838 1607 2873 mutatione,
1630 2838 1722 2867 modo
1744 2837 1838 2868 inter-

1117 2883 1283 2917 pungatur,
1314 2884 1348 2909 ut
1369 2880 1438 2913 feci,
1455 2878 1698 2920 Ἀριστογείτονος,
1713 2879 1841 2911 ἔστησαν

1117 2921 1228 2960 πρώτου
1245 2921 1391 2962 [subaudi
1407 2922 1507 2958 αὐτοῦ,
1525 2923 1574 2953 vel
1590 2924 1640 2952 τοῦ
1654 2923 1796 2963 Κόνωνος]

1158 2981 1200 2986 ——
1212 2968 1264 2995 11.
1280 2965 1310 2994 οὐ
1324 2964 1408 2994 τοίνυν
1431 2964 1478 3005 ὑφ’
1501 2966 1578 3006 ὑμῶν
1590 2965 1652 3006 -]
1667 2967 1751 2997 Citat
1770 2967 1801 2996 h.
1816 2966 1838 2996 1.

1115 3006 1265 3038 Aristides
1277 3017 1309 3047 p.
1327 3010 1401 3039 238.

1940 3208 1983 3323 bas»
