1931 3322
459 211 543 252 AD
579 210 753 253 ORAT.
789 210 871 252 DE
903 208 1272 253 SYMMORIIS.

126 317 209 360 14.).
252 317 371 349 Triduo
386 321 470 357 post,
494 328 574 349 nova
596 329 699 359 pugna
721 324 841 356 exorta,

123 363 228 392 denuo
243 362 354 392 multas
374 371 470 392 naves
493 362 596 392 Persae
611 362 781 392 amiserunt
796 362 841 403 (c.

124 405 196 445 16.)
210 409 242 435 et
263 405 385 435 tandem
408 404 439 434 iu
464 405 533 444 ipsa
555 410 657 441 nocte,
679 416 749 445 quae
769 416 842 435 con—

124 449 240 478 flictum
256 449 294 478 ad
310 448 465 478 Salamina
482 450 655 488 praecessit,
669 459 727 478 una
743 449 842 484 navis,

123 493 212 531 cujus
228 497 343 530 praetor
359 496 425 521 erat
448 492 604 522 Panaetius
621 493 746 529 Tenius,
763 493 841 521 Per-

124 544 225 564 sarum
241 535 338 565 aciem
353 535 479 574 reliquit
495 535 589 576 (ibid.
604 546 632 565 c.
649 534 734 575 82).
769 535 840 565 Nisi

122 577 218 618 igitur
248 583 375 615 statuas,
404 578 513 618 plures
537 589 632 608 naves
657 578 696 607 ad
718 577 839 607 Xerxis

121 621 253 651 classem
270 622 456 661 accessisse,
478 631 567 660 quam
592 622 631 650 de
653 621 762 660 quibus
780 627 840 651 tra·

119 664 202 694 didit
217 664 410 698 Herodotus,
425 664 526 694 minor
541 663 674 694 exsistet
694 674 840 694 numerus

121 717 170 742 eo,
186 718 276 747 quem
293 707 463 746 AEschylus
485 707 686 737 memoravit:
710 708 770 738 etsi
787 708 838 738 vel

121 750 178 780 hac
194 752 373 789 conjectura
396 751 527 790 probata
550 755 676 790 propter
691 751 770 781 hunc
786 762 840 782 nu-

120 803 238 824 merum
266 795 352 824 120⁷
378 793 503 825 navium
527 793 676 835 (eundem
696 804 836 834 prorsus,

119 847 188 866 cum
224 835 350 866 Xerxes
388 835 616 876 expeditionem
654 838 837 877 susciperet,

121 885 212 920 atque
232 880 332 916 illum,
353 889 422 910 cum
444 890 578 920 pugnam
601 881 840 922 committeret),

311 946 407 977 Initio
423 946 636 986 expeditionis
651 953 737 978 erant
751 958 846 978 naves

1507 211 1589 254 467

876 318 1013 358 suspicio
1030 318 1145 349 oriatur
1162 319 1290 350 turbatae
1304 317 1336 349 in
1352 318 1515 349 Herodoto
1527 328 1595 348 nur-

876 361 1013 393 rationis.
1070 363 1181 402 Neque
1205 363 1284 393 enim
1315 373 1355 393 ex
1381 363 1402 392 l.
1419 363 1516 392 VHI.
1539 363 1592 392 66.

875 405 1004 444 colligas
1027 405 1132 444 plures
1149 416 1243 436 naves
1256 405 1437 442 accessisse,
1451 406 1510 437 etsi
1527 410 1593 435 tum

875 447 1065 488 pedestrium
1094 449 1248 487 copiarum
1286 449 1483 480 multitudine
1511 458 1593 479 nova

875 491 1033 522 exercitus
1062 491 1208 521 creverit.
1264 492 1377 531 Igitur,
1404 492 1478 529 nisi,
1509 492 1593 531 quod

875 535 980 570 nolim,
993 534 1103 574 uliquis
1114 545 1181 564 mea
1192 535 1380 574 negligentia
1395 536 1446 566 hic
1458 534 1593 566 omissus

873 578 967 608 fuerit
989 578 1144 608 Herodoti
1159 579 1259 614 locus,
1277 579 1330 607 vix
1346 579 1453 615 viden,
1474 578 1527 618 qui
1543 588 1590 608 er-

873 621 954 652 roris
969 622 1061 661 culpa
1077 621 1276 660 gravissimus
1301 621 1466 652 historicus
1482 632 1592 653 vacare

873 666 985 705 possit,
1005 665 1157 705 siquidem
1175 664 1324 704 AEschylo
1343 664 1374 694 in
1389 676 1434 701 re,
1451 666 1502 695 cni
1522 666 1592 705 ipse

872 709 1022 745 interfuit,
1038 719 1157 739 omnem
1170 709 1260 739 fidem
1273 708 1378 738 haberi
1390 718 1518 738 necesse
1532 712 1590 738 est.

875 752 921 782 Ad
947 752 1114 783 faciliorem
1139 757 1239 782 autem
1263 755 1466 791 conspectum
1484 751 1515 781 in
1532 751 1591 780 fine

872 795 965 836 hujus
995 795 1274 827 animadversionis
1303 795 1343 825 ad
1374 794 1513 825 calculos
1543 805 1592 824 se-

872 840 1010 870 deamus.

1161 949 1245 979 1207

357 990 498 1032 (Auctor
511 991 696 1028 Argumenti
711 991 742 1021 in
757 991 899 1030 AEschyli

402 1034 516 1064 Persas
531 1033 624 1063 habet
637 1036 723 1065 1207
739 1035 790 1065 vel
807 1033 922 1076 1214.)

315 1076 524 1108 Accesserant
538 1086 579 1107 ex
594 1077 725 1108 Thracia

314 1163 481 1194 Perierunt
496 1166 680 1202 tempestate
695 1164 733 1194 ad
747 1163 941 1203 Magnesiam

312 1207 420 1246 Captae
435 1217 454 1237 a
468 1205 588 1236 Graeois
605 1207 643 1236 ad
660 1206 758 1237 sinum
775 1207 960 1247 Pagasaeum

651 1251 853 1281 Artemisium

312 1293 482 1324 Antidorus
498 1294 655 1333 transfuga

313 1337 499 1374 Submersae,
515 1347 583 1376 quae
598 1337 748 1368 Euboeam
764 1337 950 1378 superabant

312 1379 474 1411 Panaetius
490 1380 649 1420 transfuga

311 1466 486 1507 Supersunt
501 1465 598 1507 igitur
613 1471 682 1498 ante
694 1477 829 1508 pugnam
840 1465 1036 1498 Salaminiam

396 1520 493 1541 naves

117 1568 189 1605 Quo
202 1578 326 1600 numero
338 1568 534 1599 continentur
550 1568 642 1599 etiam
655 1580 749 1600 naves
760 1569 836 1600 Cili-

117 1612 175 1642 eiae
190 1612 319 1652 aliaeque
330 1612 363 1642 in
376 1623 456 1643 nova
467 1623 570 1653 pugna
582 1613 621 1642 ad
634 1612 835 1644 Artemisium

118 1655 252 1692 amissae,
267 1666 336 1695 quae
351 1663 427 1696 quot
441 1655 568 1692 fuerint,
584 1656 767 1687 Herodotus
779 1667 835 1688 nos

117 1708 177 1729 non
193 1699 311 1730 docuit.
323 1699 602 1730 Amnsroounr.

160 1758 205 1766 ·-—
220 1745 274 1775 10.
298 1741 465 1783 vesano-laq
478 1741 834 1783 -παςεσκευιισ-μένους]

117 1785 183 1815 Hic
203 1786 309 1826 vulgo,
330 1786 458 1817 florente
481 1786 716 1816 Atheniensium
742 1796 835 1826 repu-

117 1828 211 1865 blica,
224 1834 290 1860 erat
300 1839 445 1860 numerus
461 1830 645 1860 triremium.
669 1830 718 1861 Cf.
734 1831 835 1868 Berg-

116 1881 246 1902 mannus
272 1873 313 1902 ad
352 1873 502 1903 Isocratis
534 1873 717 1912 Areopagit.
747 1884 776 1903 c.
804 1875 836 1903 1.

116 1915 299 1946 'triremium
325 1916 416 1957 copia
443 1916 535 1946 etiam
559 1916 724 1946 AEschines
744 1915 836 1956 glori-

117 1959 263 1989 abaturl.
278 1969 363 1999 supr.
379 1959 430 1990 all.
446 1960 528 1999 adp.
544 1962 620 1992 291.
636 1961 689 1990 16.
719 1959 837 1990 Demo-

116 2002 242 2033 sthenes
263 2003 331 2043 ipse
356 2003 435 2033 Phil.
460 2004 525 2033 ΙΙΙ.
548 2013 582 2042 p.
612 2005 760 2034 121.11.
786 2003 837 2033 ed.

120 2046 228 2076 Reisk.
245 2046 294 2076 και
314 2046 439 2087 τςιῆςεις,
461 2046 510 2076 και
539 2047 690 2086 σωμάτων
711 2045 838 2082 πλῆθος,

117 2088 169 2119 καὶ
181 2090 344 2142 χρημάτων
358 2089 496 2131 πρόσοδοι,
510 2089 559 2119 um
573 2093 624 2124 τῆς
638 2090 730 2125 ἄλλης
743 2101 838 2120 κατει-

118 2134 220 2167 exsui:
234 2130 361 2173 ἀφθονία,
377 2132 425 2162 καὶ
441 2133 543 2163 τᾶλλαι
558 2130 596 2168 οἷς
616 2133 649 2163 ἄν
666 2144 712 2168 τις
727 2133 839 2185 ἰσχύειν

118 2177 176 2210 τὰς
189 2176 286 2210 πόλεις
305 2174 397 2217 agiva,
418 2177 462 2207 νῦν
480 2176 608 2207 dwavw.
622 2177 670 2207 καὶ
684 2176 774 2207 πλείω
788 2177 838 2207 καὶ

117 2217 220 2271 fatigo)-
235 2219 301 2250 ἐστὶ
328 2222 384 2250 ’τῶν
411 2219 480 2250 τότε
512 2218 576 2259 [ἐπὶ
601 2223 658 2251 τῶν
687 2220 837 2273 πςογόνων]

119 2263 230 2304 πολλῷ.
246 2268 325 2303 etp.
342 2266 414 2294 128.
432 2267 484 2294 17.
509 2263 738 2304 ἧμεις-πόλιν
752 2263 838 2303 μεγί-

119 2317 193 2337 στην
215 2305 342 2348 ἔχοντες,
370 2307 506 2348 ἀφορμὰς
534 2306 692 2345 πλείστας,
721 2307 839 2352 ἀξίωμα

118 2348 290 2381 κάλλιστον.
303 2349 410 2380 IDEM.

163 2410 208 2416 —
225 2397 277 2423 11.
293 2392 458 2434 [τςιῆξειςᾙ
481 2393 580 2423 Uncis
603 2393 757 2425 inclusum
775 2405 838 2424 ser-

121 2436 210 2467 vavit
219 2436 395 2467 Bekkerus.
413 2436 539 2467 Mallem
553 2437 840 2469 deletumsscrmn·

122 2489 204 2511 rna.

162 2522 299 2553 -ibid.
320 2522 381 2564 μὴ]
421 2522 502 2553 Puto
525 2522 691 2554 delendum
720 2529 751 2554 et
774 2524 841 2555 haec

122 2564 169 2596 sic
197 2565 402 2597 continuanda
429 2564 598 2601 ἀστίιιτωςε
634 2568 705 2602 ωςτε
735 2568 840 2610 κομιδῇ

121 2607 193 2650 μηδ’
211 2609 234 2640 εἲ
259 2609 333 2640 πάνυ
351 2607 481 2648 μαίνοιτο
499 2607 650 2652 velato-ac?
641 2610 788 2653 ‘diuet—u
804 2618 841 2642 ut

118 2662 240 2692 prorsus
254 2663 290 2683 ne
301 2654 326 2683 si
338 2654 376 2683 sit
391 2653 646 2692 desipientissimus
659 2654 776 2695 quidem
789 2654 842 2684 ha·

123 2696 241 2727 bitur-us
254 2697 292 2726 sit
305 2706 359 2735 pro
368 2706 401 2726 re
401 2696 555 2737 [πάι-η
588 2698 683 2728 Aliud
700 2698 784 2728 valet
797 2711 840 2738 μη

122 2737 237 2781 κομιδῇ.
283 2739 509 2770 Plutarchust.
527 2741 553 2770 1.
570 2751 603 2781 p.
623 2743 699 2772 611.
716 2741 756 2771 R.
772 2741 841 2776 ὥςτε

123 2784 166 2821 μὴ
190 2782 295 2825 κομιδῇ
315 2782 472 2825 μοναρχίαν
492 2783 570 2814 εἰναι.
602 2785 782 2824 Interpres:
805 2795 842 2815 ne

123 2825 201 2856 solus
214 2828 331 2857 onmino
344 2837 445 2857 rerum
458 2827 614 2866 potiretur.
635 2830 740 2859 IDEM.

168 2885 212 2892 ——
224 2871 277 2900 15.
307 2869 387 2911 ἄγει]
419 2871 498 2900 Cod.
532 2871 635 2901 Bekk.
665 2871 729 2911 ἄγει
756 2872 842 2908 πολὺ,

123 2911 208 2952 quod
220 2921 280 2944 non
292 2913 449 2953 displicet.
467 2913 575 2944 IDEM.

168 2972 212 2979 —
228 2957 280 2986 16.
294 2955 323 2986 δὲ
338 2955 387 2998 ἃν]
411 2957 520 2987 Malim
535 2955 560 2986 δ’
574 2957 630 2988 ἐάν.
649 2958 757 2989 IDEM.

168 2997 302 3030 -ibid.
326 2999 356 3030 αἱ
380 3000 489 3042 κρῆναι]
518 3001 624 3032 Probo
647 3001 730 3040 quod
757 3001 843 3032 dedit

126 3040 279 3074 Reiskius
292 3042 334 3074 ob
344 3043 486 3075 codicum
497 3044 718 3076 excellentium
734 3051 842 3077 aucto-

1184 1078 1247 1107 120

1334 1122 1418 1151 1327

1182 1166 1247 1194 400

1207 1209 1247 1239 15

1205 1253 1248 1282 30

1228 1298 1246 1325 1

1181 1340 1246 1369 ‘200
1258 1351 1274 1354 ’

1227 1384 1245 1411 1

1354 1426 1419 1455 647

1352 1513 1419 1543 680

870 1570 1004 1601 ritatem.
1020 1569 1127 1600 Imm.

913 1631 956 1636 —
972 1615 1026 1643 17.
1038 1611 1212 1654 ἐπιλείπειν]
1231 1612 1343 1644 Eadem
1357 1623 1435 1644 voce
1450 1611 1548 1644 utitur
1559 1612 1592 1643 in

871 1656 978 1686 eadem
998 1666 1032 1686 re
1055 1656 1195 1687 AElianus
1217 1658 1292 1687 Var.
1316 1657 1403 1688 Hist.
1419 1657 1517 1687 VIII.
1538 1659 1593 1687 11.

869 1699 946 1729 ὅπου
957 1699 1005 1729 καὶ
1017 1700 1083 1735 τοὺς
1093 1701 1244 1741 ποταμοὺς
1256 1701 1362 1742 ὃξῶμεν
1373 1699 1592 1735 ἐπιλείποντας.

870 1743 1151 1774 Amnnsroonm.

912 1805 956 1809 ——
970 1786 1048 1817 ibid.
1061 1785 1163 1827 36362]
1187 1785 1273 1827 ἁθρόα
1290 1786 1428 1819 Bekker.
1451 1788 1493 1818 V.
1515 1786 1592 1826 Ety-

869 1830 941 1860 mol.
958 1830 1005 1860 M.
1021 1841 1050 1861 c.
1070 1832 1145 1861 655.
1163 1832 1215 1860 21.
1237 1835 1269 1860 et
1291 1831 1412 1862 Sallier.
1432 1831 1472 1861 ad
1496 1831 1589 1860 Moer.

870 1883 902 1912 p.
920 1875 986 1909 19„
1006 1873 1046 1903 ad
1068 1883 1160 1913 quem
1178 1874 1282 1904 locum
1295 1874 1480 1906 Pici-sonum
1495 1874 1592 1904 miror

870 1917 944 1946 talia
960 1927 1067 1956 parum
1085 1922 1239 1947 curantem
1256 1927 1287 1957 p.
1305 1921 1358 1949 20.
1382 1919 1441 1948 Est
1462 1918 1528 1948 haec
1544 1917 1592 1947 in-

871 1959 968 1997 curia,
1000 1964 1035 1989 ut
1056 1959 1151 1999 digna
1178 1960 1377 2001 philosopho,
1398 1961 1444 1992 ita
1464 1960 1591 2001 indigna

872 2003 1080 2042 grammatico.
1095 2005 1295 2035 Scmmmz.

913 2065 957 2069 —
971 2047 1048 2076 ibid.
1061 2046 1126 2088 καὶ]
1152 2047 1252 2077 Recte
1265 2048 1364 2078 abest.
1380 2047 1478 2078 multa
1490 2048 1592 2078 simul.

871 2089 1052 2129 Xenophon
1068 2091 1166 2122 Anab.
1182 2090 1222 2120 V.
1239 2093 1270 2122 2.
1287 2095 1318 2122 1.
1338 2091 1361 2122 οῖ
1380 2091 1409 2122 δὲ
1431 2091 1591 2133 Κόλχοι-

872 2133 973 2164 πολλοὶ
987 2131 1059 2164 ᾖσαν
1071 2132 1169 2175 ἀθςόοι,
1185 2134 1274 2164 multi
1285 2146 1358 2165 una.
1376 2136 1482 2166 IDEM.

914 2195 958 2200 —
981 2183 1084 2217 antep.
1124 2179 1193 2218 ἧμιν
1207 2195 1248 2200 ——
1262 2177 1434 2219 ἀκούσεται]
1486 2177 1592 2208 Citant

873 2221 1100 2260 Harpocration
1117 2231 1149 2261 p.
1166 2223 1240 2252 134.
1255 2223 1352 2251 Gran.
1369 2227 1401 2252 et
1415 2221 1548 2251 Photius
1564 2232 1594 2251 c.

873 2266 948 2295 237.
971 2263 1023 2294 hic
1049 2264 1173 2303 quidem
1198 2264 1355 2305 scriptura
1385 2265 1509 2295 vitiosa.
1542 2266 1592 2295 De

873 2308 1122 2347 Harpocratione
1142 2319 1172 2338 v.
1198 2308 1341 2338 Siebelis.
1357 2309 1396 2338 ad
1416 2308 1592 2339 Philochori

874 2353 996 2391 Fragm.
1013 2361 1043 2390 p.
1060 2353 1115 2381 77.
1129 2361 1156 2381 s.
1171 2352 1277 2381 IDEM.

916 2413 960 2417 —
974 2399 1077 2434 antep.
1094 2394 1239 2435 ἀφσςμῆν]
1261 2395 1448 2431 Facultates,
1462 2405 1592 2434 quarum

875 2438 988 2468 fiducia
1006 2448 1068 2468 rem
1094 2438 1221 2478 aggredi
1243 2438 1416 2478 possimus:
1439 2438 1511 2469 inde
1534 2449 1592 2469 sae-

874 2481 945 2521 pius
985 2491 1041 2520 pro
1074 2483 1216 2520 pecunia.
1275 2482 1395 2513 Vocem
1438 2482 1593 2522 explicuit

877 2526 1092 2564 Bergmaunus
1122 2525 1159 2554 ad
1192 2525 1340 2556 Isocratis
1368 2526 1527 2567 Areopag.
1559 2537 1591 2566 p.

875 2572 889 2599 1
899 2570 950 2599 19.
964 2567 1244 2599 Ammsroonm.

917 2630 960 2635 —
974 2623 1044 2652 pen.
1054 2610 1259 2653 ἑξακισχίλια]
1275 2611 1500 2654 ὀκτακισχίλια.
1511 2612 1593 2643 Har—

874 2655 1035 2694 pocration
1050 2660 1082 2685 et
1104 2654 1234 2685 Photius
1256 2655 1290 2685 ll.
1307 2667 1354 2686 cc.
1368 2657 1422 2696 qui
1437 2657 1592 2696 quomodo

875 2700 954 2729 hunc
977 2709 1137 2729 numerum
1163 2699 1397 2739 hyperbolicum
1422 2710 1492 2730 cum
1518 2710 1592 2730 vero

877 2752 970 2782 supra
985 2754 1015 2783 p.
1033 2744 1108 2773 288.
1130 2752 1201 2782 pen.
1218 2744 1321 2782 posito
1344 2742 1590 2778 conciliaverint,

875 2785 946 2824 lege
963 2787 1047 2825 apud
1063 2786 1157 2826 ipsos.
1201 2787 1261 2817 Sed
1279 2786 1393 2816 tantine
1409 2785 1503 2815 fuerit
1518 2797 1590 2816 cou-

876 2829 1001 2859 ciliaudi
1028 2830 1164 2859 laborem
1194 2830 1356 2869 suscipere
1379 2829 1510 2859 sortasse
1535 2830 1592 2860 du-

876 2872 969 2903 bites.
1004 2873 1154 2912 Suspicor
1169 2874 1249 2933 enim
1269 2872 1509 2902 Demosthenem
1526 2873 1556 2903 h.
1572 2873 1592 2903 l.

875 2959 1000 3014 τίμημα
1025 2960 1155 3001 ὑπάρχον
1180 2960 1307 2999 ἀφορμὴν
1333 2958 1498 2994 ἀκούσεται,
1523 2959 1592 2999 ὑπὲρ

875 3000 945 3038 ηςκ.
954 3014 986 3035 τ.
997 3010 1026 3034 λ.
1044 3004 1156 3043 quibus
1171 3002 1365 3042 explicandis
1381 3002 1458 3032 alius
1469 3003 1594 3034 videtur

876 3046 1030 3089 interpres
1046 3056 1173 3078 censum
1188 3056 1307 3083 verum,
1323 3045 1402 3076 alius
1414 3046 1523 3077 falsum
1539 3046 1593 3077 ad-
