1948 3322
454 198 540 239 AD
571 193 1013 238 OLYNTHIACAM
1048 195 1327 237 SECUNDA
1339 196 1403 238 M.

252 308 354 337 -27.
365 304 527 346 συγκρύψαι
540 304 589 335 καὶ
599 303 774 344 συσκιάσαι]
787 303 871 334 Citat
886 301 916 331 h.

208 349 231 379 1.
246 349 323 380 infra
336 359 368 388 p.
384 351 458 381 155.
473 354 504 379 et
521 351 593 380 156.
618 348 728 378 iisdem
744 346 849 376 verbis
870 356 917 375 re-

210 396 393 426 currentem,
410 392 550 422 Stobaens
567 393 746 431 p.566.22.
763 391 808 420 sic
824 391 914 419 dans:

208 435 367 466 συσκιάσαι
379 437 434 469 ‘ric
450 435 586 468 τοιαύτας
595 434 743 475 ἁμαρτίας
751 436 807 463 τῶν
821 432 918 472 ἀνθρώ-

208 488 280 513 πων,
295 483 327 507 et
346 479 376 508 in
397 479 455 509 fine
472 478 630 508 sentenu'ae
644 476 707 507 τότ’
720 474 838 517 ἀκριέῶς
860 476 920 506 δια-

206 519 424 561 καλυφθήσεται
447 523 544 552 ταῧτα
565 521 672 551 πάντα.
688 520 762 550 item
786 520 920 558 Dionys.

209 564 314 594 Hauc.
329 565 365 595 T.
384 565 430 595 11.
449 575 480 604 p.
493 567 567 596 190.

251 609 304 638 24.
319 609 351 638 3.
366 607 451 649 τέως]
477 609 550 638 dedi
566 618 623 648 pro
639 605 701 642 ἕως,
725 607 807 645 quod
829 606 919 636 etiam

207 650 291 689 apud
303 651 459 682 Stobaeum
469 652 558 682 esth.
573 652 594 681 Ι.
606 651 787 681 recitantem
803 660 834 689 p.
847 652 921 680 540.

251 753 296 759 —-
310 738 340 767 6.
366 735 417 778 κᾷν
445 736 544 778 ῥῆγμα
559 755 601 760 —-
616 736 630 777 ]
661 737 762 766 locum
792 736 822 766 h.
847 737 922 767 citat

209 779 393 810 Plutarchus
410 781 527 820 Opusc.
543 791 574 820 p.
587 782 640 811 69.
653 783 708 812 3¹7.

250 840 294 846 —-
308 825 360 853 12.
373 822 466 865 ταύτῃ
481 823 591 865 φοβερὸν
603 823 671 864 -]
688 823 772 853 Citat
788 823 923 853 Hermo-

207 876 305 906 genes
320 877 352 906 p.
367 869 441 898 435.
457 869 489 897 7.
508 868 562 897 nbi
581 868 688 897 Herm.
714 866 848 897 Aldinus
872 866 925 896 dat

206 908 316 951 νομίζῃ,
332 913 364 939 et
377 909 468 951 ἀνδρὸς
481 921 537 949 pro
549 910 701 950 ἀνθρώπου.

252 970 296 975 -—-
311 956 350 983 17
355 976 362 983 .
379 952 509 995 ἑλοίμην]
526 954 562 984 ad
577 953 690 993 ἑλοίμην
703 958 735 982 ut
748 954 861 993 μᾶλλον
872 953 923 984 ad-

209 995 312 1032 datur,
324 997 407 1035 quod
422 997 573 1027 sententia
588 998 693 1037 utique
710 996 857 1035 postulat,
874 1007 924 1026 ue-

211 1049 300 1069 cesse
315 1040 356 1069 nil
372 1044 431 1075 est,
453 1050 510 1070 usu
532 1039 643 1079 linguae
669 1040 714 1070 sic
737 1040 868 1075 ferente,
891 1044 926 1068 ut

210 1082 382 1121 saepissime
411 1083 456 1112 ibi
484 1083 728 1113 subaudiendum
758 1082 926 1117 omittatur,

211 1125 262 1154 ubi
281 1125 460 1164 requiritur.

253 1184 297 1190 —
312 1170 364 1198 21.
380 1165 417 1197 αὖ
431 1167 492 1208 τᾶν]
516 1167 656 1198 contraxi
673 1168 704 1198 in
725 1178 817 1198 unum
835 1178 925 1198 voca-

210 1209 315 1240 bulum
331 1210 424 1241 αὐτόν.
446 1211 547 1250 ipsum
569 1211 774 1246 desidentern,
795 1212 928 1247 desidia,

210 1254 341 1293 segnitie
352 1258 525 1295 torpentem
541 1254 686 1295 aliquem,
695 1265 764 1285 nam
776 1256 840 1284 τινὰ
855 1256 926 1286 sub-

211 1297 344 1328 auditur.

253 1357 298 1363 -—·
308 1343 361 1371 23.
372 1339 401 1370 οὗ
416 1340 446 1372 δη
459 1339 698 1383 θαυμαστόν-]
715 1342 830 1372 [ancum
847 1342 927 1371 hunc

211 1383 426 1424 Hermogenes
447 1385 581 1425 Crispini
604 1385 687 1425 (nam
703 1385 734 1415 in
750 1385 863 1415 Aldino
879 1397 927 1415 re-

210 1426 315 1466 perire
331 1427 466 1468 nequeo)
481 1428 528 1458 sic
544 1428 690 1458 exhibet:
714 1428 743 1458 οὗ
763 1428 792 1459 δὴ
811 1426 926 1467 Θαυμα-

210 1469 289 1506 στὸν,
311 1470 334 1500 εἶ
353 1469 574 1511 στρατευόμενος
595 1469 693 1506 ἐκεῖνος
705 1471 753 1501 καὶ
769 1473 861 1512 παρὼν
882 1471 929 1511 ἐφ’

210 1513 332 1548 ἅπασιν,
349 1515 426 1553 ἡμῶν
433 1514 598 1554 μελλόντων
609 1515 658 1545 καὶ
674 1513 866 1556 ῥᾳθυμούντων
877 1526 928 1545 πε-

211 1558 352 1598 ριγίνεται.
366 1562 586 1588 'verumtamen
613 1569 644 1598 p.
670 1560 745 1588 177.
766 1560 821 1589 13.
845 1560 928 1588 Her·

207 1610 294 1639 τινος.
307 1610 412 1630 rursus
426 1601 575 1632 recitatur
591 1602 641 1632 hic
659 1601 742 1632 idem
759 1601 845 1632 locus
861 1602 928 1632 vul-

211 1643 292 1683 gatis
307 1644 533 1676 convenienter.

254 1703 298 1710 —
305 1697 377 1726 pen.
393 1686 416 1716 εἰ
429 1686 518 1727 μηδὲν
527 1688 668 1723 ποιοῦντες
675 1706 718 1711 -
726 1688 741 1730 ]
750 1688 835 1719 Citat
847 1689 928 1719 Her-

211 1739 295 1769 mog.
311 1741 340 1770 p.
355 1732 429 1761 177.
447 1730 498 1761 25.

256 1775 308 1804 25.
324 1776 357 1804 4.
379 1772 447 1804 ἀλλ’
468 1772 501 1804 ἵν’
521 1773 544 1804 οἱ
566 1773 726 1816 anos-J
752 1774 837 1805 Citat
859 1776 888 1805 h.
905 1776 927 1806 1.

212 1816 317 1846 Snlnol.
336 1817 486 1857 Hermog.
499 1827 531 1857 p.
549 1820 622 1850 315.
645 1818 698 1848 ubi
715 1829 772 1857 pro
790 1816 817 1848 ἐν
831 1818 929 1849 Ὀλυν-

210 1857 314 1890 Θιακᾶν
325 1856 367 1890 οἶν
377 1861 477 1891 ταῦτα
488 1869 561 1902 φησι
570 1861 630 1901 leg.
640 1866 689 1891 est
701 1860 726 1892 ἒν
736 1861 801 1893 Ὀλ.
814 1862 930 1904 δευτέρῳ

213 1903 311 1933 ταῦτα
325 1910 359 1942 φ.

256 1962 301 1969 —
315 1948 347 1977 9.
361 1946 489 1988 πάντας]
506 1947 610 1977 malim
625 1947 674 1977 καὶ
689 1948 820 1983 πάντας.

1614 196 1662 238 19

993 319 1037 324 —-
1053 303 1104 332 23.
1120 301 1194 342 ῥᾷον]
1217 303 1318 332 malim
1335 303 1389 343 ρςίω
1405 305 1435 334 ίη
1451 303 1574 343 plurali.
1591 303 1662 334 πάν-

952 356 993 374 τα
1007 343 1115 383 πέφυκε
1130 344 1185 386 ῥςῖω
1194 346 1352 384 φυλάττειν
1362 348 1426 379 τοὺς
1437 347 1567 388 ἔχοντας,
1583 347 1663 377 idem

952 393 1001 417 est
1016 397 1052 417 ac
1069 388 1095 417 si
1112 388 1254 422 dixisset.
1274 388 1396 426 πέφυκεν
1412 390 1482 418 οὕτω
1502 390 1586 429 φύσει
1601 390 1666 422 τοὺς

953 430 1074 473 ἔχοντας·
1099 430 1238 461 δύνασθαι
1267 433 1339 462 πολὺ
1366 431 1425 471 ῥςῖον
1453 435 1610 471 φυλάττειν
1623 450 1665 455 -

953 476 1038 504 citat
1054 475 1081 504 h.
1099 475 1119 504 l.
1136 475 1279 504 Stobaeus
1295 485 1326 513 p.
1346 477 1419 504 3⁴28.
1431 477 1483 505 36.

997 535 1040 540 —-
1056 520 1108 549 25.
1125 517 1264 558 πρότερον]
1282 522 1353 557 post
1368 520 1424 547 τῶν
1442 517 1567 557 πρότερον
1583 519 1668 549 vide-

955 566 1004 591 tur
1019 560 1200 601 ὑπαρξάντων
1215 562 1334 591 deesse.

999 607 1051 635 26.
1069 608 1119 635 10.
1131 604 1197 646 κᾷν]
1214 609 1266 634 aut
1281 603 1332 644 κᾷν
1347 615 1415 634 cum
1439 604 1472 634 ἂν
1488 608 1536 633 est
1551 610 1669 634 mutan·

956 647 1039 683 dum,
1055 653 1107 678 aut
1123 648 1167 677 sio
1180 649 1241 685 leg.
1257 647 1392 688 ὑμέτερα.
1403 648 1523 686 praemicae
1540 648 1608 677 belli
1624 658 1669 678 re-

954 697 1017 722 stra
1033 697 1114 721 sunt.
1139 691 1188 720 hio
1203 691 1315 721 desinit
1329 691 1490 721 sententia.
1512 694 1575 720 tum
1595 690 1669 720 inci-

957 735 1003 773 pit
1026 745 1117 764 nova.
1153 731 1202 764 οἷον
1223 733 1349 774 ὑμετέρα.
1369 732 1558 775 Ἀμφίπολις.
1581 733 1618 764 Ε.
1642 744 1671 764 c:

955 784 1050 808 vestra
1061 783 1103 808 est
1113 778 1303 818 Amphipolis.
1316 778 1346 807 h.
1359 788 1387 807 e.
1401 788 1457 808 vos
1468 787 1534 806 eam
1547 778 1627 815 jure,
1638 782 1672 806 ut

958 827 1068 851 vestrae
1090 822 1246 852 civitatem
1271 821 1396 851 ditionis
1421 819 1598 860 reposcitis.
1623 819 1674 860 κᾷν

957 864 1070 906 ληφθῇ,
1085 871 1172 905 atque
1185 866 1209 895 si
1220 869 1420 904 recuperetur,
1436 865 1535 895 statim
1550 873 1596 894 vos
1609 874 1672 894 eam

956 907 1116 949 aufferetiS.

1001 969 1044 974 —
1061 955 1111 982 14.
1125 950 1241 992 Σίγειον]
1259 950 1342 982 Citat
1356 951 1386 981 h.
1403 951 1424 982 l.
1448 951 1602 989 Harpocr.
1617 950 1675 980 hac

958 1005 989 1024 ln
1005 1005 1092 1025 voce.

1002 1055 1044 1060 -—
1061 1040 1113 1068 18.
1130 1037 1233 1078 δόντες]
1255 1037 1345 1072 δόντος
1359 1037 1442 1077 Aug.
1455 1039 1486 1068 3.
1505 1037 1557 1066 sed
1570 1037 1673 1076 junior

960 1080 1113 1120 vulgatam
1129 1082 1363 1120 superscripsit:
1389 1091 1456 1120 quae
1473 1081 1579 1119 utique
1596 1090 1674 1119 prae-

958 1124 1084 1154 ferenda
1104 1128 1162 1160 est,
1179 1125 1299 1154 tametsi
1319 1124 1410 1154 etiam
1435 1123 1526 1158 δόντος
1547 1124 1620 1153 ferri
1645 1129 1677 1153 et

960 1167 1075 1207 exponi
1093 1168 1202 1206 possit,
1213 1167 1425 1198 subaudiendo
1439 1166 1524 1202 τινόςτ
1541 1176 1607 1197 cum
1621 1168 1677 1196 im-

958 1217 1129 1250 peratorum
1137 1217 1299 1241 vestrorum
1307 1211 1415 1250 aliquis
1426 1213 1566 1240 rationem
1574 1220 1675 1239 rerum

960 1265 979 1283 α
995 1264 1023 1284 se
1039 1259 1190 1295 gestarum
1209 1254 1287 1285 vobis
1303 1254 1477 1284 reddiderit.
1498 1263 1565 1283 nam
1579 1252 1676 1283 διδόναι

960 1296 1041 1335 λόγον
1056 1302 1158 1337 potest
1170 1302 1230 1328 tam
1243 1297 1297 1327 ille
1309 1296 1383 1332 dici,
1395 1297 1446 1335 qui
1459 1296 1573 1336 repetit
1586 1296 1678 1326 ratio-

961 1351 1030 1370 nem
1043 1340 1171 1381 ejusque
1182 1340 1345 1370 reddendae
1356 1340 1428 1370 facit
1441 1341 1573 1379 copiam,
1587 1350 1678 1379 quam

962 1385 1014 1423 qui
1028 1385 1133 1414 reddit
1147 1384 1338 1422 postulatam.

1006 1445 1048 1450 --
1065 1429 1118 1458 18.
1132 1430 1188 1460 τὰς
1203 1426 1342 1466 ἀναγκὲς]
1361 1426 1434 1456 olim
1452 1426 1497 1456 sic
1515 1431 1600 1456 erat:
1624 1427 1679 1458 τὰς

962 1471 1088 1509 ἀνάγκας
1104 1470 1256 1506 ἀκούσητε,
1270 1470 1385 1503 τούτους
1402 1467 1513 1510 ἀφίετε.
1537 1480 1594 1509 ego
1610 1479 1678 1498 cum

963 1514 1160 1544 distinetione
1176 1513 1341 1544 lectionem
1358 1513 1485 1543 mutavi.
1506 1512 1555 1542 ubi
1573 1522 1679 1542 neces-

964 1557 1071 1588 sitates
1084 1558 1152 1588 illas
1168 1557 1344 1592 audieritis,
1357 1556 1511 1586 dimittitis
1527 1566 1607 1586 reos.

1005 1619 1049 1623 ——
1063 1604 1114 1632 23.
1131 1599 1345 1641 πολιτεύεσθε]
1364 1599 1448 1630 Citat
1460 1600 1491 1629 h.
1508 1600 1528 1628 l.
1545 1599 1678 1628 Thomas·

964 1645 1011 1675 M.
1026 1655 1058 1684 p.
1072 1647 1148 1676 724.
1165 1655 1195 1674 v.
1213 1642 1412 1682 πολιτεύομαι.

1006 1706 1050 1711 -—
1065 1690 1116 1719 25.
1137 1688 1160 1718 οἳ
1176 1687 1200 1718 δ’
1218 1687 1305 1716 ἄλλοι
1321 1684 1574 1727 προσνενέμησθε]
1600 1684 1683 1715 Citat

964 1732 1077 1762 Pollux
1094 1731 1190 1761 VIII.
1207 1733 1280 1760 100.

1007 1792 1050 1798 ——-
1065 1776 1119 1805 ult.
1135 1776 1195 1808 τοῖς
1210 1773 1280 1814 μὲν]
1298 1774 1458 1803 verborum
1475 1771 1613 1802 nonnihil
1636 1771 1683 1801 in-

964 1819 1112 1849 solentius
1129 1819 1326 1856 trajectorum
1339 1817 1405 1846 haec
1419 1821 1465 1846 est
1478 1815 1638 1850 sententia,
1648 1826 1682 1845 ac

964 1863 991 1893 si
1009 1861 1159 1892 dixisset:
1183 1862 1242 1894 τοῖς
1258 1859 1313 1899 μὲν
1326 1860 1402 1900 ὑμῶν
1423 1858 1589 1889 ἀποδώσετε
1605 1857 1684 1897 μόνον

963 1904 997 1936 τὸ
1011 1904 1198 1941 ἐπιτάττειν,
1211 1905 1307 1944 ὥσπερ
1322 1902 1435 1945 ἔχουσιν
1449 1901 1576 1941 ἐξουσίαν
1587 1913 1683 1942 τυραν-

963 1960 1043 1980 νικην.

501 2116 586 2159 AD
619 2118 1068 2161 OLYNTHIACAM
1101 2115 1394 2183 TAERTIAM.

257 2243 311 2272 28.
327 2245 357 2272 1.
375 2241 439 2282 οὐχὶ
454 2241 626 2285 vainei—J
652 2244 766 2274 Locum
784 2244 864 2274 hunc
880 2255 929 2274 re·

212 2282 288 2314 citat
297 2283 485 2315 scholiastes
495 2286 705 2326 Hermogenis
717 2287 747 2317 in
758 2288 930 2327 prolegom.

214 2327 253 2357 ad
269 2327 338 2357 libr.
355 2327 417 2368 περὶ
431 2327 569 2369 εὑρέσεως.
586 2340 618 2369 p.
631 2332 706 2362 352.
721 2329 748 2361 ’ἐν
761 2342 824 2360 τισι
839 2331 931 2370 λόγοις

213 2369 262 2400 καὶ
277 2369 339 2401 δυσ-ἲ
353 2371 402 2400 καὶ
417 2372 494 2413 τρισὶ
510 2371 659 2413 προοιμίοις
669 2373 856 2415 χρησόμεθα.
869 2374 932 2404 δυσ-ἶ

213 2411 270 2452 μὲν
289 2413 468 2465 ιὲημοεθένης
489 2414 516 2445 ἐν
535 2415 579 2456 τᾷἱ
598 2417 685 2457 τρίτω
706 2419 762 2447 τῶν
779 2416 932 2448 Ὀλυνθια-

214 2458 278 2487 κῶν.
288 2469 326 2488 ων
339 2457 462 2499 πρότερον
475 2457 539 2497 μέν·
555 2460 620 2501 οὐχὶ
636 2460 734 2491 ταύτὰ
750 2459 934 2501 παρίσταταί

213 2510 264 2539 μοι
279 2499 444 2541 -δεύτερον
453 2501 482 2532 δέ
493 2500 542 2542 [p.
555 2506 608 2535 29.
619 2503 678 2545 5.]·
693 2504 706 2534 ὁ
717 2503 773 2544 μὲν
786 2502 828 2534 οἷ’ἱν
840 2507 934 2546 παρὼν

215 2541 319 2583 καιρός.

258 2603 303 2609 -
313 2587 345 2616 4.
359 2587 426 2622 τοὺς
439 2586 496 2627 μὲν
509 2589 565 2629 γὰρ
575 2588 644 2629 —]
660 2590 792 2629 Sopater
801 2590 838 2620 ad
851 2590 934 2620 Her·

214 2638 340 2667 mogen.
364 2639 395 2669 p.
418 2632 494 2661 313.
511 2633 542 2661 6.
566 2632 610 2663 δεῖ
624 2632 671 2663 τὸν
688 2632 811 2675 ἔμφρονα
836 2633 936 2674 ῥήτορα

213 2671 383 2713 θαρῥοῦντάς
395 2685 428 2704 τε
444 2676 523 2714 παριὶ
538 2674 572 2705 τὸ
588 2674 643 2706 δέον
657 2676 722 2710 τοὺς
737 2675 934 2717 συμβουλευο-

214 2714 316 2754 μένους
335 2717 538 2757 καταπλῆξαι,
561 2719 775 2760 φυλαττόμενον
797 2718 824 2749 ἐν
841 2719 935 2759 τούτῳ

215 2757 250 2788 τὸ
270 2758 310 2792 εἷς
328 2757 454 2800 ἀθυμίαν
473 2761 573 2796 αὐτοὺς
595 2760 745 2801 ἐμβαλεῖν.
766 2761 832 2803 ὅπερ
853 2764 900 2793 καὶ
924 2763 936 2792 ὁ

215 2800 304 2843 ῥήτωρ
322 2800 350 2832 ἓν
364 2802 451 2844 τρίτῳ
465 2806 520 2834 τῶν
535 2803 726 2836 Ὀλυνθιακῶν
740 2804 773 2836 ἐιι
788 2806 939 2847 προοιμίων

217 2845 300 2875 ποιεῖ.
317 2845 474 2886 [designat
489 2848 519 2878 h.
533 2847 555 2878 l.
578 2858 648 2888 pag.
666 2860 695 2878 v.
715 2849 762 2890 4.]
786 2850 834 2879 καὶ
851 2850 939 2880 πάλιν

214 2887 343 2928 ἅθῦμως
355 2889 542 2930 διακειμένους
562 2890 665 2932 ἐγεῖραι
686 2892 736 2922 καὶ
759 2893 938 2933 φρονήματος

216 2927 385 2968 ἐμπλῆσαι,
398 2934 585 2972 φυλάττοντα
600 2936 678 2978 [sic]
692 2934 852 2976 κᾴνταῦθα,
863 2935 939 2970 ὅπως

215 2975 258 3024 μῗι
278 2975 475 3017 παραχθῶσιν
495 2978 534 3011 εἷς
554 2980 770 3020 καταφρόνησιν,
790 2979 838 3008 καὶ
858 2979 938 3019 ῥαθυ-

214 3026 328 3058 μ-οτεςοι
342 3018 485 3056 γένωνται.
507 3022 592 3052 τοῦτο
604 3022 632 3052 δὲ
647 3025 762 3063 πρῶτος
774 3023 830 3060 μὲν
839 3021 922 3063 ’Ὁμη
931 3040 938 3044 ἡ

964 2255 1004 2284 ρος
1018 2241 1373 2282 ἐποίησε-Δημοσθένης
1389 2240 1417 2271 δὲ
1430 2243 1526 2274 καλῶς
1539 2239 1688 2280 ἐζήλωσεν

965 2287 992 2318 ἒν
1013 2297 1045 2316 τε
1066 2285 1108 2326 τῷ
1124 2285 1305 2327 προειρημένῳ
1321 2283 1407 2326 τρίτῳ
1423 2287 1476 2313 τῶν
1493 2282 1687 2314 Ὀλυνθιακῶν

965 2329 1013 2360 καὶ
1029 2329 1222 2370 ἐναργέστερον
1238 2328 1265 2359 ἒν
1278 2328 1321 2368 τῷ
1331 2328 1392 2369 περὶ
1406 2330 1456 2361 τῆς
1472 2327 1567 2369 εἰρήνης
1579 2325 1611 2356 ἐκ
1623 2337 1687 2365 προ-

967 2371 1075 2414 οιμίων.
1099 2373 1145 2413 [p.
1165 2375 1218 2404 57.
1240 2373 1287 2413 1.]
1316 2371 1365 2412 ὁρῶ
1385 2371 1542 2411 μὲν-τὲ
1565 2370 1688 2410 παρόντα

968 2417 1137 2458 πράγματα
1154 2417 1260 2446 πολλὴν
1275 2416 1299 2445 δ.
1317 2413 1340 2445 ἐ’.
1359 2421 1418 2444 etc.

1012 2463 1066 2491 30.
1082 2463 1113 2492 8.
1138 2460 1185 2490 οὔκ
1201 2459 1233 2489 ἂν
1249 2458 1346 2493 ἄλλως
1357 2458 1415 2499 —]
1441 2457 1564 2487 videtur
1585 2457 1628 2486 ita
1643 2456 1689 2485 di-

970 2503 1184 2543 stinguendum
1197 2507 1287 2541 atque
1301 2502 1362 2541 leg.
1382 2512 1462 2531 esse:
1476 2501 1525 2531 οὐκ
1543 2500 1575 2530 ἂν
1592 2499 1689 2533 ἄλλως

968 2546 1030 2588 ἔχοι
1054 2548 1105 2577 νῦν.
1131 2548 1194 2585 jam
1210 2545 1300 2575 facile
1322 2555 1380 2574 non
1407 2548 1573 2576 mutentur.
1600 2545 1641 2572 νῦν
1662 2542 1689 2572 δὲ

969 2589 1059 2630 ἕτερος
1079 2589 1207 2630 πολέμου
1227 2587 1318 2628 καιρὸς
1337 2587 1406 2619 ἥκει.
1450 2588 1519 2618 Jam
1541 2597 1615 2617 vero
1631 2586 1691 2616 alia

970 2633 1105 2664 occurrit
1119 2633 1190 2663 belli
1207 2632 1333 2672 gerendi
1349 2631 1575 2671 opportunitas.

1014 2695 1056 2699 —
1071 2679 1124 2707 10.
1136 2676 1168 2707 τί
1182 2675 1212 2706 δὲ
1227 2674 1412 2717 χρησόμεθα]
1428 2675 1553 2705 videtur
1565 2674 1607 2704 ita
1622 2683 1690 2701 esso

970 2719 1233 2759 distinguendum.
1251 2717 1282 2748 τί
1297 2719 1347 2757 8133
1364 2718 1435 2758 quid
1452 2717 1538 2748 tum?
1567 2716 1641 2755 quid
1659 2715 1691 2744 id

971 2769 1073 2793 nostra
1088 2763 1286 2802 refert,quod
1303 2762 1468 2800 injectas?
1497 2759 1692 2799 Respondet.

969 2805 1191 2848 χρησόμεθα-
1202 2806 1332 2844 Nempe,
1346 2809 1577 2835 utemur—ant
1591 2801 1616 2831 si
1631 2812 1695 2832 ma-

971 2850 1072 2880 lumus
1095 2860 1165 2880 oum
1189 2849 1257 2879 aliis
1280 2849 1384 2888 legere
1410 2845 1608 2889 χρησώμεθα,
1635 2855 1692 2884 age

971 2893 1040 2922 soil.
1055 2898 1178 2923 utamur
1191 2910 1245 2924 —.

1014 2940 1117 2967 -11.
1129 2935 1240 2976 ἐθάρρει
1254 2934 1385 2977 τούτους]
1402 2933 1499 2964 dictio
1525 2933 1582 2963 ben
1606 2932 1692 2962 Gra·-

972 2990 1008 3009 ca
1024 2984 1068 3009 est
1087 2979 1198 3020 θαῤῥεῖν
1218 2981 1292 3013 τινὰ,
1316 2989 1384 3017 pro,
1407 2987 1534 3007 securus
1565 2974 1693 3013 alicuju<

973 3033 1066 3054 causa
1084 3034 1163 3057 esse,
1187 3022 1229 3052 nil
1253 3022 1322 3052 mali
1342 3021 1397 3051 sibi
1423 3022 1459 3050 ab
1484 3031 1520 3050 eo
1545 3024 1693 3050 metuere.
