1948 3322
235 221 318 264 AD
352 216 718 263 ORATIONEM
753 215 835 257 DE
868 215 1053 257 FALSA
1088 218 1447 261 LEGATIONE.

117 339 178 370 εχει
168 326 397 370 ‘mumma-lm
410 326 532 357 videtur
549 335 632 361 esse,
651 325 690 354 ab
706 323 823 354 insultu

118 371 250 402 hostium
265 375 330 401 tuta
341 375 371 400 et
382 369 497 399 munita
507 379 562 408 per
571 367 824 398 exercitationem

118 423 266 444 armorum
282 413 433 443 assiduam
449 416 635 442 contractam
658 410 738 441 bello
758 410 825 439 diu-

118 460 219 492 turno,
234 466 293 495 quo
307 455 361 485 illa
373 454 460 494 regio
475 455 611 485 exercita
621 453 688 483 fuit.

161 517 204 523 —
218 501 268 529 19.
260 496 447 540 .συμ,μα’χων
457 497 619 538 ἐνδξων,καὶ
627 497 706 537 >co-iga
715 495 826 537 πολλῇ]

118 542 239 574 correxi
258 542 297 572 de
318 552 387 572 meo
410 552 500 572 seusu
518 552 593 580 συμ.
617 539 713 580 ἀνδρῶν
732 539 827 580 χώραν

117 585 232 618 πολλήν.
250 583 417 624 ingentem,
430 584 648 623 amplissimam
669 582 825 622 regionem

117 628 252 659 virorum
275 627 423 658 societate
442 628 515 657 beili
540 626 627 656 vobis
650 627 826 664 conjuncto-

115 681 194 707 rum,
211 670 357 701 munitam
372 670 476 709 armis,
489 670 522 700 id
537 674 586 699 est
603 670 765 708 juventute
780 679 827 698 ar-

119 719 211 749 mata,
232 719 264 744 et
286 713 466 744 assiduitate
485 723 634 743 armorum
656 713 827 742 tractando-

115 767 184 787 tum
199 756 308 796 perita,
319 762 350 786 et
363 756 488 796 oppidis
503 755 618 786 multis.
632 755 681 784 vel
691 755 716 784 si
729 755 827 785 mavis

115 800 212 839 ἀνδρῶν
225 798 401 841 συμμάχων
415 801 454 830 ad
468 798 570 829 πόλεσι
583 799 708 833 referre,
723 799 765 828 nii
782 799 828 828 in-

114 848 220 874 terest.
234 860 278 867 -—
288 843 364 873 lianc
377 843 534 874 devastari
548 841 633 882 passi
647 841 722 872 estis
739 852 828 881 aequo

114 886 226 917 animo.

159 947 202 952 —
218 929 273 959 ult.
289 928 437 972 προῄρητο]
451 928 576 960 correxi
595 927 633 957 de
655 938 724 958 meo
740 926 830 969 ωςοῇ-

116 983 205 1013 pur-1¹0.
218 982 407 1013 quaecunque
421 972 559 1003 Thebani
573 971 758 1008 voluissent,
776 981 830 1011 ap-

117 1016 280 1056 petissent.

160 1061 236 1090 368.
250 1062 280 1089 2.
293 1058 357 1100 οὐχὶ
371 1058 552 1099 βουλομένους
582 1059 644 1089 imo
660 1068 734 1088 vero
748 1056 830 1088 τουτὶ

119 1102 172 1132 vel
192 1101 282 1132 ταυτὶ
302 1100 421 1142 ξουλομ.
444 1103 493 1133 vel
515 1102 588 1132 οὕτω
611 1102 734 1140 βουλομ.
749 1111 830 1137 cum,

117 1144 325 1175 renunciando
349 1145 503 1175 contraria
531 1145 642 1180 omnia,
666 1144 830 1178 effecisset,

118 1191 154 1217 ut
169 1198 225 1218 vos
242 1187 342 1227 palam
359 1188 559 1218 declararetis
574 1198 630 1218 vos
654 1188 719 1217 haec
735 1186 829 1223 velle,

117 1235 172 1261 ant
185 1240 243 1260 vos
258 1230 303 1261 sio
319 1230 398 1260 velie
413 1230 488 1260 fieri.

161 1290 204 1296 -—
218 1277 271 1304 14.
281 1272 346 1312 λίγ.
362 1275 404 1304 τὰ
416 1272 575 1314 ψήφισμα]
591 1273 693 1304 malim
709 1272 775 1312 λέγε
789 1275 832 1303 τὰ.

117 1314 312 1356 ψηφίσματα.
322 1327 390 1346 nam
403 1323 473 1347 sunt
484 1318 545 1347 duo
557 1327 690 1347 numero.
699 1318 832 1356 primum

119 1370 138 1390 a
152 1359 341 1399 Diophanto,
355 1360 484 1391 alterum
501 1371 519 1391 a
534 1360 735 1397 Callisthene,
757 1360 832 1390 scri-

118 1405 205 1443 ptum
217 1403 256 1433 de
264 1403 420 1434 Heracliis
434 1403 464 1433 in
480 1406 556 1434 urbe
571 1403 710 1443 agendis.

161 1464 204 1469 —
220 1448 271 1477 15.
287 1448 470 1489 ΨΉΦΙΣΜΑ]
492 1452 540 1477 est
560 1447 666 1477 laetum
687 1446 765 1476 illud
788 1450 831 1476 at-

120 1500 179 1529 que
194 1489 361 1528 gloriosum
370 1490 452 1526 urbi,
464 1490 702 1530 Diophanteum.
714 1491 768 1520 sed
781 1493 831 1521 18.

120 1538 172 1563 est
193 1532 455 1571 callisthenicum,
476 1533 575 1571 triste,
604 1534 778 1564 luctuosum
802 1538 834 1564 et

121 1575 366 1616 ignominiosum.

161 1636 205 1642 -
230 1622 283 1650 22.
309 1620 408 1662 αυτὴν]
435 1620 560 1651 correxi
586 1619 672 1662 αὐτῆ,
699 1619 766 1650 soil.
796 1632 832 1661 τῃ

122 1661 216 1704 εἶςηνῃ.

162 1707 267 1738 -26.
282 1707 333 1748 ὡς]
350 1706 468 1737 addidi.
481 1706 564 1737 idem
581 1711 629 1737 est.
644 1716 679 1736 ac
696 1705 719 1736 si
736 1705 832 1736 dixis·

118 1752 188 1778 set:
213 1747 392 1785 interme-5⁵,
407 1751 444 1784 ὡς
464 1748 647 1791 ἐθορυβεῖσθε,
666 1749 715 1779 καὶ
735 1747 834 1784 ὁσάκις

119 1789 336 1833 ἐθορυςεῒσθε,’
319 1792 474 1828 ακούοντες.

161 1837 238 1866 369.
254 1838 284 1866 2.
300 1835 361 1866 οἶδα
375 1835 461 1867 τοίνυν
474 1837 532 1878 -]
549 1837 651 1867 locum
668 1837 698 1866 11.
713 1836 788 1866 citat
803 1840 835 1866 et

119 1878 256 1918 explicat
271 1879 425 1910 Maximus
438 1881 581 1919 Sophista
600 1881 640 1910 de
661 1879 834 1910 insolubili-

119 1921 178 1952 bus
196 1932 230 1960 p.
246 1923 320 1953 576.

161 1981 204 1987 —-
215 1966 246 1995 3.
261 1963 355 2006 αὐτῷ’]
371 1965 494 1995 correxi
519 1965 615 1996 αὐτοῦ.
632 1976 692 1996 non
707 1966 786 1996 male
802 1965 834 1995 id

118 2006 261 2046 quidem·
283 2012 315 2037 at
331 2009 496 2046 praestabat
517 2013 628 2044 tamen,
650 2014 681 2039 et
702 2009 835 2047 subjice-

119 2060 197 2086 rem,
213 2049 240 2080 si
267 2055 374 2086 iceret,
388 2051 491 2082 αὐτῶν.
512 2051 675 2082 AEschines
697 2051 836 2090 defugiet

118 2094 332 2132 purgationem
354 2094 513 2124 criminum
538 2097 678 2134 ipsorum.
699 2094 749 2124 hio
772 2096 836 2134 ipsa

118 2135 244 2166 crimina
256 2143 453 2176 opponuntur
464 2137 628 2174 alienis‚ad
637 2148 704 2177 quae
714 2137 835 2168 AEschi—

118 2189 172 2209 nes
184 2181 375 2219 evagabitur.

161 2239 206 2246 —-
219 2224 251 2254 5.
265 2221 464 2265 πραγμάτων]
479 2225 602 2264 praetuii
615 2223 833 2265 πεπραγμένων.

117 2265 242 2296 diversa
257 2267 339 2296 enim
355 2271 425 2297 sunt
447 2268 546 2298 istaec.
570 2266 738 2308 πράγματα
763 2273 834 2298 suut

118 2319 180 2345 res,
196 2319 336 2349 quorum,
351 2310 378 2340 si
393 2310 437 2340 ita
453 2311 522 2347 sert,
537 2316 568 2341 tu
585 2316 704 2351 partem
718 2311 833 2341 nullam

119 2352 213 2382 habes
233 2362 437 2390 communem,
453 2364 522 2394 quae
547 2359 577 2384 te
601 2354 701 2384 inscio
724 2359 756 2384 et
781 2356 834 2384 ab·

120 2399 207 2425 sente
223 2400 293 2426 sunt
308 2396 358 2426 vel
378 2397 461 2428 flunt.
477 2397 675 2438 πεπραγμένα
690 2403 761 2428 sunt
783 2408 833 2428 res

117 2442 179 2469 ate
194 2442 302 2478 gestae,
316 2449 384 2478 quae
393 2444 426 2470 tu
443 2440 620 2480 participas.

161 2497 206 2505 —
221 2483 252 2512 8.
273 2480 338 2512 ἔστι
361 2481 389 2513 δὲ
406 2483 454 2513 και
474 2485 572 2514 ’ταῦτα
591 2484 689 2515 πάντα
709 2483 833 2524 aarum]

118 2523 194 2555 mihi
205 2524 328 2579 magis„
325 2525 439 2556 arridet
451 2526 543 2556 lectio
559 2527 708 2557 Maximi:
723 2526 790 2558 ἔστι
805 2527 833 2558 δὲ

118 2567 169 2598 m
182 2567 260 2598 βῦτεὶ
271 2568 371 2598 Ταῦτα
385 2569 625 2610 κατηγοξῆματᾶ.

162 2628 206 2634 --
222 2614 274 2641 11.
295 2609 378 2654 εἶναι]
407 2612 523 2650 dicere,
549 2613 698 2650 indicare,
719 2613 834 2654 siguifi-

119 2663 203 2690 care,
217 2654 362 2693 prodere.

161 2714 207 2720 —
220 2698 274 2728 15.
294 2698 343 2728 καὶ
368 2697 532 2741 περιέσται]
560 2700 626 2730 haec
655 2701 717 2731 duo
743 2711 835 2731 voca-

119 2740 204 2776 bula,
220 2741 260 2770 ab
277 2745 397 2771 oratore
412 2742 571 2773 AEschinis
593 2743 734 2779 orationi,
763 2743 835 2773 boui

121 2783 232 2814 ominis
247 2784 346 2823 gratia
359 2785 530 2824 interjecta,
552 2787 770 2826 parentheseos
793 2787 835 2816 si-

121 2826 190 2866 gnis
217 2828 370 2867 separavi.
396 2833 428 2858 et.
451 2830 542 2859 velim
566 2840 700 2869 quoque,
731 2830 836 2868 diique

120 2874 253 2900 annuant
268 2880 306 2900 ea
320 2871 400 2901 bona
413 2872 503 2901 vobis
518 2883 640 2912 semper
660 2884 836 2913 superesse,

122 2921 243 2952 semper
265 2923 334 2944 esse
360 2920 527 2954 perpetua,
553 2927 706 2957 speroque
729 2916 772 2946 ita
791 2917 838 2946 fu-

122 2959 237 2985 turum.

166 3015 210 3020 —
226 2997 396 3042 16.ἒ1ιεῖ’νο]
419 2982 478 3031 non
503 3002 626 3038 malum,
643 3007 675 3033 ct
690 3003 838 3043 pluuimo-

123 3050 189 3072 rum
209 3041 350 3074 codicum
365 3044 546 3076 auctoritate
570 3046 729 3078 munitum.
746 3057 839 3087 quare

1513 219 1568 260 99

859 332 918 351 non
941 321 1073 351 debebat
1097 323 1145 351 uni
1151 334 1185 352 us
1209 324 1322 354 incerta
1344 326 1432 360 fides,
1456 326 1486 356 in
1509 336 1570 365 quo

859 364 1062 394 mendosum’
1052 375 1149 399 εκεινος
1162 372 1238 402 erat,
1253 378 1301 396 me
1316 379 1449 404 movere,
1463 368 1572 400 υῑὲκεί·

858 418 908 442 νως
929 417 985 447 pro
1003 418 1041 438 eo
1063 419 1250 449 reponerem.
1264 419 1301 438 ne
1317 411 1397 439 hoc'
1391 422 1488 450 ipsum
1504 412 1572 451 qui-

859 451 928 481 dem
953 451 1042 486 male,
1059 457 1090 481 at
1104 456 1216 491 praeter
1232 453 1445 484 necessitatem
1460 459 1572 486 tamen.

902 511 945 516 --
960 496 1012 524 21.
1037 495 1218 535 πραγμάτων
1240 497 1419 536 κατασκευὴ]
1445 508 1573 537 appara-

860 541 922 572 tus,
937 537 1036 576 copiae
1049 548 1150 568 rerum
1168 539 1205 567 ad
1220 539 1423 577 principatum
1435 541 1574 571 obtinen-

860 580 932 609 dum
948 580 1134 611 idonearum.
1150 591 1217 610 nam
1240 582 1408 622 πράγματα
1430 589 1499 613 sunt
1514 586 1575 614 De-

860 623 1012 653 mostheni
1028 624 1198 661 facultates,
1209 626 1357 664 potentia,
1371 625 1574 666 principatus,

861 667 1034 705 imperium.

903 727 946 731 —
967 710 1023 740 ult.
1045 710 1160 751 ταῦτα]
1185 711 1360 751 vectigalia,
1386 712 1575 752 prosperita-

862 757 923 783 tem
949 754 1166 792 negotiationis
1190 765 1246 794 per
1273 765 1366 791 mare,
1393 756 1574 787 affluentiam

861 806 961 826 rerum
977 797 1008 826 in
1024 798 1090 827 foro
1106 798 1268 828 venalium.

905 857 947 862 --
961 841 1038 870 ibid.
1060 837 1109 881 ὦν]
1135 851 1192 881 pro
1213 841 1264 877 iis,
1288 852 1355 881 quae
1375 842 1406 871 hi
1429 842 1578 883 Philippo

863 883 1076 920 vendiderunt,
1092 884 1158 914 scil.
1175 884 1268 914 sociis
1281 885 1404 915 nostris.

906 926 1271 968 370.1.w3w]copiae
1287 928 1458 959 annonariae
1481 933 1512 959 et
1537 930 1578 960 si-

863 967 951 1000 miles
974 980 1051 1010 opes
1073 975 1164 1010 utque
1184 971 1324 1002 fortunae.
1347 972 1421 1002 item
1441 973 1578 1003 accessio

864 1012 1078 1043 cherrhonesi.

905 1073 949 1078 -—
972 1056 1049 1086 ibid.
1071 1055 1134 1085 ἀντ’
1159 1054 1276 1098 ἐκείνων]
1299 1068 1354 1097 pro
1377 1058 1466 1095 istis,
1484 1060 1578 1090 sociis

862 1103 951 1171 gnta,
962 1099 1073 1138 quibus
1089 1100 1228 1130 mulctati
1246 1111 1350 1131 sumus
1372 1107 1461 1142 atque
1481 1104 1578 1133 denu-

885 1142 926 1171 ati

905 1202 949 1207 --
963 1187 994 1216 3.
1016 1185 1040 1216 εἶ
1055 1198 1098 1226 μη
1121 1186 1166 1216 διαὶ
1188 1186 1316 1230 τούτους]

865 1229 1015 1268 προσ-εῖναι.
1027 1240 1058 1259 v.
1074 1240 1106 1268 Ρ.
1119 1231 1193 1260 364.
1211 1233 1263 1260 10.

907 1289 951 1294 —-
963 1274 994 1302 8.
1010 1274 1103 1302 σῶα-αι
1120 1273 1243 1315 τουτονὶ]
1260 1275 1391 1305 subaudi
1407 1274 1578 1305 αἴτιονὸντει.

907 1332 951 1338 -—
975 1318 1026 1346 10.
1055 1316 1193 1356 τοιαῦτα]
1225 1317 1292 1347 scil.
1317 1317 1395 1358 ὃργὶἕς
1419 1318 1498 1358 ἄξιοι.
1524 1320 1580 1348 sed

864 1359 1006 1398 proxima
1019 1359 1096 1390 haud
1114 1360 1379 1399 parumimpedita
1392 1367 1472 1391 sunt.
1485 1362 1582 1391 oss'en-

865 1402 911 1431 dit
926 1402 1143 1432 Marklandum
1166 1414 1286 1443 quoque
1303 1404 1464 1435 insolentia
1479 1410 1509 1434 et
1524 1406 1582 1434 du-

864 1444 952 1475 rities
973 1445 1144 1476 dictionum
1166 1445 1307 1477 ποιεῖσθαι
1326 1448 1420 1489 χάριν,
1440 1447 1581 1478 ποιεῖσθαι

867 1487 953 1529 &gyrio
977 1490 1067 1519 etiam
1090 1489 1215 1519 codices
1242 1491 1438 1526 dissentiunt,
1455 1491 1506 1521 alii
1530 1503 1581 1522 πε-

866 1533 986 1566 ποιηκὼς
995 1533 1180 1569 omittentes,
1196 1533 1248 1562 aiii
1263 1544 1320 1573 pro
1335 1534 1486 1564 rtoisi'o-Ss'
1478 1545 1509 1563 111
1525 1534 1582 1564 im-

866 1575 1008 1614 perativo
1040 1575 1191 1606 ποιεῖσθαι
1220 1577 1329 1606 dantes
1360 1578 1390 1607 in
1421 1577 1583 1607 infinitivo.

867 1619 918 1658 qni
946 1619 1056 1649 modus
1075 1620 1166 1649 etiam
1194 1621 1333 1658 profecto
1356 1622 1532 1660 requiritur,
1556 1621 1583 1651 si

866 1662 1028 1691 referimus
1048 1663 1086 1692 ad
1106 1666 1295 1702 praemissurn
1310 1663 1338 1693 οὐ
1353 1664 1382 1695 δὴ
1398 1663 1505 1694 δίκαιον.
1528 1665 1582 1694 Sin

867 1712 968 1734 antem
984 1704 1128 1736 ποιεῖσθαι
1142 1717 1291 1743 assumas,
1315 1718 1439 1737 necesse
1462 1718 1584 1747 quoque

866 1748 937 1785 erit,
967 1754 1000 1778 ut
1022 1747 1219 1790 σκεψαμένους
1247 1751 1277 1780 in
1300 1751 1490 1787 accusativo,
1516 1751 1584 1782 soil.

867 1791 958 1830 ὑμᾶς,
979 1792 1108 1832 legatur.
1125 1800 1158 1823 ut
1175 1794 1277 1823 brevis
1295 1794 1365 1830 sim,
1386 1795 1486 1824 dicam
1509 1805 1584 1834 pau-

867 1835 925 1872 cis,
939 1845 999 1875 qua
1020 1836 1093 1865 mihi
1113 1836 1254 1866 videatur
1277 1838 1391 1877 optima
1406 1838 1524 1867 ratione
1543 1840 1587 1868 Ιο-

868 1888 924 1907 cus
942 1879 990 1908 hio
1010 1880 1167 1909 reformari
1184 1890 1288 1919 posse.
1309 1881 1362 1910 hac
1379 1881 1533 1917 nimirum,
1558 1882 1583 1911 si

867 1921 1004 1960 iegatur:
1029 1920 1235 1963 σκεψαμένους,
1252 1923 1302 1952 καὶ
1322 1925 1414 1965 χάριν,
1429 1924 1460 1954 ἂν
1475 1925 1585 1958 ταύτης

868 1962 976 2006 c'z'ffcoc'?
957 1977 986 2001 η,
992 1965 1179 2016 “aw03186vafl
1199 1977 1247 1995 και
1262 1966 1413 1997 τουνοιντίον
1440 1965 1474 1996 δι’
1496 1967 1586 2008 ὀργῆς

868 2006 901 2036 ἂν
927 2009 1050 2038 τοιαῦτα.
1071 2009 1204 2047 φαίνηται
1228 2011 1396 2044 πεποιηκὼς,
1425 2011 1587 2044 ποιεῖσθαι,

870 2051 998 2080 subaudi
1011 2051 1104 2081 αὐτόν.
1118 2051 1213 2081 dictio
1228 2051 1448 2083 ποιεῖσθαίτινει
1459 2053 1493 2083 δι’
1508 2053 1586 2094 &gyris-

869 2099 914 2122 est
931 2098 1012 2129 nota,
1031 2098 1062 2123 et
1081 2096 1190 2124 crebro
1208 2095 1332 2125 usitata.
1351 2098 1477 2134 gratiam
1498 2099 1585 2127 retri-

869 2137 973 2172 buere,
985 2138 1009 2166 si
1030 2138 1187 2175 meruerit,
1203 2143 1233 2167 et
1249 2149 1355 2168 rursus
1372 2150 1440 2169 eum
1462 2141 1585 2180 punire,

869 2180 894 2209 si
907 2180 1080 2210 constiterit
1094 2191 1162 2211 eum
1179 2181 1253 2211 talia
1268 2187 1414 2221 patrasse.

910 2225 1029 2254 —24.
1049 2225 1133 2264 μετὰ
1156 2236 1254 2254 ταυτα
1279 2225 1389 2267 εἰρήνην]
1413 2226 1495 2256 Citat
1517 2227 1548 2257 h.

868 2266 1023 2297 Aristides
1046 2278 1078 2307 Ρ.
1093 2270 1168 2299 424.
1190 2268 1219 2297 in
1242 2269 1418 2309 exemplum
1438 2228 1587 2300 orationis

868 2309 1030 2350 simplicis.

910 2371 954 2376 --
963 2356 1015 2384 27.
1027 2353 1126 2396 φησει]
1141 2354 1263 2385 correxi
1275 2355 1344 2394 φησὶ
1355 2357 1394 2386 de
1406 2367 1474 2386 meo
1486 2368 1587 2387 sensu.

867 2398 1049 2437 praecedunt
1063 2398 1141 2428 enim
1168 2409 1252 2428 mera
1273 2399 1447 2438 praesentia.
1471 2399 1592 2437 ἐγκαλεῖ

868 2452 914 2474 τις
926 2438 1063 2492 Αἰσχίνης
1087 2440 1222 2474 Βουλεταί
1236 2453 1279 2474 τις
1296 2442 1396 2473 τούτου
1410 2454 1588 2485 xa‘rnyogeiv3

867 2501 909 2507 ·-—
921 2481 1082 2523 μέμφεταί
1094 2495 1139 2518 τις
1154 2484 1303 2526 Αἰσχίνην,

911 2529 986 2558 371.
1002 2525 1116 2568 4.ὂ’Θεν]
1131 2528 1160 2558 id
1179 2533 1238 2564 est,
1252 2527 1419 2565 ἐντεῦθεν,”
1402 2540 1482 2565 σπου,
1492 2529 1590 2566 illinc,

868 2570 921 2600 ubi
935 2588 989 2599 —-.

910 2631 954 2635 ——-
969 2616 1000 2645 8.
1013 2611 1061 2643 ἐπὶ
1076 2614 1141 2649 τοὺς
1156 2613 1260 2656 ὅρκους]
1283 2615 1313 2645 id
1329 2621 1388 2652 est,
1394 2614 1443 2647 ἐπὶ
1458 2617 1507 2647 τὴν
1524 2628 1588 2657 wgt-

869 2656 967 2690 σΒείαν
982 2668 1031 2687 την
1044 2655 1092 2687 ἐπὶ
1105 2659 1170 2692 τους
1185 2657 1287 2698 ὅρκους.

911 2718 955 2723 ——-
973 2704 1025 2731 15
1037 2710 1086 2730 την
1100 2701 1187 2742 ἰιςχῆν
1199 2713 1248 2732 την
1259 2701 1384 2743 πρώτην]
1400 2707 1449 2732 est
1464 2703 1543 2732 bona
1559 2710 1590 2733 et

870 2753 926 2773 usu
941 2743 1071 2773 contrita
1082 2744 1192 2780 dictio,
1205 2745 1314 2775 similis
1327 2745 1416 2775 alteri
1429 2747 1591 2775 contrariae

870 2786 904 2816 τὸ
918 2786 1046 2828 ἔσχατον
1061 2786 1153 2821 τέλος.
1168 2789 1300 2827 primum
1314 2790 1475 2823 exordium,
1497 2796 1526 2819 et
1543 2799 1591 2817 m-

871 2835 979 2860 tremus
988 2830 1076 2871 finis,
1091 2831 1161 2869 quis
1182 2837 1274 2871 neget.
1293 2832 1433 2862 Latinum
1452 2832 1543 2860 esse?
1560 2839 1591 2861 et

871 2873 939 2903 aliae
952 2883 1073 2912 quoque
1090 2875 1182 2904 nullae
1198 2886 1258 2904 non
1269 2875 1379 2913 lingum
1395 2875 1467 2904 talia
1481 2876 1590 2905 ferunt.

873 2927 966 2956 quare
982 2917 1134 2947 incassum
1148 2918 1176 2947 in
1194 2918 1307 2947 talibus
1326 2918 1490 2947 laboratur.

915 2978 958 2982 —
990 2962 1041 2989 17.
1062 2958 1126 3001 ἧκε]
1157 2961 1280 2990 correxi
1311 2958 1382 2990 ἧκον.
1422 2961 1590 3001 Ctesiphon

874 3010 947 3042 puta
970 3009 1001 3032 et
1024 3004 1251 3034 Aristodemus.
1277 3015 1334 3033 non
1358 3003 1436 3032 euim
1461 3006 1501 3034 τὰ
1521 3006 1592 3045 πρά-

873 3058 982 3086 γματα
1013 3052 1080 3076 sunt
1108 3047 1297 3082 nominativi,
1327 3048 1382 3077 sed
1410 3049 1591 3079 accusativi.

1352 1188 1419 1220 scil.
1447 1187 1578 1220 ἐκωλύθη
