1931 3323
318 201 402 243 238

314 318 396 337 vium.
416 312 447 336 at
463 307 635 347 quibusnam
653 308 770 337 tandem
783 308 836 337 dat
852 308 907 344 lex,
926 307 951 336 si
967 306 1030 336 illis

319 350 432 389 negat?

360 411 403 416 --
420 395 471 424 20.
486 392 530 432 τῷ
542 393 650 432 Ἀγνὶου
664 392 774 433 ἐκείνου]
792 394 877 423 nbest
892 403 954 422 vox
970 402 1031 421 me·

317 437 369 465 dia
393 447 410 466 a
434 436 521 465 libris
544 437 736 475 quibusdam.
763 437 883 466 videtur
905 437 941 465 ab
962 435 1030 465 aliis

318 484 474 519 postrema
490 480 635 515 abfuisse,
659 486 686 509 et
706 480 750 509 sic
767 490 805 508 ex
829 483 957 518 utraque
978 488 1030 507 va·

317 523 428 552 rietate
457 523 521 552 liaec
547 529 651 552 nostra
677 523 770 552 lectio
797 523 924 551 conflata
951 531 1028 551 esse.

318 575 387 594 nam
411 565 558 596 utramvis
579 576 687 596 vocem
715 565 851 600 omittas,
872 564 1031 595 sententiae

317 608 359 637 nil
375 609 517 638 decedet.

361 668 404 673 —
420 654 472 682 23.
496 655 594 683 πολλὰ
624 652 698 681 πάνυ
727 650 753 681 ἐν
783 650 826 690 τῷ
847 650 921 690 νόμῳ
945 650 964 680 ἃ
991 651 1035 680 δεῖ

319 695 415 724 «ποιεῖν
430 696 494 728 τοὺς
513 696 700 736 προσήκοντας
721 693 892 733 ἐπάναγκες]
916 694 1031 730 delevi,

319 742 352 766 ut
367 738 498 768 inutilia.
523 740 669 777 Sequitur
685 737 762 767 enim
780 737 931 766 sententia
943 737 1032 776 plane

319 781 425 810 eadem
453 782 562 811 iisdem
591 791 676 820 paene
699 780 819 810 verbis:
847 781 928 809 ἀλλὰ
951 780 1032 811 πάνυ

318 826 425 860 ςπολλιὶ
437 842 491 854 -—.
526 825 587 853 Fac
600 825 690 853 etiam
706 823 758 852 illa
773 833 790 852 a
804 833 852 852 me
869 833 937 852 meo
949 823 1031 861 judi·

317 867 367 895 cio
395 868 498 896 deleta
518 872 635 905 partem
657 877 724 896 esse
747 866 949 905 hypopliorae,
977 876 1030 895 seu

319 911 396 940 ficta}
420 910 612 948 objectionis.
637 913 845 939 verumtamen
862 909 911 938 vel
929 909 974 938 sic
989 908 1031 938 le-

317 953 448 992 gendum
480 957 581 981 esset:
606 951 765 992 προσέτοιξε
793 952 841 981 καὶ
871 952 900 980 οὐ
926 954 1032 981 «πολλὰ

318 996 483 1025 πάνυ-εῑ
507 1000 591 1024 esset
612 994 708 1024 oratio
729 1000 879 1033 praeterea
902 995 1031 1034 puerilis

317 1044 347 1068 et
362 1038 510 1067 affectata.

360 1097 403 1103 ——
419 1083 471 1110 227.
488 1079 620 1120 θητικὸν]
643 1080 726 1110 Citat
741 1081 770 1110 h.
787 1081 808 1109 1.
828 1080 983 1119 Harpocr.
1001 1091 1029 1110 v.

317 1124 417 1158 θῆτες.
431 1126 436 1131 ’

358 1183 401 1190 —-
418 1176 488 1204 pen.
513 1165 603 1206 ἔχειν]
628 1165 757 1196 subaudi
773 1164 848 1194 τινά.

358 1227 401 1232 --
417 1209 492 1239 ibid.
515 1208 659 1254 ἐκδιδότω]
686 1208 815 1238 subaudi
831 1218 927 1237 ctu-rm.

361 1254 456 1282 1068.
480 1255 511 1283 Q.
534 1251 599 1292 πρὸς
624 1254 661 1285 οῖς
682 1251 793 1291 αὐτοῖς]
816 1250 939 1280 correxi
955 1249 1030 1301 ,πρὸς

317 1295 355 1330 οἱς
369 1296 467 1331 αὖα-ης,
488 1296 519 1324 id
535 1301 592 1331 est,
608 1293 674 1335 πρὸς
689 1293 797 1327 τούτοις
814 1294 834 1322 ἃ
850 1294 938 1328 αὐτῆς
953 1292 1028 1323 εστί.

315 1340 366 1373 ad,
383 1339 431 1368 vel
444 1343 555 1377 pvaeter
570 1348 615 1374 ea,
630 1348 691 1378 quae
706 1348 739 1367 ea
752 1336 880 1378 jizrnirw
892 1338 959 1376 jum
977 1346 1031 1375 per

316 1392 344 1412 se
358 1381 450 1412 habet.

358 1443 402 1447 —
417 1424 493 1456 ibid.
516 1424 562 1455 ἐὰν
581 1424 610 1455 δὲ
624 1424 682 1465 μὴ]
707 1426 784 1454 bene
800 1425 892 1454 habet
905 1425 960 1464 μὴ,
977 1433 1029 1453 ne-

315 1478 375 1507 que
391 1469 523 1498 debebat
543 1469 671 1507 expelli,
693 1468 730 1497 ad
748 1468 926 1507 exemplum
943 1467 1031 1496 Basi-

314 1511 475 1548 leensium,
487 1512 538 1550 qui
548 1516 672 1541 auctore
684 1511 798 1541 Wolfio
810 1511 839 1540 id
851 1511 1031 1540 omiserunt.

316 1556 406 1585 Patet
424 1565 440 1584 e
456 1554 598 1593 proximo
615 1555 773 1594 opposito,
795 1553 842 1583 ἐὰν
864 1553 891 1583 δὲ
912 1551 1031 1587 πλείους

314 1597 380 1627 ὦσι.
425 1598 584 1631 Sententia
598 1598 678 1636 legis
700 1599 765 1627 liaec
787 1603 852 1627 cst:
879 1597 911 1626 Si
928 1597 1030 1636 plures

316 1651 375 1671 una
389 1639 528 1681 ἐπικλήρῳ
544 1651 601 1670 non
620 1642 682 1670 sint
698 1641 727 1670 in
746 1651 803 1670 una
817 1639 932 1669 familia
944 1640 1029 1669 &nri-

315 1684 362 1725 κξί,
379 1689 441 1713 tum
465 1689 588 1723 oportet
609 1684 746 1723 singulos
768 1693 907 1723 quosque
925 1683 970 1712 illi
986 1684 1028 1711 sa-

314 1728 409 1757 miliae
425 1728 597 1765 adscriptos
610 1732 724 1765 partem
737 1737 820 1756 suain
837 1726 976 1756 conferre
990 1727 1028 1755 ad

314 1770 406 1809 liujus
434 1771 544 1809 puella:
568 1771 791 1806 elocationenl;
820 1774 852 1799 et
878 1774 941 1798 tum
970 1779 1028 1798 non

315 1818 438 1843 tenetur
449 1814 610 1852 proximus
629 1824 739 1852 genere
757 1823 822 1843 eam
840 1816 892 1842 aut
906 1813 1028 1842 elocare

315 1856 355 1885 de
377 1867 446 1891 suo,
463 1862 514 1886 aut
535 1857 602 1896 ipse
620 1856 812 1886 matrimonio
829 1856 952 1885 ducere.
978 1866 1029 1886 ve-

314 1909 381 1928 rum
403 1899 429 1929 si
451 1899 556 1938 plures
578 1900 639 1929 sint
658 1899 810 1938 ejusmodi
825 1899 948 1938 puellae,
964 1903 1028 1928 tum

314 1947 420 1972 contra
442 1953 491 1971 res
515 1943 617 1972 liabet-
641 1943 692 1982 qui
717 1943 878 1981 proximus
906 1946 953 1971 est
976 1952 1029 1980 ge-

313 1995 397 2021 nere,
415 1985 520 2014 ducito
537 1986 617 2024 ipse,
634 1990 686 2015 aut
702 1987 741 2014 de
759 1995 815 2015 suo
830 1986 972 2021 elocatu3
995 1989 1030 2013 ut

314 2029 471 2058 conferant
494 2029 639 2067 gentiles,
663 2028 703 2058 nil
728 2038 806 2066 opus
826 2032 885 2064 est,
909 2027 968 2057 nisi
991 2028 1028 2057 ad

313 2071 404 2100 unius
422 2071 550 2110 virginis
567 2071 780 2100 elocationem.

358 2131 400 2137 —
415 2115 447 2143 7.
470 2116 512 2152 μὴ
537 2113 607 2154 ἔχῃ]
633 2114 700 2143 scil.
721 2113 854 2149 γυναῖκα.
877 2114 901 2141 si
924 2112 1030 2140 matri-

314 2158 408 2186 monio
421 2157 528 2186 ducere
542 2157 627 2186 nolit.

357 2217 399 2222 -—
425 2201 475 2228 17.
499 2198 569 2236 γένει
591 2199 625 2228 ὢν
646 2197 816 2237 ἐγγυτάτω]
841 2207 900 2226 11011
923 2196 1029 2231 video,

314 2242 366 2282 qui
382 2242 544 2272 Sositheus
560 2252 672 2280 genere
691 2241 782 2270 fuerit
805 2239 936 2278 Hagniae
957 2250 1029 2278 pro-

314 2286 395 2325 pior,
418 2296 507 2324 quam
533 2287 730 2319 Macartatus,
756 2283 817 2313 nisi
842 2284 934 2317 sorte,
957 2282 1030 2321 quia

315 2333 380 2358 erat
395 2340 411 2358 a
427 2333 512 2368 patre
529 2328 634 2357 matris
649 2327 798 2356 oriundus
818 2327 855 2356 ab
872 2325 1029 2355 Eubulide

314 2372 425 2410 primo,
442 2372 493 2410 qui
511 2376 575 2401 erat
592 2370 724 2409 Hagniae
739 2370 830 2409 primi
847 2370 941 2398 frater
958 2379 1030 2407 pro-

316 2415 431 2450 ximus,
454 2425 508 2444 seu
529 2415 653 2444 fratrum
670 2413 802 2452 quinque
819 2412 964 2442 nascendi
980 2422 1029 2441 or-

316 2458 386 2487 dine
399 2458 562 2493 secundus,
580 2468 647 2487 cuin
665 2457 811 2491 Stratius,
828 2467 845 2485 a
860 2466 919 2494 quo
936 2456 1028 2484 deve-

316 2501 420 2530 niebat
446 2501 648 2535 Macartatus,
679 2505 762 2529 esset
788 2500 882 2528 frater
909 2498 1030 2528 tertius.

315 2548 465 2581 praeterea
480 2544 686 2578 Callistratus,
709 2553 785 2572 avus
801 2541 947 2577 Sosithei,
971 2542 1030 2571 fra—

316 2591 363 2615 ter
389 2591 454 2615 erat
479 2586 666 2621 Polemonis,
692 2596 788 2625 penes
813 2596 902 2624 quem
927 2585 1031 2614 Philo-

301 2630 433 2664 *mache,
449 2629 542 2659 amita
555 2629 687 2668 Hagniae
703 2630 740 2658 ab
757 2630 900 2659 intestato
916 2628 1025 2658 defun-

316 2672 369 2708 cti,
386 2677 461 2702 erat.

359 2732 402 2738 --
427 2718 476 2746 18.
501 2715 662 2755 προσῆλθε]
698 2715 765 2745 scil.
793 2715 833 2757 τῇ
862 2715 1030 2756 Φιλομάχῃ,

318 2764 370 2788 aut
385 2758 424 2798 τῇ
437 2757 610 2797 &waimero-1¹4
626 2758 685 2798 περὶ
701 2759 800 2792 αὐτῆς.

359 2819 401 2824 -
412 2804 464 2832 ΞΟ.
481 2802 518 2843 τῇ
530 2800 620 2842 αὐτῇ]
639 2801 768 2830 subaudi
781 2799 834 2842 ἐνῖῐ
848 2800 903 2838 ἐγὼ
913 2800 981 2830 τότε
990 2799 1030 2831 ἦν.

359 2862 402 2867 --
417 2846 468 2875 27.
485 2843 593 2885 ἑτέρους
606 2843 717 2884 νόμους]
738 2844 859 2874 correxi
875 2844 975 2884 ἑτέρων
990 2844 1032 2874 νό-

316 2899 399 2927 μους,
419 2898 436 2917 e
453 2889 533 2917 Bav.
551 2888 711 2917 videbatur
726 2887 790 2916 haec
807 2886 901 2916 lectio
922 2887 1031 2925 exqui-

317 2931 406 2960 sitior
415 2941 496 2966 esse,
510 2941 597 2969 quum
612 2929 747 2969 vulgata,
760 2940 827 2968 quae
841 2930 865 2958 si
879 2929 1032 2959 voluisset

317 2974 374 3002 hoc
398 2973 544 3009 indicare,
558 2973 645 3009 alias,
669 2973 715 3002 vel
741 2973 869 3012 reliquas
885 2973 968 3014 leges,
984 2973 1029 3002 di-

319 3016 448 3046 cendum
462 3018 572 3054 suerat,
589 3022 641 3047 aut
656 3018 722 3051 τοὺς
738 3015 841 3050 ἄλλους
857 3015 965 3054 νόμους,
977 3021 1030 3046 aut

696 201 728 243 I.
752 202 788 244 I.
811 201 1035 243 REISKE
1067 201 1403 244 ANNOTATA

1065 304 1172 346 ἑτέρους
1186 305 1283 345 νόμους
1294 306 1478 345 simpliciter
1488 306 1553 336 sine
1564 301 1711 337 articulo?
1721 309 1774 338 sed

1064 354 1112 378 est
1141 349 1270 379 aliorum
1296 360 1408 389 quoque
1437 350 1523 391 (scil.
1550 349 1776 392 legislatorum)

1065 392 1148 432 leges,
1164 402 1224 422 nou
1240 392 1278 421 ab
1295 403 1332 422 eo
1347 394 1513 432 profectas,
1533 393 1612 422 unde
1633 399 1703 423 sunt
1723 404 1775 424 su-

1065 435 1212 475 periores.
1230 445 1357 474 quarum
1370 436 1397 465 si
1413 441 1520 466 auctor
1531 436 1588 465 fuit
1597 436 1703 472 Solon,
1715 446 1775 466 non

1065 479 1202 517 profecto
1233 479 1402 516 proximam
1432 479 1642 518 insequentem
1676 479 1776 518 legem

1065 522 1147 551 idem
1168 521 1250 556 tulit,
1272 522 1325 551 sed
1349 523 1461 552 Draco.
1508 523 1563 551 Est
1578 522 1657 551 enim
1675 522 1729 552 illa
1744 521 1777 552 ἐκ

1065 567 1121 594 τῶν
1136 567 1257 604 φονικῶν,
1271 575 1346 604 quas
1360 565 1455 595 fuisse
1468 565 1618 594 Draconis
1634 569 1766 595 constat.

1107 625 1149 631 »-
1166 617 1237 647 pen.
1257 608 1415 648 προσειπεῖν
1429 607 1472 647 τῷ
1484 607 1637 647 κτείναντι]
1655 607 1778 637 correxi

1066 653 1213 691 προειπεῖν.
1245 651 1376 680 subaudi
1401 649 1473 682 δίκην
1499 651 1548 680 δεῖ.
1579 655 1699 690 oportet,
1727 651 1774 680 vel

1065 696 1197 724 conveni-t
1211 694 1286 724 diem
1298 695 1478 724 denunciare
1492 695 1658 733 peremtori,
1673 704 1728 733 quo
1744 695 1776 722 in

1055 737 1176 775 judicio
1186 742 1360 776 compareat.
1384 739 1500 773 Auctor
1510 738 1600 776 liujus
1610 736 1776 766 correctio-

1066 780 1112 809 nis
1128 784 1174 810 est
1195 781 1283 810 Hier.
1298 780 1399 811 Wolf.
1416 780 1600 819 subscripsit
1618 779 1646 809 ei
1664 780 1776 809 Valke-

1065 823 1188 852 naerius
1205 824 1242 852 ad
1257 824 1409 853 Herodot.
1426 833 1458 862 p.
1472 826 1546 854 227.
1561 834 1588 852 a.

1108 883 1151 888 —-
1164 866 1240 895 ibid.
1265 864 1340 900 ἐντὸς
1353 864 1551 906 ἀνεψιότητος]
1576 866 1626 905 qui
1637 866 1776 904 proprius

1064 910 1219 949 attingunt
1233 910 1367 944 occisum,
1383 916 1470 949 quam
1484 910 1593 939 sobrini
1614 907 1663 947 [ut
1678 913 1777 947 pater,

1064 953 1169 987 frater,
1186 952 1277 987 fitius,
1289 952 1444 992 patruus].

1108 1012 1152 1018 --
1166 994 1220 1025 ult.
1244 994 1293 1024 καὶ
1307 993 1434 1035 ἀνεψιοῦ]
1457 995 1551 1024 verba
1566 994 1631 1023 haec
1646 992 1777 1023 delenda

1065 1037 1217 1068 videntur.
1240 1048 1306 1067 nam
1323 1037 1398 1071 ἐντὸς
1414 1037 1477 1075 figit
1491 1041 1662 1066 extremum
1674 1036 1778 1066 termi-

1064 1090 1147 1114 num,
1157 1090 1317 1120 quousque
1327 1080 1440 1119 aliquid
1453 1079 1614 1119 pertingat.
1626 1080 1709 1119 Ergo
1719 1080 1778 1108 ἂνε·

1064 1121 1126 1159 ψιός
1141 1123 1220 1151 inest
1234 1124 1327 1152 etiam
1342 1123 1380 1164 τῇ
1395 1121 1583 1160 ἀνεψιότητι.’
1618 1122 1779 1152 Sententia

1063 1165 1143 1204 legis
1159 1169 1224 1194 est:
1250 1165 1301 1204 qni
1325 1166 1468 1204 proprius
1485 1166 1637 1203 attingunt
1657 1175 1778 1204 perem—

1064 1212 1140 1243 tum,
1151 1218 1238 1247 qnam
1251 1207 1379 1244 sobrini,
1390 1208 1483 1238 liceto
1493 1208 1554 1237 illis
1564 1207 1647 1237 diem
1658 1218 1777 1246 perem-

1064 1251 1123 1280 tori
1139 1251 1254 1280 dicere.
1277 1251 1329 1290 qui
1346 1255 1445 1281 autem
1464 1250 1587 1290 longius
1603 1251 1729 1286 distant,
1743 1254 1777 1280 ut

1064 1294 1178 1330 soceri,
1195 1295 1296 1324 mariti
1315 1304 1464 1329 sororum,
1488 1293 1605 1324 sobrini
1629 1297 1660 1323 et
1679 1294 1779 1323 sobri-

1063 1347 1169 1367 norum
1183 1336 1286 1373 liberi,
1301 1337 1346 1366 fas
1362 1337 1425 1366 illis
1440 1341 1506 1367 esto
1522 1347 1622 1366 causae
1642 1337 1777 1367 subscri-

1064 1381 1137 1411 bere
1154 1386 1185 1410 et
1200 1380 1424 1410 accusationem
1436 1380 1636 1419 participare.

1107 1426 1203 1455 1069.
1222 1426 1253 1454 2.
1275 1423 1324 1453 καὶ
1339 1422 1518 1464 ἀνεψιαδοῦς]
1544 1423 1634 1452 etiam
1650 1422 1709 1452 hoc
1729 1432 1778 1452 re·

1063 1468 1200 1498 dundare
1226 1467 1359 1497 videtur.
1398 1477 1457 1495 non
1485 1466 1564 1496 enim
1594 1465 1699 1502 video,
1724 1466 1778 1504 qui

1064 1510 1165 1544 παῖδες
1180 1508 1296 1547 ἀνεψιῶν
1312 1511 1348 1540 ab
1361 1507 1519 1546 ἄνεψιοιδοῖς
1528 1509 1680 1539 differant.
1705 1508 1779 1538 Nisi

1067 1555 1208 1584 volumus
1232 1554 1310 1583 hano
1331 1554 1390 1593 legi
1415 1553 1594 1583 sententiam
1621 1552 1776 1581 tribuere:

1064 1598 1237 1627 Peremtori
1261 1597 1342 1626 diem
1367 1597 1506 1632 dicante,
1532 1595 1583 1635 qui
1607 1599 1677 1625 sunt
1701 1594 1778 1624 citra

1063 1641 1342 1673 consobrinitatem.
1359 1646 1391 1670 et
1406 1639 1582 1669 consobrini
1599 1638 1670 1678 ipsi.
1699 1638 1777 1679 (Sed

1063 1688 1125 1713 tum
1140 1684 1199 1713 erit
1215 1695 1246 1723 p.
1262 1686 1355 1713 1068.
1369 1683 1425 1712 ult.
1441 1683 1502 1720 leg.
1516 1693 1573 1712 non
1586 1679 1711 1718 ἀνεψιοῦ,
1723 1682 1776 1711 sed

1062 1727 1091 1756 in
1116 1726 1295 1757 accusativo
1317 1726 1440 1765 plurali,
1464 1723 1618 1763 ἀνεψιούς.)
1649 1724 1779 1754 Partici-

1063 1774 1155 1809 panto
1167 1775 1266 1799 autem
1281 1780 1403 1798 causam
1417 1769 1508 1798 etiam
1518 1768 1608 1797 liberi
1620 1768 1777 1797 consobri-

1063 1823 1180 1850 norum,
1197 1817 1228 1842 et
1242 1812 1343 1842 mariti
1361 1811 1574 1847 sorormu,=vel
1587 1811 1687 1840 mariti
1703 1810 1778 1840 fitia-

1062 1866 1127 1886 rnm
1160 1855 1269 1892 occisi,
1292 1860 1323 1884 et
1350 1865 1454 1884 eorum
1486 1853 1674 1888 consobrini,
1701 1853 1773 1883 item

1064 1899 1164 1929 soceri
1191 1898 1298 1934 occisi,
1326 1902 1358 1927 et
1384 1907 1489 1927 eorum
1520 1896 1698 1926 consobrini
1727 1906 1779 1926 ne-

1063 1946 1163 1981 potes,
1180 1947 1211 1971 et
1226 1942 1385 1981 phratores
1400 1939 1507 1970 occisi.
1545 1939 1703 1978 Quicquid
1720 1943 1780 1975 est,

1064 1986 1152 2015 locus
1168 1990 1217 2014 est
1238 1986 1389 2014 obscurus
1405 1987 1437 2013 et
1451 1982 1576 2019 dubius,
1591 1992 1680 2021 quem
1697 1982 1776 2022 peri-

1064 2028 1161 2057 tiores
1177 2028 1366 2057 illuminent.

1106 2088 1150 2091 »-
1165 2072 1195 2098 3.
1219 2069 1346 2109 πάντας]
1367 2079 1411 2098 sc.
1428 2069 1471 2098 δεῖ
1488 2066 1669 2097 αἰδέσασθαι.
1685 2078 1779 2098 omnes

1063 2111 1127 2140 illos
1140 2117 1248 2149 oportet
1264 2113 1426 2141 consentire
1439 2112 1469 2140 in
1483 2110 1591 2151 grutiae
1605 2120 1673 2140 cum
1688 2110 1780 2140 homi-

1063 2155 1130 2184 cida
1144 2155 1419 2184 reconciliationem.

1106 2214 1149 2220 ——
1165 2200 1196 2227 4.
1218 2197 1316 2236 μηδεὶς
1331 2196 1364 2239 ᾖ]
1388 2196 1518 2227 subaudi
1535 2195 1561 2226 ἐν
1576 2196 1636 2229 τοῖς
1652 2194 1745 2236 ζῶσιν,
1762 2195 1776 2226 ἢ

1064 2242 1196 2280 παροῦσι,
1220 2241 1305 2282 παρῇ,
1327 2240 1452 2282 ὑπάξχῃ.
1498 2239 1533 2269 Si
1559 2249 1648 2269 nemo
1668 2239 1777 2269 horum

1064 2284 1157 2321 adsit,
1174 2284 1222 2312 vel
1237 2284 1380 2337 supersit.

1106 2329 1188 2357 —5.
1199 2338 1248 2355 και
1259 2326 1332 2367 εἰσ-ῃ,
1341 2327 1363 2356 οἱ
1376 2324 1494 2366 ἕψεται]
1512 2324 1634 2355 correxi
1650 2335 1717 2354 meo
1727 2326 1778 2364 ju-

1064 2370 1159 2399 dicio:
1174 2369 1222 2399 καὶ
1238 2359 1311 2405 254³,
1328 2371 1350 2400 οἱ
1367 2368 1479 2423 ἐφέται.
1503 2369 1582 2398 Sunt
1591 2367 1670 2397 enim
1681 2368 1777 2398 iidem

1065 2413 1086 2442 οῖ
1104 2423 1273 2442 πεντηκοντοι
1289 2413 1338 2443 καὶ
1354 2424 1402 2448 εις,
1419 2416 1450 2441 et
1465 2411 1488 2440 οἱ
1509 2410 1623 2450 ἐφέται.
1666 2412 1777 2441 Poste-

1063 2456 1144 2486 riora
1159 2457 1224 2485 haec
1236 2457 1420 2486 additasunt
1431 2453 1692 2494 interpretationis
1702 2464 1777 2493 ergo

1063 2499 1139 2537 legi,
1166 2500 1234 2529 sive
1259 2500 1296 2530 ab
1318 2499 1387 2538 ipso
1419 2498 1636 2532 Demosthene,
1663 2497 1731 2527 sive
1760 2507 1778 2526 a

1065 2542 1232 2572 scholiasta
1243 2543 1385 2581 quodam.
1400 2551 1466 2571 nam
1480 2540 1511 2570 in
1521 2540 1592 2579 lege
1604 2539 1675 2578 ipsa
1685 2540 1779 2569 verba

1063 2586 1128 2615 haec
1143 2586 1294 2625 scholium
1308 2584 1478 2615 redolentia
1492 2583 1507 2614 ἢ
1519 2583 1541 2612 οἱ
1556 2581 1658 2623 ἐφέται
1672 2582 1779 2622 primi-

1064 2633 1114 2658 tus
1132 2639 1189 2658 non
1205 2629 1338 2659 suerunt.
1704 2644 1707 2645 ⁷
1740 2644 1744 2645 ν

1106 2689 1150 2695 —-
1170 2674 1201 2702 6.
1231 2670 1370 2710 ἐσέσθων]
1394 2668 1517 2699 correxi
1541 2679 1609 2698 meo
1635 2668 1776 2708 periculo

1064 2713 1249 2744 αἰδεσάσθων.
1288 2715 1320 2745 Si
1335 2712 1554 2754 quinquaginta
1567 2716 1598 2741 et
1614 2722 1689 2740 unus
1705 2711 1778 2748 viri,

1065 2759 1123 2788 hoc
1136 2763 1194 2794 est,
1205 2758 1345 2797 pretae,
1358 2754 1636 2796 pronuntiaverint,
1650 2754 1779 2784 homici-

1065 2802 1133 2831 dam
1147 2802 1261 2831 caedem
1272 2799 1431 2840 peregisse
1444 2797 1688 2833 involuntariam,
1701 2801 1779 2833 tum,

1066 2845 1091 2874 si
1108 2854 1198 2874 nemo
1214 2848 1410 2882 cognatorum
1428 2840 1575 2879 supersit,
1590 2840 1777 2879 ignoscunto

1066 2887 1239 2922 liomicidae,
1263 2882 1560 2923 veniamquevcaedis
1581 2883 1609 2912 ei
1629 2883 1777 2919 faciunto,

1066 2931 1090 2960 si
1113 2931 1228 2965 volent,
1250 2929 1409 2967 phratores
1431 2925 1576 2968 [peremti
1599 2925 1702 2966 puta],
1722 2936 1778 2956 nu-

1065 2984 1148 3004 mero
1164 2973 1281 3002 decem.

1106 3034 1149 3039 --
1163 3019 1194 3047 7.
1216 3014 1341 3055 τούτοις]
1364 3014 1497 3049 correxi,
1519 3015 1622 3043 rursus
1646 3012 1684 3042 de
1707 3021 1778 3042 meo
