1931 3322
624 184 1115 229 ANNOTATIONES.

158 301 160 303 “
184 311 228 319 -—
242 294 318 325 ibid.
349 293 464 335 ῥαΐσας]
498 294 548 323 ubi
563 294 646 333 coepit
668 293 770 325 habere
791 304 850 324 me-

149 336 217 374 uus,
244 338 336 368 levato
359 337 467 371 morbo,
489 337 530 378 ῥα.
523 335 574 375 ,ζω
599 337 794 377 trisyllabum
819 337 852 366 fit

147 390 164 408 a
179 381 249 421 ῥᾷον.
262 379 346 421 ῥαίζω
360 379 574 418 dissyllabum,
589 380 694 410 luceru.
710 380 851 421 λυκορῤαι-

146 422 310 458 eft-atnam,
326 423 356 452 in
371 423 529 462 Euripidis
540 422 707 475 epitaphio.

188 468 271 496 —2.
281 464 436 516 ῥᾳθυμεῖν]
456 464 598 506 ῥᾳθυμία,
611 464 794 507 ᾳυᾶεἰρςίδιος
803 464 849 495 θυ-

142 506 352 550 pag-,facilitas
366 511 468 545 animi,
495 510 619 539 omissior
640 511 765 544 animus,
791 519 849 538 non

146 550 220 580 satis
229 561 300 581 acer
310 556 340 581 et
352 551 498 589 intentus,
507 557 598 590 atque
614 553 652 582 ad
664 562 681 582 v
685 552 849 591 oluptatem

146 593 282 632 pronior.

151 665 154 667 .
189 653 232 659 --
247 636 322 667 ibid.
337 636 515 680 ἐπεχείρησε]
543 647 649 668 manus
664 638 779 675 attulit,
796 648 851 679 ag-

142 688 256 719 gressus
269 684 319 710 est.

185 739 231 744 —-
246 722 302 753 ult.
316 721 478 765 Ἰλλυριούς]
502 724 607 764 Illyris
623 724 756 760 Italiam,
775 724 851 753 Ger-

138 764 284 801 maniam,
301 771 331 796 ct
345 767 557 798 Macedoniam
573 768 705 807 attingit.

186 825 231 830 —
252 808 330 839 ibid.
367 807 501 852 Παίονας]
538 812 684 841 Paeonia:
726 810 851 843 Justino

143 850 338 882 Macedoniae
353 863 426 892 pars
442 859 497 884 est.
513 865 573 884 non
588 856 716 884 multum
733 854 853 884 abludit

143 904 162 924 a
178 894 345 926 Pannoniae
368 896 501 928 nomine.
546 898 692 934 Zonaras,
709 899 731 927 οῖ
749 897 852 928 Παννό-

143 948 202 973 νιοι,
227 938 339 977 inquit,
366 938 498 979 νέμονται
531 940 588 980 μὲν
614 953 679 982 *regor
710 941 749 981 τῇ
773 947 853 971 Δαλ

142 979 253 1021 ματίᾳ,
274 980 342 1022 παρ’
363 982 445 1013 αυτὸν
460 983 488 1013 δὲ
508 983 554 1015 τὸν
572 983 691 1024 Ἰστξον,
707 983 772 1013 ἔμω-ὂ
794 990 853 1013 Νω-

142 1022 216 1062 ginon
229 1023 322 1076 μέχξι
337 1027 388 1061 τῆς
407 1025 431 1056 ἓν
447 1027 559 1077 Εὐρώπῃ
573 1027 695 1062 Μυσίας,
711 1033 769 1056 etc.
779 1037 854 1078 προς

143 1065 173 1096 δὲ
185 1066 224 1108 τῇ
233 1066 346 1098 Ῥοδόπη
361 1069 409 1098 καὶ
424 1069 497 1110 ηῑνρὸς
510 1070 587 1112 αὐτῇ
598 1083 633 1101 τη
650 1067 803 1110 Μακεδονίᾳ
819 1069 853 1099 τὸ

143 1112 201 1139 τῶν
214 1109 328 1141 Γαιόνων
331 1101 436 1145 ἔθνος’
426 1111 501 1142 emt.

185 1153 312 1183 —ibid.
324 1153 482 1196 Ἀςύμζαν]
497 1155 562 1186 Alii
570 1155 761 1196 Ἀρύββαν,οῑ
771 1156 852 1186 Pau-

137 1196 255 1232 sanias,
270 1207 330 1227 non
345 1208 399 1237 per
411 1210 451 1238 μ,
467 1199 521 1228 sed
538 1209 596 1238 per
612 1199 672 1228 duo
687 1199 740 1232 ββ.
770 1199 852 1228 Scri-

143 1240 219 1270 bunt
235 1239 372 1270 nonnulli
385 1251 416 1277 u,
431 1246 465 1271 ut
480 1252 585 1281 parum
602 1252 619 1271 a
633 1254 661 1280 μ,
675 1242 779 1272 distet.
793 1242 852 1272 fuit

140 1286 281 1322 patruus,
310 1282 386 1318 θεῖος
412 1283 486 1324 ’τυρὸς
510 1286 618 1326 πατρὸς
644 1285 851 1324 Olympiadis,

136 1326 252 1359 uxoris
267 1326 418 1367 Philippi,
431 1328 517 1367 Epiri
527 1329 683 1368 princeps.
729 1329 851 1358 Plutar-

140 1370 217 1400 chus
239 1367 353 1409 Ἀρύξαν
375 1381 434 1408 uno
457 1369 475 1401 C
496 1372 615 1408 scribit,
636 1371 726 1410 eique
745 1371 852 1402 tribuit

142 1413 238 1442 filium
256 1405 420 1448 AEaciden‚
437 1419 578 1453 nepotem
597 1415 761 1454 Pyrrhum,
777 1415 850 1444 Fra-

139 1459 187 1486 ter
197 1454 340 1493 Arymbae
348 1455 405 1484 fuit
416 1456 639 1496 Neoptolemus
655 1457 851 1495 Olympiadis

136 1504 238 1539 pater.

185 1544 222 1573 P.
235 1545 286 1574 19.
297 1545 328 1572 1.
342 1540 394 1584 δ’πῃ
405 1539 450 1577 τίς
461 1541 493 1572 ἂν
502 1542 591 1585 εἴπῃ]
610 1543 675 1578 Quo
687 1543 849 1584 quisdicat,

139 1585 174 1616 id
185 1589 244 1621 est,
259 1587 301 1616 Et
315 1596 377 1626 quo
388 1585 471 1615 non?

134 1656 136 1660 .
182 1647 228 1652 ——
241 1629 320 1660 ibid.
334 1628 365 1658 ‘n'
378 1626 420 1658 οὖν
434 1641 479 1663 τις
493 1628 525 1658 ἂν
540 1629 627 1670 εἴποι]
642 1628 849 1670 'mamfocne

138 1672 293 1704 Conciliat
310 1677 409 1703 autem
427 1673 491 1702 baec
507 1673 718 1712 interrogatio,
735 1678 766 1703 et
783 1684 850 1703 ora-

140 1716 216 1746 tioni
231 1717 420 1752 varietatem,
437 1726 505 1754 quae
522 1717 561 1746 ad
577 1717 745 1747 cavendum
763 1717 850 1746 audi-

138 1759 215 1789 toris
231 1759 388 1790 fastidium
397 1759 557 1798 aptissima
571 1764 630 1795 est,
641 1765 671 1790 et
686 1760 849 1799 aetiologiae

139 1802 254 1833 aditum
272 1803 386 1843 praebet
402 1803 649 1834 commodiorem.
733 1802 741 1812 '
793 1828 795 1830 .

183 1863 227 1868 —
242 1848 272 1876 2.
288 1848 375 1883 γνῶτε
384 1863 428 1868 —
440 1846 474 1880 ὡς
487 1846 670 1882 ἀλυσιτελὲς,
685 1845 732 1876 καὶ
743 1848 793 1878 ‘riv
801 1854 849 1886 φι-

143 1888 392 1929 λοπραγμοσύνην]
429 1889 579 1926 Ejusdem
594 1900 597 1901 ⁷
610 1890 699 1919 verbi
725 1890 850 1920 diversa

144 1932 344 1967 constructio.
373 1932 638 1972 φιλοπραγμοσύνη,
654 1933 769 1962 animus
785 1933 849 1962 ala-

140 1983 199 2010 cer,
215 1974 373 2014 inquietus,
386 1978 536 2011 strenuus,
552 1977 603 2015 qni
618 1975 783 2005 delectatur
799 1986 849 2016 ge—

141 2016 240 2047 rendis
250 2018 344 2048 rebus.
356 2017 628 2058 πολυπραγμοσύνη,
644 2018 765 2048 tametsi
777 2019 851 2048 mul-

142 2064 189 2090 tas
205 2061 422 2101 occupationes
445 2061 615 2100 significare
637 2061 789 2097 videatur,
805 2067 850 2092 ta-

135 2113 210 2134 men
219 2103 252 2133 in
265 2104 343 2134 vitio
357 2104 537 2144 plerumque
546 2105 722 2144 ponitur,ut
732 2106 849 2136 Latinis

136 2147 294 2178 curiositas
308 2153 338 2178 et
350 2148 567 2186 importunitas.

183 2191 272 2221 —5.
292 2187 310 2232 ᾗ
331 2190 420 2232 συζῇ]
446 2189 521 2221 Cum
544 2202 604 2232 qua
626 2193 710 2228 vivit,
733 2192 762 2222 id
788 2197 847 2229 est,

141 2243 209 2272 quae
232 2233 393 2264 individua
420 2234 487 2272 ejus
513 2245 617 2265 comes
644 2240 703 2272 est,
729 2235 761 2265 in
787 2247 849 2275 qua

139 2286 227 2306 omne
243 2286 332 2307 suum
354 2277 490 2307 studium
510 2283 541 2308 et
563 2283 684 2309 aetatem
708 2289 847 2309 cousum-

136 2319 214 2359 psit.
238 2321 398 2370 συμβιῶναι
424 2319 506 2351 idern
531 2322 612 2352 valet
641 2323 722 2362 quod
749 2322 847 2364 συζῇν,

139 2367 173 2392 ut
201 2362 230 2392 iu
255 2364 391 2394 oratione
413 2363 454 2393 de
483 2366 622 2396 Corona:
656 2365 711 2404 ἐγὼ
735 2365 792 2406 μὲν
816 2367 846 2398 δὴ

138 2405 256 2436 τοιαύτη
270 2405 465 2459 συμξεξίωκσ.
470 2407 560 2450 τύχῃ.
580 2430 583 2432 -
626 2431 628 2433 >

181 2467 226 2472 —-
238 2439 314 2480 ibid.
336 2448 384 2489 ὑφ’
396 2447 442 2491 ης]
466 2451 689 2490 Argumentum
705 2463 722 2482 a
738 2457 846 2483 natura

138 2492 291 2532 Philippi,
305 2498 443 2524 naturam
461 2498 564 2524 autem
580 2497 647 2534 ejus
663 2506 703 2525 ex
718 2496 845 2526 actioni-

138 2537 196 2566 bus
210 2536 353 2575 conjicit:
378 2546 414 2566 ac
431 2537 535 2567 statim
551 2548 568 2568 e
583 2542 690 2567 natura
705 2543 736 2569 et
752 2540 846 2570 actio·

134 2578 229 2610 nibus
249 2584 311 2610 tam
329 2579 470 2619 Philippi
492 2590 583 2620 quam
602 2581 845 2620 Atheniensium,

139 2622 260 2662 colligit
269 2626 428 2653 eventum:
457 2633 493 2653 ac
503 2623 688 2654 vaticinatur
697 2624 742 2661 id,
752 2626 846 2665 quod,

139 2676 309 2705 quanquam
320 2675 400 2702 sero,
413 2667 533 2697 tandem
545 2672 643 2697 tamen
655 2669 770 2699 accidit
787 2670 844 2700 sub

135 2708 314 2749 Antipatro,
327 2709 500 2740 Alexandri
518 2710 623 2750 Magni
642 2721 834 2743 successore.

181 2769 226 2774 —-
239 2752 317 2783 ibid.
334 2751 396 2795 ὑφ’
392 2751 409 2784 ἶ
412 2765 424 2787 ς
435 2753 495 2794 -]
521 2753 589 2784 Prae
603 2765 661 2794 qua
675 2765 733 2785 uon
743 2761 795 2791 est,
809 2762 845 2786 ut

136 2800 290 2826 contentus
310 2786 396 2826 rebus
407 2799 503 2838 gestiS,
521 2798 613 2827 otium
631 2803 714 2839 agat,
730 2798 762 2828 id
785 2803 844 2836 est,

135 2848 208 2877 quae
230 2848 298 2868 eum
306 2839 472 2878 quiescere
487 2851 545 2870 non
561 2840 705 2880 patietur,
720 2843 847 2883 ἀγαωᾳν

138 2879 188 2911 καὶ
209 2879 334 2921 στέργειν
344 2893 412 2913 cum
427 2883 544 2919 dativo,
557 2885 745 2924 acquiescere,
771 2887 846 2926 aequi

136 2923 260 2963 bamque
263 2922 386 2964 facere
412 2927 489 2957 alias
504 2937 603 2957 amare
619 2928 802 2967 significant.

182 2982 226 2988 —
239 2968 273 2996 ⁷.
287 2967 410 3011 σχήσει]
433 2968 510 3000 Ab*
497 2981 570 3011 εχω,
588 2971 637 3001 vel
651 2969 744 3013 σχέω.

181 3024 227 3034 --
239 3009 401 3047 ibid.1rm
422 3012 618 3057 ὑπαρχόντων]
645 3017 701 3046 τῶν
726 3014 770 3046 ηδε
796 3025 846 3047 πε-

1509 187 1594 229 335

885 292 1064 333 ρι’ριιιγ,ιιὲ·νιιυν,
1078 304 1128 326 της
1143 293 1219 332 δόξης
1234 305 1266 323 τε
1277 304 1324 323 και
1340 293 1492 334 δυνάμεως.

926 352 972 357 —-
986 336 1041 364 ult.
1066 334 1238 377 ἔῤῥωμὲνως]
1266 338 1310 367 Ut
1337 336 1495 376 ἀνειμένως,
1519 335 1594 367 ἐντε-

885 376 1029 418 ταμένως,
1049 379 1227 408 adverbium
1253 390 1269 409 e
1294 380 1476 432 participio:
1510 380 1594 418 quod.

885 425 1092 460 comparatur,
1111 419 1268 461 ἐῤῥωμὲνος,
1292 421 1532 462 ἒῤῥωμενέστεξος,
1553 421 1595 462 {53-

885 465 987 505 ῥωμενε
977 462 1111 497 Άντατος.
1129 465 1207 494 unde
1223 465 1365 495 formatio
1380 465 1520 495 adverbii
1535 475 1594 495 non

885 508 1017 537 obscura
1032 510 1091 536 est.

927 550 1058 580 -ibid.
1073 550 1227 590 σκοπεῖτε]
1250 547 1418 589 Ἐπιτξοπη.
1453 551 1593 580 Primum

885 593 1078 631 auditoribus
1088 593 1241 632 judicium
1258 592 1428 631 permittit:
1444 599 1517 632 post
1528 595 1595 632 ipse

885 637 1067 676 pronunciat
1081 641 1199 676 aperte,
1210 636 1240 665 id
1257 636 1340 675 quod
1356 636 1502 666 hactenus
1513 641 1598 667 recte

885 679 979 710 dixit.

928 741 972 746 —-
986 722 1065 752 ibid.
1078 721 1233 753 σκοπεῖσθε
1246 722 1284 756 εἶς
1294 720 1326 752 τί
1339 721 1407 752 ποτ’
1421 720 1506 756 ἐλπὶς
1519 721 1598 763 (sci-

885 766 963 796 licet
979 764 1058 803 ἐστὶ,
1083 766 1131 796 vel
1151 765 1207 807 εἴη)
1223 767 1322 795 ταῦτα
1342 765 1532 805 τελευτῆσαι]
1564 768 1597 795 in

886 810 958 850 quid
980 810 1097 840 tandem
1128 808 1187 840 hoec
1202 808 1339 849 finitura
1367 819 1434 845 esse,
1461 819 1522 848 spes
1549 811 1598 840 sit.

888 853 1023 883 Verbum
1044 855 1172 882 τελευτῶ
1196 852 1338 882 absolute
1360 853 1496 892 ponitur,
1511 856 1546 882 ut
1567 858 1599 882 et

887 897 970 935 apud
1002 896 1200 926 Plutarchum
1227 896 1257 925 in
1281 895 1454 930 Conviviis,
1476 895 1598 934 διαγωγή

887 938 966 970 ἐστιν
981 938 1006 969 ἐν
1019 939 1076 969 οἷ’νω
1086 950 1119 968 το
1110 937 1303 980 συμπόσιον,
1314 938 1351 973 εἷς
1363 937 1459 978 φιλίαν
1471 938 1523 970 ὑπὸ
1539 940 1600 981 χά-

887 994 959 1023 ριτος
988 984 1169 1012 τελευτῶσα.
1214 983 1301 1011 ldem
1325 982 1356 1011 in
1382 982 1523 1012 Theseo:
1548 984 1599 1018 ’τῆς

887 1025 942 1064 μὲν
960 1023 1069 1058 Ἐλένης
1089 1025 1228 1064 ἁρπαγῆν,
1253 1022 1383 1063 πολέμου
1408 1024 1463 1064 μὲν
1493 1024 1600 1065 ἐπιμε-

887 1070 973 1098 λῆσαι
985 1069 1034 1097 τὴν
1044 1066 1192 1102 Ἀττικην,
1207 1068 1285 1107 αὔτᾳ·
1273 1065 1321 1096 ἠδ
1328 1068 1367 1102 εἷς
1378 1070 1467 1107 φυγην
1476 1079 1525 1097 και
1538 1068 1600 1099 ολε-

886 1110 943 1151 &pov
957 1111 1142 1139 τελευτῆσαι.

930 1154 967 1184 Ρ.
984 1155 1037 1183 20.
1053 1155 1084 1182 Q.
1106 1151 1153 1182 τὸν
1167 1151 1290 1194 ἐκεῖθεν]
1326 1153 1434 1183 bellum
1462 1153 1527 1184 illic
1546 1164 1598 1195 ge-

886 1201 973 1226 scam.
990 1194 1102 1232 ἒκειθεν,
1117 1195 1238 1231 illine,‘
1226 1209 1238 1226 ο
1253 1195 1354 1226 ἔκειθεν
1368 1195 1504 1236 πόλεμος.
1530 1199 1598 1228 Nos

888 1239 1003 1269 nullum
1015 1239 1075 1269 tale
1089 1238 1279 1280 adjectivum
1295 1250 1461 1278 possumus
1474 1241 1598 1279 fingere.

886 1282 998 1322 ηξοντα,
1010 1292 1066 1321 pro
1080 1281 1162 1320 ἥξειν.
1186 1282 1276 1321 Saepe
1290 1282 1394 1312 Graeci
1410 1284 1598 1314 accusativis

886 1325 1119 1366 participiorum
1135 1329 1273 1362 utuntur,
1288 1325 1341 1355 ubi
1357 1325 1457 1355 Latini
1473 1326 1597 1357 infiniti-

887 1370 952 1400 vis:
976 1369 1007 1398 in
1023 1368 1061 1398 iis
1076 1368 1210 1398 maxime
1227 1369 1344 1404 verbis,
1359 1379 1428 1407 quae
1452 1371 1598 1400 Moscho-

885 1413 989 1452 pulus,
1004 1413 1044 1441 τὲι
1058 1414 1242 1451 γνωςιστικέι,
1258 1412 1306 1442 καὶ
1321 1415 1361 1442 τεὶ
1378 1410 1425 1441 ἐπὶ
1441 1414 1492 1447 τῆς
1507 1412 1598 1451 ὅψεως

885 1455 1031 1496 appellat,
1049 1459 1092 1489 ut,
1107 1454 1181 1491 οῖδα,
1194 1455 1319 1496 εὑρίσκω,
1334 1455 1392 1496 ὁρῶ,
1407 1460 1469 1486 etc.

882 1525 885 1527 .
927 1516 971 1520 ——
995 1500 1025 1528 3.
1055 1499 1135 1527 ἀλλὰ
1165 1497 1219 1538 μὲν
1251 1499 1274 1528 εἰ
1306 1499 1405 1539 τοῦτο]
1440 1500 1597 1537 Ostendit,

885 1541 1064 1582 Philippum
1082 1541 1216 1580 Olyntho
1238 1546 1327 1582 capta
1342 1542 1522 1572 invasurum
1540 1545 1596 1574 At-

884 1586 975 1616 ticam
989 1596 994 1614 :
1013 1596 1092 1614 nunc
1109 1595 1176 1614 eam
1192 1586 1408 1622 calamitatem,
1424 1588 1596 1617 verecunde

885 1635 998 1665 tamen,
1013 1633 1164 1667 cauteque
1181 1629 1357 1668 amplificat.

925 1690 970 1694 ——
985 1676 1016 1702 4.
1038 1673 1081 1711 μὴ
1098 1671 1143 1701 τόν
1158 1671 1258 1723 αὐτόν]
1282 1671 1473 1703 Similitudo.

926 1734 969 1738 —
984 1715 1062 1746 ibid.
1078 1713 1125 1744 τὸν
1135 1713 1220 1745 αὐτὸν
1231 1715 1342 1756 τςόπον,
1353 1715 1462 1757 ὠσπερ]
1489 1715 1597 1747 Possit

884 1758 976 1789 etiam
991 1757 1076 1798 legi‘
1067 1756 1156 1799 όνπερ.
1188 1780 1192 1781 ⁷

926 1821 969 1826 —
1002 1802 1078 1832 ibid.
1104 1803 1126 1832 οἱ
1150 1801 1347 1853 δανειζόμενοι]
1379 1804 1430 1843 qui
1456 1808 1604 1834 mutuum*

882 1851 1022 1876 sumunt.-
1045 1858 1067 1875 οι
1085 1843 1261 1886 δανείζοντες,
1277 1848 1327 1887 qui
1341 1848 1416 1876 dant
1432 1851 1585 1877 mutuum.

926 1908 970 1912 —
991 1900 1061 1929 pen.
1091 1887 1140 1918 ἐπι
1178 1888 1269 1923 τόκοις
1297 1890 1454 1930 μεγάλοις]
1500 1891 1529 1919 V
1532 1891 1595 1920 aria

884 1932 982 1962 fuisse
1012 1941 1172 1961 usurarum
1204 1943 1326 1971 genera,
1352 1943 1391 1962 ex
1421 1933 1594 1963 forensibus

887 1975 1103 2005 Demosthenis
1119 1975 1310 2005 orationibus
1323 1981 1463 2015 apparet,
1476 1977 1515 2007 de
1527 1978 1596 2016 qui-

886 2019 940 2049 bus
957 2019 1000 2048 ibi
1017 2023 1125 2059 agetur
1139 2019 1341 2050 commodius.

926 2081 969 2085 -
985 2063 1040 2092 ult.
1062 2065 1118 2092 τῶν
1141 2060 1268 2102 ,ἇξχαίων
1291 2062 1479 2104 ἀπέστησαν]
1512 2063 1594 2093 domo

879 2105 1072 2147 prqfugiunt.
1115 2105 1238 2141 Suidas,
1261 2107 1372 2147 ἀρχαῖα
1390 2108 1431 2136 τὰ
1450 2108 1595 2145 κεφάλαια

881 2151 938 2179 τῶν
956 2148 1054 2185 τόκων,
1078 2150 1309 2188 interpretatur.
1354 2150 1415 2179 Sed
1442 2150 1595 2189 Ulpianus

882 2194 938 2222 τῶν
953 2190 1078 2233 ἰιςχαίων
1093 2193 1221 2231 exponit
1233 2195 1288 2222 τῶν
1303 2191 1444 2234 ἐνεχύρων,
1458 2195 1595 2234 pignori-

882 2235 935 2265 bus
956 2238 1075 2266 cedunt.
1098 2236 1180 2275 quod
1197 2246 1294 2275 genus
1312 2242 1382 2266 sunt
1403 2237 1499 2273 aedes,
1516 2247 1594 2275 prae-

882 2279 944 2315 dia,
956 2284 1071 2315 vestes,
1085 2284 1144 2309 etc.
1160 2290 1216 2318 pro
1227 2278 1407 2310 ἀνωὲστησαν
1421 2280 1494 2309 alibi
1507 2291 1594 2311 usur·

882 2326 947 2361 pat,
962 2321 1130 2363 ἐξέστησαν.
1141 2323 1162 2353 οἶ
1179 2322 1214 2358 δ’,
1225 2322 1339 2362 inquit,
1350 2321 1463 2352 ἐπειδὰν
1475 2323 1595 2354 διαλύειν

881 2363 996 2396 ἐδέησαν
1016 2364 1053 2401 οἷς
1070 2366 1195 2407 ὤφειλον,
1211 2364 1370 2404 ἐξέστησαν
1385 2366 1526 2396 ἁπάντων
1540 2370 1595 2397 τῶν

880 2420 972 2440 οντων.
1025 2410 1105 2440 Item
1136 2409 1360 2448 Aristophanes
1391 2408 1530 2447 νεφέλαις.
1562 2411 1594 2441 ἰὼ

880 2453 948 2482 κλαί
949 2463 982 2482 ετ
1010 2451 1221 2483 &Zama-*ratus
1243 2451 1325 2482 αὐτοί
1347 2462 1380 2481 ’τε
1395 2452 1443 2480 καὶ
1460 2454 1594 2495 τάξχαια

880 2496 928 2525 και
943 2495 1019 2525 τόκοι
1038 2495 1135 2526 τόκων·
1153 2494 1225 2526 οὖδεν
1240 2497 1295 2536 γὰρ
1310 2495 1341 2524 ἄν
1359 2506 1400 2533 με
1416 2498 1537 2537 φλαῧξον
1551 2496 1594 2537 ἐρ-

879 2538 1053 2577 γάσαιο-θη
1041 2551 1096 2570 ετι.
1109 2540 1248 2570 Budaeus
1264 2539 1397 2580 τᾶςχαια
1413 2542 1453 2570 τιὶ
1470 2551 1593 2581 ‘trac-gam.

880 2583 1020 2622 exponit.

925 2627 963 2656 P.
989 2629 1042 2657 21.
1068 2630 1098 2658 1.
1120 2625 1171 2657 ἐπὶ
1195 2624 1313 2666 πολλῷ]
1338 2625 1479 2663 Scilicet,
1504 2626 1592 2667 τόκῳ,

878 2668 996 2702 βλάβει.

921 2730 965 2735 —
988 2713 1064 2743 ibid.
1091 2712 1140 2743 καὶ
1169 2712 1309 2754 ἅπαντα]
1351 2713 1486 2753 Elegans
1513 2713 1590 2743 anti·

878 2755 996 2786 theton.

921 2817 964 2823 -
980 2802 1010 2829 2.
1037 2802 1138 2830 πολλοὶ
1152 2798 1202 2830 καὶ
1216 2800 1367 2841 χαλεπὰ]
1392 2798 1495 2828 ΒΙιιΙεα
1510 2796 1589 2837 diffi-

877 2843 956 2872 cilia.
969 2842 1003 2873 τὸ
1013 2849 1039 2873 et
1050 2853 1108 2872 non
1124 2843 1318 2873 incommode
1329 2842 1490 2871 omittitur.
1512 2842 1588 2879 Quae

879 2890 980 2916 autem
997 2890 1068 2916 sunt
1083 2886 1157 2916 illa?
1175 2886 1323 2916 tributum
1337 2884 1486 2920 conferre,
1499 2893 1589 2923 opem

877 2928 958 2960 ferre
970 2929 1228 2969 periclitantibus,
1238 2930 1324 2968 ipsos
1335 2927 1477 2962 militare,
1492 2938 1588 2957 excu-

833 2993 839 3003 .
878 2972 945 3002 bias
970 2983 1075 3013 agere,
1091 2981 1172 3003 stare
1187 2973 1217 3002 in
1233 2971 1311 3006 acie,
1328 2970 1379 3000 vel
1400 2970 1521 3000 vincere
1538 2971 1586 3001 vel

878 3017 1075 3054 occumbere,
1087 3016 1116 3046 in
1133 3019 1283 3056 perpetuo
1300 3024 1367 3045 esse
1384 3019 1466 3045 metu
1483 3014 1523 3044 de
1532 3024 1587 3054 pa-
