<?xml version="1.0" encoding="UTF-8"?>
<!DOCTYPE html PUBLIC "-//W3C//DTD XHTML 1.0 Transitional//EN"
    "http://www.w3.org/TR/xhtml1/DTD/xhtml1-transitional.dtd">
<html xmlns="http://www.w3.org/1999/xhtml" xml:lang="en" lang="en">
 <head>
  <title>
</title>
<meta http-equiv="Content-Type" content="text/html;charset=utf-8" />
  <meta name='ocr-system' content='tesseract 3.04.00' />
  <meta name='ocr-capabilities' content='ocr_page ocr_carea ocr_par ocr_line ocrx_word'/>
</head>
<body>
  <div class='ocr_page' id='page_1' title='image "./oratoresatticie09dobs/oratoresatticie09dobs_0186.png"; bbox 0 0 1964 3323; ppageno 0'>
   <div class='ocr_carea' id='block_1_1' title="bbox 357 197 1065 242">
    <p class='ocr_par' dir='ltr' id='par_1_1' title="bbox 357 197 1065 242">
     <span class='ocr_line' id='line_1_1' title="bbox 357 197 1065 242; baseline 0.006 -4"><span class='ocrx_word' id='word_1_1' title='bbox 357 197 436 238; x_wconf 83' lang='lat'><strong>174</strong></span> <span class='ocrx_word' id='word_1_2' title='bbox 731 199 764 241; x_wconf 94' lang='lat' dir='ltr'><strong>I.</strong></span> <span class='ocrx_word' id='word_1_3' title='bbox 788 197 823 242; x_wconf 91' lang='grc' dir='ltr'><strong>Ι.</strong></span> <span class='ocrx_word' id='word_1_4' title='bbox 843 199 1065 242; x_wconf 85' lang='lat' dir='ltr'><strong>REISKE</strong></span> 
     </span>
    </p>
   </div>
   <div class='ocr_carea' id='block_1_2' title="bbox 343 303 1063 2021">
    <p class='ocr_par' dir='ltr' id='par_1_2' title="bbox 351 303 1063 419">
     <span class='ocr_line' id='line_1_2' title="bbox 351 303 1063 345; baseline 0.004 -13"><span class='ocrx_word' id='word_1_5' title='bbox 351 312 414 340; x_wconf 86' lang='grc' dir='ltr'><strong>μων</strong></span> <span class='ocrx_word' id='word_1_6' title='bbox 425 318 469 325; x_wconf 84' lang='grc'><strong>--·</strong></span> <span class='ocrx_word' id='word_1_7' title='bbox 480 303 536 333; x_wconf 81' lang='lat' dir='ltr'><strong>sed</strong></span> <span class='ocrx_word' id='word_1_8' title='bbox 549 303 606 340; x_wconf 81' lang='lat' dir='ltr'><strong>sic,</strong></span> <span class='ocrx_word' id='word_1_9' title='bbox 621 308 656 334; x_wconf 83' lang='grc'><strong>111,</strong></span> <span class='ocrx_word' id='word_1_10' title='bbox 670 304 816 335; x_wconf 73' lang='lat' dir='ltr'>articulus</span> <span class='ocrx_word' id='word_1_11' title='bbox 830 316 887 335; x_wconf 91' lang='lat' dir='ltr'><strong>non</strong></span> <span class='ocrx_word' id='word_1_12' title='bbox 902 306 939 335; x_wconf 88' lang='lat' dir='ltr'><strong>ad</strong></span> <span class='ocrx_word' id='word_1_13' title='bbox 956 305 1063 345; x_wconf 84' lang='lat' dir='ltr'><strong>proxi-</strong></span> 
     </span>
     <span class='ocr_line' id='line_1_3' title="bbox 351 346 1063 397; baseline 0.006 -23"><span class='ocrx_word' id='word_1_14' title='bbox 351 355 434 375; x_wconf 90' lang='lat' dir='ltr'><strong>mum</strong></span> <span class='ocrx_word' id='word_1_15' title='bbox 457 346 633 388; x_wconf 75' lang='grc' dir='ltr'><strong>παρανόμων,</strong></span> <span class='ocrx_word' id='word_1_16' title='bbox 655 348 707 378; x_wconf 88' lang='lat' dir='ltr'><strong>sed</strong></span> <span class='ocrx_word' id='word_1_17' title='bbox 730 349 767 378; x_wconf 90' lang='lat' dir='ltr'><strong>ad</strong></span> <span class='ocrx_word' id='word_1_18' title='bbox 790 349 938 378; x_wconf 85' lang='lat' dir='ltr'><strong>remotius</strong></span> <span class='ocrx_word' id='word_1_19' title='bbox 952 350 1063 397; x_wconf 71' lang='grc' dir='ltr'><strong>γςοιφῶν</strong></span> 
     </span>
     <span class='ocr_line' id='line_1_4' title="bbox 351 389 511 419; baseline 0.013 -2"><span class='ocrx_word' id='word_1_20' title='bbox 351 389 511 419; x_wconf 84' lang='lat' dir='ltr'><strong>reseratur.</strong></span> 
     </span>
    </p>

    <p class='ocr_par' dir='ltr' id='par_1_3' title="bbox 350 433 1063 547">
     <span class='ocr_line' id='line_1_5' title="bbox 394 433 1063 475; baseline 0.001 -13"><span class='ocrx_word' id='word_1_21' title='bbox 394 449 437 454; x_wconf 85' lang='lat'><strong>—</strong></span> <span class='ocrx_word' id='word_1_22' title='bbox 462 435 513 463; x_wconf 83' lang='lat'><strong>14.</strong></span> <span class='ocrx_word' id='word_1_23' title='bbox 545 433 653 475; x_wconf 75' lang='grc' dir='ltr'><strong>μήπω]</strong></span> <span class='ocrx_word' id='word_1_24' title='bbox 686 435 762 464; x_wconf 86' lang='lat' dir='ltr'><strong>bene</strong></span> <span class='ocrx_word' id='word_1_25' title='bbox 791 434 901 463; x_wconf 82' lang='lat' dir='ltr'><strong>habere</strong></span> <span class='ocrx_word' id='word_1_26' title='bbox 928 433 1063 463; x_wconf 82' lang='lat' dir='ltr'><strong>videtur.</strong></span> 
     </span>
     <span class='ocr_line' id='line_1_6' title="bbox 350 475 1061 516; baseline 0.004 -13"><span class='ocrx_word' id='word_1_27' title='bbox 350 475 491 512; x_wconf 79' lang='lat' dir='ltr'><strong>nondum,</strong></span> <span class='ocrx_word' id='word_1_28' title='bbox 504 486 564 506; x_wconf 87' lang='lat' dir='ltr'><strong>non</strong></span> <span class='ocrx_word' id='word_1_29' title='bbox 578 482 642 507; x_wconf 78' lang='lat' dir='ltr'><strong>tum</strong></span> <span class='ocrx_word' id='word_1_30' title='bbox 659 478 772 512; x_wconf 88' lang='lat' dir='ltr'><strong>statim,</strong></span> <span class='ocrx_word' id='word_1_31' title='bbox 785 487 853 507; x_wconf 88' lang='lat' dir='ltr'><strong>cum</strong></span> <span class='ocrx_word' id='word_1_32' title='bbox 868 477 919 506; x_wconf 88' lang='lat' dir='ltr'><strong>lex</strong></span> <span class='ocrx_word' id='word_1_33' title='bbox 931 477 1061 516; x_wconf 77' lang='lat' dir='ltr'><strong>primurn</strong></span> 
     </span>
     <span class='ocr_line' id='line_1_7' title="bbox 350 517 458 549; baseline 0.01 -3"><span class='ocrx_word' id='word_1_34' title='bbox 350 517 458 549; x_wconf 79' lang='lat' dir='ltr'><strong>fertur.</strong></span> 
     </span>
    </p>

    <p class='ocr_par' dir='ltr' id='par_1_4' title="bbox 351 562 1063 645">
     <span class='ocr_line' id='line_1_8' title="bbox 393 562 1063 603; baseline 0.003 -11"><span class='ocrx_word' id='word_1_35' title='bbox 393 579 437 584; x_wconf 92' lang='lat'><strong>—-</strong></span> <span class='ocrx_word' id='word_1_36' title='bbox 452 565 504 593; x_wconf 69' lang='lat'><strong>22.</strong></span> <span class='ocrx_word' id='word_1_37' title='bbox 526 564 611 592; x_wconf 73' lang='grc' dir='ltr'><strong>τοῦτο</strong></span> <span class='ocrx_word' id='word_1_38' title='bbox 626 563 722 603; x_wconf 82' lang='grc' dir='ltr'><strong>ποιων]</strong></span> <span class='ocrx_word' id='word_1_39' title='bbox 749 562 815 593; x_wconf 88' lang='lat' dir='ltr'><strong>scil.</strong></span> <span class='ocrx_word' id='word_1_40' title='bbox 831 562 984 593; x_wconf 74' lang='grc' dir='ltr'>καταλύων</span> <span class='ocrx_word' id='word_1_41' title='bbox 998 565 1063 598; x_wconf 76' lang='grc' dir='ltr'><strong>’τοὺς</strong></span> 
     </span>
     <span class='ocr_line' id='line_1_9' title="bbox 351 602 790 645; baseline 0.009 -13"><span class='ocrx_word' id='word_1_42' title='bbox 351 602 449 644; x_wconf 70' lang='grc' dir='ltr'>νόμους</span> <span class='ocrx_word' id='word_1_43' title='bbox 463 617 512 635; x_wconf 67' lang='grc' dir='ltr'><strong>καί</strong></span> <span class='ocrx_word' id='word_1_44' title='bbox 528 618 577 636; x_wconf 72' lang='lat' dir='ltr'><strong>&#39;TYV</strong></span> <span class='ocrx_word' id='word_1_45' title='bbox 592 605 790 645; x_wconf 63' lang='grc' dir='ltr'><strong>δημοκρᾰτόανι</strong></span> 
     </span>
    </p>

    <p class='ocr_par' dir='ltr' id='par_1_5' title="bbox 349 649 952 731">
     <span class='ocr_line' id='line_1_10' title="bbox 393 649 952 689; baseline 0 -11"><span class='ocrx_word' id='word_1_46' title='bbox 393 665 436 670; x_wconf 92' lang='lat'><strong>—-</strong></span> <span class='ocrx_word' id='word_1_47' title='bbox 451 650 504 679; x_wconf 74' lang='grc'><strong>23.</strong></span> <span class='ocrx_word' id='word_1_48' title='bbox 526 649 622 689; x_wconf 76' lang='grc' dir='ltr'><strong>ποιῶν]</strong></span> <span class='ocrx_word' id='word_1_49' title='bbox 648 649 790 679; x_wconf 89' lang='lat' dir='ltr'><strong>omittunt</strong></span> <span class='ocrx_word' id='word_1_50' title='bbox 807 649 952 679; x_wconf 82' lang='lat' dir='ltr'>nonnulli.</span> 
     </span>
     <span class='ocr_line' id='line_1_11' title="bbox 349 690 939 731; baseline 0.002 -11"><span class='ocrx_word' id='word_1_51' title='bbox 349 690 423 720; x_wconf 80' lang='lat' dir='ltr'><strong>mihi</strong></span> <span class='ocrx_word' id='word_1_52' title='bbox 440 695 486 721; x_wconf 88' lang='lat' dir='ltr'><strong>est</strong></span> <span class='ocrx_word' id='word_1_53' title='bbox 499 691 622 725; x_wconf 82' lang='lat' dir='ltr'><strong>dubius,</strong></span> <span class='ocrx_word' id='word_1_54' title='bbox 637 696 668 720; x_wconf 81' lang='lat' dir='ltr'><strong>et</strong></span> <span class='ocrx_word' id='word_1_55' title='bbox 682 692 748 721; x_wconf 82' lang='lat' dir='ltr'><strong>vitii</strong></span> <span class='ocrx_word' id='word_1_56' title='bbox 765 699 939 731; x_wconf 86' lang='lat' dir='ltr'><strong>suspectus.</strong></span> 
     </span>
    </p>

    <p class='ocr_par' dir='ltr' id='par_1_6' title="bbox 392 734 932 774">
     <span class='ocr_line' id='line_1_12' title="bbox 392 734 932 774; baseline 0.002 -11"><span class='ocrx_word' id='word_1_57' title='bbox 392 751 434 756; x_wconf 91' lang='lat'><strong>—</strong></span> <span class='ocrx_word' id='word_1_58' title='bbox 450 745 520 774; x_wconf 87' lang='lat' dir='ltr'><strong>pen.</strong></span> <span class='ocrx_word' id='word_1_59' title='bbox 541 734 665 774; x_wconf 76' lang='grc' dir='ltr'><strong>ταύτην]</strong></span> <span class='ocrx_word' id='word_1_60' title='bbox 690 735 792 764; x_wconf 79' lang='lat' dir='ltr'><strong>malim</strong></span> <span class='ocrx_word' id='word_1_61' title='bbox 808 735 932 764; x_wconf 83' lang='grc' dir='ltr'><strong>πάντων.</strong></span> 
     </span>
    </p>

    <p class='ocr_par' dir='ltr' id='par_1_7' title="bbox 349 774 1061 901">
     <span class='ocr_line' id='line_1_13' title="bbox 391 774 1061 818; baseline 0.004 -13"><span class='ocrx_word' id='word_1_62' title='bbox 391 779 466 807; x_wconf 75' lang='grc'><strong>749.</strong></span> <span class='ocrx_word' id='word_1_63' title='bbox 481 780 512 807; x_wconf 84' lang='grc'><strong>7.</strong></span> <span class='ocrx_word' id='word_1_64' title='bbox 535 777 582 806; x_wconf 72' lang='grc' dir='ltr'><strong>καὶ</strong></span> <span class='ocrx_word' id='word_1_65' title='bbox 604 774 685 806; x_wconf 64' lang='grc' dir='ltr'><strong>τοῦτ’</strong></span> <span class='ocrx_word' id='word_1_66' title='bbox 700 776 768 805; x_wconf 75' lang='grc' dir='ltr'><strong>αὐτὸ</strong></span> <span class='ocrx_word' id='word_1_67' title='bbox 789 778 979 818; x_wconf 72' lang='grc' dir='ltr'><strong>πςάττοντες]</strong></span> <span class='ocrx_word' id='word_1_68' title='bbox 1003 779 1061 808; x_wconf 87' lang='grc'><strong>1100</strong></span> 
     </span>
     <span class='ocr_line' id='line_1_14' title="bbox 349 818 1059 858; baseline 0.001 -9"><span class='ocrx_word' id='word_1_69' title='bbox 349 818 447 858; x_wconf 87' lang='lat' dir='ltr'><strong>ipsum</strong></span> <span class='ocrx_word' id='word_1_70' title='bbox 474 820 643 853; x_wconf 74' lang='lat' dir='ltr'><strong>studentes,</strong></span> <span class='ocrx_word' id='word_1_71' title='bbox 667 823 805 856; x_wconf 80' lang='lat' dir='ltr'>agentes,</span> <span class='ocrx_word' id='word_1_72' title='bbox 830 821 1059 857; x_wconf 77' lang='lat' dir='ltr'><strong>contendentes,</strong></span> 
     </span>
     <span class='ocr_line' id='line_1_15' title="bbox 350 862 821 901; baseline -0.004 -9"><span class='ocrx_word' id='word_1_73' title='bbox 350 873 409 901; x_wconf 84' lang='lat' dir='ltr'><strong>quo</strong></span> <span class='ocrx_word' id='word_1_74' title='bbox 428 873 483 892; x_wconf 86' lang='lat' dir='ltr'><strong>vos</strong></span> <span class='ocrx_word' id='word_1_75' title='bbox 496 863 607 892; x_wconf 86' lang='lat' dir='ltr'><strong>laedant</strong></span> <span class='ocrx_word' id='word_1_76' title='bbox 623 866 654 891; x_wconf 89' lang='lat' dir='ltr'><strong>et</strong></span> <span class='ocrx_word' id='word_1_77' title='bbox 669 862 821 891; x_wconf 84' lang='lat' dir='ltr'><strong>fraudent.</strong></span> 
     </span>
    </p>

    <p class='ocr_par' dir='ltr' id='par_1_8' title="bbox 346 903 1061 1022">
     <span class='ocr_line' id='line_1_16' title="bbox 392 903 1061 945; baseline 0 -10"><span class='ocrx_word' id='word_1_78' title='bbox 392 923 435 928; x_wconf 86' lang='lat'><strong>—-</strong></span> <span class='ocrx_word' id='word_1_79' title='bbox 450 908 502 935; x_wconf 73' lang='lat'><strong>21.</strong></span> <span class='ocrx_word' id='word_1_80' title='bbox 525 904 626 934; x_wconf 81' lang='grc' dir='ltr'><strong>τούτου</strong></span> <span class='ocrx_word' id='word_1_81' title='bbox 648 903 786 945; x_wconf 73' lang='grc' dir='ltr'><strong>κᾳῖκείνου]</strong></span> <span class='ocrx_word' id='word_1_82' title='bbox 807 903 860 934; x_wconf 82' lang='lat' dir='ltr'><strong>ilie</strong></span> <span class='ocrx_word' id='word_1_83' title='bbox 885 909 932 934; x_wconf 87' lang='lat' dir='ltr'><strong>est</strong></span> <span class='ocrx_word' id='word_1_84' title='bbox 955 905 1061 935; x_wconf 90' lang='lat' dir='ltr'><strong>Timo-</strong></span> 
     </span>
     <span class='ocr_line' id='line_1_17' title="bbox 348 947 1061 989; baseline 0.001 -12"><span class='ocrx_word' id='word_1_85' title='bbox 348 954 461 985; x_wconf 83' lang='lat' dir='ltr'><strong>crates,</strong></span> <span class='ocrx_word' id='word_1_86' title='bbox 483 948 533 978; x_wconf 84' lang='lat' dir='ltr'><strong>hic</strong></span> <span class='ocrx_word' id='word_1_87' title='bbox 549 947 726 978; x_wconf 82' lang='lat' dir='ltr'><strong>Androtion.</strong></span> <span class='ocrx_word' id='word_1_88' title='bbox 750 948 823 977; x_wconf 90' lang='lat' dir='ltr'><strong>dedi</strong></span> <span class='ocrx_word' id='word_1_89' title='bbox 843 947 944 978; x_wconf 70' lang='grc' dir='ltr'><strong>’τούτου</strong></span> <span class='ocrx_word' id='word_1_90' title='bbox 960 959 992 978; x_wconf 86' lang='grc' dir='ltr'><strong>τε</strong></span> <span class='ocrx_word' id='word_1_91' title='bbox 1008 947 1061 989; x_wconf 64' lang='lat' dir='ltr'><strong>aq?-</strong></span> 
     </span>
     <span class='ocr_line' id='line_1_18' title="bbox 346 990 440 1022; baseline 0.021 -2"><span class='ocrx_word' id='word_1_92' title='bbox 346 990 440 1022; x_wconf 79' lang='grc' dir='ltr'><em>κείνου.</em></span> 
     </span>
    </p>

    <p class='ocr_par' dir='ltr' id='par_1_9' title="bbox 348 1033 1059 1116">
     <span class='ocr_line' id='line_1_19' title="bbox 392 1033 1059 1076; baseline 0.001 -12"><span class='ocrx_word' id='word_1_93' title='bbox 392 1052 434 1056; x_wconf 85' lang='grc'>-</span> <span class='ocrx_word' id='word_1_94' title='bbox 451 1036 502 1064; x_wconf 67' lang='lat'><strong>⁶24.</strong></span> <span class='ocrx_word' id='word_1_95' title='bbox 526 1033 624 1076; x_wconf 76' lang='grc' dir='ltr'><strong>τούτο]</strong></span> <span class='ocrx_word' id='word_1_96' title='bbox 649 1034 769 1065; x_wconf 83' lang='lat' dir='ltr'><strong>correxi</strong></span> <span class='ocrx_word' id='word_1_97' title='bbox 798 1033 915 1064; x_wconf 77' lang='grc' dir='ltr'><strong>τούτων.</strong></span> <span class='ocrx_word' id='word_1_98' title='bbox 938 1035 1059 1065; x_wconf 86' lang='lat' dir='ltr'><strong>Andro-</strong></span> 
     </span>
     <span class='ocr_line' id='line_1_20' title="bbox 348 1077 937 1116; baseline 0.002 -9"><span class='ocrx_word' id='word_1_99' title='bbox 348 1078 441 1107; x_wconf 82' lang='lat' dir='ltr'><strong>tionis</strong></span> <span class='ocrx_word' id='word_1_100' title='bbox 456 1081 542 1116; x_wconf 87' lang='lat' dir='ltr'><strong>puta,</strong></span> <span class='ocrx_word' id='word_1_101' title='bbox 557 1077 714 1116; x_wconf 84' lang='lat' dir='ltr'><strong>Melanopi</strong></span> <span class='ocrx_word' id='word_1_102' title='bbox 726 1082 756 1107; x_wconf 81' lang='lat' dir='ltr'><strong>et</strong></span> <span class='ocrx_word' id='word_1_103' title='bbox 771 1078 937 1108; x_wconf 87' lang='lat' dir='ltr'><strong>Glaucetae.</strong></span> 
     </span>
    </p>

    <p class='ocr_par' dir='ltr' id='par_1_10' title="bbox 389 1119 866 1162">
     <span class='ocr_line' id='line_1_21' title="bbox 389 1119 866 1162; baseline 0.004 -13"><span class='ocrx_word' id='word_1_104' title='bbox 389 1139 432 1144; x_wconf 89' lang='lat'><strong>—</strong></span> <span class='ocrx_word' id='word_1_105' title='bbox 447 1120 523 1150; x_wconf 87' lang='lat' dir='ltr'><strong>ibid.</strong></span> <span class='ocrx_word' id='word_1_106' title='bbox 545 1119 643 1162; x_wconf 73' lang='grc' dir='ltr'><strong>ἐτίθει]</strong></span> <span class='ocrx_word' id='word_1_107' title='bbox 668 1121 866 1151; x_wconf 74' lang='lat' dir='ltr'><strong>Timocrates.</strong></span> 
     </span>
    </p>

    <p class='ocr_par' dir='ltr' id='par_1_11' title="bbox 389 1163 844 1206">
     <span class='ocr_line' id='line_1_22' title="bbox 389 1163 844 1206; baseline 0.004 -14"><span class='ocrx_word' id='word_1_108' title='bbox 389 1182 432 1186; x_wconf 80' lang='lat'><strong>—-</strong></span> <span class='ocrx_word' id='word_1_109' title='bbox 449 1165 500 1194; x_wconf 71' lang='lat'><strong>26.</strong></span> <span class='ocrx_word' id='word_1_110' title='bbox 525 1163 627 1206; x_wconf 68' lang='grc' dir='ltr'><strong>ἐκείνου]</strong></span> <span class='ocrx_word' id='word_1_111' title='bbox 651 1164 844 1194; x_wconf 89' lang='lat' dir='ltr'><strong>Androtioni.</strong></span> 
     </span>
    </p>

    <p class='ocr_par' dir='ltr' id='par_1_12' title="bbox 344 1207 1059 1376">
     <span class='ocr_line' id='line_1_23' title="bbox 390 1207 1059 1248; baseline 0.001 -12"><span class='ocrx_word' id='word_1_112' title='bbox 390 1225 432 1230; x_wconf 85' lang='lat'><strong>-—</strong></span> <span class='ocrx_word' id='word_1_113' title='bbox 448 1207 502 1236; x_wconf 90' lang='lat' dir='ltr'><strong>ult.</strong></span> <span class='ocrx_word' id='word_1_114' title='bbox 526 1208 660 1248; x_wconf 76' lang='grc' dir='ltr'>μισοῖτο]</span> <span class='ocrx_word' id='word_1_115' title='bbox 684 1208 806 1237; x_wconf 78' lang='lat' dir='ltr'><strong>correxi</strong></span> <span class='ocrx_word' id='word_1_116' title='bbox 821 1207 951 1248; x_wconf 80' lang='grc' dir='ltr'><strong>μισοῖτε.</strong></span> <span class='ocrx_word' id='word_1_117' title='bbox 974 1212 1002 1238; x_wconf 81' lang='lat' dir='ltr'><strong>et</strong></span> <span class='ocrx_word' id='word_1_118' title='bbox 1026 1208 1059 1239; x_wconf 83' lang='lat' dir='ltr'><strong>ob</strong></span> 
     </span>
     <span class='ocr_line' id='line_1_24' title="bbox 345 1250 1058 1290; baseline 0.001 -10"><span class='ocrx_word' id='word_1_119' title='bbox 345 1261 407 1290; x_wconf 82' lang='lat' dir='ltr'><strong>quae</strong></span> <span class='ocrx_word' id='word_1_120' title='bbox 426 1250 615 1281; x_wconf 80' lang='lat' dir='ltr'><strong>Timocratem</strong></span> <span class='ocrx_word' id='word_1_121' title='bbox 637 1262 696 1280; x_wconf 67' lang='lat' dir='ltr'><strong>‘non</strong></span> <span class='ocrx_word' id='word_1_122' title='bbox 716 1252 824 1287; x_wconf 77' lang='lat' dir='ltr'><strong>minus,</strong></span> <span class='ocrx_word' id='word_1_123' title='bbox 840 1261 927 1290; x_wconf 81' lang='lat' dir='ltr'><strong>quam</strong></span> <span class='ocrx_word' id='word_1_124' title='bbox 942 1251 1058 1281; x_wconf 83' lang='lat' dir='ltr'><strong>Andro-</strong></span> 
     </span>
     <span class='ocr_line' id='line_1_25' title="bbox 344 1293 1058 1331; baseline 0.003 -9"><span class='ocrx_word' id='word_1_125' title='bbox 344 1295 460 1328; x_wconf 78' lang='lat' dir='ltr'><strong>tionem,</strong></span> <span class='ocrx_word' id='word_1_126' title='bbox 474 1293 551 1331; x_wconf 77' lang='lat' dir='ltr'><strong>jure</strong></span> <span class='ocrx_word' id='word_1_127' title='bbox 571 1296 674 1325; x_wconf 84' lang='lat' dir='ltr'><strong>merito</strong></span> <span class='ocrx_word' id='word_1_128' title='bbox 697 1303 809 1324; x_wconf 65' lang='lat' dir='ltr'><strong>exosum</strong></span> <span class='ocrx_word' id='word_1_129' title='bbox 834 1294 908 1324; x_wconf 67' lang='lat' dir='ltr'><strong>robis</strong></span> <span class='ocrx_word' id='word_1_130' title='bbox 931 1294 1058 1324; x_wconf 80' lang='lat' dir='ltr'><strong>habeatis</strong></span> 
     </span>
     <span class='ocr_line' id='line_1_26' title="bbox 345 1337 634 1376; baseline 0.007 -11"><span class='ocrx_word' id='word_1_131' title='bbox 345 1343 431 1376; x_wconf 74' lang='lat' dir='ltr'><strong>atque</strong></span> <span class='ocrx_word' id='word_1_132' title='bbox 448 1337 634 1368; x_wconf 79' lang='lat' dir='ltr'><strong>detestemini.</strong></span> 
     </span>
    </p>

    <p class='ocr_par' dir='ltr' id='par_1_13' title="bbox 345 1380 1057 1591">
     <span class='ocr_line' id='line_1_27' title="bbox 387 1380 1057 1422; baseline 0.001 -14"><span class='ocrx_word' id='word_1_133' title='bbox 387 1382 462 1409; x_wconf 77' lang='lat'><strong>750.</strong></span> <span class='ocrx_word' id='word_1_134' title='bbox 480 1382 510 1410; x_wconf 75' lang='lat'><strong>2.</strong></span> <span class='ocrx_word' id='word_1_135' title='bbox 534 1381 656 1422; x_wconf 73' lang='grc' dir='ltr'><strong>πξῶτον]</strong></span> <span class='ocrx_word' id='word_1_136' title='bbox 680 1381 814 1419; x_wconf 83' lang='lat' dir='ltr'><strong>pertinet</strong></span> <span class='ocrx_word' id='word_1_137' title='bbox 834 1380 899 1410; x_wconf 86' lang='lat' dir='ltr'><strong>baec</strong></span> <span class='ocrx_word' id='word_1_138' title='bbox 917 1380 1057 1410; x_wconf 85' lang='lat' dir='ltr'><strong>tractatio</strong></span> 
     </span>
     <span class='ocr_line' id='line_1_28' title="bbox 346 1423 1056 1461; baseline 0.001 -9"><span class='ocrx_word' id='word_1_139' title='bbox 346 1423 382 1452; x_wconf 87' lang='lat' dir='ltr'><strong>ad</strong></span> <span class='ocrx_word' id='word_1_140' title='bbox 400 1433 432 1461; x_wconf 89' lang='lat' dir='ltr'><strong>p.</strong></span> <span class='ocrx_word' id='word_1_141' title='bbox 444 1424 519 1454; x_wconf 80' lang='lat'><strong>754.</strong></span> <span class='ocrx_word' id='word_1_142' title='bbox 533 1426 584 1454; x_wconf 85' lang='grc'><strong>10.</strong></span> <span class='ocrx_word' id='word_1_143' title='bbox 600 1425 652 1453; x_wconf 92' lang='lat' dir='ltr'><strong>ubi</strong></span> <span class='ocrx_word' id='word_1_144' title='bbox 667 1424 766 1453; x_wconf 89' lang='lat' dir='ltr'><strong>locum</strong></span> <span class='ocrx_word' id='word_1_145' title='bbox 781 1424 907 1453; x_wconf 87' lang='lat' dir='ltr'><strong>alterum</strong></span> <span class='ocrx_word' id='word_1_146' title='bbox 921 1424 960 1453; x_wconf 91' lang='lat' dir='ltr'><strong>de</strong></span> <span class='ocrx_word' id='word_1_147' title='bbox 974 1425 1056 1453; x_wconf 83' lang='lat' dir='ltr'><strong>frau-</strong></span> 
     </span>
     <span class='ocr_line' id='line_1_29' title="bbox 345 1466 1057 1506; baseline 0.001 -12"><span class='ocrx_word' id='word_1_148' title='bbox 345 1466 472 1495; x_wconf 88' lang='lat' dir='ltr'><strong>dulento</strong></span> <span class='ocrx_word' id='word_1_149' title='bbox 491 1466 581 1505; x_wconf 85' lang='lat' dir='ltr'><strong>hujus</strong></span> <span class='ocrx_word' id='word_1_150' title='bbox 595 1466 761 1505; x_wconf 83' lang='lat' dir='ltr'><strong>rogationis</strong></span> <span class='ocrx_word' id='word_1_151' title='bbox 778 1467 907 1497; x_wconf 80' lang='lat' dir='ltr'><strong>consitio</strong></span> <span class='ocrx_word' id='word_1_152' title='bbox 923 1466 1057 1506; x_wconf 82' lang='lat' dir='ltr'><strong>ingredi-</strong></span> 
     </span>
     <span class='ocr_line' id='line_1_30' title="bbox 346 1509 1056 1549; baseline 0.001 -11"><span class='ocrx_word' id='word_1_153' title='bbox 346 1515 404 1538; x_wconf 89' lang='lat' dir='ltr'><strong>tur.</strong></span> <span class='ocrx_word' id='word_1_154' title='bbox 430 1510 491 1547; x_wconf 83' lang='lat' dir='ltr'><strong>jam</strong></span> <span class='ocrx_word' id='word_1_155' title='bbox 518 1509 614 1539; x_wconf 79' lang='lat' dir='ltr'><strong>adfuit</strong></span> <span class='ocrx_word' id='word_1_156' title='bbox 641 1510 690 1540; x_wconf 89' lang='lat' dir='ltr'><strong>hic</strong></span> <span class='ocrx_word' id='word_1_157' title='bbox 717 1510 804 1539; x_wconf 89' lang='lat' dir='ltr'><strong>locus</strong></span> <span class='ocrx_word' id='word_1_158' title='bbox 830 1510 942 1539; x_wconf 88' lang='lat' dir='ltr'><strong>iisdem</strong></span> <span class='ocrx_word' id='word_1_159' title='bbox 969 1520 1056 1549; x_wconf 88' lang='lat' dir='ltr'><strong>paene</strong></span> 
     </span>
     <span class='ocr_line' id='line_1_31' title="bbox 346 1551 1056 1591; baseline 0.004 -11"><span class='ocrx_word' id='word_1_160' title='bbox 346 1551 448 1581; x_wconf 82' lang='lat' dir='ltr'><strong>verbis</strong></span> <span class='ocrx_word' id='word_1_161' title='bbox 464 1562 496 1591; x_wconf 93' lang='lat' dir='ltr'><strong>p.</strong></span> <span class='ocrx_word' id='word_1_162' title='bbox 512 1553 586 1582; x_wconf 88' lang='grc'><strong>607.</strong></span> <span class='ocrx_word' id='word_1_163' title='bbox 597 1555 649 1583; x_wconf 72' lang='lat'><strong>24.</strong></span> <span class='ocrx_word' id='word_1_164' title='bbox 661 1560 694 1582; x_wconf 87' lang='lat' dir='ltr'><strong>ut</strong></span> <span class='ocrx_word' id='word_1_165' title='bbox 704 1553 744 1582; x_wconf 91' lang='lat' dir='ltr'><strong>ibi</strong></span> <span class='ocrx_word' id='word_1_166' title='bbox 757 1554 819 1591; x_wconf 80' lang='lat' dir='ltr'><strong>jam</strong></span> <span class='ocrx_word' id='word_1_167' title='bbox 833 1552 1056 1583; x_wconf 84' lang='lat' dir='ltr'><strong>admonuimus.</strong></span> 
     </span>
    </p>

    <p class='ocr_par' dir='ltr' id='par_1_14' title="bbox 386 1595 919 1636">
     <span class='ocr_line' id='line_1_32' title="bbox 386 1595 919 1636; baseline 0.004 -13"><span class='ocrx_word' id='word_1_168' title='bbox 386 1612 429 1616; x_wconf 91' lang='lat'><strong>—</strong></span> <span class='ocrx_word' id='word_1_169' title='bbox 443 1597 474 1624; x_wconf 88' lang='grc'><strong>4.</strong></span> <span class='ocrx_word' id='word_1_170' title='bbox 496 1595 598 1636; x_wconf 77' lang='grc' dir='ltr'><strong>αὐτοῦ]</strong></span> <span class='ocrx_word' id='word_1_171' title='bbox 622 1595 819 1625; x_wconf 86' lang='lat' dir='ltr'><strong>Androtionis</strong></span> <span class='ocrx_word' id='word_1_172' title='bbox 835 1600 919 1635; x_wconf 87' lang='lat' dir='ltr'><strong>puta.</strong></span> 
     </span>
    </p>

    <p class='ocr_par' dir='ltr' id='par_1_15' title="bbox 386 1638 947 1679">
     <span class='ocr_line' id='line_1_33' title="bbox 386 1638 947 1679; baseline 0.004 -13"><span class='ocrx_word' id='word_1_173' title='bbox 386 1656 428 1659; x_wconf 97' lang='lat'><strong>—</strong></span> <span class='ocrx_word' id='word_1_174' title='bbox 444 1638 519 1667; x_wconf 88' lang='lat' dir='ltr'><strong>ibid.</strong></span> <span class='ocrx_word' id='word_1_175' title='bbox 543 1639 659 1679; x_wconf 71' lang='grc' dir='ltr'><strong>τοὺτου]</strong></span> <span class='ocrx_word' id='word_1_176' title='bbox 683 1640 873 1669; x_wconf 75' lang='lat' dir='ltr'><strong>Timocrates</strong></span> <span class='ocrx_word' id='word_1_177' title='bbox 889 1643 947 1669; x_wconf 83' lang='lat' dir='ltr'><strong>est.</strong></span> 
     </span>
    </p>

    <p class='ocr_par' dir='ltr' id='par_1_16' title="bbox 344 1681 1053 1765">
     <span class='ocr_line' id='line_1_34' title="bbox 386 1681 1053 1723; baseline 0.003 -14"><span class='ocrx_word' id='word_1_178' title='bbox 386 1699 429 1703; x_wconf 89' lang='lat'>—</span> <span class='ocrx_word' id='word_1_179' title='bbox 446 1683 498 1710; x_wconf 92' lang='lat'><strong>10.</strong></span> <span class='ocrx_word' id='word_1_180' title='bbox 522 1681 698 1723; x_wconf 76' lang='grc' dir='ltr'><strong>καῖ-μοι]</strong></span> <span class='ocrx_word' id='word_1_181' title='bbox 724 1683 816 1711; x_wconf 86' lang='lat' dir='ltr'><strong>verba</strong></span> <span class='ocrx_word' id='word_1_182' title='bbox 836 1682 884 1711; x_wconf 79' lang='grc' dir='ltr'><strong>καὶ</strong></span> <span class='ocrx_word' id='word_1_183' title='bbox 905 1682 1003 1711; x_wconf 78' lang='grc' dir='ltr'><strong>τοῦτον</strong></span> <span class='ocrx_word' id='word_1_184' title='bbox 1016 1682 1053 1712; x_wconf 90' lang='lat' dir='ltr'><strong>ad</strong></span> 
     </span>
     <span class='ocr_line' id='line_1_35' title="bbox 344 1723 883 1766; baseline 0.004 -14"><span class='ocrx_word' id='word_1_185' title='bbox 344 1723 479 1766; x_wconf 74' lang='grc' dir='ltr'><strong>συνδιοικῃ</strong></span> <span class='ocrx_word' id='word_1_186' title='bbox 491 1736 542 1763; x_wconf 86' lang='grc' dir='ltr'><strong>μοι</strong></span> <span class='ocrx_word' id='word_1_187' title='bbox 559 1725 672 1754; x_wconf 87' lang='lat' dir='ltr'><strong>desunt</strong></span> <span class='ocrx_word' id='word_1_188' title='bbox 686 1735 777 1765; x_wconf 85' lang='lat' dir='ltr'><strong>supra</strong></span> <span class='ocrx_word' id='word_1_189' title='bbox 791 1725 809 1754; x_wconf 93' lang='lat' dir='ltr'><strong>l.</strong></span> <span class='ocrx_word' id='word_1_190' title='bbox 829 1736 855 1755; x_wconf 91' lang='lat' dir='ltr'><strong>c.</strong></span> <span class='ocrx_word' id='word_1_191' title='bbox 879 1739 883 1742; x_wconf 96' lang='lat'>·</span> 
     </span>
    </p>

    <p class='ocr_par' dir='ltr' id='par_1_17' title="bbox 386 1764 1011 1807">
     <span class='ocr_line' id='line_1_36' title="bbox 386 1764 1011 1807; baseline 0 -11"><span class='ocrx_word' id='word_1_192' title='bbox 386 1785 428 1789; x_wconf 89' lang='lat'>—</span> <span class='ocrx_word' id='word_1_193' title='bbox 446 1770 497 1796; x_wconf 91' lang='lat'><strong>11.</strong></span> <span class='ocrx_word' id='word_1_194' title='bbox 521 1766 703 1807; x_wconf 77' lang='grc' dir='ltr'>δημηγορίας]</span> <span class='ocrx_word' id='word_1_195' title='bbox 728 1778 820 1807; x_wconf 87' lang='lat' dir='ltr'><strong>supra</strong></span> <span class='ocrx_word' id='word_1_196' title='bbox 835 1764 1011 1807; x_wconf 79' lang='grc' dir='ltr'><strong>δημηγορίαν.</strong></span> 
     </span>
    </p>

    <p class='ocr_par' dir='ltr' id='par_1_18' title="bbox 343 1811 1056 2021">
     <span class='ocr_line' id='line_1_37' title="bbox 384 1811 1056 1852; baseline 0.003 -13.229"><span class='ocrx_word' id='word_1_197' title='bbox 384 1813 494 1840; x_wconf 64' lang='lat'><strong>-31.</strong></span> <span class='ocrx_word' id='word_1_198' title='bbox 518 1811 712 1852; x_wconf 70' lang='grc' dir='ltr'><strong>προσαγωγει]</strong></span> <span class='ocrx_word' id='word_1_199' title='bbox 736 1811 846 1846; x_wconf 81' lang='lat' dir='ltr'><strong>lenone,</strong></span> <span class='ocrx_word' id='word_1_200' title='bbox 869 1811 1056 1841; x_wconf 76' lang='lat' dir='ltr'><strong>conciliatore</strong></span> 
     </span>
     <span class='ocr_line' id='line_1_38' title="bbox 344 1854 1055 1893; baseline 0.003 -11"><span class='ocrx_word' id='word_1_201' title='bbox 344 1854 553 1892; x_wconf 75' lang='lat' dir='ltr'><strong>pecuniarum.</strong></span> <span class='ocrx_word' id='word_1_202' title='bbox 578 1854 736 1893; x_wconf 81' lang='lat' dir='ltr'><strong>eleganter</strong></span> <span class='ocrx_word' id='word_1_203' title='bbox 758 1854 886 1884; x_wconf 88' lang='lat' dir='ltr'><strong>dictum.</strong></span> <span class='ocrx_word' id='word_1_204' title='bbox 932 1855 1005 1890; x_wconf 88' lang='lat' dir='ltr'><strong>Sed,</strong></span> <span class='ocrx_word' id='word_1_205' title='bbox 1029 1854 1055 1885; x_wconf 89' lang='lat' dir='ltr'><strong>si</strong></span> 
     </span>
     <span class='ocr_line' id='line_1_39' title="bbox 345 1896 1056 1938; baseline 0.001 -13"><span class='ocrx_word' id='word_1_206' title='bbox 345 1897 420 1925; x_wconf 88' lang='lat' dir='ltr'><strong>bene</strong></span> <span class='ocrx_word' id='word_1_207' title='bbox 436 1896 569 1933; x_wconf 90' lang='lat' dir='ltr'><strong>memini,</strong></span> <span class='ocrx_word' id='word_1_208' title='bbox 586 1898 763 1938; x_wconf 71' lang='grc' dir='ltr'><strong>προαγαγεὺς</strong></span> <span class='ocrx_word' id='word_1_209' title='bbox 777 1897 830 1927; x_wconf 83' lang='lat' dir='ltr'><strong>ille</strong></span> <span class='ocrx_word' id='word_1_210' title='bbox 849 1896 975 1932; x_wconf 89' lang='lat' dir='ltr'><strong>dicitur,</strong></span> <span class='ocrx_word' id='word_1_211' title='bbox 991 1897 1056 1927; x_wconf 83' lang='lat' dir='ltr'><strong>sine</strong></span> 
     </span>
     <span class='ocr_line' id='line_1_40' title="bbox 343 1939 1056 1980; baseline 0.003 -12"><span class='ocrx_word' id='word_1_212' title='bbox 343 1950 364 1968; x_wconf 86' lang='grc' dir='ltr'><strong>σ</strong></span> <span class='ocrx_word' id='word_1_213' title='bbox 380 1939 409 1969; x_wconf 85' lang='grc'><strong>111</strong></span> <span class='ocrx_word' id='word_1_214' title='bbox 426 1940 523 1979; x_wconf 88' lang='lat' dir='ltr'><strong>prima</strong></span> <span class='ocrx_word' id='word_1_215' title='bbox 539 1940 669 1979; x_wconf 70' lang='lat' dir='ltr'><strong>syllaba,</strong></span> <span class='ocrx_word' id='word_1_216' title='bbox 685 1950 744 1980; x_wconf 88' lang='lat' dir='ltr'><strong>qua</strong></span> <span class='ocrx_word' id='word_1_217' title='bbox 765 1941 804 1970; x_wconf 87' lang='lat' dir='ltr'><strong>de</strong></span> <span class='ocrx_word' id='word_1_218' title='bbox 825 1951 857 1970; x_wconf 90' lang='lat' dir='ltr'><strong>re</strong></span> <span class='ocrx_word' id='word_1_219' title='bbox 876 1940 938 1979; x_wconf 83' lang='lat' dir='ltr'><strong>jam</strong></span> <span class='ocrx_word' id='word_1_220' title='bbox 963 1951 1056 1980; x_wconf 81' lang='lat' dir='ltr'><strong>supra</strong></span> 
     </span>
     <span class='ocr_line' id='line_1_41' title="bbox 344 1982 748 2021; baseline 0.002 -9"><span class='ocrx_word' id='word_1_221' title='bbox 344 1982 381 2012; x_wconf 86' lang='lat' dir='ltr'><strong>ad</strong></span> <span class='ocrx_word' id='word_1_222' title='bbox 395 1993 425 2021; x_wconf 90' lang='lat' dir='ltr'><strong>p.</strong></span> <span class='ocrx_word' id='word_1_223' title='bbox 443 1985 516 2015; x_wconf 87' lang='grc'><strong>678.</strong></span> <span class='ocrx_word' id='word_1_224' title='bbox 534 1985 584 2014; x_wconf 86' lang='grc'><strong>19.</strong></span> <span class='ocrx_word' id='word_1_225' title='bbox 601 1983 748 2014; x_wconf 85' lang='lat' dir='ltr'><strong>diximus.</strong></span> 
     </span>
    </p>
   </div>
   <div class='ocr_carea' id='block_1_3' title="bbox 975 650 1061 680">
    <p class='ocr_par' dir='ltr' id='par_1_19' title="bbox 975 650 1061 680">
     <span class='ocr_line' id='line_1_42' title="bbox 975 650 1061 680; baseline 0.012 -1"><span class='ocrx_word' id='word_1_226' title='bbox 975 650 1061 680; x_wconf 89' lang='lat' dir='ltr'><strong>locus</strong></span> 
     </span>
    </p>
   </div>
   <div class='ocr_carea' id='block_1_4' title="bbox 336 2026 1058 3060">
    <p class='ocr_par' dir='ltr' id='par_1_20' title="bbox 345 2026 1058 2110">
     <span class='ocr_line' id='line_1_43' title="bbox 386 2026 1058 2068; baseline -0.001 -11"><span class='ocrx_word' id='word_1_227' title='bbox 386 2044 430 2048; x_wconf 91' lang='lat'><em>-</em></span> <span class='ocrx_word' id='word_1_228' title='bbox 445 2028 497 2057; x_wconf 68' lang='lat'><strong>94.</strong></span> <span class='ocrx_word' id='word_1_229' title='bbox 519 2026 783 2068; x_wconf 68' lang='grc' dir='ltr'><strong>καὶ-ὑπηρέτας]</strong></span> <span class='ocrx_word' id='word_1_230' title='bbox 808 2027 903 2058; x_wconf 87' lang='lat' dir='ltr'><strong>verba</strong></span> <span class='ocrx_word' id='word_1_231' title='bbox 925 2026 973 2057; x_wconf 73' lang='grc' dir='ltr'><strong>καὶ</strong></span> <span class='ocrx_word' id='word_1_232' title='bbox 994 2027 1058 2061; x_wconf 74' lang='grc' dir='ltr'><strong>τοὺς</strong></span> 
     </span>
     <span class='ocr_line' id='line_1_44' title="bbox 345 2068 1057 2110; baseline 0.004 -13"><span class='ocrx_word' id='word_1_233' title='bbox 345 2068 509 2104; x_wconf 74' lang='grc' dir='ltr'>ἀποδέκτας</span> <span class='ocrx_word' id='word_1_234' title='bbox 523 2069 572 2099; x_wconf 69' lang='grc' dir='ltr'>καί</span> <span class='ocrx_word' id='word_1_235' title='bbox 591 2071 656 2104; x_wconf 75' lang='grc' dir='ltr'><strong>τοὺς</strong></span> <span class='ocrx_word' id='word_1_236' title='bbox 671 2069 811 2110; x_wconf 57' lang='grc' dir='ltr'><strong>ὑπηρέτας</strong></span> <span class='ocrx_word' id='word_1_237' title='bbox 826 2071 938 2100; x_wconf 89' lang='lat' dir='ltr'><strong>desunt</strong></span> <span class='ocrx_word' id='word_1_238' title='bbox 954 2081 1057 2110; x_wconf 89' lang='lat' dir='ltr'><strong>supra.</strong></span> 
     </span>
    </p>

    <p class='ocr_par' dir='ltr' id='par_1_21' title="bbox 343 2112 1058 2576">
     <span class='ocr_line' id='line_1_45' title="bbox 387 2112 1058 2154; baseline 0.001 -12"><span class='ocrx_word' id='word_1_239' title='bbox 387 2113 462 2143; x_wconf 87' lang='lat'><strong>¹751.</strong></span> <span class='ocrx_word' id='word_1_240' title='bbox 478 2116 508 2143; x_wconf 73' lang='lat'><strong>2.</strong></span> <span class='ocrx_word' id='word_1_241' title='bbox 528 2116 584 2143; x_wconf 78' lang='grc' dir='ltr'><strong>τῶν</strong></span> <span class='ocrx_word' id='word_1_242' title='bbox 599 2113 695 2143; x_wconf 73' lang='grc' dir='ltr'><strong>ἄλλων</strong></span> <span class='ocrx_word' id='word_1_243' title='bbox 710 2112 802 2154; x_wconf 69' lang='grc' dir='ltr'><strong>ἕνεκα]</strong></span> <span class='ocrx_word' id='word_1_244' title='bbox 818 2118 919 2154; x_wconf 87' lang='lat' dir='ltr'><strong>potest</strong></span> <span class='ocrx_word' id='word_1_245' title='bbox 934 2113 993 2143; x_wconf 94' lang='grc' dir='ltr'><strong>11οο</strong></span> <span class='ocrx_word' id='word_1_246' title='bbox 1005 2118 1058 2143; x_wconf 88' lang='lat' dir='ltr'><strong>aut</strong></span> 
     </span>
     <span class='ocr_line' id='line_1_46' title="bbox 346 2155 1056 2193; baseline 0.003 -9"><span class='ocrx_word' id='word_1_247' title='bbox 346 2165 363 2185; x_wconf 82' lang='lat' dir='ltr'><strong>a</strong></span> <span class='ocrx_word' id='word_1_248' title='bbox 377 2155 546 2185; x_wconf 85' lang='lat' dir='ltr'><strong>masculino</strong></span> <span class='ocrx_word' id='word_1_249' title='bbox 562 2156 658 2193; x_wconf 80' lang='grc' dir='ltr'><strong>ἄλλοι,</strong></span> <span class='ocrx_word' id='word_1_250' title='bbox 673 2160 726 2186; x_wconf 88' lang='lat' dir='ltr'><strong>aut</strong></span> <span class='ocrx_word' id='word_1_251' title='bbox 748 2167 765 2186; x_wconf 81' lang='lat' dir='ltr'><strong>a</strong></span> <span class='ocrx_word' id='word_1_252' title='bbox 787 2161 894 2187; x_wconf 88' lang='lat' dir='ltr'><strong>neutro</strong></span> <span class='ocrx_word' id='word_1_253' title='bbox 911 2156 991 2186; x_wconf 75' lang='grc' dir='ltr'><strong>ἄλλοι</strong></span> <span class='ocrx_word' id='word_1_254' title='bbox 1008 2167 1056 2186; x_wconf 90' lang='lat' dir='ltr'><strong>re-</strong></span> 
     </span>
     <span class='ocr_line' id='line_1_47' title="bbox 344 2198 1055 2239; baseline 0.001 -11"><span class='ocrx_word' id='word_1_255' title='bbox 344 2198 417 2239; x_wconf 83' lang='lat' dir='ltr'><strong>peti.</strong></span> <span class='ocrx_word' id='word_1_256' title='bbox 443 2199 468 2229; x_wconf 89' lang='lat' dir='ltr'><strong>si</strong></span> <span class='ocrx_word' id='word_1_257' title='bbox 491 2199 589 2239; x_wconf 88' lang='lat' dir='ltr'><strong>prius,</strong></span> <span class='ocrx_word' id='word_1_258' title='bbox 619 2205 682 2229; x_wconf 88' lang='lat' dir='ltr'><strong>tum</strong></span> <span class='ocrx_word' id='word_1_259' title='bbox 708 2199 768 2229; x_wconf 85' lang='lat' dir='ltr'><strong>erit</strong></span> <span class='ocrx_word' id='word_1_260' title='bbox 791 2200 856 2229; x_wconf 88' lang='lat' dir='ltr'><strong>haec</strong></span> <span class='ocrx_word' id='word_1_261' title='bbox 884 2200 1055 2230; x_wconf 87' lang='lat' dir='ltr'><strong>sententia:</strong></span> 
     </span>
     <span class='ocr_line' id='line_1_48' title="bbox 344 2243 1056 2282; baseline 0.003 -11"><span class='ocrx_word' id='word_1_262' title='bbox 344 2245 472 2281; x_wconf 88' lang='lat' dir='ltr'><strong>propter</strong></span> <span class='ocrx_word' id='word_1_263' title='bbox 488 2253 541 2272; x_wconf 90' lang='lat' dir='ltr'><strong>seu</strong></span> <span class='ocrx_word' id='word_1_264' title='bbox 557 2243 691 2282; x_wconf 80' lang='lat' dir='ltr'><strong>reliquos</strong></span> <span class='ocrx_word' id='word_1_265' title='bbox 702 2244 841 2279; x_wconf 87' lang='lat' dir='ltr'><strong>Graecos,</strong></span> <span class='ocrx_word' id='word_1_266' title='bbox 854 2254 906 2273; x_wconf 89' lang='lat' dir='ltr'><strong>seu</strong></span> <span class='ocrx_word' id='word_1_267' title='bbox 920 2243 1056 2281; x_wconf 88' lang='lat' dir='ltr'><strong>reliquos</strong></span> 
     </span>
     <span class='ocr_line' id='line_1_49' title="bbox 343 2285 1055 2325; baseline 0.001 -11"><span class='ocrx_word' id='word_1_268' title='bbox 343 2285 429 2315; x_wconf 89' lang='lat' dir='ltr'><strong>cives</strong></span> <span class='ocrx_word' id='word_1_269' title='bbox 445 2289 581 2322; x_wconf 85' lang='lat' dir='ltr'><strong>vestros,</strong></span> <span class='ocrx_word' id='word_1_270' title='bbox 597 2297 656 2316; x_wconf 95' lang='lat' dir='ltr'><strong>non</strong></span> <span class='ocrx_word' id='word_1_271' title='bbox 672 2286 809 2322; x_wconf 84' lang='lat' dir='ltr'><strong>aerarios,</strong></span> <span class='ocrx_word' id='word_1_272' title='bbox 826 2286 877 2325; x_wconf 90' lang='lat' dir='ltr'><strong>qui</strong></span> <span class='ocrx_word' id='word_1_273' title='bbox 898 2285 1055 2316; x_wconf 84' lang='lat' dir='ltr'><strong>offendun-</strong></span> 
     </span>
     <span class='ocr_line' id='line_1_50' title="bbox 344 2329 1055 2369; baseline 0.003 -12"><span class='ocrx_word' id='word_1_274' title='bbox 344 2334 395 2358; x_wconf 86' lang='lat' dir='ltr'><strong>tur</strong></span> <span class='ocrx_word' id='word_1_275' title='bbox 425 2332 457 2358; x_wconf 87' lang='lat' dir='ltr'><strong>et</strong></span> <span class='ocrx_word' id='word_1_276' title='bbox 490 2329 640 2360; x_wconf 84' lang='lat' dir='ltr'><strong>adversus</strong></span> <span class='ocrx_word' id='word_1_277' title='bbox 669 2340 766 2369; x_wconf 88' lang='lat' dir='ltr'><strong>remp.</strong></span> <span class='ocrx_word' id='word_1_278' title='bbox 798 2330 1055 2369; x_wconf 85' lang='lat' dir='ltr'><strong>magistratusque</strong></span> 
     </span>
     <span class='ocr_line' id='line_1_51' title="bbox 344 2372 1055 2412; baseline 0 -11"><span class='ocrx_word' id='word_1_279' title='bbox 344 2373 564 2402; x_wconf 83' lang='lat' dir='ltr'><strong>exacerbantur</strong></span> <span class='ocrx_word' id='word_1_280' title='bbox 579 2373 636 2402; x_wconf 89' lang='lat' dir='ltr'><strong>hac</strong></span> <span class='ocrx_word' id='word_1_281' title='bbox 650 2374 856 2410; x_wconf 79' lang='lat' dir='ltr'><strong>exactionum,</strong></span> <span class='ocrx_word' id='word_1_282' title='bbox 868 2383 928 2412; x_wconf 85' lang='lat' dir='ltr'><strong>qua</strong></span> <span class='ocrx_word' id='word_1_283' title='bbox 942 2372 992 2402; x_wconf 87' lang='lat' dir='ltr'><strong>isti</strong></span> <span class='ocrx_word' id='word_1_284' title='bbox 1007 2373 1055 2402; x_wconf 89' lang='lat' dir='ltr'><strong>usi</strong></span> 
     </span>
     <span class='ocr_line' id='line_1_52' title="bbox 345 2415 1054 2456; baseline 0.003 -13"><span class='ocrx_word' id='word_1_285' title='bbox 345 2419 424 2450; x_wconf 91' lang='lat' dir='ltr'><strong>sunt,</strong></span> <span class='ocrx_word' id='word_1_286' title='bbox 438 2415 603 2446; x_wconf 85' lang='lat' dir='ltr'><strong>severitate</strong></span> <span class='ocrx_word' id='word_1_287' title='bbox 615 2416 662 2446; x_wconf 86' lang='lat' dir='ltr'><strong>vel</strong></span> <span class='ocrx_word' id='word_1_288' title='bbox 673 2417 854 2447; x_wconf 80' lang='lat' dir='ltr'><strong>crudelitate</strong></span> <span class='ocrx_word' id='word_1_289' title='bbox 865 2415 978 2456; x_wconf 88' lang='lat' dir='ltr'><strong>potius.</strong></span> <span class='ocrx_word' id='word_1_290' title='bbox 1001 2416 1054 2445; x_wconf 89' lang='lat' dir='ltr'><strong>Sin</strong></span> 
     </span>
     <span class='ocr_line' id='line_1_53' title="bbox 343 2458 1054 2499; baseline 0.003 -13"><span class='ocrx_word' id='word_1_291' title='bbox 343 2458 505 2497; x_wconf 81' lang='lat' dir='ltr'><strong>posterius,</strong></span> <span class='ocrx_word' id='word_1_292' title='bbox 529 2459 628 2499; x_wconf 84' lang='lat' dir='ltr'><strong>accipi</strong></span> <span class='ocrx_word' id='word_1_293' title='bbox 651 2459 752 2498; x_wconf 88' lang='lat' dir='ltr'><strong>possit</strong></span> <span class='ocrx_word' id='word_1_294' title='bbox 775 2460 842 2490; x_wconf 81' lang='lat' dir='ltr'><strong>sio:</strong></span> <span class='ocrx_word' id='word_1_295' title='bbox 867 2463 995 2499; x_wconf 85' lang='lat' dir='ltr'><strong>propter</strong></span> <span class='ocrx_word' id='word_1_296' title='bbox 1010 2459 1054 2488; x_wconf 90' lang='lat' dir='ltr'><strong>in-</strong></span> 
     </span>
     <span class='ocr_line' id='line_1_54' title="bbox 343 2502 1054 2534; baseline 0.004 -5"><span class='ocrx_word' id='word_1_297' title='bbox 343 2502 503 2531; x_wconf 82' lang='lat' dir='ltr'><strong>commoda</strong></span> <span class='ocrx_word' id='word_1_298' title='bbox 527 2503 621 2532; x_wconf 88' lang='lat' dir='ltr'><strong>breve</strong></span> <span class='ocrx_word' id='word_1_299' title='bbox 649 2503 705 2532; x_wconf 87' lang='lat' dir='ltr'><strong>hoc</strong></span> <span class='ocrx_word' id='word_1_300' title='bbox 728 2508 760 2533; x_wconf 93' lang='lat' dir='ltr'><strong>et</strong></span> <span class='ocrx_word' id='word_1_301' title='bbox 785 2504 944 2534; x_wconf 86' lang='lat' dir='ltr'><strong>mediocre</strong></span> <span class='ocrx_word' id='word_1_302' title='bbox 971 2512 1054 2532; x_wconf 89' lang='lat' dir='ltr'><strong>emo·</strong></span> 
     </span>
     <span class='ocr_line' id='line_1_55' title="bbox 343 2543 830 2577; baseline 0.008 -5"><span class='ocrx_word' id='word_1_303' title='bbox 343 2543 510 2574; x_wconf 80' lang='lat' dir='ltr'><strong>iumentum</strong></span> <span class='ocrx_word' id='word_1_304' title='bbox 528 2545 600 2575; x_wconf 87' lang='lat' dir='ltr'><strong>olim</strong></span> <span class='ocrx_word' id='word_1_305' title='bbox 615 2551 830 2577; x_wconf 85' lang='lat' dir='ltr'><strong>consecutura.</strong></span> 
     </span>
    </p>

    <p class='ocr_par' dir='ltr' id='par_1_22' title="bbox 340 2586 1055 2800">
     <span class='ocr_line' id='line_1_56' title="bbox 385 2586 1055 2637; baseline 0.003 -19"><span class='ocrx_word' id='word_1_306' title='bbox 385 2604 429 2608; x_wconf 89' lang='lat'>—</span> <span class='ocrx_word' id='word_1_307' title='bbox 450 2590 481 2618; x_wconf 89' lang='grc'><strong>4.</strong></span> <span class='ocrx_word' id='word_1_308' title='bbox 506 2586 590 2618; x_wconf 78' lang='grc' dir='ltr'><strong>πέντε</strong></span> <span class='ocrx_word' id='word_1_309' title='bbox 613 2589 778 2637; x_wconf 76' lang='grc' dir='ltr'>ταλάντων]</span> <span class='ocrx_word' id='word_1_310' title='bbox 801 2599 895 2629; x_wconf 85' lang='lat' dir='ltr'><strong>supra</strong></span> <span class='ocrx_word' id='word_1_311' title='bbox 917 2601 1055 2620; x_wconf 79' lang='grc' dir='ltr'><strong>τοσουτων</strong></span> 
     </span>
     <span class='ocr_line' id='line_1_57' title="bbox 340 2629 1054 2673; baseline 0.007 -15"><span class='ocrx_word' id='word_1_312' title='bbox 340 2629 510 2670; x_wconf 75' lang='grc' dir='ltr'><strong>χρημάτων.</strong></span> <span class='ocrx_word' id='word_1_313' title='bbox 532 2631 586 2660; x_wconf 89' lang='lat' dir='ltr'><strong>ubi</strong></span> <span class='ocrx_word' id='word_1_314' title='bbox 604 2631 694 2661; x_wconf 87' lang='lat' dir='ltr'><strong>etiam</strong></span> <span class='ocrx_word' id='word_1_315' title='bbox 718 2632 777 2662; x_wconf 89' lang='lat' dir='ltr'><strong>alia</strong></span> <span class='ocrx_word' id='word_1_316' title='bbox 798 2634 885 2663; x_wconf 87' lang='lat' dir='ltr'><strong>aliter</strong></span> <span class='ocrx_word' id='word_1_317' title='bbox 903 2638 1054 2673; x_wconf 83' lang='lat' dir='ltr'><strong>prostant,</strong></span> 
     </span>
     <span class='ocr_line' id='line_1_58' title="bbox 342 2673 1054 2714; baseline 0.006 -12"><span class='ocrx_word' id='word_1_318' title='bbox 342 2683 409 2711; x_wconf 88' lang='lat' dir='ltr'><strong>quae</strong></span> <span class='ocrx_word' id='word_1_319' title='bbox 421 2673 586 2713; x_wconf 79' lang='lat' dir='ltr'><strong>diiigenter</strong></span> <span class='ocrx_word' id='word_1_320' title='bbox 600 2684 767 2714; x_wconf 87' lang='lat' dir='ltr'><strong>congerere</strong></span> <span class='ocrx_word' id='word_1_321' title='bbox 783 2680 815 2705; x_wconf 92' lang='lat' dir='ltr'><strong>et</strong></span> <span class='ocrx_word' id='word_1_322' title='bbox 829 2677 908 2707; x_wconf 89' lang='lat' dir='ltr'><strong>inter</strong></span> <span class='ocrx_word' id='word_1_323' title='bbox 924 2686 958 2706; x_wconf 91' lang='lat' dir='ltr'><strong>se</strong></span> <span class='ocrx_word' id='word_1_324' title='bbox 971 2687 1054 2706; x_wconf 88' lang='lat' dir='ltr'><strong>com·</strong></span> 
     </span>
     <span class='ocr_line' id='line_1_59' title="bbox 341 2719 1054 2758; baseline 0.007 -13"><span class='ocrx_word' id='word_1_325' title='bbox 341 2726 448 2755; x_wconf 88' lang='lat' dir='ltr'><strong>parare</strong></span> <span class='ocrx_word' id='word_1_326' title='bbox 470 2726 568 2756; x_wconf 88' lang='lat' dir='ltr'><strong>neque</strong></span> <span class='ocrx_word' id='word_1_327' title='bbox 585 2719 687 2756; x_wconf 80' lang='lat' dir='ltr'><strong>juvat,</strong></span> <span class='ocrx_word' id='word_1_328' title='bbox 704 2729 804 2758; x_wconf 89' lang='lat' dir='ltr'><strong>neque</strong></span> <span class='ocrx_word' id='word_1_329' title='bbox 821 2724 920 2750; x_wconf 88' lang='lat' dir='ltr'><strong>vacat.</strong></span> <span class='ocrx_word' id='word_1_330' title='bbox 965 2720 1054 2750; x_wconf 83' lang='lat' dir='ltr'><strong>Fecit</strong></span> 
     </span>
     <span class='ocr_line' id='line_1_60' title="bbox 341 2759 796 2800; baseline 0.007 -12"><span class='ocrx_word' id='word_1_331' title='bbox 341 2759 432 2789; x_wconf 78' lang='lat' dir='ltr'><strong>etiam</strong></span> <span class='ocrx_word' id='word_1_332' title='bbox 445 2769 485 2789; x_wconf 82' lang='lat' dir='ltr'><strong>ex</strong></span> <span class='ocrx_word' id='word_1_333' title='bbox 497 2765 584 2799; x_wconf 87' lang='lat' dir='ltr'><strong>parte</strong></span> <span class='ocrx_word' id='word_1_334' title='bbox 595 2761 660 2798; x_wconf 88' lang='lat' dir='ltr'><strong>jam</strong></span> <span class='ocrx_word' id='word_1_335' title='bbox 674 2761 796 2800; x_wconf 80' lang='lat' dir='ltr'><strong>Taylor.</strong></span> 
     </span>
    </p>

    <p class='ocr_par' dir='ltr' id='par_1_23' title="bbox 340 2804 1052 2962">
     <span class='ocr_line' id='line_1_61' title="bbox 382 2804 1052 2845; baseline 0.006 -13"><span class='ocrx_word' id='word_1_336' title='bbox 382 2820 426 2826; x_wconf 93' lang='lat'><strong>—-</strong></span> <span class='ocrx_word' id='word_1_337' title='bbox 449 2804 501 2832; x_wconf 91' lang='lat'><strong>16.</strong></span> <span class='ocrx_word' id='word_1_338' title='bbox 528 2804 749 2845; x_wconf 68' lang='grc' dir='ltr'><strong>κατηγοξοῧμεν]</strong></span> <span class='ocrx_word' id='word_1_339' title='bbox 779 2805 902 2835; x_wconf 85' lang='lat' dir='ltr'><strong>correxi</strong></span> <span class='ocrx_word' id='word_1_340' title='bbox 927 2817 1052 2844; x_wconf 76' lang='grc' dir='ltr'><strong>κατηγο-</strong></span> 
     </span>
     <span class='ocr_line' id='line_1_62' title="bbox 340 2845 1052 2886; baseline 0.007 -12"><span class='ocrx_word' id='word_1_341' title='bbox 340 2845 424 2886; x_wconf 74' lang='grc' dir='ltr'><strong>ροῦσι.</strong></span> <span class='ocrx_word' id='word_1_342' title='bbox 447 2850 550 2876; x_wconf 82' lang='lat' dir='ltr'><strong>narrat</strong></span> <span class='ocrx_word' id='word_1_343' title='bbox 572 2847 651 2876; x_wconf 89' lang='lat' dir='ltr'><strong>enim</strong></span> <span class='ocrx_word' id='word_1_344' title='bbox 667 2847 745 2883; x_wconf 88' lang='lat' dir='ltr'><strong>haec,</strong></span> <span class='ocrx_word' id='word_1_345' title='bbox 770 2852 804 2877; x_wconf 91' lang='lat' dir='ltr'><strong>ut</strong></span> <span class='ocrx_word' id='word_1_346' title='bbox 826 2849 930 2878; x_wconf 86' lang='lat' dir='ltr'><strong>audita</strong></span> <span class='ocrx_word' id='word_1_347' title='bbox 950 2854 980 2878; x_wconf 86' lang='lat' dir='ltr'><strong>et</strong></span> <span class='ocrx_word' id='word_1_348' title='bbox 1000 2860 1052 2879; x_wconf 89' lang='lat' dir='ltr'><strong>ac-</strong></span> 
     </span>
     <span class='ocr_line' id='line_1_63' title="bbox 341 2889 1051 2931; baseline 0.004 -13"><span class='ocrx_word' id='word_1_349' title='bbox 341 2893 430 2928; x_wconf 85' lang='lat' dir='ltr'><strong>cepta</strong></span> <span class='ocrx_word' id='word_1_350' title='bbox 445 2900 463 2919; x_wconf 89' lang='lat' dir='ltr'><strong>a</strong></span> <span class='ocrx_word' id='word_1_351' title='bbox 476 2889 652 2928; x_wconf 80' lang='lat' dir='ltr'><strong>majoribus.</strong></span> <span class='ocrx_word' id='word_1_352' title='bbox 676 2892 826 2926; x_wconf 78' lang='lat' dir='ltr'><strong>incusant,</strong></span> <span class='ocrx_word' id='word_1_353' title='bbox 843 2891 908 2921; x_wconf 82' lang='lat' dir='ltr'><strong>scii.</strong></span> <span class='ocrx_word' id='word_1_354' title='bbox 926 2891 983 2928; x_wconf 89' lang='lat' dir='ltr'><strong>illi,</strong></span> <span class='ocrx_word' id='word_1_355' title='bbox 1000 2893 1051 2931; x_wconf 90' lang='lat' dir='ltr'><strong>qui</strong></span> 
     </span>
     <span class='ocr_line' id='line_1_64' title="bbox 341 2932 707 2963; baseline 0.006 -3"><span class='ocrx_word' id='word_1_356' title='bbox 341 2932 429 2961; x_wconf 87' lang='lat' dir='ltr'><strong>uobis</strong></span> <span class='ocrx_word' id='word_1_357' title='bbox 446 2932 511 2962; x_wconf 83' lang='lat' dir='ltr'><strong>haec</strong></span> <span class='ocrx_word' id='word_1_358' title='bbox 527 2933 707 2963; x_wconf 79' lang='lat' dir='ltr'><strong>retulerunt.</strong></span> 
     </span>
    </p>

    <p class='ocr_par' dir='ltr' id='par_1_24' title="bbox 336 2974 1052 3060">
     <span class='ocr_line' id='line_1_65' title="bbox 382 2974 1052 3017; baseline 0.003 -12"><span class='ocrx_word' id='word_1_359' title='bbox 382 2992 424 2997; x_wconf 92' lang='lat'>—</span> <span class='ocrx_word' id='word_1_360' title='bbox 440 2977 492 3006; x_wconf 70' lang='lat'><strong>93.</strong></span> <span class='ocrx_word' id='word_1_361' title='bbox 515 2974 604 3005; x_wconf 81' lang='grc' dir='ltr'><strong>πόλλ’</strong></span> <span class='ocrx_word' id='word_1_362' title='bbox 624 2975 784 3017; x_wconf 72' lang='grc' dir='ltr'><strong>ἀνηλωκὼς]</strong></span> <span class='ocrx_word' id='word_1_363' title='bbox 808 2976 930 3007; x_wconf 88' lang='lat' dir='ltr'><strong>correxi</strong></span> <span class='ocrx_word' id='word_1_364' title='bbox 954 2979 1052 3007; x_wconf 72' lang='grc' dir='ltr'><strong>πολλὰ</strong></span> 
     </span>
     <span class='ocr_line' id='line_1_66' title="bbox 336 3014 1052 3060; baseline 0.006 -13"><span class='ocrx_word' id='word_1_365' title='bbox 336 3014 361 3044; x_wconf 82' lang='grc' dir='ltr'><strong>δ’</strong></span> <span class='ocrx_word' id='word_1_366' title='bbox 376 3018 531 3053; x_wconf 76' lang='grc' dir='ltr'><strong>ἀνηλωκώς.</strong></span> <span class='ocrx_word' id='word_1_367' title='bbox 548 3025 579 3050; x_wconf 89' lang='lat' dir='ltr'><strong>ut</strong></span> <span class='ocrx_word' id='word_1_368' title='bbox 593 3030 696 3060; x_wconf 85' lang='lat' dir='ltr'><strong>supra,</strong></span> <span class='ocrx_word' id='word_1_369' title='bbox 708 3020 760 3051; x_wconf 73' lang='lat' dir='ltr'><strong>ubi</strong></span> <span class='ocrx_word' id='word_1_370' title='bbox 777 3021 841 3050; x_wconf 82' lang='lat' dir='ltr'><strong>baec</strong></span> <span class='ocrx_word' id='word_1_371' title='bbox 851 3020 948 3051; x_wconf 88' lang='lat' dir='ltr'><strong>multo</strong></span> <span class='ocrx_word' id='word_1_372' title='bbox 962 3020 1052 3051; x_wconf 77' lang='lat' dir='ltr'><strong>aliter</strong></span> 
     </span>
    </p>
   </div>
   <div class='ocr_carea' id='block_1_5' title="bbox 1095 195 1426 242">
    <p class='ocr_par' dir='ltr' id='par_1_25' title="bbox 1095 195 1426 242">
     <span class='ocr_line' id='line_1_67' title="bbox 1095 195 1426 242; baseline 0.003 -1"><span class='ocrx_word' id='word_1_373' title='bbox 1095 195 1426 242; x_wconf 85' lang='lat' dir='ltr'><strong>ANNOTATA</strong></span> 
     </span>
    </p>
   </div>
   <div class='ocr_carea' id='block_1_6' title="bbox 1086 304 1811 3052">
    <p class='ocr_par' dir='ltr' id='par_1_26' title="bbox 1094 304 1808 379">
     <span class='ocr_line' id='line_1_68' title="bbox 1094 304 1808 345; baseline 0.003 -12"><span class='ocrx_word' id='word_1_374' title='bbox 1094 304 1238 343; x_wconf 83' lang='lat' dir='ltr'><strong>leguntur</strong></span> <span class='ocrx_word' id='word_1_375' title='bbox 1248 309 1278 334; x_wconf 85' lang='lat' dir='ltr'><strong>et</strong></span> <span class='ocrx_word' id='word_1_376' title='bbox 1289 305 1476 345; x_wconf 84' lang='lat' dir='ltr'><strong>exquisitius</strong></span> <span class='ocrx_word' id='word_1_377' title='bbox 1486 304 1580 342; x_wconf 82' lang='lat' dir='ltr'><strong>dicta,</strong></span> <span class='ocrx_word' id='word_1_378' title='bbox 1592 307 1623 335; x_wconf 88' lang='lat' dir='ltr'><strong>et</strong></span> <span class='ocrx_word' id='word_1_379' title='bbox 1635 312 1808 335; x_wconf 76' lang='lat' dir='ltr'><strong>accommo-</strong></span> 
     </span>
     <span class='ocr_line' id='line_1_69' title="bbox 1095 348 1771 379; baseline 0 -2"><span class='ocrx_word' id='word_1_380' title='bbox 1095 348 1198 377; x_wconf 82' lang='lat' dir='ltr'><strong>datius</strong></span> <span class='ocrx_word' id='word_1_381' title='bbox 1212 348 1250 377; x_wconf 88' lang='lat' dir='ltr'><strong>ad</strong></span> <span class='ocrx_word' id='word_1_382' title='bbox 1267 348 1561 379; x_wconf 79' lang='lat' dir='ltr'><strong>commiserationem</strong></span> <span class='ocrx_word' id='word_1_383' title='bbox 1577 348 1771 378; x_wconf 84' lang='lat' dir='ltr'><strong>movendam.</strong></span> 
     </span>
    </p>

    <p class='ocr_par' dir='ltr' id='par_1_27' title="bbox 1095 390 1809 732">
     <span class='ocr_line' id='line_1_70' title="bbox 1138 390 1808 433; baseline 0.002 -13"><span class='ocrx_word' id='word_1_384' title='bbox 1138 408 1181 413; x_wconf 89' lang='lat'>—</span> <span class='ocrx_word' id='word_1_385' title='bbox 1195 401 1266 429; x_wconf 89' lang='lat' dir='ltr'><strong>pen.</strong></span> <span class='ocrx_word' id='word_1_386' title='bbox 1288 393 1328 421; x_wconf 69' lang='grc' dir='ltr'><strong>τοὶ</strong></span> <span class='ocrx_word' id='word_1_387' title='bbox 1344 390 1548 433; x_wconf 70' lang='grc' dir='ltr'><strong>πεπραγμένα]</strong></span> <span class='ocrx_word' id='word_1_388' title='bbox 1573 401 1603 420; x_wconf 82' lang='grc' dir='ltr'><strong>ν.</strong></span> <span class='ocrx_word' id='word_1_389' title='bbox 1619 393 1738 429; x_wconf 85' lang='lat' dir='ltr'><strong>p.580.</strong></span> <span class='ocrx_word' id='word_1_390' title='bbox 1753 393 1808 422; x_wconf 88' lang='grc'><strong>17.</strong></span> 
     </span>
     <span class='ocr_line' id='line_1_71' title="bbox 1095 432 1805 473; baseline -0.003 -9"><span class='ocrx_word' id='word_1_391' title='bbox 1095 435 1136 464; x_wconf 65' lang='grc' dir='ltr'><strong>’τὰ</strong></span> <span class='ocrx_word' id='word_1_392' title='bbox 1151 432 1341 473; x_wconf 77' lang='grc' dir='ltr'><strong>πεπραγμένα.</strong></span> <span class='ocrx_word' id='word_1_393' title='bbox 1356 440 1436 470; x_wconf 87' lang='lat' dir='ltr'><strong>sunt,</strong></span> <span class='ocrx_word' id='word_1_394' title='bbox 1451 438 1503 464; x_wconf 85' lang='lat' dir='ltr'><strong>aut</strong></span> <span class='ocrx_word' id='word_1_395' title='bbox 1524 444 1571 464; x_wconf 85' lang='lat' dir='ltr'><strong>res</strong></span> <span class='ocrx_word' id='word_1_396' title='bbox 1587 434 1626 463; x_wconf 89' lang='lat' dir='ltr'><strong>ab</strong></span> <span class='ocrx_word' id='word_1_397' title='bbox 1639 444 1677 463; x_wconf 89' lang='lat' dir='ltr'><strong>eo</strong></span> <span class='ocrx_word' id='word_1_398' title='bbox 1696 438 1805 472; x_wconf 82' lang='lat' dir='ltr'><strong>gestae,</strong></span> 
     </span>
     <span class='ocr_line' id='line_1_72' title="bbox 1096 476 1806 516; baseline 0 -10"><span class='ocrx_word' id='word_1_399' title='bbox 1096 482 1149 506; x_wconf 88' lang='lat' dir='ltr'><strong>aut</strong></span> <span class='ocrx_word' id='word_1_400' title='bbox 1163 477 1293 506; x_wconf 81' lang='lat' dir='ltr'><strong>fortunae</strong></span> <span class='ocrx_word' id='word_1_401' title='bbox 1308 478 1387 516; x_wconf 89' lang='lat' dir='ltr'><strong>ejus,</strong></span> <span class='ocrx_word' id='word_1_402' title='bbox 1400 487 1462 513; x_wconf 89' lang='lat' dir='ltr'><strong>res,</strong></span> <span class='ocrx_word' id='word_1_403' title='bbox 1476 487 1543 516; x_wconf 87' lang='lat' dir='ltr'><strong>quae</strong></span> <span class='ocrx_word' id='word_1_404' title='bbox 1555 477 1628 516; x_wconf 88' lang='lat' dir='ltr'><strong>ipsi,</strong></span> <span class='ocrx_word' id='word_1_405' title='bbox 1643 476 1726 506; x_wconf 82' lang='lat' dir='ltr'><strong>nulla</strong></span> <span class='ocrx_word' id='word_1_406' title='bbox 1738 476 1806 515; x_wconf 84' lang='lat' dir='ltr'><strong>ejus</strong></span> 
     </span>
     <span class='ocr_line' id='line_1_73' title="bbox 1096 520 1807 560; baseline -0.001 -11"><span class='ocrx_word' id='word_1_407' title='bbox 1096 521 1199 560; x_wconf 89' lang='lat' dir='ltr'><strong>culpa,</strong></span> <span class='ocrx_word' id='word_1_408' title='bbox 1215 520 1404 556; x_wconf 86' lang='lat' dir='ltr'><strong>acciderunt,</strong></span> <span class='ocrx_word' id='word_1_409' title='bbox 1423 525 1458 550; x_wconf 88' lang='lat' dir='ltr'><strong>ut</strong></span> <span class='ocrx_word' id='word_1_410' title='bbox 1471 520 1543 559; x_wconf 83' lang='lat' dir='ltr'><strong>fuga</strong></span> <span class='ocrx_word' id='word_1_411' title='bbox 1563 520 1671 559; x_wconf 82' lang='lat' dir='ltr'><strong>patriS,</strong></span> <span class='ocrx_word' id='word_1_412' title='bbox 1693 520 1807 549; x_wconf 83' lang='lat' dir='ltr'><strong>adhuc-</strong></span> 
     </span>
     <span class='ocr_line' id='line_1_74' title="bbox 1096 563 1806 602; baseline -0.001 -10"><span class='ocrx_word' id='word_1_413' title='bbox 1096 564 1169 593; x_wconf 84' lang='lat' dir='ltr'><strong>dum</strong></span> <span class='ocrx_word' id='word_1_414' title='bbox 1185 564 1296 599; x_wconf 83' lang='lat' dir='ltr'><strong>aerarii,</strong></span> <span class='ocrx_word' id='word_1_415' title='bbox 1309 565 1396 602; x_wconf 86' lang='lat' dir='ltr'><strong>eujus</strong></span> <span class='ocrx_word' id='word_1_416' title='bbox 1409 573 1467 593; x_wconf 86' lang='lat' dir='ltr'><strong>uon</strong></span> <span class='ocrx_word' id='word_1_417' title='bbox 1478 564 1611 602; x_wconf 87' lang='lat' dir='ltr'><strong>depensa</strong></span> <span class='ocrx_word' id='word_1_418' title='bbox 1621 563 1737 593; x_wconf 82' lang='lat' dir='ltr'><strong>mulcta</strong></span> <span class='ocrx_word' id='word_1_419' title='bbox 1747 572 1806 591; x_wconf 89' lang='lat' dir='ltr'><strong>non</strong></span> 
     </span>
     <span class='ocr_line' id='line_1_75' title="bbox 1095 604 1807 645; baseline -0.003 -9"><span class='ocrx_word' id='word_1_420' title='bbox 1095 607 1209 637; x_wconf 85' lang='lat' dir='ltr'><strong>licebat</strong></span> <span class='ocrx_word' id='word_1_421' title='bbox 1221 607 1283 636; x_wconf 90' lang='lat' dir='ltr'><strong>filio</strong></span> <span class='ocrx_word' id='word_1_422' title='bbox 1298 606 1328 636; x_wconf 89' lang='lat' dir='ltr'><strong>in</strong></span> <span class='ocrx_word' id='word_1_423' title='bbox 1341 608 1440 636; x_wconf 88' lang='lat' dir='ltr'><strong>forum</strong></span> <span class='ocrx_word' id='word_1_424' title='bbox 1453 607 1568 636; x_wconf 88' lang='lat' dir='ltr'><strong>venire.</strong></span> <span class='ocrx_word' id='word_1_425' title='bbox 1590 608 1631 636; x_wconf 66' lang='grc' dir='ltr'><strong>τὰ</strong></span> <span class='ocrx_word' id='word_1_426' title='bbox 1645 604 1807 645; x_wconf 65' lang='grc' dir='ltr'><strong>βεβιωμένα</strong></span> 
     </span>
     <span class='ocr_line' id='line_1_76' title="bbox 1096 648 1809 689; baseline -0.003 -10"><span class='ocrx_word' id='word_1_427' title='bbox 1096 655 1166 680; x_wconf 85' lang='lat' dir='ltr'><strong>sunt</strong></span> <span class='ocrx_word' id='word_1_428' title='bbox 1192 660 1292 680; x_wconf 87' lang='lat' dir='ltr'><strong>mores</strong></span> <span class='ocrx_word' id='word_1_429' title='bbox 1320 651 1386 689; x_wconf 86' lang='lat' dir='ltr'><strong>ejus</strong></span> <span class='ocrx_word' id='word_1_430' title='bbox 1412 649 1541 680; x_wconf 86' lang='lat' dir='ltr'><strong>consilio</strong></span> <span class='ocrx_word' id='word_1_431' title='bbox 1567 648 1715 688; x_wconf 85' lang='lat' dir='ltr'><strong>suscepti,</strong></span> <span class='ocrx_word' id='word_1_432' title='bbox 1743 648 1809 678; x_wconf 86' lang='lat' dir='ltr'><strong>vita</strong></span> 
     </span>
     <span class='ocr_line' id='line_1_77' title="bbox 1097 693 1415 746; baseline 0 -24"><span class='ocrx_word' id='word_1_433' title='bbox 1097 693 1196 732; x_wconf 88' lang='lat' dir='ltr'><strong>turpis</strong></span> <span class='ocrx_word' id='word_1_434' title='bbox 1210 697 1240 723; x_wconf 86' lang='lat' dir='ltr'><strong>et</strong></span> <span class='ocrx_word' id='word_1_435' title='bbox 1257 694 1415 746; x_wconf 58' lang='grc'><strong>1110111053.</strong></span> 
     </span>
    </p>

    <p class='ocr_par' dir='ltr' id='par_1_28' title="bbox 1093 733 1810 1161">
     <span class='ocr_line' id='line_1_78' title="bbox 1138 733 1808 778; baseline -0.003 -13"><span class='ocrx_word' id='word_1_436' title='bbox 1138 738 1212 767; x_wconf 81' lang='lat'><strong>75¹...</strong></span> <span class='ocrx_word' id='word_1_437' title='bbox 1192 739 1201 755; x_wconf 75' lang='lat'><strong>&#39;²</strong></span> <span class='ocrx_word' id='word_1_438' title='bbox 1231 739 1282 767; x_wconf 87' lang='lat'><strong>19.</strong></span> <span class='ocrx_word' id='word_1_439' title='bbox 1305 734 1353 765; x_wconf 77' lang='grc' dir='ltr'><strong>ἐπὶ</strong></span> <span class='ocrx_word' id='word_1_440' title='bbox 1367 735 1532 778; x_wconf 74' lang='grc' dir='ltr'><strong>χξημοισιν]</strong></span> <span class='ocrx_word' id='word_1_441' title='bbox 1557 733 1689 765; x_wconf 88' lang='lat' dir='ltr'><strong>subaudi</strong></span> <span class='ocrx_word' id='word_1_442' title='bbox 1703 734 1808 767; x_wconf 77' lang='grc' dir='ltr'><strong>κοινοῖς.</strong></span> 
     </span>
     <span class='ocr_line' id='line_1_79' title="bbox 1096 776 1809 818; baseline -0.003 -10"><span class='ocrx_word' id='word_1_443' title='bbox 1096 784 1222 818; x_wconf 90' lang='lat' dir='ltr'><strong>propter</strong></span> <span class='ocrx_word' id='word_1_444' title='bbox 1237 789 1280 808; x_wconf 81' lang='lat' dir='ltr'><strong>aes</strong></span> <span class='ocrx_word' id='word_1_445' title='bbox 1302 780 1460 817; x_wconf 91' lang='lat' dir='ltr'><strong>publicum</strong></span> <span class='ocrx_word' id='word_1_446' title='bbox 1478 780 1558 818; x_wconf 86' lang='lat' dir='ltr'><strong>reip.</strong></span> <span class='ocrx_word' id='word_1_447' title='bbox 1576 779 1725 812; x_wconf 86' lang='lat' dir='ltr'><strong>debitum,</strong></span> <span class='ocrx_word' id='word_1_448' title='bbox 1741 776 1809 807; x_wconf 83' lang='lat' dir='ltr'><strong>sive</strong></span> 
     </span>
     <span class='ocr_line' id='line_1_80' title="bbox 1096 819 1811 861; baseline -0.003 -10"><span class='ocrx_word' id='word_1_449' title='bbox 1096 832 1136 851; x_wconf 90' lang='lat' dir='ltr'><strong>ex</strong></span> <span class='ocrx_word' id='word_1_450' title='bbox 1152 822 1265 851; x_wconf 87' lang='lat' dir='ltr'><strong>mulcta</strong></span> <span class='ocrx_word' id='word_1_451' title='bbox 1280 821 1344 851; x_wconf 85' lang='lat' dir='ltr'><strong>litis</strong></span> <span class='ocrx_word' id='word_1_452' title='bbox 1365 822 1535 861; x_wconf 86' lang='lat' dir='ltr'><strong>cujusdam,</strong></span> <span class='ocrx_word' id='word_1_453' title='bbox 1550 831 1611 860; x_wconf 91' lang='lat' dir='ltr'><strong>qua</strong></span> <span class='ocrx_word' id='word_1_454' title='bbox 1631 819 1811 856; x_wconf 84' lang='lat' dir='ltr'><strong>cecidisset,</strong></span> 
     </span>
     <span class='ocr_line' id='line_1_81' title="bbox 1096 863 1810 903; baseline -0.001 -10"><span class='ocrx_word' id='word_1_455' title='bbox 1096 863 1162 893; x_wconf 83' lang='lat' dir='ltr'><strong>sive</strong></span> <span class='ocrx_word' id='word_1_456' title='bbox 1185 874 1225 893; x_wconf 84' lang='lat' dir='ltr'><strong>ex</strong></span> <span class='ocrx_word' id='word_1_457' title='bbox 1247 865 1404 903; x_wconf 88' lang='lat' dir='ltr'><strong>peculatu.</strong></span> <span class='ocrx_word' id='word_1_458' title='bbox 1431 864 1560 903; x_wconf 87' lang='lat' dir='ltr'><strong>opponit</strong></span> <span class='ocrx_word' id='word_1_459' title='bbox 1585 874 1628 893; x_wconf 80' lang='lat' dir='ltr'><strong>aes</strong></span> <span class='ocrx_word' id='word_1_460' title='bbox 1651 863 1810 902; x_wconf 86' lang='lat' dir='ltr'><strong>publicum</strong></span> 
     </span>
     <span class='ocr_line' id='line_1_82' title="bbox 1095 906 1808 945; baseline 0 -10"><span class='ocrx_word' id='word_1_461' title='bbox 1095 906 1226 945; x_wconf 84' lang='lat' dir='ltr'><strong>privato.</strong></span> <span class='ocrx_word' id='word_1_462' title='bbox 1251 907 1347 936; x_wconf 88' lang='lat' dir='ltr'><strong>multo</strong></span> <span class='ocrx_word' id='word_1_463' title='bbox 1376 911 1423 936; x_wconf 86' lang='lat' dir='ltr'><strong>est</strong></span> <span class='ocrx_word' id='word_1_464' title='bbox 1453 906 1578 945; x_wconf 83' lang='lat' dir='ltr'><strong>gravius</strong></span> <span class='ocrx_word' id='word_1_465' title='bbox 1604 906 1701 936; x_wconf 77' lang='lat' dir='ltr'><strong>aliena</strong></span> <span class='ocrx_word' id='word_1_466' title='bbox 1725 906 1808 936; x_wconf 89' lang='lat' dir='ltr'><strong>nolle</strong></span> 
     </span>
     <span class='ocr_line' id='line_1_83' title="bbox 1094 948 1809 988; baseline 0.001 -10"><span class='ocrx_word' id='word_1_467' title='bbox 1094 949 1236 985; x_wconf 85' lang='lat' dir='ltr'><strong>reddere,</strong></span> <span class='ocrx_word' id='word_1_468' title='bbox 1257 959 1346 988; x_wconf 87' lang='lat' dir='ltr'><strong>quam</strong></span> <span class='ocrx_word' id='word_1_469' title='bbox 1366 949 1449 979; x_wconf 90' lang='lat' dir='ltr'><strong>nolle</strong></span> <span class='ocrx_word' id='word_1_470' title='bbox 1469 949 1509 979; x_wconf 84' lang='lat' dir='ltr'><strong>de</strong></span> <span class='ocrx_word' id='word_1_471' title='bbox 1530 948 1593 979; x_wconf 91' lang='lat' dir='ltr'><strong>suis</strong></span> <span class='ocrx_word' id='word_1_472' title='bbox 1613 948 1743 988; x_wconf 84' lang='lat' dir='ltr'><strong>privatis</strong></span> <span class='ocrx_word' id='word_1_473' title='bbox 1765 959 1809 978; x_wconf 85' lang='lat' dir='ltr'><strong>aes</strong></span> 
     </span>
     <span class='ocr_line' id='line_1_84' title="bbox 1095 991 1808 1032; baseline 0 -11"><span class='ocrx_word' id='word_1_474' title='bbox 1095 991 1231 1021; x_wconf 84' lang='lat' dir='ltr'><strong>debitum</strong></span> <span class='ocrx_word' id='word_1_475' title='bbox 1247 992 1387 1022; x_wconf 85' lang='lat' dir='ltr'><strong>reddere.</strong></span> <span class='ocrx_word' id='word_1_476' title='bbox 1409 991 1505 1023; x_wconf 90' lang='lat' dir='ltr'><strong>multo</strong></span> <span class='ocrx_word' id='word_1_477' title='bbox 1522 991 1642 1031; x_wconf 86' lang='lat' dir='ltr'><strong>turpius</strong></span> <span class='ocrx_word' id='word_1_478' title='bbox 1660 992 1699 1021; x_wconf 90' lang='lat' dir='ltr'><strong>ob</strong></span> <span class='ocrx_word' id='word_1_479' title='bbox 1715 1001 1808 1032; x_wconf 88' lang='lat' dir='ltr'><strong>pecu-</strong></span> 
     </span>
     <span class='ocr_line' id='line_1_85' title="bbox 1094 1034 1808 1075; baseline 0 -11"><span class='ocrx_word' id='word_1_480' title='bbox 1094 1034 1190 1065; x_wconf 90' lang='lat' dir='ltr'><strong>latum</strong></span> <span class='ocrx_word' id='word_1_481' title='bbox 1207 1035 1300 1070; x_wconf 87' lang='lat' dir='ltr'><strong>necti,</strong></span> <span class='ocrx_word' id='word_1_482' title='bbox 1316 1046 1406 1075; x_wconf 84' lang='lat' dir='ltr'><strong>quam</strong></span> <span class='ocrx_word' id='word_1_483' title='bbox 1429 1040 1558 1075; x_wconf 85' lang='lat' dir='ltr'><strong>propter</strong></span> <span class='ocrx_word' id='word_1_484' title='bbox 1572 1045 1680 1065; x_wconf 85' lang='lat' dir='ltr'><strong>nomen</strong></span> <span class='ocrx_word' id='word_1_485' title='bbox 1705 1034 1808 1075; x_wconf 87' lang='lat' dir='ltr'><strong>priva-</strong></span> 
     </span>
     <span class='ocr_line' id='line_1_86' title="bbox 1093 1077 1808 1118; baseline -0.001 -10"><span class='ocrx_word' id='word_1_486' title='bbox 1093 1078 1148 1108; x_wconf 85' lang='lat' dir='ltr'><strong>tim</strong></span> <span class='ocrx_word' id='word_1_487' title='bbox 1166 1082 1353 1108; x_wconf 86' lang='lat' dir='ltr'><strong>contractum</strong></span> <span class='ocrx_word' id='word_1_488' title='bbox 1370 1080 1454 1116; x_wconf 88' lang='lat' dir='ltr'><strong>duci,</strong></span> <span class='ocrx_word' id='word_1_489' title='bbox 1470 1078 1552 1118; x_wconf 86' lang='lat' dir='ltr'><strong>quod</strong></span> <span class='ocrx_word' id='word_1_490' title='bbox 1574 1088 1632 1117; x_wconf 83' lang='lat' dir='ltr'><strong>per</strong></span> <span class='ocrx_word' id='word_1_491' title='bbox 1651 1077 1808 1118; x_wconf 86' lang='lat' dir='ltr'><strong>angustias</strong></span> 
     </span>
     <span class='ocr_line' id='line_1_87' title="bbox 1093 1122 1605 1161; baseline 0 -10"><span class='ocrx_word' id='word_1_492' title='bbox 1093 1122 1137 1151; x_wconf 89' lang='lat' dir='ltr'><strong>rei</strong></span> <span class='ocrx_word' id='word_1_493' title='bbox 1150 1122 1310 1152; x_wconf 86' lang='lat' dir='ltr'><strong>familiaris</strong></span> <span class='ocrx_word' id='word_1_494' title='bbox 1326 1122 1444 1152; x_wconf 85' lang='lat' dir='ltr'><strong>diluere</strong></span> <span class='ocrx_word' id='word_1_495' title='bbox 1459 1132 1605 1161; x_wconf 86' lang='lat' dir='ltr'><strong>nequeas.</strong></span> 
     </span>
    </p>

    <p class='ocr_par' dir='ltr' id='par_1_29' title="bbox 1092 1162 1809 1248">
     <span class='ocr_line' id='line_1_88' title="bbox 1135 1162 1809 1205; baseline 0 -11"><span class='ocrx_word' id='word_1_496' title='bbox 1135 1166 1210 1196; x_wconf 82' lang='lat'><strong>753.</strong></span> <span class='ocrx_word' id='word_1_497' title='bbox 1225 1168 1276 1197; x_wconf 86' lang='lat'><strong>15.</strong></span> <span class='ocrx_word' id='word_1_498' title='bbox 1303 1167 1346 1204; x_wconf 69' lang='grc' dir='ltr'><strong>μὴ</strong></span> <span class='ocrx_word' id='word_1_499' title='bbox 1367 1165 1565 1205; x_wconf 70' lang='grc' dir='ltr'><strong>θελήσαντες]</strong></span> <span class='ocrx_word' id='word_1_500' title='bbox 1590 1163 1711 1194; x_wconf 85' lang='lat' dir='ltr'><strong>correxi</strong></span> <span class='ocrx_word' id='word_1_501' title='bbox 1733 1162 1809 1202; x_wconf 77' lang='grc' dir='ltr'><strong>μηδὲ</strong></span> 
     </span>
     <span class='ocr_line' id='line_1_89' title="bbox 1092 1206 1771 1248; baseline 0 -11"><span class='ocrx_word' id='word_1_502' title='bbox 1092 1206 1278 1242; x_wconf 66' lang='grc' dir='ltr'><strong>θελήσαντες.</strong></span> <span class='ocrx_word' id='word_1_503' title='bbox 1295 1217 1332 1238; x_wconf 79' lang='lat' dir='ltr'><strong>ne</strong></span> <span class='ocrx_word' id='word_1_504' title='bbox 1345 1209 1498 1238; x_wconf 67' lang='lat' dir='ltr'><strong>audientia</strong></span> <span class='ocrx_word' id='word_1_505' title='bbox 1512 1207 1627 1248; x_wconf 83' lang='lat' dir='ltr'><strong>quidem</strong></span> <span class='ocrx_word' id='word_1_506' title='bbox 1643 1208 1771 1248; x_wconf 77' lang='lat' dir='ltr'><strong>dignati.</strong></span> 
     </span>
    </p>

    <p class='ocr_par' dir='ltr' id='par_1_30' title="bbox 1092 1248 1808 1377">
     <span class='ocr_line' id='line_1_90' title="bbox 1134 1248 1808 1291; baseline -0.003 -10"><span class='ocrx_word' id='word_1_507' title='bbox 1134 1269 1177 1274; x_wconf 88' lang='lat'><strong>--</strong></span> <span class='ocrx_word' id='word_1_508' title='bbox 1194 1254 1244 1281; x_wconf 91' lang='grc'><strong>17.</strong></span> <span class='ocrx_word' id='word_1_509' title='bbox 1269 1250 1415 1291; x_wconf 74' lang='grc' dir='ltr'><strong>ἀφίεισοιν]</strong></span> <span class='ocrx_word' id='word_1_510' title='bbox 1432 1248 1554 1281; x_wconf 57' lang='lat' dir='ltr'><strong>correxi</strong></span> <span class='ocrx_word' id='word_1_511' title='bbox 1569 1249 1698 1290; x_wconf 72' lang='grc' dir='ltr'><strong>ἀφίεσαν.</strong></span> <span class='ocrx_word' id='word_1_512' title='bbox 1720 1254 1808 1290; x_wconf 90' lang='lat' dir='ltr'><strong>pote-</strong></span> 
     </span>
     <span class='ocr_line' id='line_1_91' title="bbox 1092 1294 1807 1335; baseline 0 -12"><span class='ocrx_word' id='word_1_513' title='bbox 1092 1299 1138 1324; x_wconf 85' lang='lat' dir='ltr'><strong>rat</strong></span> <span class='ocrx_word' id='word_1_514' title='bbox 1164 1305 1285 1335; x_wconf 88' lang='lat' dir='ltr'><strong>quoque</strong></span> <span class='ocrx_word' id='word_1_515' title='bbox 1311 1294 1458 1333; x_wconf 74' lang='grc' dir='ltr'><strong>ἀφιείησαν</strong></span> <span class='ocrx_word' id='word_1_516' title='bbox 1484 1294 1609 1334; x_wconf 86' lang='lat' dir='ltr'><strong>corrigi,</strong></span> <span class='ocrx_word' id='word_1_517' title='bbox 1635 1298 1698 1329; x_wconf 87' lang='lat' dir='ltr'><strong>aut,</strong></span> <span class='ocrx_word' id='word_1_518' title='bbox 1725 1294 1807 1333; x_wconf 91' lang='lat' dir='ltr'><strong>quod</strong></span> 
     </span>
     <span class='ocr_line' id='line_1_92' title="bbox 1092 1337 1460 1377; baseline 0.003 -10"><span class='ocrx_word' id='word_1_519' title='bbox 1092 1338 1186 1368; x_wconf 71' lang='lat' dir='ltr'><strong>Wolf</strong></span> <span class='ocrx_word' id='word_1_520' title='bbox 1198 1338 1298 1373; x_wconf 87' lang='lat' dir='ltr'><strong>dedit,</strong></span> <span class='ocrx_word' id='word_1_521' title='bbox 1314 1337 1460 1377; x_wconf 77' lang='grc' dir='ltr'><strong>ἀφείησαν.</strong></span> 
     </span>
    </p>

    <p class='ocr_par' dir='ltr' id='par_1_31' title="bbox 1091 1379 1810 1679">
     <span class='ocr_line' id='line_1_93' title="bbox 1134 1379 1809 1422; baseline -0.003 -11"><span class='ocrx_word' id='word_1_522' title='bbox 1134 1397 1177 1403; x_wconf 93' lang='lat'>—</span> <span class='ocrx_word' id='word_1_523' title='bbox 1190 1383 1243 1412; x_wconf 69' lang='lat'><strong>23.</strong></span> <span class='ocrx_word' id='word_1_524' title='bbox 1270 1382 1325 1411; x_wconf 77' lang='grc' dir='ltr'><strong>τῶν</strong></span> <span class='ocrx_word' id='word_1_525' title='bbox 1344 1380 1557 1422; x_wconf 70' lang='grc' dir='ltr'><strong>ἐθελησάντων]</strong></span> <span class='ocrx_word' id='word_1_526' title='bbox 1578 1380 1657 1410; x_wconf 76' lang='lat' dir='ltr'><strong>male</strong></span> <span class='ocrx_word' id='word_1_527' title='bbox 1671 1379 1809 1410; x_wconf 87' lang='lat' dir='ltr'><strong>inserunt</strong></span> 
     </span>
     <span class='ocr_line' id='line_1_94' title="bbox 1091 1423 1807 1464; baseline -0.004 -9"><span class='ocrx_word' id='word_1_528' title='bbox 1091 1425 1134 1463; x_wconf 70' lang='grc' dir='ltr'><strong>μὴ</strong></span> <span class='ocrx_word' id='word_1_529' title='bbox 1157 1430 1229 1463; x_wconf 88' lang='lat' dir='ltr'><strong>post</strong></span> <span class='ocrx_word' id='word_1_530' title='bbox 1250 1426 1315 1455; x_wconf 79' lang='grc' dir='ltr'><strong>τῶν.</strong></span> <span class='ocrx_word' id='word_1_531' title='bbox 1341 1423 1467 1464; x_wconf 84' lang='lat' dir='ltr'><strong>vulgata</strong></span> <span class='ocrx_word' id='word_1_532' title='bbox 1489 1425 1565 1454; x_wconf 89' lang='lat' dir='ltr'><strong>bene</strong></span> <span class='ocrx_word' id='word_1_533' title='bbox 1587 1424 1689 1453; x_wconf 87' lang='lat' dir='ltr'><strong>babet.</strong></span> <span class='ocrx_word' id='word_1_534' title='bbox 1713 1423 1807 1453; x_wconf 86' lang='lat' dir='ltr'><strong>fiscus</strong></span> 
     </span>
     <span class='ocr_line' id='line_1_95' title="bbox 1093 1466 1808 1506; baseline 0 -10"><span class='ocrx_word' id='word_1_535' title='bbox 1093 1467 1174 1496; x_wconf 90' lang='lat' dir='ltr'><strong>enim</strong></span> <span class='ocrx_word' id='word_1_536' title='bbox 1198 1471 1318 1497; x_wconf 85' lang='lat' dir='ltr'><strong>constat</strong></span> <span class='ocrx_word' id='word_1_537' title='bbox 1339 1467 1477 1506; x_wconf 89' lang='lat' dir='ltr'><strong>pecuniis</strong></span> <span class='ocrx_word' id='word_1_538' title='bbox 1493 1467 1573 1497; x_wconf 85' lang='lat' dir='ltr'><strong>uitro</strong></span> <span class='ocrx_word' id='word_1_539' title='bbox 1600 1466 1732 1496; x_wconf 79' lang='lat' dir='ltr'><strong>collatis.</strong></span> <span class='ocrx_word' id='word_1_540' title='bbox 1757 1466 1808 1505; x_wconf 93' lang='lat' dir='ltr'><strong>qui</strong></span> 
     </span>
     <span class='ocr_line' id='line_1_96' title="bbox 1093 1509 1807 1546; baseline 0 -7"><span class='ocrx_word' id='word_1_541' title='bbox 1093 1509 1241 1540; x_wconf 83' lang='lat' dir='ltr'><strong>nihildum</strong></span> <span class='ocrx_word' id='word_1_542' title='bbox 1264 1510 1459 1546; x_wconf 82' lang='lat' dir='ltr'><strong>contulerint,</strong></span> <span class='ocrx_word' id='word_1_543' title='bbox 1485 1511 1540 1540; x_wconf 89' lang='lat' dir='ltr'><strong>sed</strong></span> <span class='ocrx_word' id='word_1_544' title='bbox 1559 1510 1658 1540; x_wconf 86' lang='lat' dir='ltr'><strong>adhuc</strong></span> <span class='ocrx_word' id='word_1_545' title='bbox 1687 1510 1746 1539; x_wconf 91' lang='lat' dir='ltr'><strong>sint</strong></span> <span class='ocrx_word' id='word_1_546' title='bbox 1775 1509 1807 1539; x_wconf 91' lang='lat' dir='ltr'><strong>in</strong></span> 
     </span>
     <span class='ocr_line' id='line_1_97' title="bbox 1093 1552 1810 1592; baseline -0.003 -9"><span class='ocrx_word' id='word_1_547' title='bbox 1093 1554 1243 1592; x_wconf 81' lang='lat' dir='ltr'><strong>reliquiis,</strong></span> <span class='ocrx_word' id='word_1_548' title='bbox 1256 1564 1360 1583; x_wconf 88' lang='lat' dir='ltr'><strong>eorum</strong></span> <span class='ocrx_word' id='word_1_549' title='bbox 1372 1553 1448 1584; x_wconf 80' lang='lat' dir='ltr'><strong>nihil</strong></span> <span class='ocrx_word' id='word_1_550' title='bbox 1458 1558 1505 1583; x_wconf 88' lang='lat' dir='ltr'><strong>est</strong></span> <span class='ocrx_word' id='word_1_551' title='bbox 1518 1553 1548 1583; x_wconf 92' lang='lat' dir='ltr'><strong>in</strong></span> <span class='ocrx_word' id='word_1_552' title='bbox 1561 1553 1676 1583; x_wconf 84' lang='lat' dir='ltr'><strong>aerario.</strong></span> <span class='ocrx_word' id='word_1_553' title='bbox 1689 1563 1749 1592; x_wconf 91' lang='lat' dir='ltr'><strong>quo</strong></span> <span class='ocrx_word' id='word_1_554' title='bbox 1765 1552 1810 1588; x_wconf 85' lang='lat' dir='ltr'><strong>fit,</strong></span> 
     </span>
     <span class='ocr_line' id='line_1_98' title="bbox 1096 1595 1810 1636; baseline -0.001 -10"><span class='ocrx_word' id='word_1_555' title='bbox 1096 1601 1129 1626; x_wconf 91' lang='lat' dir='ltr'><strong>ut</strong></span> <span class='ocrx_word' id='word_1_556' title='bbox 1152 1597 1237 1633; x_wconf 87' lang='lat' dir='ltr'><strong>nihil,</strong></span> <span class='ocrx_word' id='word_1_557' title='bbox 1256 1597 1338 1636; x_wconf 80' lang='lat' dir='ltr'><strong>quod</strong></span> <span class='ocrx_word' id='word_1_558' title='bbox 1366 1607 1471 1627; x_wconf 88' lang='lat' dir='ltr'><strong>eorum</strong></span> <span class='ocrx_word' id='word_1_559' title='bbox 1502 1597 1556 1633; x_wconf 87' lang='lat' dir='ltr'><strong>sit,</strong></span> <span class='ocrx_word' id='word_1_560' title='bbox 1577 1596 1661 1626; x_wconf 84' lang='lat' dir='ltr'><strong>illinc</strong></span> <span class='ocrx_word' id='word_1_561' title='bbox 1684 1595 1810 1626; x_wconf 84' lang='lat' dir='ltr'><strong>aufferri</strong></span> 
     </span>
     <span class='ocr_line' id='line_1_99' title="bbox 1094 1639 1203 1679; baseline 0 -10"><span class='ocrx_word' id='word_1_562' title='bbox 1094 1639 1203 1679; x_wconf 87' lang='lat' dir='ltr'><strong>possit.</strong></span> 
     </span>
    </p>

    <p class='ocr_par' dir='ltr' id='par_1_32' title="bbox 1091 1681 1810 1805">
     <span class='ocr_line' id='line_1_100' title="bbox 1135 1681 1809 1724; baseline -0.003 -11"><span class='ocrx_word' id='word_1_563' title='bbox 1135 1701 1178 1705; x_wconf 94' lang='lat'><strong>--</strong></span> <span class='ocrx_word' id='word_1_564' title='bbox 1195 1685 1246 1713; x_wconf 66' lang='lat'><strong>94.</strong></span> <span class='ocrx_word' id='word_1_565' title='bbox 1271 1684 1311 1713; x_wconf 69' lang='grc' dir='ltr'><strong>τὰ</strong></span> <span class='ocrx_word' id='word_1_566' title='bbox 1338 1683 1415 1724; x_wconf 67' lang='grc' dir='ltr'><strong>παρὰ</strong></span> <span class='ocrx_word' id='word_1_567' title='bbox 1437 1684 1494 1713; x_wconf 76' lang='grc' dir='ltr'><strong>τῶν</strong></span> <span class='ocrx_word' id='word_1_568' title='bbox 1519 1681 1708 1723; x_wconf 82' lang='grc' dir='ltr'><strong>συμμάχων]</strong></span> <span class='ocrx_word' id='word_1_569' title='bbox 1741 1681 1809 1712; x_wconf 86' lang='lat' dir='ltr'><strong>scil.</strong></span> 
     </span>
     <span class='ocr_line' id='line_1_101' title="bbox 1091 1724 1810 1766; baseline 0 -11"><span class='ocrx_word' id='word_1_570' title='bbox 1091 1725 1308 1766; x_wconf 69' lang='grc' dir='ltr'><strong>προσγενόμενα,</strong></span> <span class='ocrx_word' id='word_1_571' title='bbox 1332 1731 1385 1756; x_wconf 85' lang='lat' dir='ltr'><strong>aut</strong></span> <span class='ocrx_word' id='word_1_572' title='bbox 1407 1724 1600 1766; x_wconf 70' lang='grc' dir='ltr'><strong>ἐξειλεγμένοι.</strong></span> <span class='ocrx_word' id='word_1_573' title='bbox 1621 1724 1769 1765; x_wconf 85' lang='lat' dir='ltr'><strong>pecunias</strong></span> <span class='ocrx_word' id='word_1_574' title='bbox 1791 1736 1810 1755; x_wconf 80' lang='lat' dir='ltr'><strong>e</strong></span> 
     </span>
     <span class='ocr_line' id='line_1_102' title="bbox 1091 1768 1528 1805; baseline 0.002 -7"><span class='ocrx_word' id='word_1_575' title='bbox 1091 1768 1185 1798; x_wconf 89' lang='lat' dir='ltr'><strong>sociis</strong></span> <span class='ocrx_word' id='word_1_576' title='bbox 1201 1769 1359 1805; x_wconf 83' lang='lat' dir='ltr'><strong>collectas,</strong></span> <span class='ocrx_word' id='word_1_577' title='bbox 1375 1769 1528 1799; x_wconf 84' lang='lat' dir='ltr'><strong>redactas.</strong></span> 
     </span>
    </p>

    <p class='ocr_par' dir='ltr' id='par_1_33' title="bbox 1089 1811 1806 1894">
     <span class='ocr_line' id='line_1_103' title="bbox 1132 1811 1806 1852; baseline 0 -10"><span class='ocrx_word' id='word_1_578' title='bbox 1132 1829 1176 1834; x_wconf 79' lang='lat'><strong>-—</strong></span> <span class='ocrx_word' id='word_1_579' title='bbox 1190 1813 1242 1842; x_wconf 72' lang='lat'><strong>25.</strong></span> <span class='ocrx_word' id='word_1_580' title='bbox 1264 1811 1457 1852; x_wconf 78' lang='grc' dir='ltr'><strong>ἀπολλύντες]</strong></span> <span class='ocrx_word' id='word_1_581' title='bbox 1482 1811 1705 1851; x_wconf 83' lang='lat' dir='ltr'><strong>disperdentes,</strong></span> <span class='ocrx_word' id='word_1_582' title='bbox 1728 1811 1806 1844; x_wconf 78' lang='lat' dir='ltr'><strong>dita-</strong></span> 
     </span>
     <span class='ocr_line' id='line_1_104' title="bbox 1089 1854 1650 1894; baseline 0.002 -10"><span class='ocrx_word' id='word_1_583' title='bbox 1089 1854 1232 1894; x_wconf 87' lang='lat' dir='ltr'><strong>pidantes</strong></span> <span class='ocrx_word' id='word_1_584' title='bbox 1247 1855 1380 1889; x_wconf 79' lang='lat' dir='ltr'><strong>luxuria,</strong></span> <span class='ocrx_word' id='word_1_585' title='bbox 1397 1855 1470 1893; x_wconf 81' lang='lat' dir='ltr'><strong>gula</strong></span> <span class='ocrx_word' id='word_1_586' title='bbox 1485 1860 1516 1885; x_wconf 87' lang='lat' dir='ltr'><strong>et</strong></span> <span class='ocrx_word' id='word_1_587' title='bbox 1532 1859 1650 1885; x_wconf 88' lang='lat' dir='ltr'><strong>ventre.</strong></span> 
     </span>
    </p>

    <p class='ocr_par' dir='ltr' id='par_1_34' title="bbox 1089 1895 1809 2101">
     <span class='ocr_line' id='line_1_105' title="bbox 1133 1895 1807 1939; baseline 0 -12"><span class='ocrx_word' id='word_1_588' title='bbox 1133 1899 1208 1929; x_wconf 72' lang='lat'><strong>754.</strong></span> <span class='ocrx_word' id='word_1_589' title='bbox 1218 1900 1248 1928; x_wconf 89' lang='grc'><strong>8.</strong></span> <span class='ocrx_word' id='word_1_590' title='bbox 1263 1896 1374 1939; x_wconf 72' lang='grc' dir='ltr'><strong>ἐφάνηθ’</strong></span> <span class='ocrx_word' id='word_1_591' title='bbox 1383 1898 1475 1938; x_wconf 71' lang='grc' dir='ltr'><strong>ἡμῶν]</strong></span> <span class='ocrx_word' id='word_1_592' title='bbox 1490 1898 1519 1927; x_wconf 90' lang='lat' dir='ltr'><strong>in</strong></span> <span class='ocrx_word' id='word_1_593' title='bbox 1533 1898 1615 1937; x_wconf 88' lang='lat' dir='ltr'><strong>Aug.</strong></span> <span class='ocrx_word' id='word_1_594' title='bbox 1627 1901 1676 1927; x_wconf 90' lang='lat' dir='ltr'><strong>est</strong></span> <span class='ocrx_word' id='word_1_595' title='bbox 1687 1895 1807 1937; x_wconf 76' lang='grc' dir='ltr'><strong>ἐφάνητε</strong></span> 
     </span>
     <span class='ocr_line' id='line_1_106' title="bbox 1090 1941 1809 1980; baseline -0.001 -9"><span class='ocrx_word' id='word_1_596' title='bbox 1090 1942 1177 1980; x_wconf 79' lang='grc' dir='ltr'><strong>ὑμῶν.</strong></span> <span class='ocrx_word' id='word_1_597' title='bbox 1189 1941 1270 1971; x_wconf 89' lang='lat' dir='ltr'><strong>unde</strong></span> <span class='ocrx_word' id='word_1_598' title='bbox 1286 1941 1386 1980; x_wconf 85' lang='lat' dir='ltr'><strong>possit</strong></span> <span class='ocrx_word' id='word_1_599' title='bbox 1396 1941 1485 1971; x_wconf 85' lang='lat' dir='ltr'><strong>etiam</strong></span> <span class='ocrx_word' id='word_1_600' title='bbox 1497 1941 1563 1971; x_wconf 84' lang='lat' dir='ltr'><strong>baec</strong></span> <span class='ocrx_word' id='word_1_601' title='bbox 1578 1941 1673 1971; x_wconf 85' lang='lat' dir='ltr'><strong>lectio</strong></span> <span class='ocrx_word' id='word_1_602' title='bbox 1683 1941 1809 1970; x_wconf 79' lang='lat' dir='ltr'><strong>exscul-</strong></span> 
     </span>
     <span class='ocr_line' id='line_1_107' title="bbox 1089 1983 1808 2025; baseline 0 -11"><span class='ocrx_word' id='word_1_603' title='bbox 1089 1984 1144 2024; x_wconf 90' lang='lat' dir='ltr'><strong>pi:</strong></span> <span class='ocrx_word' id='word_1_604' title='bbox 1168 1983 1300 2024; x_wconf 76' lang='grc' dir='ltr'><strong>ἐφάνητον</strong></span> <span class='ocrx_word' id='word_1_605' title='bbox 1313 1984 1358 2025; x_wconf 91' lang='lat' dir='ltr'><strong>(in</strong></span> <span class='ocrx_word' id='word_1_606' title='bbox 1383 1984 1481 2023; x_wconf 86' lang='lat' dir='ltr'><strong>duali)</strong></span> <span class='ocrx_word' id='word_1_607' title='bbox 1503 1985 1591 2024; x_wconf 76' lang='grc' dir='ltr'><strong>ὑμῶν.</strong></span> <span class='ocrx_word' id='word_1_608' title='bbox 1613 1987 1647 2013; x_wconf 90' lang='lat' dir='ltr'><strong>ut</strong></span> <span class='ocrx_word' id='word_1_609' title='bbox 1670 1984 1772 2014; x_wconf 90' lang='lat' dir='ltr'><strong>subito</strong></span> <span class='ocrx_word' id='word_1_610' title='bbox 1790 1994 1808 2014; x_wconf 82' lang='lat' dir='ltr'><strong>a</strong></span> 
     </span>
     <span class='ocr_line' id='line_1_108' title="bbox 1089 2027 1805 2066; baseline -0.001 -9"><span class='ocrx_word' id='word_1_611' title='bbox 1089 2027 1262 2058; x_wconf 85' lang='lat' dir='ltr'><strong>Timocrate</strong></span> <span class='ocrx_word' id='word_1_612' title='bbox 1279 2031 1310 2058; x_wconf 90' lang='lat' dir='ltr'><strong>et</strong></span> <span class='ocrx_word' id='word_1_613' title='bbox 1325 2027 1515 2058; x_wconf 90' lang='lat' dir='ltr'><strong>Androtione</strong></span> <span class='ocrx_word' id='word_1_614' title='bbox 1530 2028 1568 2057; x_wconf 89' lang='lat' dir='ltr'><strong>ad</strong></span> <span class='ocrx_word' id='word_1_615' title='bbox 1587 2027 1712 2066; x_wconf 89' lang='lat' dir='ltr'><strong>judices</strong></span> <span class='ocrx_word' id='word_1_616' title='bbox 1730 2037 1805 2057; x_wconf 89' lang='lat' dir='ltr'><strong>con-</strong></span> 
     </span>
     <span class='ocr_line' id='line_1_109' title="bbox 1090 2070 1350 2101; baseline 0.004 -1"><span class='ocrx_word' id='word_1_617' title='bbox 1090 2075 1230 2101; x_wconf 84' lang='lat' dir='ltr'><strong>vertatur</strong></span> <span class='ocrx_word' id='word_1_618' title='bbox 1242 2070 1350 2101; x_wconf 82' lang='lat' dir='ltr'><strong>oratio.</strong></span> 
     </span>
    </p>

    <p class='ocr_par' dir='ltr' id='par_1_35' title="bbox 1088 2111 1807 2499">
     <span class='ocr_line' id='line_1_110' title="bbox 1131 2111 1806 2155; baseline -0.001 -10"><span class='ocrx_word' id='word_1_619' title='bbox 1131 2132 1175 2137; x_wconf 83' lang='lat'><strong>--</strong></span> <span class='ocrx_word' id='word_1_620' title='bbox 1192 2117 1242 2145; x_wconf 84' lang='lat'><strong>14.</strong></span> <span class='ocrx_word' id='word_1_621' title='bbox 1268 2114 1316 2145; x_wconf 71' lang='grc' dir='ltr'><strong>καὶ</strong></span> <span class='ocrx_word' id='word_1_622' title='bbox 1338 2116 1418 2144; x_wconf 71' lang='grc' dir='ltr'><strong>κατὰ</strong></span> <span class='ocrx_word' id='word_1_623' title='bbox 1430 2114 1539 2155; x_wconf 71' lang='grc' dir='ltr'>μικξόι]</span> <span class='ocrx_word' id='word_1_624' title='bbox 1563 2112 1686 2144; x_wconf 79' lang='lat' dir='ltr'><strong>correxi</strong></span> <span class='ocrx_word' id='word_1_625' title='bbox 1700 2111 1749 2142; x_wconf 73' lang='grc' dir='ltr'><strong>καὶ</strong></span> <span class='ocrx_word' id='word_1_626' title='bbox 1765 2115 1806 2144; x_wconf 78' lang='grc' dir='ltr'><strong>τοὶ</strong></span> 
     </span>
     <span class='ocr_line' id='line_1_111' title="bbox 1088 2157 1804 2197; baseline -0.001 -10"><span class='ocrx_word' id='word_1_627' title='bbox 1088 2159 1191 2197; x_wconf 70' lang='grc' dir='ltr'>μικρὰ,</span> <span class='ocrx_word' id='word_1_628' title='bbox 1205 2163 1235 2187; x_wconf 88' lang='lat' dir='ltr'><strong>et</strong></span> <span class='ocrx_word' id='word_1_629' title='bbox 1248 2168 1278 2188; x_wconf 90' lang='lat' dir='ltr'><strong>v.</strong></span> <span class='ocrx_word' id='word_1_630' title='bbox 1289 2159 1341 2188; x_wconf 87' lang='lat'><strong>15.</strong></span> <span class='ocrx_word' id='word_1_631' title='bbox 1352 2158 1399 2187; x_wconf 74' lang='grc' dir='ltr'><strong>καὶ</strong></span> <span class='ocrx_word' id='word_1_632' title='bbox 1412 2159 1454 2187; x_wconf 74' lang='grc' dir='ltr'><strong>τὰ</strong></span> <span class='ocrx_word' id='word_1_633' title='bbox 1468 2157 1600 2197; x_wconf 78' lang='grc' dir='ltr'><strong>μεγάλοι.</strong></span> <span class='ocrx_word' id='word_1_634' title='bbox 1613 2167 1629 2186; x_wconf 88' lang='lat' dir='ltr'><strong>e</strong></span> <span class='ocrx_word' id='word_1_635' title='bbox 1643 2167 1676 2196; x_wconf 90' lang='lat' dir='ltr'><strong>p.</strong></span> <span class='ocrx_word' id='word_1_636' title='bbox 1687 2157 1760 2187; x_wconf 86' lang='lat'><strong>614.</strong></span> <span class='ocrx_word' id='word_1_637' title='bbox 1773 2159 1804 2186; x_wconf 89' lang='lat'><strong>8.</strong></span> 
     </span>
     <span class='ocr_line' id='line_1_112' title="bbox 1089 2199 1805 2241; baseline 0 -12"><span class='ocrx_word' id='word_1_638' title='bbox 1089 2210 1156 2231; x_wconf 88' lang='lat' dir='ltr'><strong>nam</strong></span> <span class='ocrx_word' id='word_1_639' title='bbox 1167 2202 1245 2231; x_wconf 71' lang='grc' dir='ltr'><strong>κατὰ</strong></span> <span class='ocrx_word' id='word_1_640' title='bbox 1255 2201 1346 2241; x_wconf 59' lang='grc' dir='ltr'><strong><em>μικρὰ</em></strong></span> <span class='ocrx_word' id='word_1_641' title='bbox 1358 2204 1415 2236; x_wconf 88' lang='lat' dir='ltr'><strong>est,</strong></span> <span class='ocrx_word' id='word_1_642' title='bbox 1427 2199 1609 2236; x_wconf 83' lang='lat' dir='ltr'><strong>minutatim,</strong></span> <span class='ocrx_word' id='word_1_643' title='bbox 1626 2210 1680 2240; x_wconf 88' lang='lat' dir='ltr'><strong>per</strong></span> <span class='ocrx_word' id='word_1_644' title='bbox 1692 2209 1805 2238; x_wconf 80' lang='lat' dir='ltr'><strong>parvas</strong></span> 
     </span>
     <span class='ocr_line' id='line_1_113' title="bbox 1089 2243 1805 2283; baseline 0 -10"><span class='ocrx_word' id='word_1_645' title='bbox 1089 2244 1268 2282; x_wconf 88' lang='lat' dir='ltr'><strong>particulas,</strong></span> <span class='ocrx_word' id='word_1_646' title='bbox 1285 2244 1338 2273; x_wconf 90' lang='lat' dir='ltr'><strong>sed</strong></span> <span class='ocrx_word' id='word_1_647' title='bbox 1354 2245 1395 2273; x_wconf 69' lang='grc' dir='ltr'><strong>τὰ</strong></span> <span class='ocrx_word' id='word_1_648' title='bbox 1410 2245 1514 2283; x_wconf 60' lang='grc' dir='ltr'><strong>μικροὶ,</strong></span> <span class='ocrx_word' id='word_1_649' title='bbox 1529 2243 1634 2283; x_wconf 78' lang='lat' dir='ltr'><strong>parvis</strong></span> <span class='ocrx_word' id='word_1_650' title='bbox 1649 2243 1681 2272; x_wconf 91' lang='lat' dir='ltr'><strong>in</strong></span> <span class='ocrx_word' id='word_1_651' title='bbox 1701 2243 1805 2273; x_wconf 80' lang='lat' dir='ltr'><strong>rebuS.</strong></span> 
     </span>
     <span class='ocr_line' id='line_1_114' title="bbox 1088 2285 1803 2327; baseline -0.001 -11"><span class='ocrx_word' id='word_1_652' title='bbox 1088 2287 1189 2325; x_wconf 90' lang='lat' dir='ltr'><strong>possit</strong></span> <span class='ocrx_word' id='word_1_653' title='bbox 1199 2297 1320 2327; x_wconf 88' lang='lat' dir='ltr'><strong>quoque</strong></span> <span class='ocrx_word' id='word_1_654' title='bbox 1329 2287 1387 2326; x_wconf 87' lang='lat' dir='ltr'><strong>legi</strong></span> <span class='ocrx_word' id='word_1_655' title='bbox 1397 2287 1444 2316; x_wconf 74' lang='grc' dir='ltr'><strong>καὶ</strong></span> <span class='ocrx_word' id='word_1_656' title='bbox 1457 2287 1558 2326; x_wconf 61' lang='grc' dir='ltr'><em>μικρὰ,</em></span> <span class='ocrx_word' id='word_1_657' title='bbox 1571 2290 1600 2316; x_wconf 90' lang='lat' dir='ltr'><strong>et</strong></span> <span class='ocrx_word' id='word_1_658' title='bbox 1610 2285 1658 2316; x_wconf 76' lang='grc' dir='ltr'><strong>καὶ</strong></span> <span class='ocrx_word' id='word_1_659' title='bbox 1670 2285 1803 2325; x_wconf 77' lang='grc' dir='ltr'><strong>μεγάλα.</strong></span> 
     </span>
     <span class='ocr_line' id='line_1_115' title="bbox 1089 2329 1806 2369; baseline 0 -11"><span class='ocrx_word' id='word_1_660' title='bbox 1089 2330 1180 2359; x_wconf 88' lang='lat' dir='ltr'><strong>modo</strong></span> <span class='ocrx_word' id='word_1_661' title='bbox 1196 2333 1276 2361; x_wconf 76' lang='grc' dir='ltr'><strong>κατὰ</strong></span> <span class='ocrx_word' id='word_1_662' title='bbox 1290 2331 1377 2360; x_wconf 84' lang='lat' dir='ltr'><strong>absit.</strong></span> <span class='ocrx_word' id='word_1_663' title='bbox 1389 2329 1492 2360; x_wconf 83' lang='lat' dir='ltr'><strong>malim</strong></span> <span class='ocrx_word' id='word_1_664' title='bbox 1503 2339 1625 2369; x_wconf 86' lang='lat' dir='ltr'><strong>quoque</strong></span> <span class='ocrx_word' id='word_1_665' title='bbox 1635 2340 1665 2359; x_wconf 91' lang='lat' dir='ltr'><strong>v.</strong></span> <span class='ocrx_word' id='word_1_666' title='bbox 1675 2332 1728 2360; x_wconf 87' lang='grc'><strong>14.</strong></span> <span class='ocrx_word' id='word_1_667' title='bbox 1743 2329 1806 2363; x_wconf 71' lang='grc' dir='ltr'><strong>τοῖς</strong></span> 
     </span>
     <span class='ocr_line' id='line_1_116' title="bbox 1089 2372 1804 2412; baseline -0.001 -10"><span class='ocrx_word' id='word_1_668' title='bbox 1089 2374 1205 2407; x_wconf 80' lang='grc' dir='ltr'><strong>πολλοῖς</strong></span> <span class='ocrx_word' id='word_1_669' title='bbox 1219 2384 1286 2404; x_wconf 81' lang='lat' dir='ltr'><strong>curn</strong></span> <span class='ocrx_word' id='word_1_670' title='bbox 1303 2373 1445 2403; x_wconf 87' lang='lat' dir='ltr'><strong>articulo.</strong></span> <span class='ocrx_word' id='word_1_671' title='bbox 1461 2373 1536 2403; x_wconf 88' lang='lat' dir='ltr'><strong>item</strong></span> <span class='ocrx_word' id='word_1_672' title='bbox 1549 2383 1581 2403; x_wconf 88' lang='lat' dir='ltr'><strong>v.</strong></span> <span class='ocrx_word' id='word_1_673' title='bbox 1598 2374 1628 2404; x_wconf 88' lang='lat'><strong>9.</strong></span> <span class='ocrx_word' id='word_1_674' title='bbox 1643 2372 1804 2412; x_wconf 81' lang='lat' dir='ltr'><strong>praei&#39;eram</strong></span> 
     </span>
     <span class='ocr_line' id='line_1_117' title="bbox 1088 2415 1807 2455; baseline 0 -10"><span class='ocrx_word' id='word_1_675' title='bbox 1088 2416 1250 2446; x_wconf 86' lang='lat' dir='ltr'><strong>lectionem</strong></span> <span class='ocrx_word' id='word_1_676' title='bbox 1288 2416 1445 2455; x_wconf 87' lang='lat' dir='ltr'><strong>marginis,</strong></span> <span class='ocrx_word' id='word_1_677' title='bbox 1479 2426 1548 2455; x_wconf 87' lang='lat' dir='ltr'><strong>quae</strong></span> <span class='ocrx_word' id='word_1_678' title='bbox 1584 2415 1691 2447; x_wconf 88' lang='lat' dir='ltr'><strong>nescio</strong></span> <span class='ocrx_word' id='word_1_679' title='bbox 1725 2415 1807 2446; x_wconf 88' lang='lat' dir='ltr'><strong>sitne</strong></span> 
     </span>
     <span class='ocr_line' id='line_1_118' title="bbox 1088 2459 1615 2499; baseline 0 -10"><span class='ocrx_word' id='word_1_680' title='bbox 1088 2460 1209 2493; x_wconf 84' lang='lat' dir='ltr'><strong>Wolfii,</strong></span> <span class='ocrx_word' id='word_1_681' title='bbox 1223 2470 1260 2490; x_wconf 85' lang='lat' dir='ltr'><strong>an</strong></span> <span class='ocrx_word' id='word_1_682' title='bbox 1276 2459 1416 2490; x_wconf 88' lang='lat' dir='ltr'><strong>Lambini</strong></span> <span class='ocrx_word' id='word_1_683' title='bbox 1428 2461 1615 2499; x_wconf 87' lang='lat' dir='ltr'><strong>conjectura.</strong></span> 
     </span>
    </p>

    <p class='ocr_par' dir='ltr' id='par_1_36' title="bbox 1087 2500 1803 2587">
     <span class='ocr_line' id='line_1_119' title="bbox 1130 2500 1803 2544; baseline -0.001 -11"><span class='ocrx_word' id='word_1_684' title='bbox 1130 2520 1173 2525; x_wconf 93' lang='lat'><strong>—</strong></span> <span class='ocrx_word' id='word_1_685' title='bbox 1189 2505 1241 2533; x_wconf 73' lang='lat'><strong>20.</strong></span> <span class='ocrx_word' id='word_1_686' title='bbox 1261 2501 1324 2533; x_wconf 63' lang='grc' dir='ltr'><strong>ἀπ’</strong></span> <span class='ocrx_word' id='word_1_687' title='bbox 1337 2501 1448 2544; x_wconf 78' lang='grc' dir='ltr'><strong>ἐκείνου]</strong></span> <span class='ocrx_word' id='word_1_688' title='bbox 1473 2501 1606 2533; x_wconf 79' lang='lat' dir='ltr'><strong>subaudi</strong></span> <span class='ocrx_word' id='word_1_689' title='bbox 1624 2502 1674 2533; x_wconf 75' lang='grc' dir='ltr'><strong>τοῦ</strong></span> <span class='ocrx_word' id='word_1_690' title='bbox 1697 2500 1803 2543; x_wconf 78' lang='grc' dir='ltr'><strong>χρόνον,</strong></span> 
     </span>
     <span class='ocr_line' id='line_1_120' title="bbox 1087 2544 1535 2587; baseline -0.002 -11"><span class='ocrx_word' id='word_1_691' title='bbox 1087 2544 1134 2576; x_wconf 76' lang='grc' dir='ltr'><strong>δ’τε</strong></span> <span class='ocrx_word' id='word_1_692' title='bbox 1148 2545 1270 2587; x_wconf 64' lang='grc' dir='ltr'><strong>ἥμαρτε,</strong></span> <span class='ocrx_word' id='word_1_693' title='bbox 1286 2546 1335 2576; x_wconf 80' lang='lat' dir='ltr'><strong>vel</strong></span> <span class='ocrx_word' id='word_1_694' title='bbox 1351 2546 1458 2577; x_wconf 81' lang='grc' dir='ltr'><strong>ηδίκει</strong></span> <span class='ocrx_word' id='word_1_695' title='bbox 1448 2557 1535 2585; x_wconf 76' lang='grc' dir='ltr'><strong>υμοις.</strong></span> 
     </span>
    </p>

    <p class='ocr_par' dir='ltr' id='par_1_37' title="bbox 1087 2586 1800 2673">
     <span class='ocr_line' id='line_1_121' title="bbox 1130 2586 1800 2629; baseline -0.006 -7"><span class='ocrx_word' id='word_1_696' title='bbox 1130 2607 1173 2612; x_wconf 91' lang='lat'><strong>·-—</strong></span> <span class='ocrx_word' id='word_1_697' title='bbox 1189 2593 1241 2622; x_wconf 74' lang='lat'><strong>21.</strong></span> <span class='ocrx_word' id='word_1_698' title='bbox 1255 2588 1368 2629; x_wconf 73' lang='grc' dir='ltr'><strong>ταυτα]</strong></span> <span class='ocrx_word' id='word_1_699' title='bbox 1386 2589 1454 2620; x_wconf 86' lang='lat' dir='ltr'><strong>scii.</strong></span> <span class='ocrx_word' id='word_1_700' title='bbox 1472 2588 1492 2618; x_wconf 76' lang='grc' dir='ltr'>ἃ</span> <span class='ocrx_word' id='word_1_701' title='bbox 1504 2587 1537 2618; x_wconf 87' lang='grc' dir='ltr'><strong>λε</strong></span> <span class='ocrx_word' id='word_1_702' title='bbox 1539 2599 1594 2626; x_wconf 75' lang='grc' dir='ltr'><strong>γον,</strong></span> <span class='ocrx_word' id='word_1_703' title='bbox 1609 2591 1658 2618; x_wconf 82' lang='lat' dir='ltr'><strong>aut</strong></span> <span class='ocrx_word' id='word_1_704' title='bbox 1675 2586 1696 2617; x_wconf 80' lang='grc' dir='ltr'><em>ἃ</em></span> <span class='ocrx_word' id='word_1_705' title='bbox 1709 2598 1800 2618; x_wconf 63' lang='lat' dir='ltr'><strong>narn·</strong></span> 
     </span>
     <span class='ocr_line' id='line_1_122' title="bbox 1087 2632 1419 2673; baseline 0.003 -12"><span class='ocrx_word' id='word_1_706' title='bbox 1087 2633 1207 2673; x_wconf 76' lang='grc' dir='ltr'><strong>γοροῦσιν</strong></span> <span class='ocrx_word' id='word_1_707' title='bbox 1220 2632 1304 2663; x_wconf 77' lang='grc' dir='ltr'><strong>ἄλλοι</strong></span> <span class='ocrx_word' id='word_1_708' title='bbox 1319 2632 1419 2663; x_wconf 75' lang='grc' dir='ltr'><strong>αὐτῶν.</strong></span> 
     </span>
    </p>

    <p class='ocr_par' dir='ltr' id='par_1_38' title="bbox 1087 2673 1803 2803">
     <span class='ocr_line' id='line_1_123' title="bbox 1129 2673 1803 2716; baseline -0.006 -9"><span class='ocrx_word' id='word_1_709' title='bbox 1129 2694 1173 2698; x_wconf 85' lang='grc'><strong>-</strong></span> <span class='ocrx_word' id='word_1_710' title='bbox 1186 2676 1265 2707; x_wconf 87' lang='lat' dir='ltr'><strong>ibid.</strong></span> <span class='ocrx_word' id='word_1_711' title='bbox 1287 2675 1344 2716; x_wconf 82' lang='grc' dir='ltr'><strong>νῦν]</strong></span> <span class='ocrx_word' id='word_1_712' title='bbox 1369 2675 1400 2706; x_wconf 82' lang='grc'><strong>111</strong></span> <span class='ocrx_word' id='word_1_713' title='bbox 1422 2675 1479 2705; x_wconf 87' lang='lat' dir='ltr'><strong>hac</strong></span> <span class='ocrx_word' id='word_1_714' title='bbox 1501 2684 1594 2704; x_wconf 84' lang='lat' dir='ltr'><strong>causa</strong></span> <span class='ocrx_word' id='word_1_715' title='bbox 1606 2673 1803 2710; x_wconf 85' lang='lat' dir='ltr'><strong>Timocratis,</strong></span> 
     </span>
     <span class='ocr_line' id='line_1_124' title="bbox 1087 2716 1802 2759; baseline -0.004 -10"><span class='ocrx_word' id='word_1_716' title='bbox 1087 2719 1118 2749; x_wconf 89' lang='lat' dir='ltr'><strong>in</strong></span> <span class='ocrx_word' id='word_1_717' title='bbox 1129 2730 1189 2759; x_wconf 90' lang='lat' dir='ltr'><strong>qua</strong></span> <span class='ocrx_word' id='word_1_718' title='bbox 1199 2719 1311 2759; x_wconf 77' lang='lat' dir='ltr'><strong>agitur,</strong></span> <span class='ocrx_word' id='word_1_719' title='bbox 1323 2719 1376 2748; x_wconf 83' lang='lat' dir='ltr'><strong>lex</strong></span> <span class='ocrx_word' id='word_1_720' title='bbox 1389 2719 1428 2749; x_wconf 81' lang='lat' dir='ltr'><strong>ab</strong></span> <span class='ocrx_word' id='word_1_721' title='bbox 1440 2728 1478 2748; x_wconf 91' lang='lat' dir='ltr'><strong>eo</strong></span> <span class='ocrx_word' id='word_1_722' title='bbox 1491 2718 1551 2748; x_wconf 83' lang='lat' dir='ltr'><strong>lata</strong></span> <span class='ocrx_word' id='word_1_723' title='bbox 1561 2716 1638 2747; x_wconf 86' lang='lat' dir='ltr'><strong>sitne</strong></span> <span class='ocrx_word' id='word_1_724' title='bbox 1647 2717 1802 2756; x_wconf 77' lang='lat' dir='ltr'><strong>perferen-</strong></span> 
     </span>
     <span class='ocr_line' id='line_1_125' title="bbox 1087 2761 1408 2803; baseline -0.003 -11"><span class='ocrx_word' id='word_1_725' title='bbox 1087 2763 1138 2799; x_wconf 86' lang='lat' dir='ltr'><strong>da,</strong></span> <span class='ocrx_word' id='word_1_726' title='bbox 1154 2773 1189 2792; x_wconf 88' lang='lat' dir='ltr'><strong>an</strong></span> <span class='ocrx_word' id='word_1_727' title='bbox 1205 2761 1408 2803; x_wconf 84' lang='lat' dir='ltr'><strong>repudianda.</strong></span> 
     </span>
    </p>

    <p class='ocr_par' dir='ltr' id='par_1_39' title="bbox 1086 2802 1810 3052">
     <span class='ocr_line' id='line_1_126' title="bbox 1129 2802 1806 2846; baseline -0.007 -9"><span class='ocrx_word' id='word_1_728' title='bbox 1129 2808 1238 2837; x_wconf 56' lang='lat'><strong>—22</strong></span> <span class='ocrx_word' id='word_1_729' title='bbox 1259 2804 1341 2846; x_wconf 77' lang='grc' dir='ltr'><strong>τότε]</strong></span> <span class='ocrx_word' id='word_1_730' title='bbox 1365 2804 1396 2835; x_wconf 84' lang='grc'><strong>111</strong></span> <span class='ocrx_word' id='word_1_731' title='bbox 1419 2813 1511 2834; x_wconf 85' lang='lat' dir='ltr'><strong>causa</strong></span> <span class='ocrx_word' id='word_1_732' title='bbox 1535 2802 1745 2838; x_wconf 61' lang='lat' dir='ltr'><strong>Euaemonis,</strong></span> <span class='ocrx_word' id='word_1_733' title='bbox 1770 2802 1806 2833; x_wconf 72' lang='lat' dir='ltr'><strong>in</strong></span> 
     </span>
     <span class='ocr_line' id='line_1_127' title="bbox 1086 2846 1802 2888; baseline -0.003 -11"><span class='ocrx_word' id='word_1_734' title='bbox 1086 2859 1144 2888; x_wconf 90' lang='lat' dir='ltr'><strong>qua</strong></span> <span class='ocrx_word' id='word_1_735' title='bbox 1159 2849 1311 2880; x_wconf 87' lang='lat' dir='ltr'><strong>Androtio</strong></span> <span class='ocrx_word' id='word_1_736' title='bbox 1328 2847 1494 2887; x_wconf 81' lang='lat' dir='ltr'><strong>sacriiegii,</strong></span> <span class='ocrx_word' id='word_1_737' title='bbox 1508 2846 1734 2886; x_wconf 86' lang='lat' dir='ltr'><strong>peculatusque</strong></span> <span class='ocrx_word' id='word_1_738' title='bbox 1748 2856 1802 2876; x_wconf 90' lang='lat' dir='ltr'><strong>seu</strong></span> 
     </span>
     <span class='ocr_line' id='line_1_128' title="bbox 1086 2889 1810 2929; baseline -0.003 -9"><span class='ocrx_word' id='word_1_739' title='bbox 1086 2892 1324 2922; x_wconf 85' lang='lat' dir='ltr'><strong>interversarum</strong></span> <span class='ocrx_word' id='word_1_740' title='bbox 1363 2900 1516 2920; x_wconf 85' lang='lat' dir='ltr'><strong>sacrarum</strong></span> <span class='ocrx_word' id='word_1_741' title='bbox 1550 2889 1810 2929; x_wconf 55' lang='lat' dir='ltr'><strong>publicarumque»</strong></span> 
     </span>
     <span class='ocr_line' id='line_1_129' title="bbox 1086 2933 1803 2974; baseline -0.006 -9"><span class='ocrx_word' id='word_1_742' title='bbox 1086 2935 1281 2974; x_wconf 83' lang='lat' dir='ltr'><strong>pecuniarum</strong></span> <span class='ocrx_word' id='word_1_743' title='bbox 1305 2933 1524 2964; x_wconf 83' lang='lat' dir='ltr'><strong>condemnatus</strong></span> <span class='ocrx_word' id='word_1_744' title='bbox 1550 2936 1608 2962; x_wconf 85' lang='lat' dir='ltr'><strong>est.</strong></span> <span class='ocrx_word' id='word_1_745' title='bbox 1651 2933 1708 2962; x_wconf 85' lang='lat' dir='ltr'><strong>Illa</strong></span> <span class='ocrx_word' id='word_1_746' title='bbox 1730 2942 1803 2961; x_wconf 85' lang='lat' dir='ltr'><strong>con-</strong></span> 
     </span>
     <span class='ocr_line' id='line_1_130' title="bbox 1086 2974 1810 3029; baseline -0.004 -21"><span class='ocrx_word' id='word_1_747' title='bbox 1086 2978 1241 3008; x_wconf 82' lang='lat' dir='ltr'><strong>demnatio</strong></span> <span class='ocrx_word' id='word_1_748' title='bbox 1257 2982 1304 3007; x_wconf 89' lang='lat' dir='ltr'><strong>est</strong></span> <span class='ocrx_word' id='word_1_749' title='bbox 1319 2976 1381 3018; x_wconf 76' lang='grc' dir='ltr'><strong>ὅργη</strong></span> <span class='ocrx_word' id='word_1_750' title='bbox 1396 2987 1413 3006; x_wconf 75' lang='lat' dir='ltr'><strong>a</strong></span> <span class='ocrx_word' id='word_1_751' title='bbox 1427 2980 1532 3006; x_wconf 89' lang='lat' dir='ltr'><strong>nostro</strong></span> <span class='ocrx_word' id='word_1_752' title='bbox 1548 2974 1599 3005; x_wconf 86' lang='lat' dir='ltr'><strong>hic</strong></span> <span class='ocrx_word' id='word_1_753' title='bbox 1617 2985 1810 3029; x_wconf 40' lang='lat' dir='ltr'><strong>commemo*</strong></span> 
     </span>
     <span class='ocr_line' id='line_1_131' title="bbox 1086 3019 1614 3052; baseline 0 -2"><span class='ocrx_word' id='word_1_754' title='bbox 1086 3025 1162 3052; x_wconf 86' lang='lat' dir='ltr'><strong>rata.</strong></span> <span class='ocrx_word' id='word_1_755' title='bbox 1177 3021 1258 3052; x_wconf 89' lang='lat' dir='ltr'><strong>idem</strong></span> <span class='ocrx_word' id='word_1_756' title='bbox 1275 3021 1312 3051; x_wconf 79' lang='lat' dir='ltr'><strong>ad</strong></span> <span class='ocrx_word' id='word_1_757' title='bbox 1331 3031 1360 3052; x_wconf 85' lang='lat' dir='ltr'><strong>v.</strong></span> <span class='ocrx_word' id='word_1_758' title='bbox 1373 3022 1426 3052; x_wconf 68' lang='lat'><strong>24.</strong></span> <span class='ocrx_word' id='word_1_759' title='bbox 1439 3019 1614 3051; x_wconf 81' lang='lat' dir='ltr'><strong>tenendum.</strong></span> 
     </span>
    </p>
   </div>
   <div class='ocr_carea' id='block_1_7' title="bbox 1942 1968 1964 3323">
    <p class='ocr_par' dir='ltr' id='par_1_40' title="bbox 1942 1968 1964 3323">
     <span class='ocr_line' id='line_1_132' title="bbox 1942 1968 1964 3323; baseline 0 0"><span class='ocrx_word' id='word_1_760' title='bbox 1942 1968 1964 3323; x_wconf 95' lang='lat' dir='ltr'><strong> </strong></span> 
     </span>
    </p>
   </div>
  </div>
 </body>
</html>
