1931 3322
302 200 385 241 AD
418 195 787 241 ORATIONEM
823 195 886 235 IN
918 196 1407 238 ARISTOCRATEM.

167 323 210 329 —
225 309 277 338 21.
293 309 348 337 τῶν
361 303 577 347 ἀτυχημάτων]
594 314 652 333 non
669 302 834 333 sollicitas-

121 359 201 386 sem,
226 349 286 380 nisi
309 349 476 379 auctoritas
503 347 662 378 meliorum
688 346 830 376 codicum

121 393 316 432 imperasset,
325 397 359 422 ut
367 391 554 430 ἀδικημάτων
563 390 758 429 corrigerem.
775 391 831 419 hoc

118 436 211 466 caedes
223 435 414 471 voluntarias,
429 434 507 464 illud
518 434 736 464 involuntarias
747 433 831 463 desi-

122 482 203 517 gnat-

164 538 207 543 —-
221 522 274 551 93.
296 518 328 549 τί
340 521 426 550 τοῦτο
445 519 548 560 λέγων]
572 518 654 548 idem
676 523 725 548 est
743 528 778 548 ac
802 518 829 548 si

120 562 272 593 dixisset:
294 562 325 592 τί
343 562 432 602 λέγων
450 565 535 594 τοῦτο
554 561 654 601 λέγων,
672 562 720 591 vel
737 561 767 591 τί
782 560 828 592 λέ-

117 616 174 643 γων
187 603 214 635 ἓν
227 605 271 646 τᾷί
284 607 368 638 τοῦτο
381 606 480 644 λέγειν.

162 650 237 680 633.
252 652 306 680 10.
327 649 342 681 ἢ
365 649 473 679 ἄλλοθί
486 647 555 689 που]
581 649 675 678 verba
693 646 828 679 ἢᾶλλοὲί

115 701 171 722 σου
185 692 317 722 delenda
331 692 486 728 videntur,
505 696 539 722 ut
562 692 710 722 scholium
728 702 758 721 v.
774 690 828 730 ἔξω

115 734 232 766 τούτων.
255 736 316 766 nisi
329 736 470 767 volumus
486 736 589 775 legere
606 733 707 766 ἢᾶλλο
722 746 752 764 τι
769 734 828 775 δρᾷ.

117 778 143 808 εἰ
157 779 390 818 quis—occidit,
405 784 457 809 aut
469 779 528 809 alio
540 789 596 818 quo
612 779 694 808 modo
709 783 829 808 tractat.

158 838 202 844 —
217 826 270 852 11.
292 821 340 853 τόν
359 825 414 863 γὰρ
434 822 566 863 φυγάδα]
590 821 747 851 Sententia
762 828 826 851 est:

117 865 241 894 exsulem
256 864 437 905 [expulsum
454 877 481 895 e.
498 877 526 896 c.
540 865 681 901 Athenis,
704 869 757 894 aut
775 865 827 904 qui

116 907 204 938 illinc
227 908 385 944 discessit,
409 909 476 939 sive
502 909 734 942 condemnatus,
761 908 828 938 sive

115 956 197 980 metu
214 952 490 993 condemnationis]
516 953 559 982 lex
577 961 636 981 non
653 951 781 990 appellat
795 961 829 981 ex

116 995 233 1024 nomine
254 996 382 1026 civitatis
401 994 446 1035 [h.
462 1006 490 1025 e.
506 1005 565 1024 non
582 995 716 1034 appellat
731 994 828 1024 Athe-

115 1037 282 1079 niensem],
296 1040 344 1069 sed
359 1048 392 1068 ea:
410 1047 441 1068 eo
453 1038 604 1078 sac-imre,
627 1037 714 1075 cujus
730 1039 787 1076 ipse
802 1047 829 1067 se

115 1079 297 1121 reumfecz‘t,
314 1082 341 1111 h.
353 1092 381 1111 e.
391 1081 574 1111 homicidam.
589 1080 705 1110 Markl.
717 1080 828 1110 existi-

113 1123 212 1153 mavit
227 1123 275 1154 τὸν
288 1124 406 1163 φυγάδα
420 1124 503 1154 idem
517 1133 588 1154 esse
599 1133 636 1154 ac
652 1124 678 1153 si
695 1123 828 1153 dixisset

114 1168 194 1196 κατὰ
209 1165 256 1196 τὸν
272 1167 399 1207 φυγάδα.
424 1168 505 1206 quod
517 1166 662 1206 opinatur
676 1175 771 1205 posse
788 1167 828 1196 si-

113 1209 272 1246 gnificare,
298 1211 374 1250 quod
398 1211 508 1240 attinet
535 1211 574 1240 ad
599 1210 735 1240 exsulem.
770 1211 826 1239 sed

113 1252 191 1282 bene
213 1252 315 1283 habet.
339 1256 449 1284 Graeca
463 1253 559 1283 dictio
575 1253 745 1293 1προσειπεῖν
764 1254 828 1282 τινά

113 1306 143 1324 τι
173 1295 324 1335 siguificat
351 1299 479 1337 aliquem
507 1297 610 1336 aliqua
631 1296 828 1335 appellatione

113 1336 241 1378 afficere,
255 1341 356 1380 aliquo
370 1340 453 1370 modo
467 1340 623 1380 appellare.
647 1340 709 1369 Sed
724 1344 827 1369 movet

114 1383 196 1421 Aug.
213 1392 260 1421 pr.
276 1384 392 1414 mendae
418 1383 488 1413 huic
514 1384 580 1413 loco
597 1382 759 1412 insidentis
775 1393 827 1413 su-

112 1425 296 1464 spicionem,
306 1427 360 1465 qui
370 1426 529 1468 προσειπεῖν
541 1427 604 1456 dat.
615 1436 676 1465 quo
692 1425 826 1456 admisso

112 1467 173 1507 leg.
182 1469 245 1498 >erit
255 1480 263 1499 z
279 1470 323 1510 τῷ
338 1472 394 1510 γὰρ
404 1469 518 1509 φυγάδα
527 1487 570 1492 -
579 1470 740 1509 προσειπεῖν
747 1486 789 1492 --
796 1473 827 1499 et

113 1515 176 1540 tum
195 1515 286 1542 verba
301 1513 348 1543 καὶ
365 1514 412 1543 διὰ
428 1514 514 1543 τοῦτο
529 1524 559 1543 v.
574 1515 625 1543 14.
639 1517 729 1542 erunt
738 1513 827 1542 omit-

112 1555 216 1586 tenda.

155 1615 200 1620 -—
215 1601 266 1631 14.
288 1598 322 1629 ἄν
341 1610 387 1633 τις
397 1599 455 1640 -—]
479 1602 527 1629 est
550 1601 741 1638 pentameter
764 1599 826 1629 for-

111 1640 190 1671 tuito
206 1642 334 1672 effusus.

154 1702 198 1706 —
221 1687 274 1716 26.
297 1684 463 1726 ἀπόκειται]
497 1689 549 1715 ant
571 1689 640 1715 ante
661 1683 826 1721 ἀπόκειται,

111 1732 165 1757 aut
180 1738 261 1766 pone
271 1729 330 1759 hoc
342 1730 479 1765 verbum,
490 1729 604 1759 ,deesse
616 1727 740 1758 videtur
754 1728 826 1758 ἀτυ-

110 1771 185 1811 χεῖν.
206 1771 366 1812 cuifatale
386 1773 436 1808 sit,
460 1776 498 1801 ut
524 1769 692 1811 infortunio
707 1776 824 1802 utatur.

110 1813 294 1853 (homicidio
311 1822 386 1855 puta
401 1826 459 1845 uon
477 1814 673 1855 voluntario).

157 1859 230 1888 634.
247 1861 278 1889 2.
300 1858 392 1900 ἔνοχος
406 1858 434 1889 δὲ
450 1858 502 1899 σὺ]
528 1859 549 1888 f.
563 1857 654 1899 ἔνοχος
670 1857 698 1888 δὲ
714 1857 763 1887 καὶ
777 1857 824 1888 σύ.

110 1899 160 1928 sed
173 1905 202 1930 et
216 1905 253 1930 tu.
267 1911 378 1942 quoque
392 1911 460 1932 reus
480 1911 518 1932 εδ.
541 1906 574 1931 et
595 1901 641 1932 sic
661 1901 734 1931 dedi
756 1911 824 1931 mea

110 1947 234 1982 sponte.

153 2003 198 2008 -—
213 1988 266 2017 22.
286 1987 342 2016 τῶν
362 1989 417 2027 γὰρ
441 1986 473 2017 ὲκ
487 1984 626 2027 προνοίας]
651 1985 720 2016 scil.
735 1986 823 2027 ἀνδρο-

109 2027 203 2068 φόνων.

153 2089 197 2095 --
215 2073 267 2103 23.
290 2072 352 2112 περὶ
375 2071 430 2112 μὲν
453 2073 483 2104 δὴ
508 2074 564 2102 τῶν
587 2069 729 2113 ἑκουσίων]
762 2071 823 2102 imo

110 2124 186 2145 vero
201 2114 346 2152 ἀκουσίων,
359 2117 404 2146 sic
419 2116 488 2156 ipsa
502 2116 548 2146 rei
565 2120 672 2145 natura
681 2116 822 2154 jubente,

110 2162 142 2188 et
158 2159 340 2189 auctoritate
359 2159 544 2199 Augustani,
560 2158 761 2188 suadentibus
778 2163 822 2188 et-

110 2199 171 2230 iam
180 2203 330 2232 Lambino
340 2207 371 2232 et
378 2202 523 2242 Tayloro,
534 2207 646 2242 praeter
656 2201 774 2231 edd-ab
785 2211 822 2232 eo

108 2243 261 2281 laudata,
276 2246 438 2276 nobiscnm
455 2245 615 2276 facientes.

152 2288 226 2319 635.
244 2291 294 2320 12.
309 2291 430 2330 προσῆκε
446 2286 575 2330 γςάψαι]
593 2287 717 2318 correxi
733 2298 821 2328 προσ-

107 2331 155 2360 ῆκε
165 2330 369 2372 ωςοσγςάψαι.
380 2332 648 2362 Constructionem
657 2331 820 2362 verborum

106 2377 138 2403 et
153 2375 335 2406 sententiam
350 2375 409 2406 loci
425 2376 504 2406 bene
519 2373 703 2405 monstravit
715 2375 821 2405 Mark-

107 2416 227 2447 landus.
243 2418 393 2457 qnaehaec
407 2423 472 2449 est:
488 2424 604 2451 mcum
616 2418 762 2454 scriberes,
775 2416 822 2448 ἐάν

106 2471 154 2494 τις
165 2460 324 2503 ἀποκτείνῃ,
341 2471 372 2493 s1
385 2472 466 2495 oms
477 2471 668 2492 occxnmu'r
685 2461 821 2491 Cumu-

107 2512 261 2534 nmuum:
283 2504 428 2545 oportebat
449 2510 476 2535 te
499 2513 609 2546 qaoque
630 2503 688 2535 haec
710 2504 820 2535 adscri-

107 2545 185 2583 bere,
199 2557 273 2577 num
287 2548 443 2579 deliberato
456 2547 586 2584 consilio,
599 2558 638 2578 au
650 2554 758 2586 proeter
772 2557 820 2578 vn-

106 2588 264 2620 luntatem.

148 2650 194 2656 —
209 2635 262 2664 17.
275 2633 319 2672 τῷ
331 2632 509 2675 γράμματι]
525 2633 587 2663 imo
603 2643 677 2664 vero
693 2633 736 2673 τῷ
747 2634 819 2674 πρά-

106 2685 216 2748 ἔματι.
239 2679 282 2707 rei
296 2676 381 2712 huic,
397 2677 523 2717 negotio
537 2676 621 2712 hnic,
638 2687 745 2715 nempe
761 2687 820 2707 cae-

130 2718 203 2750 inm.
241 2720 295 2750 Sic
307 2721 508 2759 conjeceram,
521 2724 680 2759 antequam
696 2719 725 2749 in
741 2721 820 2750 Bav.

107 2761 245 2801 margine
261 2763 337 2793 hanc
351 2763 450 2803 ipsam
471 2762 634 2793 lectionem
654 2764 822 2802 reperirem

107 2810 292 2845 annotatam.
317 2816 411 2847 quare
432 2806 476 2838 nil
496 2805 637 2837 dubitavi
658 2816 724 2837 eam
741 2805 822 2836 reci-

131 2857 194 2878 ere.
530 2866 533 2870 ι

105 2857 128 2887 Ρ
148 2907 193 2913 -—
215 2892 268 2922 23.
299 2889 361 2933 etp]
385 2893 521 2923 cohaeret
545 2902 614 2923 cnm
641 2892 713 2932 ἄξει.
741 2902 823 2932 aegre

108 2935 210 2964 tamen
225 2933 291 2964 fero
303 2938 364 2966 tam
379 2935 471 2977 longe
492 2936 570 2967 illud
586 2937 624 2966 ab
638 2936 699 2966 hoc
713 2935 824 2966 distra-

105 2980 204 3006 ctum.

151 3019 228 3050 636.
246 3022 275 3050 1.
296 3019 326 3051 οὐ
339 3019 459 3064 ταῦτὸν]
482 3021 552 3053 scil.
566 3019 603 3052 ὅν.
624 3021 746 3054 tametsi
763 3032 826 3053 ma-

109 3069 186 3093 voz..
205 3072 234 3092 v.

1500 196 1578 236 153

867 301 919 332 lim
935 302 993 332 hoc
1006 302 1089 332 addi.

908 362 952 368 —
966 347 997 375 3.
1012 344 1198 386 Βεβαιοῧσαν]
1215 347 1391 377 inveniemus
1405 348 1437 376 in
1452 348 1530 376 omni
1546 356 1579 376 re

863 392 956 428 gesta,
972 398 1089 418 causam
1102 389 1308 428 consiliumque
1330 391 1382 424 rei,
1406 396 1440 420 ut
1463 396 1576 420 certum

865 433 900 461 de
914 431 1193 472 eajudicz'umferri
1207 433 1304 470 possit,
1317 430 1437 470 efficere.

906 492 950 497 -—
961 478 1011 505 21.
1025 474 1131 508 πόλεώς
1141 485 1205 504 που.
1217 473 1330 514 καῖ-]
1348 475 1573 505 distinctionem

864 518 912 546 hic
928 519 1088 547 emendavi
1114 518 1152 547 ad
1174 518 1254 547 hunc
1272 518 1406 547 modum.
1431 524 1499 556 post
1523 518 1575 547 πό-

863 566 934 595 λεως
943 561 1033 600 posui
1045 567 1200 601 punctum.
1213 561 1350 600 perfecta
1360 559 1437 590 enim
1451 567 1495 590 est
1507 572 1575 590 sen-

863 605 968 634 tentia.
983 604 1094 634 deinde
1107 605 1172 639 ποῦ,
1185 604 1234 633 καὶ
1246 604 1355 644 σφόδρα
1366 605 1477 642 σαφῶς,
1491 606 1576 633 τοῦτο

862 647 962 686 δηλοῖς
985 648 1107 678 ubinam
1126 647 1176 677 hoc
1195 648 1325 678 declarat
1338 648 1393 682 lex,
1415 653 1441 676 et
1458 648 1575 687 quidem

859 691 949 729 plane
962 697 1049 731 atque
1062 690 1231 730 perspicue?

904 751 948 756 —
962 745 1032 774 pen.
1054 734 1138 768 οἰδεὶς
1151 733 1199 763 καὶ
1215 732 1315 762 κωλύει
1335 731 1426 771 νόμος.
1449 731 1516 771 λέγε
1531 731 1577 761 τὸν

862 776 957 818 νέμον]
981 777 1102 808 correxi
1118 777 1201 811 οὐδεὶς
1216 776 1318 806 κωλύει
1332 776 1424 816 νόμος.
1441 776 1507 814 λέγε
1522 776 1575 806 ἕλ-

863 827 908 850 λον
921 822 1009 861 νόμον.
1027 824 1186 860 antequam
1204 830 1324 849 nossem
1337 830 1353 849 e
1367 819 1456 849 libris
1469 819 1577 855 Mstis,

862 864 906 893 ita
927 865 987 903 leg.
1005 874 1086 900 esse,
1102 864 1268 894 incideram
1290 863 1318 892 in
1340 864 1464 892 easdem
1486 863 1575 902 plane

862 909 1067 945 conjecturas,
1082 908 1111 937 in
1127 917 1201 946 quas
1217 906 1429 936 Marklandus.
1446 906 1478 935 id
1493 907 1574 945 quod

863 951 903 980 nil
915 956 961 980 cst
974 951 1153 985 mirandum,
1166 950 1209 980 rei
1222 956 1328 979 natura
1340 949 1414 979 illuc
1429 950 1575 980 ducente.

906 996 981 1025 637.
1009 997 1038 1024 Q.
1070 993 1096 1024 ἐν
1121 994 1173 1033 6δῷ
1195 992 1342 1033 καθελὼν]
1367 994 1493 1023 verbum
1517 994 1575 1022 hoc

862 1036 993 1067 καθελὼν
1008 1036 1128 1075 utrique
1145 1047 1304 1066 commune
1324 1041 1381 1072 est,
1399 1041 1458 1066 tam
1476 1035 1502 1066 ἐν
1513 1037 1576 1075 ὁδῷ.

863 1090 950 1118 quam
968 1079 994 1109 ἐν
1012 1080 1145 1119 πολέμῳ,
1164 1085 1197 1110 ut
1213 1080 1351 1118 ἀγνοήσας
1366 1080 1438 1109 item
1459 1086 1516 1109 est.
1542 1085 1576 1109 ut

864 1124 928 1152 liaec
944 1123 986 1153 sit
1009 1123 1182 1152 sententia:
1207 1123 1242 1152 Si
1266 1123 1317 1162 qui
1339 1123 1452 1161 dejecit
1471 1133 1573 1163 quem,

862 1166 889 1196 h.
908 1176 935 1196 e.
959 1166 1100 1205 peremit,
1121 1167 1244 1196 nescius
1267 1167 1319 1205 qui
1335 1172 1430 1201 esset,
1447 1177 1500 1196 seu
1516 1177 1576 1206 per

862 1219 994 1239 errorem
1011 1209 1203 1249 ignorantiae,
1224 1209 1293 1239 sive
1314 1209 1343 1239 in
1368 1209 1418 1239 via
1441 1210 1576 1248 publica,

862 1253 928 1282 sive
942 1252 972 1282 in
990 1252 1187 1282 dimicatione
1203 1263 1323 1292 pugnae.
1348 1253 1410 1282 Pro
1422 1253 1511 1292 nugis
1523 1253 1575 1282 ha-

861 1296 929 1330 beo,
948 1307 1015 1335 quae
1030 1296 1217 1335 grammatici
1230 1297 1268 1325 de
1278 1295 1386 1325 rariori
1400 1296 1504 1325 nescio
1515 1307 1575 1335 qua

862 1338 1084 1377 significatione
1096 1350 1127 1369 v,
1142 1338 1200 1373 ὁδὸς
1215 1339 1262 1369 hic
1279 1339 1433 1369 obtinente
1449 1339 1575 1368 commi-

862 1382 1031 1419 niscuntur,
1055 1382 1141 1422 quasi
1163 1383 1285 1412 insidias
1301 1382 1462 1422 significet,
1479 1381 1572 1423 λόχον.

861 1431 892 1455 et
906 1426 983 1456 hanc
1001 1427 1059 1456 vim
1074 1426 1124 1455 hic
1135 1426 1196 1456 loci
1213 1425 1339 1465 requiri,
1352 1427 1422 1465 quia
1438 1426 1514 1455 alias
1530 1427 1574 1455 la-

861 1473 965 1499 trones
990 1470 1020 1499 in
1045 1469 1095 1499 via
1118 1469 1242 1508 publica
1267 1469 1370 1499 caedes
1390 1469 1574 1509 rapinasque

859 1519 1041 1543 exercentes
1067 1513 1123 1542 hac
1146 1513 1215 1549 lege
1244 1512 1397 1542 licentiam
1423 1513 1572 1542 scelerum

859 1556 1045 1594 acciperent.
1089 1556 1151 1586 Sed
1177 1555 1252 1585 licet
1275 1556 1351 1585 lianc
1373 1555 1523 1594 argutiam
1542 1556 1573 1585 in

859 1599 945 1637 ipsos
956 1604 1097 1629 auctores
1109 1605 1300 1638 retorquere.
1326 1600 1476 1628 Latrones
1488 1609 1574 1637 ergo,

859 1641 981 1672 insidiis
1008 1643 1059 1682 qui
1087 1647 1307 1681 praetereuntes
1333 1641 1505 1681 excipiunt,
1535 1642 1573 1671 ab

860 1685 916 1715 hac
933 1685 1001 1724 lege
1017 1685 1239 1716 absolventur?
1285 1686 1409 1724 Ergone
1425 1686 1526 1714 media
1542 1685 1573 1714 in

862 1727 910 1758 via
921 1728 1058 1768 publica,
1076 1729 1144 1758 sive
1160 1729 1191 1758 in
1208 1728 1296 1763 urbe,
1311 1728 1378 1757 sive
1393 1738 1475 1763 rnre,
1490 1728 1575 1758 nulla

859 1776 964 1811 potest
982 1773 1054 1802 oriri
1070 1772 1149 1802 inter
1164 1773 1242 1801 duos
1262 1771 1429 1807 contentio,
1447 1776 1478 1800 et
1501 1772 1573 1801 inde

859 1825 961 1855 pugna
976 1816 1138 1854 caedesque
1150 1827 1158 1853 3
1175 1815 1241 1845 sive
1254 1825 1290 1845 ea
1301 1815 1402 1854 ampla
1412 1821 1441 1844 et
1454 1815 1514 1844 lata
1527 1821 1575 1844 est

860 1858 919 1892 via,
946 1858 1013 1888 sive
1039 1859 1133 1888 calles
1158 1863 1317 1897 angustus,
1345 1859 1412 1888 sive
1439 1858 1509 1887 aliis
1535 1859 1573 1888 de

859 1902 970 1936 causis,
989 1902 1053 1931 sive
1070 1913 1107 1931 eo
1124 1902 1162 1931 de
1186 1902 1267 1939 ipso,
1290 1906 1323 1931 ut
1343 1901 1421 1931 alter
1444 1901 1572 1931 alterum

858 1945 917 1974 sibi
934 1945 1086 1974 decedere
1104 1945 1239 1984 postulet
1255 1945 1294 1974 de
1312 1944 1372 1980 via,
1392 1945 1469 1974 alter
1484 1955 1571 1974 recu-

859 1993 905 2017 set
920 1998 927 2024 ;
950 1988 1058 2027 OEdipi
1081 1988 1208 2026 Laiique
1225 1988 1402 2026 exemplum
1418 1998 1507 2026 quem
1525 1988 1572 2017 su-

858 2031 914 2069 git.
938 2031 1003 2060 Ista
1024 2030 1071 2071 vis
1095 2030 1276 2060 insolentior
1300 2031 1325 2059 si
1342 2031 1493 2060 vocabulo
1517 2030 1573 2064 ὁδός

858 2074 886 2103 h.
904 2074 924 2103 1.
941 2075 1066 2108 inesset,
1078 2083 1225 2103 censesne
1243 2074 1403 2103 Demosth.
1418 2074 1514 2103 fuisse
1532 2075 1573 2103 si-

857 2116 953 2146 lentio
969 2117 1208 2155 praeteriturum,
1225 2116 1311 2146 illum
1329 2117 1359 2146 in
1376 2118 1572 2147 enucleandis

858 2160 1016 2190 veteribus
1030 2160 1141 2199 glossis
1159 2160 1236 2189 adeo
1249 2160 1450 2199 diligentem&

899 2221 943 2226 ——-
958 2204 989 2234 5.
1013 2203 1165 2245 παλλακῇ,
1189 2202 1261 2244 istim]
1285 2203 1389 2233 delevi
1413 2210 1445 2233 et
1469 2203 1518 2233 bic
1543 2209 1573 2233 et

857 2257 888 2276 v.
902 2247 956 2278 25.
973 2247 1102 2277 mediam
1120 2256 1240 2276 vocem.
1255 2247 1384 2285 exponit
1400 2247 1570 2286 legislator,

857 2300 946 2329 quam
969 2290 1129 2320 mulierem
1154 2289 1306 2320 vocabulo
1331 2291 1471 2320 παλλακὴ
1490 2290 1573 2319 desi-

857 2337 949 2373 gnet;
973 2343 1039 2363 eam
1071 2333 1225 2368 nimirum,
1251 2343 1340 2372 quam
1369 2333 1437 2373 quis
1463 2333 1574 2363 habeat

856 2387 962 2407 secum
980 2377 1076 2413 domi,
1088 2375 1144 2407 ew}
1161 2374 1264 2406 παίδων
1276 2374 1419 2418 ἐλευθέρων
1434 2374 1573 2416 Sego-mla

855 2419 904 2450 καὶ
926 2419 1061 2460 παιδείᾳ,
1084 2430 1145 2459 quo
1167 2420 1292 2455 liberos,
1313 2430 1389 2459 quos
1401 2421 1465 2459 jam
1482 2421 1573 2449 habet

855 2474 896 2493 ex
921 2474 1019 2493 uxore
1041 2463 1180 2503 legitima
1203 2469 1377 2502 susceptos,
1399 2474 1451 2493 seu
1476 2468 1572 2493 matre

856 2508 992 2542 orbatos,
1009 2516 1063 2536 seu
1080 2511 1176 2536 matre
1189 2506 1288 2535 adhuc
1304 2506 1482 2545 superstite,
1497 2507 1573 2536 edn-

856 2554 906 2580 cet
922 2556 1011 2589 atque
1027 2549 1157 2579 erudiat.
1180 2559 1240 2579 non
1255 2549 1306 2578 hic
1321 2550 1360 2579 de
1376 2549 1573 2589 suscipienda

855 2592 904 2623 vel
923 2593 1087 2632 quaerenda
1101 2592 1188 2631 prole.
1204 2603 1221 2623 e
1234 2592 1359 2632 pellice,
1375 2593 1430 2622 sed
1445 2593 1484 2622 de
1496 2593 1574 2622 libe-

856 2636 900 2665 ris
912 2637 976 2675 jam
991 2647 1032 2666 ex
1049 2646 1146 2666 uxore
1167 2636 1323 2676 susceptis
1344 2636 1459 2676 agitur,
1475 2647 1493 2666 a
1508 2637 1573 2676 pel-

857 2680 915 2709 lice
931 2679 1109 2710 educandis.

899 2740 943 2745 —
969 2725 1019 2754 10.
1043 2721 1087 2761 ἐφ’
1116 2719 1154 2756 οἷς
1182 2719 1282 2761 ἐξεῖναι
1307 2722 1427 2763 κτεῖναι]
1452 2723 1573 2752 tametsi

857 2766 983 2796 codices
992 2765 1034 2795 nil
1047 2765 1176 2801 variant,
1185 2770 1218 2795 et
1227 2765 1306 2795 infra
1318 2775 1440 2804 quoque
1451 2776 1484 2804 p.
1497 2767 1572 2796 6:39.

856 2811 889 2839 7.
912 2814 943 2839 et
959 2811 1034 2839 644.
1062 2809 1118 2838 ult.
1144 2808 1249 2838 eadem
1277 2808 1409 2838 formula
1431 2809 1574 2843 recurrit,

858 2862 916 2891 ego
931 2856 1032 2882 tamen
1044 2851 1242 2882 nihilominus
1254 2851 1398 2881 existimo
1413 2852 1472 2887 leg.
1484 2861 1571 2880 csse:

857 2894 966 2934 ἔξεστι.
984 2895 1059 2927 alins
1073 2895 1135 2934 leg.
1151 2899 1251 2925 esset:
1276 2893 1322 2933 ἐφ’
1345 2891 1382 2927 οἷς
1403 2891 1502 2932 ἐξεῖναι
1521 2893 1575 2924 δέ·

851 2944 903 2970 ,λει
931 2938 1016 2979 [scil.
1040 2938 1053 2968 ὃ
1079 2936 1253 2978 νομοθέτης]
1277 2938 1395 2967 κτεῖναι.
1418 2936 1521 2976 quibus
1544 2938 1576 2967 in

857 2983 953 3012 causis
968 2981 1038 3012 velit
1053 2982 1165 3012 licitam
1180 2990 1236 3011 esse
1251 2981 1366 3010 caedem.

903 3043 947 3048 —
969 3027 1021 3056 21.
1051 3024 1100 3055 καὶ
1126 3024 1223 3053 τοῦτον
1250 3022 1333 3063 εἶναι]
1363 3022 1494 3053 subaudi
1525 3028 1577 3053 ant

866 3079 883 3097 x
