1931 3323
306 211 391 254 '248

304 316 338 346 aa
355 317 443 346 ποιεῖν
457 315 575 358 αἰσχρόν
591 328 620 347 τι
637 316 669 348 δι’
680 317 791 355 ἔνδειαν,
811 329 878 349 num
894 320 939 349 sio
955 319 1016 359 leg.

305 364 400 394 esset,
428 370 486 389 nou
510 360 625 396 aromo),
646 363 697 391 sed
723 363 837 391 πολλαὶ
854 363 883 391 in
905 373 1017 400 genere

303 401 480 439 foeminino;
506 404 560 432 sed
586 404 667 433 redit
691 406 727 434 ad
761 404 794 434 τὸ
819 404 938 434 ἐκδοῦναι
962 407 1017 437 τὰς

301 446 443 482 συγγενεῖς
459 444 623 475 ἐπιδιδόντα
640 448 749 486 προῖκα,
765 446 832 488 παρ’
847 447 957 477 ἑαυτοῦ.

347 505 391 510 ——-
407 490 458 517 10.
482 487 597 530 Δεινίου]
623 490 731 520 Dinias
761 490 811 519 hic
836 494 901 519 erat
929 499 1018 520 socer

306 530 500 570 Apollodori.

344 589 388 594 —
406 576 455 603 11.
469 573 642 615 Θεομνῆτου]
661 574 840 614 suspicabar
854 575 1016 614 aliquando

304 615 485 655 Θεομνήστου
514 617 575 655 leg.
605 628 684 648 esse.
741 618 854 647 Verum
884 619 956 657 quia
986 619 1015 648 in

302 658 454 689 Bavarico
492 660 656 699 Θεοδμήτου
680 660 884 700 reperiebam,
919 661 1016 691 satius

299 701 377 731 duxi
394 702 452 731 hoc
468 702 615 741 recipere.

345 762 389 766 —
405 748 455 775 18.
473 745 517 774 διὰ
534 747 583 776 ‘rint
596 744 775 785 συγγένειαν]
801 756 869 775 cum
886 746 1016 785 Stepha-

297 795 339 816 no
366 793 452 826 puta,
486 788 558 827 quia
588 789 759 827 Stephanus
789 794 873 818 esset
902 790 1015 819 sororis

301 839 364 859 suae
380 831 470 861 filius.

342 889 387 896 -—-
402 874 478 903 ibid.
494 872 551 902 οὐδὲ
570 872 704 914 τάληθῆ]
732 873 765 902 id
792 883 916 912 nempe,
932 875 1015 914 quod

298 915 510 954 Apollodorus
542 916 719 951 affirmabat,
745 916 933 955 Stephanum
961 918 1015 946 fal-

301 967 367 988 sum
398 958 512 987 dixisse
545 959 762 994 testimonium,
788 965 1014 990 asseverantem

296 1000 377 1030 inter
393 1001 614 1040 Apollodorum
635 1007 667 1031 et
688 1002 903 1032 Phormionem
921 1003 1015 1032 inter-

297 1044 429 1073 cessisse
446 1043 548 1083 ἄφεσιν
568 1047 623 1073 τῶν
637 1042 829 1084 ἐγκλημάτων
846 1045 895 1075 καὶ
916 1046 1014 1075 ἀπάλ-

298 1085 392 1124 λαξιν,
417 1086 626 1117 remissionem
650 1093 682 1117 et
708 1088 932 1118 absolutionem
948 1100 1013 1118 om-

300 1129 383 1159 nium
399 1130 603 1168 querelarum.

338 1174 442 1202 ——QQ
455 1172 607 1213 Στέφανος]
620 1173 839 1214 [νοεῑΣτέψανος
848 1174 971 1205 videtur
987 1173 1013 1210 ὃς

295 1214 480 1245 desiderari.
504 1227 562 1246 non
581 1223 679 1247 autem
693 1216 738 1248 hic
753 1217 927 1256 Stephanus,
944 1218 1012 1247 scil.

296 1264 420 1288 recusat
452 1264 580 1298 propter
611 1261 908 1299 consanguinitatem
941 1271 1013 1290 vera

295 1301 412 1331 testari.
424 1302 591 1332 Concludit
602 1303 662 1332 sic:
683 1304 810 1333 Etiamsi
821 1314 925 1333 verum
938 1304 1011 1334 fuis-

298 1348 358 1380 set,
371 1345 455 1383 quod
472 1346 514 1375 ait
531 1346 686 1382 Phormio,
702 1346 733 1375 h.
751 1357 779 1376 e.
791 1347 892 1385 ipsum
910 1357 978 1376 esse
995 1359 1012 1377 a

295 1396 344 1416 me
360 1388 544 1422 absolutum,
568 1394 598 1419 et
622 1400 668 1419 me
691 1400 759 1419 cum
773 1390 840 1429 ipso
857 1390 1011 1420 decidisse

292 1434 383 1469 atque
410 1432 609 1470 transegisse,
637 1438 735 1462 tamen
755 1434 918 1471 oportebat
942 1434 1010 1463 Ste-

282 1473 424 1512 “phanum
437 1475 493 1503 ltoc
504 1485 563 1504 non
577 1475 693 1511 testari,
710 1475 782 1514 quia
798 1476 871 1505 mihi
885 1476 1010 1505 damno-

293 1525 360 1545 sum
377 1521 452 1552 erat,
470 1518 521 1556 qni
540 1528 638 1547 essem
659 1520 724 1557 ejus
742 1519 849 1554 affinis,
865 1519 893 1548 in
912 1530 1009 1559 eoque

294 1559 397 1588 Diniae
414 1561 630 1591 humanitatem
647 1561 770 1591 imitari.
819 1563 933 1591 Verum
951 1572 1009 1591 non

292 1603 338 1632 sic
366 1603 551 1643 Stephanus,
582 1605 633 1644 qni
663 1605 707 1634 nit
729 1610 887 1634 cunctatus
910 1610 950 1634 est
976 1607 1008 1634 in

293 1645 437 1675 damnum
452 1653 594 1683 nostrum,
608 1658 666 1677 non
681 1647 778 1677 dicam
797 1658 880 1683 vera,
894 1647 949 1677 sed
960 1648 1007 1677 vel

283 1686 370 1728 falsa
383 1689 459 1718 adeo
477 1691 587 1719 testari.

335 1749 379 1754 -—-
396 1735 446 1762 21.
475 1731 528 1760 οὐδ’
551 1732 603 1772 εἰς]
626 1733 749 1763 correxi
767 1731 821 1761 οὐδ’
845 1733 866 1762 εἰ
889 1731 1008 1771 μηδένα.

302 1773 428 1804 videtur
442 1774 480 1808 εἷς
496 1780 596 1804 natum
615 1786 684 1805 esse
701 1787 740 1805 ex
759 1775 781 1804 εἰ
803 1774 861 1805 καί.
875 1786 943 1805 nam
959 1776 1008 1805 καὶ

294 1817 464 1857 saepissime
481 1818 511 1846 in
535 1818 622 1848 libris
639 1819 724 1849 mstis
741 1824 884 1848 exaratur
900 1818 977 1857 sigla
994 1831 1007 1852 ς

290 1861 453 1890 referente.
469 1871 565 1900 eaque
583 1862 674 1891 lectio
691 1861 765 1891 mihi
780 1862 848 1891 visa
858 1862 915 1891 fuit
928 1872 1008 1900 prae-

267 1916 270 1919 ¹
292 1906 382 1933 stare.
397 1913 490 1942 quare
508 1905 553 1933 sic
569 1905 641 1934 dedi
658 1915 726 1934 meo
744 1905 893 1943 periculo.
911 1915 1008 1944 neque

291 1946 446 1976 dubitavit
460 1946 583 1986 aliquod
599 1948 715 1977 facinus
737 1947 939 1983 committere,
956 1959 1010 1977 cu-

287 1989 339 2027 jus
363 1989 485 2019 foeditas
513 2001 569 2020 non
598 1995 754 2030 pateretur
777 1990 877 2029 ipsum
901 1990 1008 2021 matris

291 2032 397 2062 oeulos
412 2033 502 2062 ferre.
548 2034 629 2064 Fieri
641 2034 722 2073 quod
737 2044 930 2073 consequens
948 2039 1007 2070 est,

286 2074 319 2104 id
334 2075 393 2105 feci
411 2086 439 2105 v.
457 2078 509 2106 22.
523 2081 555 2106 nt
570 2087 602 2114 γε
616 2082 689 2116 post
704 2078 751 2108 τῆν
761 2077 848 2106 αὑτοῦ
863 2077 1007 2107 adderem

291 2128 360 2148 meo
377 2118 450 2148 item
465 2119 614 2157 periculo.

332 2179 377 2184 —
393 2164 444 2191 2²2.
468 2164 528 2196 τοῖς
545 2162 599 2192 ἀπ’
615 2161 711 2197 ἐκείνης
722 2161 839 2201 οἰκείοις]
857 2162 923 2192 scil.
943 2161 1007 2191 ἑαυ-

291 2204 352 2234 τοῦ.
369 2205 442 2240 illis,
457 2206 509 2243 qui
528 2216 582 2246 per
599 2210 723 2236 matrem
741 2206 800 2235 sibi
816 2206 886 2234 facti
904 2211 1008 2235 essent

290 2248 521 2286 consanguinei.
539 2248 615 2278 alias
629 2249 689 2288 legi
701 2248 818 2288 possit:
836 2249 896 2282 τοῖς
908 2247 1007 2283 ἐκείνης

288 2289 395 2325 vinzlai:
410 2290 494 2331 (sine
510 2290 594 2327 ἀπό).

333 2337 430 2365 1119.
443 2337 475 2365 4.
497 2336 547 2366 τὴν
569 2334 672 2376 ἀρχὴν]
699 2334 741 2364 nil
768 2334 906 2363 dubitavi
933 2343 1004 2365 meo

289 2376 428 2416 periculo
452 2378 607 2417 corrigere
624 2379 674 2408 τὴν
689 2375 863 2419 Ἀξχίππην.
878 2381 1004 2407 matrem

287 2430 384 2450 meam
396 2420 749 2460 Archippen,mulierem
759 2420 1005 2455 mihiinimicam,

289 2472 337 2492 me
368 2473 507 2499 exosam,
535 2469 565 2493 et
591 2463 766 2494 Phormioni
794 2474 849 2493 suo
873 2463 1005 2493 deditis-

287 2505 403 2535 simam.
415 2506 509 2536 multo
520 2508 578 2536 hoc
594 2512 625 2536 et
638 2506 843 2546 probabilius,
859 2511 890 2536 et
906 2516 1006 2537 cansae

286 2549 533 2584 convenientius,
551 2550 709 2589 minusque
720 2550 820 2579 audax
836 2554 865 2578 et
877 2553 1007 2579 temera-

286 2590 377 2627 rium,
393 2591 553 2631 minusque
569 2593 768 2628 invidiosum,
781 2602 868 2632 quarn
880 2593 1002 2631 culpam

289 2634 363 2664 furti
380 2634 409 2664 in
427 2639 524 2664 totum
537 2635 679 2675 judicum
695 2645 886 2670 consessum,
904 2639 955 2665 aut
972 2636 1002 2664 in

281 2677 394 2716 judicii
410 2678 573 2716 praesidem
586 2679 736 2714 conferre,
755 2679 834 2718 quod
849 2678 922 2708 facit
933 2678 1002 2707 vul-

287 2725 367 2759 gata.
384 2720 525 2750 muliebri
548 2721 672 2759 dignum
691 2727 738 2751 est
755 2722 876 2760 ingenio
890 2722 1000 2751 furtum

288 2763 453 2803 ejusmodi,
469 2764 494 2793 si
511 2773 641 2803 unquam
658 2765 853 2793 commissum
872 2768 931 2798 est,
948 2775 998 2793 ne-

286 2816 344 2845 que
365 2806 468 2846 potius
499 2811 546 2835 est
574 2807 774 2845 sycophantia
806 2807 1000 2845 Apollodori.

285 2850 398 2879 deinde
409 2846 584 2879 verosimile
600 2854 648 2879 est
663 2849 818 2879 mulierem
828 2851 998 2887 corruptori

276 2900 344 2922 'suo
371 2892 520 2927 deditam,
544 2902 612 2931 quae
638 2892 669 2921 in
690 2892 794 2921 multis
819 2893 886 2921 aliis
906 2893 998 2922 lilium

282 2935 465 2976 gravissime
479 2935 621 2969 laesisset,
633 2935 675 2964 nil
689 2935 844 2965 dubitasse
857 2935 1000 2964 hacfrau-

283 2980 323 3009 de
338 2987 425 3008 suam
440 2988 505 3009 rem
522 2979 633 3013 facere,
645 2977 738 3007 filium
754 2978 896 3017 perdere.
913 2977 999 3007 deni-

283 3028 344 3061 que
359 3023 479 3051 mortua
493 3021 536 3051 nil
560 3026 680 3061 poterat
693 3020 829 3060 obloqui.
874 3021 937 3050 Sed
949 3022 999 3060 ju-

281 3065 382 3102 diceS,
396 3069 448 3096 aut
457 3068 583 3105 praetor,
599 3065 708 3106 quibus
725 3065 850 3104 vulgata
863 3062 940 3095 hano
952 3064 998 3095 in-

695 211 730 253 1.
755 211 789 254 I.
812 211 1036 255 REISKE
1066 211 1398 255 ANNOTATA

1050 317 1164 348 vidiam
1188 318 1356 359 adspergit,
1379 321 1522 358 poterant
1544 318 1768 355 contradicere,

1050 361 1195 390 invidiam
1213 372 1230 391 a
1246 372 1278 391 se
1295 368 1445 397 avertere,
1462 363 1571 400 etjure
1584 361 1615 391 in
1638 363 1766 402 Apollo-

1050 404 1158 433 dorum
1175 408 1208 433 ut
1223 405 1469 434 calumniatorem
1493 414 1594 443 agere.

1093 446 1327 486 -13.ὁμοίως]
1355 447 1553 483 nihilominus,
1574 448 1699 486 pariter,
1721 451 1768 476 at-

1051 499 1109 528 que
1126 489 1151 518 si
1176 494 1269 519 testes
1287 490 1383 527 jurati
1408 489 1616 526 affirmassent,
1639 490 1769 529 Stepha-

1051 542 1123 561 num
1139 532 1235 562 furem
1254 543 1335 562 esse.

1093 577 1198 605 -15.
1215 578 1308 605 κακῶν
1322 573 1475 616 ἀλλοτρίων
1493 573 1638 614 κλέπτης]
1662 574 1768 604 mirifi-

1051 627 1117 647 cam
1133 618 1223 656 hujus
1240 618 1386 648 dictionis
1401 618 1583 657 elegantiam
1600 618 1626 647 si
1643 618 1767 647 Lambi-

1051 671 1106 689 nus
1131 662 1335 700 percepisset,
1361 671 1420 690 non
1449 664 1640 691 temerasset.
1694 661 1769 690 Seu—

1051 704 1147 733 tentia
1162 705 1228 733 haec
1243 709 1307 734 est:
1333 705 1382 743 qui
1408 715 1439 734 se
1464 705 1500 733 ab
1513 704 1574 733 alio
1590 704 1629 733 ad
1647 708 1766 744 patran-

1050 746 1104 775 das
1134 747 1288 786 nequitias
1322 747 1481 776 subornari
1519 747 1646 785 patitur,
1675 746 1768 786 eique

1050 799 1082 817 se
1110 791 1229 827 praebet
1252 790 1483 819 instrumentum
1515 789 1678 825 scelerum,
1698 800 1767 828 qnae

1050 830 1102 859 ille
1129 832 1280 870 designat,
1302 833 1580 871 exsequendorum,
1607 833 1660 861 sed
1688 833 1764 862 clam

1051 876 1332 912 exsequendorum,
1355 880 1388 904 ut
1411 886 1499 904 nemo
1524 875 1765 912 animadvertat3

1050 916 1161 955 ecquid
1187 928 1254 947 eum
1282 918 1410 956 putatis,
1437 929 1455 946 ο
1469 917 1602 956 judices,
1618 918 1650 947 in
1663 918 1766 948 causis

1049 958 1149 998 ipsum
1174 961 1237 990 suis
1264 960 1477 999 patraturum?
1513 959 1580 989 Fur
1602 960 1766 990 alienorum

1049 1002 1195 1032 malorum
1211 1008 1258 1033 est
1275 1003 1393 1033 Graecis
1409 1003 1474 1039 ille,
1496 1003 1548 1041 qui
1571 1003 1662 1038 mala,
1686 1004 1766 1033 srau-

1048 1045 1115 1080 des,
1132 1046 1260 1081 scelera,
1284 1047 1373 1081 clam,
1398 1046 1429 1075 in
1444 1046 1567 1075 occulto
1581 1046 1765 1085 exsequitur

1048 1092 1078 1116 et
1095 1089 1227 1127 perficit,
1242 1100 1301 1119 non
1317 1093 1425 1128 sponte
1443 1099 1508 1124 sua,
1534 1089 1588 1118 sed
1601 1089 1693 1127 jussu
1710 1089 1765 1119 ali·

1048 1140 1116 1165 eno,
1134 1132 1170 1160 ad
1186 1143 1253 1171 quae
1267 1133 1304 1162 ab
1318 1132 1377 1162 alio
1393 1132 1570 1171 instigatuS,
1598 1132 1766 1170 impulsus,

1048 1174 1216 1205 instructus
1233 1180 1264 1204 et
1279 1176 1463 1205 subornatus
1478 1174 1548 1205 fuit.

1088 1234 1132 1240 —
1148 1220 1198 1248 16.
1211 1219 1309 1247 τοῦτον
1323 1218 1397 1247 ἄλλο
1411 1216 1475 1258 του]
1492 1217 1612 1247 correxi
1629 1229 1646 1247 e
1663 1218 1765 1248 Bava-

1046 1259 1110 1289 rico
1121 1272 1128 1290 :
1144 1262 1241 1291 τοῦτον
1251 1261 1319 1301 ὑπὲρ
1329 1262 1425 1291 αὑτοῦ.
1439 1260 1509 1300 quid
1518 1270 1584 1290 eum
1596 1261 1766 1291 existimatis

1047 1313 1103 1333 esse
1108 1302 1275 1344 jucturam
1284 1310 1382 1342 sponte
1397 1314 1462 1338 sua,
1476 1304 1581 1333 suimet
1594 1305 1684 1342 ipsius
1692 1315 1764 1333 cau-

1046 1346 1097 1375 sa?
1118 1347 1239 1376 videtur
1254 1346 1328 1376 ἑίλλο
1338 1358 1389 1377 του
1401 1346 1552 1385 reliquum
1569 1356 1637 1376 esse
1649 1357 1689 1376 ex
1703 1346 1763 1376 alia

1044 1388 1189 1425 lectione,
1207 1399 1295 1428 quam
1311 1389 1459 1419 credibile
1477 1395 1525 1419 est
1540 1389 1570 1418 iu
1589 1389 1661 1419 aliis
1675 1389 1764 1419 libris

1046 1433 1176 1462 vetustis
1193 1433 1266 1463 olim
1288 1443 1358 1462 esse
1385 1438 1551 1468 versatam,
1573 1431 1651 1462 hanc
1666 1437 1762 1471 puta:

1044 1477 1143 1505 τοῦτον
1159 1474 1229 1516 ὑπὲξ
1248 1476 1355 1514 αὑτοῦ;
1379 1476 1459 1505 ἀλλὰ
1473 1476 1510 1505 σὺ
1527 1473 1595 1513 λέγε
1616 1477 1665 1506 τὴν
1684 1486 1764 1516 μαξ-

1044 1518 1151 1558 τυρίαν.

1086 1579 1130 1585 ——
1147 1564 1198 1592 21.
1214 1560 1260 1592 δ’τε
1268 1560 1298 1592 ἦν
1308 1560 1524 1601 &meato-tnnc
1535 1559 1642 1593 διαίτης
1654 1559 1763 1591 Ἀπολ-

1043 1603 1147 1645 λοδώρῳ
1162 1604 1228 1644 πρὸς
1245 1604 1402 1645 Φοξμίωνα]
1420 1604 1471 1634 illo
1483 1605 1531 1633 die
1545 1608 1573 1633 et
1589 1604 1623 1633 in
1632 1603 1683 1634 illo
1697 1614 1765 1633 con-

1041 1654 1142 1683 ventu,
1159 1658 1213 1686 quo
1229 1648 1339 1676 arbiter
1354 1648 1482 1677 delectus
1492 1648 1524 1677 in
1535 1656 1624 1676 causa
1642 1647 1759 1685 Apollo-

1042 1690 1106 1719 dori
1129 1691 1267 1720 adversus
1286 1689 1490 1720 Phormionem
1505 1695 1570 1719 erat
1584 1690 1760 1720 sententiam

1040 1734 1299 1771 pronuntiaturus.

1084 1793 1126 1798 —-
1143 1779 1194 1806 24.
1211 1775 1225 1806 ἢ
1241 1775 1429 1816 μαρτυρεῖτε,
1455 1773 1468 1806 ἢ
1495 1773 1691 1816 {fiendo-2562]
1710 1785 1757 1805 se-

1040 1819 1176 1858 paranda
1204 1827 1276 1848 sunt
1300 1819 1464 1857 interjecto
1481 1822 1594 1857 puncto
1613 1828 1630 1847 a
1644 1818 1762 1857 reliqua

1043 1862 1173 1891 formula
1185 1861 1358 1900 praescripti
1376 1860 1554 1896 testimonii,
1564 1861 1648 1900 quod
1661 1861 1760 1900 Apol-

1043 1905 1167 1934 lodorus
1188 1905 1325 1934 evocatis
1349 1904 1493 1941 testibus,
1508 1905 1562 1933 sed
1577 1903 1640 1934 illis
1655 1904 1761 1934 testari

1042 1948 1268 1984 recusantibus,
1281 1947 1411 1987 praeibat
1425 1957 1482 1986 per
1497 1947 1638 1976 scribam.

1087 1994 1100 2020 1
1111 1993 1186 2021 120.
1206 1993 1256 2021 21.
1272 1991 1323 2020 ἴσα
1339 1988 1436 2023 βαίνων
1447 1988 1570 2030 ἐςάδιζεν
1585 1990 1764 2021 ὑποπεπτω-

1042 2035 1097 2067 κὼς
1111 2032 1214 2075 ἐκείνῳ]
1230 2039 1366 2073 pugnant
1378 2034 1443 2063 haec
1453 2043 1568 2063 secum.
1581 2033 1633 2072 qui
1648 2032 1700 2062 ἴσα,
1715 2045 1763 2063 τι-

1042 2076 1064 2106 νὶ
1073 2075 1172 2113 βαίνει,
1187 2079 1253 2116 pari
1266 2087 1354 2116 passu
1363 2087 1430 2106 cum
1439 2076 1539 2116 aliquo
1549 2076 1693 2111 ambulat,
1706 2087 1760 2106 ne-

1042 2120 1109 2159 quit
1132 2121 1159 2149 is
1181 2120 1243 2149 dici
1269 2120 1367 2149 eidem
1393 2117 1512 2158 ζαδίζειν
1534 2120 1760 2155 ὑποπεπτωκὼς,

1041 2163 1192 2193 ambulare
1202 2172 1290 2202 passu.
1304 2173 1363 2192 uno
1378 2172 1451 2200 pone
1467 2162 1564 2192 illum.
1581 2172 1676 2201 quare
1693 2162 1760 2191 nul-

1041 2205 1090 2235 lus
1117 2206 1256 2236 dubitavi
1279 2209 1352 2245 post
1367 2202 1461 2234 Cairwr
1487 2205 1526 2234 de
1553 2215 1622 2234 meo
1639 2205 1759 2243 judicio

1041 2248 1109 2288 ὑμῖν
1128 2250 1252 2279 addere.
1269 2248 1350 2278 idem
1374 2248 1562 2287 Stephanus,
1574 2247 1626 2286 qui
1647 2247 1689 2277 nil
1706 2258 1759 2277 ve-

1041 2297 1125 2321 retur
1154 2293 1325 2327 vobiscum,
1352 2291 1404 2330 qui
1429 2290 1507 2321 estis
1527 2290 1662 2330 judices,
1689 2291 1758 2330 pari

1040 2344 1133 2373 passu
1160 2335 1326 2371 ambulare,
1355 2345 1453 2373 eoque
1479 2344 1512 2363 se
1536 2343 1642 2372 parem
1669 2334 1759 2364 vobis
1781 2337 1787 2340 “

1039 2377 1133 2413 ferre,
1150 2384 1261 2412 tamen,
1285 2377 1406 2416 quoties
1431 2376 1629 2407 Aristolooho
1655 2386 1760 2406 comes

1040 2420 1109 2456 iret,
1123 2431 1203 2460 pone
1217 2422 1357 2457 illum‚ut
1371 2420 1499 2450 inferior
1511 2419 1672 2457 dignitate,
1683 2419 1759 2456 ibat,

1041 2474 1101 2493 uno
1116 2474 1211 2502 passu
1226 2464 1338 2493 minor.
1380 2463 1520 2503 Opponit
1535 2463 1615 2492 inter
1627 2462 1758 2501 sejudi-

1038 2517 1084 2537 σεε
1116 2511 1148 2536 et
1172 2506 1396 2548 foeneratorem.
1455 2505 1583 2537 Judices
1612 2505 1758 2540 omnium,

1040 2555 1188 2589 quotquot
1201 2551 1230 2579 in
1247 2561 1313 2588 rep.
1324 2554 1529 2584 versarentur,
1545 2552 1630 2589 erant
1640 2547 1757 2587 princi-

1040 2603 1105 2632 pes.
1156 2595 1248 2622 Erant
1264 2593 1293 2622 hi
1309 2597 1401 2632 capnt
1421 2592 1511 2631 reip.‚
1528 2600 1644 2620 summa
1658 2600 1756 2628 penes

1037 2646 1090 2666 eos
1107 2640 1171 2666 erat
1193 2635 1350 2677 majestas,
1377 2635 1492 2675 quippe
1518 2634 1568 2673 qui
1594 2643 1755 2672 personam

1036 2679 1156 2718 populi,
1172 2690 1267 2718 penes
1279 2688 1367 2717 quern
1385 2678 1484 2707 solum
1499 2677 1641 2714 majestas
1656 2683 1752 2713 esset,

1037 2728 1187 2760 gererent.
1219 2724 1333 2751 Contra
1347 2716 1541 2750 nullum'erat
1554 2718 1683 2748 Athenis
1700 2730 1754 2758 ge-

1038 2775 1093 2794 nus
1119 2765 1272 2794 hominurn
1296 2763 1480 2793 contemtius
1508 2766 1600 2800 atque
1617 2762 1753 2792 detesta-

1037 2808 1131 2836 bilius
1151 2807 1398 2837 soeueratoribus.
1424 2806 1501 2835 citat
1518 2805 1536 2834 h
1546 2827 1553 2834 .
1567 2805 1586 2833 Ι.
1598 2804 1754 2843 Harpocr.

1037 2861 1066 2880 v.
1094 2849 1144 2879 ἴσα.
1167 2849 1273 2883 Βαίνων.
1300 2860 1328 2880 v.
1356 2848 1486 2878 Herald.
1513 2847 1551 2876 ad
1582 2847 1752 2878 Arnobium

1061 2914 1068 2922 .
1085 2896 1136 2923 ⁶20.

1036 2903 1056 2932 p
1077 2954 1121 2959 -—
1136 2938 1187 2966 27.
1203 2932 1369 2975 Ἀπόληξις]
1387 2931 1425 2967 εἷς
1443 2933 1498 2963 τῶν
1517 2932 1532 2961 ὖ
1551 2930 1752 2973 συγγραφέων,

1036 2975 1073 3008 οἷν
1083 2977 1242 3017 κωμῳδεῖὸ
1259 2977 1394 3006 men-m.
1439 2976 1594 3015 Harpoer.
1610 2975 1643 3004 h.
1662 2975 1683 3004 l.
1706 2975 1751 3005 ci-

1034 3026 1114 3057 tans,
1126 3021 1178 3051 ubi
1200 3031 1229 3050 v.
1257 3019 1414 3055 Valesius,
1439 3018 1492 3059 qui
1515 3018 1609 3050 etiam
1629 3018 1688 3050 hoc
1710 3018 1750 3050 do

1032 3064 1146 3096 Solone
1159 3063 1297 3105 quaedam
1312 3062 1411 3094 affert.
