1931 3322
448 214 512 256 IN
546 211 954 256 PHILIPPICAM
989 210 1071 254 DE
1104 211 1277 257 PACE.

135 320 270 362 tagora}
315 321 377 351 Sed
401 332 462 352 non
489 333 594 353 omnes
618 326 747 362 possunt
773 332 842 353 esse

139 363 294 402 sapientes
317 375 414 406 neque
439 365 561 396 diserti.
603 367 712 405 Itaque
737 365 769 395 in
795 366 842 395 his

136 407 232 444 major
243 407 364 436 videtur
376 418 444 438 esse
459 409 653 445 excellentia,
669 410 716 450 [Ρ.
727 412 779 440 40.
792 409 842 438 ed

135 449 176 477 D.
179 449 194 489 ]
209 459 245 479 eo
257 451 337 488 quod
351 461 418 481 rara
431 457 512 487 sunt,
524 463 579 482 nec
592 453 696 483 multis
709 462 842 482 commu-

132 490 194 521 nia.
239 492 301 528 Qui
321 494 474 532 justitiam
497 500 528 525 et
550 495 756 534 integritatem
782 494 841 524 sibi

131 542 192 562 non
213 536 335 572 asserit,
351 538 450 568 fatuus
473 543 530 568 est.
575 539 637 578 Qui
661 538 840 578 sapientiam

131 581 184 606 aut
199 576 413 617 eloquentiam,
429 590 586 621 arrogans.

175 636 219 642 —
232 621 309 652 ibid.
332 622 380 652 καὶ
395 623 458 664 περὶ
473 624 575 664 αὐτου]
593 623 676 654 Hinc
693 633 841 674 περιαυτο-

130 660 224 698 Myla-
246 665 437 702 Plutarchus,
450 666 629 706 [Quomodo
644 677 676 696 se
689 668 757 706 quis
774 668 840 697 sine

131 703 445 745 invidialaudaverit,
460 720 490 748 p.
499 712 573 741 133.
581 715 603 740 t.
612 711 706 740 VIII.
718 710 839 751 Reisk.]

130 747 211 777 ἇλλοὶ
225 749 274 778 καὶ
295 762 359 785 ’τους
379 752 619 792 στεφανουμένους
641 752 667 782 ἐν
682 754 743 787 τοῖς
766 754 841 790 ἀγῶ-

129 800 186 826 σιν,
201 789 285 832 ἕτεροι
308 795 438 828 νικῶντας
461 795 663 835 ἀναγορεύουσι,
686 806 735 826 την
749 794 842 825 ἀηδίαν

129 834 181 867 τῆς
195 835 425 883 περιαυτολογίας
439 839 629 877 ἀφαιρουντες.
663 839 842 867 Absurdum

130 881 180 905 est
195 877 274 908 enim
291 889 473 918 quemquam
493 891 563 910 esse
584 889 756 919 praeconem
779 889 842 909 suae

129 918 213 949 laudi
182 920 242 950 d1.s

173 980 217 986 ·—
232 963 308 994 ibid.
329 962 404 1004 ‘arag'
418 965 486 1004 ὑμῖν
500 966 554 994 τῶν
569 964 642 994 πάνυ
662 964 843 995 λυσιτελούν-

130 1016 186 1035 των
200 1008 260 1042 τοῖς
273 1011 424 1047 τολμῶσιν
438 1006 477 1049 ἓν]
496 1008 558 1037 Hic
573 1013 603 1038 et
618 1008 841 1047 impudentiam

129 1059 236 1079 eorum
258 1054 353 1086 notat,
368 1051 420 1091 qui
444 1052 570 1081 caudam
594 1051 720 1092 popello
740 1053 839 1091 jacta-

129 1097 216 1123 rent:
240 1097 272 1123 et
286 1094 443 1124 levitatem
457 1094 703 1131 Atheniensium,
720 1095 774 1134 qui
794 1099 840 1124 ta-

127 1134 210 1166 libus
240 1137 414 1176 praeberent
439 1147 540 1167 aures.
586 1138 704 1176 Estque
732 1138 764 1167 in
791 1137 838 1168 his

127 1180 267 1217 quaedam
281 1180 439 1222 τραχύτης,
453 1181 508 1210 sed
529 1180 637 1217 lenior,
654 1191 747 1220 quum
761 1181 840 1211 dicit

129 1221 200 1263 ‘trag’
214 1223 293 1262 ὑμῖν.

172 1283 216 1288 ——-
232 1268 285 1297 18.
307 1268 362 1296 τῶν
377 1266 459 1297 πάνυ
474 1266 710 1309 λυσιτελούντῶν]
736 1268 769 1297 Si
792 1267 838 1298 illi

127 1304 242 1340 faciunt
266 1310 325 1340 hoc
347 1320 415 1340 cum
437 1310 538 1350 aliquo
562 1321 616 1341 suo
641 1311 837 1350 compendio,

127 1352 241 1383 dabitis
267 1352 388 1383 veniam
412 1354 498 1389 mihi,
526 1354 552 1384 si
582 1354 615 1383 id
642 1364 701 1393 ego
728 1354 838 1385 faciam

126 1395 211 1426 nullo
233 1407 316 1433 meo,
337 1397 391 1426 sed
407 1401 512 1426 vestro
534 1398 706 1429 commodo.
752 1398 838 1428 Nihil

127 1443 177 1468 est
199 1439 293 1475 enim,
317 1440 397 1479 quod
422 1451 544 1480 sperem
566 1451 583 1470 a
601 1441 688 1471 vobis
710 1447 838 1481 propter

125 1481 184 1512 hoc
199 1482 301 1522 ipsum
324 1482 464 1522 amplius.
488 1482 522 1513 τὸ
544 1485 711 1515 λυσιτελοῦν
735 1490 837 1515 autem

127 1529 187 1561 est,
201 1526 298 1566 gratia
309 1536 398 1566 quam
412 1527 527 1556 inibant
538 1527 618 1568 apud
635 1527 795 1567 populum,
807 1534 839 1558 et

126 1568 274 1600 beneficia
286 1580 326 1599 ex
342 1570 449 1609 gralia.
495 1571 595 1600 Porro
609 1572 772 1601 λυσιτελεῖν
782 1572 837 1601 ali·

127 1611 202 1651 quid
219 1612 332 1643 dicitur
353 1613 490 1653 proprie,
505 1624 573 1643 cum
590 1614 708 1644 fructus
725 1620 836 1654 aequat,

125 1659 180 1685 aut
200 1655 290 1686 etiam
314 1661 441 1696 superat
462 1662 629 1697 sumptum,
651 1662 682 1688 et
704 1668 837 1688 commo·

125 1698 201 1729 dum
214 1704 324 1738 pensat
346 1700 534 1744 impensam:
559 1705 610 1730 aut
626 1700 679 1730 ubi
695 1711 837 1742 compen-

125 1741 211 1772 dium
226 1744 324 1782 majus
338 1748 387 1773 est
400 1743 568 1784 impendio.
590 1743 674 1779 τέλος
693 1744 771 1774 enim
787 1744 837 1774 δα-

126 1785 209 1822 πάνη,
221 1791 363 1825 sumptus,
378 1791 409 1816 et
419 1788 523 1823 τελειν,
537 1787 674 1828 δαπανὶν,
686 1793 836 1827 sumptum

115 1825 233 1868 facere.
276 1829 365 1860 Unde
382 1835 430 1859 est
452 1832 622 1865 πολυτελὴς,
642 1837 836 1870 sumptuosus,

127 1875 161 1900 et
174 1871 423 1908 effraim-,nullius
434 1874 535 1911 pretii.
557 1873 641 1909 λύειν,
665 1874 755 1909 luere,
779 1875 836 1904 sol-

126 1923 202 1944 vere.
243 1915 452 1954 TliucydideS,
465 1916 533 1956 [lib.
544 1916 602 1945 lv.
616 1927 642 1945 c.
656 1916 725 1957 6o.]
743 1920 838 1951 κακῶς

127 1957 206 1994 ἡμᾶς
228 1957 330 1992 αὖτοὺς
352 1958 498 1989 ποιούντων
515 1957 616 1988 τέλεσι
640 1960 699 1992 τοῖς
720 1959 836 1994 οἰκείοις.

126 2000 328 2038 Scholiastes,
342 2000 452 2037 τέλεσι,
468 2003 536 2036 ταῖς
546 2001 696 2037 δαπάναις,
710 2000 774 2032 ἕθεν
787 2004 836 2033 καῖ

127 2042 241 2078 εὖτελὲς
253 2044 300 2074 και
314 2043 489 2078 Δεονολιννελὲς.
522 2047 610 2075 Dem.
626 2044 758 2085 [Philip.
773 2046 834 2076 111.

126 2096 158 2125 Ρ.
172 2087 225 2117 73.
239 2087 289 2117 ed.
307 2086 599 2128 Κεὶ51ς.]Χεῤῥόνησον
619 2087 648 2118 δὲ
670 2090 720 2118 τοῖ’
718 2101 731 2122 ς
749 2090 836 2119 αὐτου

126 2127 224 2159 ’τέλεσι
247 2130 382 2170 διορύξειν.
425 2131 586 2170 Philippus
610 2130 768 2171 pollicitus
789 2138 837 2163 est

126 2172 374 2211 Atheniensibus,
397 2184 429 2204 se
449 2174 638 2213 peninsulam
665 2175 751 2211 lianc,
768 2187 835 2214 quae

126 2215 253 2247 ditionis
276 2227 381 2247 eorum
404 2223 480 2252 erat,
501 2219 561 2248 suis
584 2219 747 2256 sumptibus
768 2229 835 2257 per-

115 2256 284 2299 fossumm,
307 2265 399 2299 atque
422 2260 601 2291 effecturum
627 2261 768 2299 insulam,
786 2263 833 2303 [p.

125 2305 179 2333 41.
192 2303 242 2334 ed.
259 2305 300 2334 D.
303 2302 318 2343 ]
334 2308 367 2334 ut
381 2304 468 2334 multi
483 2305 584 2334 conati
600 2309 671 2335 sunt
684 2306 834 2335 Isthmum

124 2345 352 2376 Corinthiacum
362 2347 533 2386 perfodere.
556 2348 743 2387 Xenophon,
756 2348 836 2388 [Re-

124 2398 194 2419 rum
215 2390 391 2422 Graecarum
412 2391 452 2420 V.
466 2401 494 2420 c.
510 2393 541 2422 3.
562 2391 589 2430 ᾗ.
605 2391 675 2431 QL]
703 2403 836 2422 τοσουτον

123 2433 180 2472 γὰς
213 2430 364 2474 ἐγκράτεια
391 2444 501 2473 ynete-2⁵
491 2433 516 2467 ῖς
544 2433 677 2475 διαφέρει,
705 2436 781 2465 ὥστε
813 2438 835 2468 οἱ

124 2475 257 2505 Φλιάσιοι
277 2487 324 2506 τον
343 2475 448 2515 ημισυν
473 2475 735 2518 συμψηφισάμενοι
755 2480 836 2508 σῖτον

124 2518 217 2549 τελεῖν
238 2517 253 2550 ἢ
278 2529 304 2549 π
304 2518 413 2559 ςόσθεν,
435 2519 484 2548 καὶ
509 2521 594 2550 τοῦτο
618 2522 768 2557 ποιοῦντες,
789 2521 836 2552 τὸν

124 2560 275 2592 διπλάσιον
297 2563 347 2592 τοῦ
371 2561 476 2597 εἰκότος
499 2562 592 2604 χρόνον
614 2564 834 2604 πολιορκούμενοι

125 2603 277 2645 διῆριιεσαν.
301 2604 431 2636 Tantum
440 2607 624 2636 continentia
637 2609 746 2638 ventris
759 2618 835 2647 prae-

123 2653 193 2684 stat,
219 2655 255 2679 ut
279 2647 413 2684 Phliasii,
436 2659 505 2679 cum
525 2649 725 2686 decrevissent,
749 2651 836 2681 dimi-

125 2690 210 2721 dium
235 2692 309 2731 ejus,
333 2692 410 2733 quod
435 2692 562 2722 solebant
587 2698 667 2729 ante,
682 2693 837 2734 frumenti

124 2743 302 2770 corzsnmere,
315 2735 403 2776 idque
418 2734 573 2777 fecissent,
596 2736 686 2776 duplo
711 2737 836 2774 diutius,

125 2786 214 2816 quam
239 2787 316 2817 posse
341 2778 523 2814 viderentur,
551 2779 650 2810 obsessi
680 2780 836 2811 durarent.

127 2819 244 2859 διαςκεῖν
257 2824 307 2850 est
329 2820 458 2863 ἀντεχειν
473 2821 554 2857 aliis,
569 2832 626 2862 pro
642 2833 702 2861 quo
716 2823 838 2863 Thucy-

126 2862 217 2892 dides
232 2864 385 2903 ἄνταριιειν.
407 2865 458 2895 hic
480 2865 576 2905 igitur
600 2866 693 2896 τελειν
715 2871 762 2896 est
786 2867 836 2896 δα-

128 2904 228 2945 πανᾷν,
253 2909 297 2941 ut,
312 2908 395 2946 quod
420 2908 570 2939 Horatius
591 2908 678 2944 dicit,
703 2910 837 2949 “fruges

127 2957 308 2979 consumere
332 2950 427 2986 nati,’'
450 2952 530 2980 σῖτον
556 2952 649 2981 τελεῖν
671 2952 719 2981 και
742 2951 839 2982 ἀναλί-

129 3000 205 3020 σκειν
223 2991 392 3031 πεφυκότες.
437 2995 535 3024 Varro
556 2995 656 3034 primo
672 2995 710 3025 de
733 3006 765 3025 re
789 3006 839 3025 1·-u

131 3033 220 3071 stica,
238 3032 280 3075 [c.
297 3035 345 3076 8]
378 3037 541 3068 “Vineam
563 3043 632 3070 sunt
654 3038 707 3077 qui
732 3044 840 3078 putent

1510 211 1583 254 371

878 324 1002 359 sumptu
1032 321 1164 351 fructum
1201 319 1383 352 devorare.''
1439 320 1591 356 Catullus,

877 364 994 405 [Carm.
1009 366 1083 400 114,
1097 366 1126 393 2.
1139 365 1180 406 5.]
1197 365 1380 395 Formianus
1396 361 1490 394 saltus
1500 364 1589 392 dives

888 436 909 449 “
922 432 1045 466 Fertur,
1061 431 1114 470 qui
1130 437 1205 471 quot
1226 443 1275 462 res
1296 432 1325 462 in
1343 443 1375 462 se
1391 432 1483 462 habet
1499 441 1586 470 egre-

1004 474 1089 514 gias.
1081 474 1093 495 ⁷

917 517 1059 557 Aucupia
1074 528 1161 548 omne
1174 528 1278 557 genus,
1297 517 1411 556 pisces,
1424 512 1521 557 prata,
1539 527 1586 546 ar-

1002 571 1052 596 va,
1070 560 1221 601 ferasque.

917 603 1141 643 Nequicquam.
1165 605 1281 634 fructus
1305 603 1477 642 sumptibus
1494 613 1585 633 exsu-

1002 646 1122 688 perat.''

875 707 976 744 Plato,
993 708 1047 749 [de
1069 719 1136 748 rep.
1156 708 1204 738 ΙΙ.
1224 718 1255 746 p.
1278 709 1352 738 5219.
1370 716 1395 736 5.
1416 710 1436 736 t.
1453 706 1512 735 VI.
1535 706 1585 735 ed.

875 751 946 791 Bip.
949 751 963 792 ]
978 751 1203 791 λυσιτελέστερα.
1213 750 1241 781 δὲ
1255 753 1309 781 τῶν
1319 748 1427 780 δικαίων
1437 751 1477 778 τὸ.
1491 749 1586 783 ἄδικα,

875 794 910 827 ὣς
932 793 979 824 ἐπὶ
1002 794 1036 824 τό
1059 794 1164 829 πλῆθος
1185 794 1312 832 λέγουσι,
1329 798 1360 824 et
1381 795 1416 827 ὡς
1435 792 1588 822 λυσιτελεῖ

875 836 908 865 τὸ
931 835 1044 873 aarum,
1060 837 1106 868 ἐὰν
1119 838 1254 879 λανθάνῃ.
1300 838 1409 867 Strabo
1431 835 1502 875 [lib.
1519 835 1585 864 ΙΙΙ.

876 888 907 915 Ρ.
925 883 1000 910 221.
1014 882 1064 910 ed.
1079 881 1206 921 Almel.]
1225 880 1342 916 scribit,
1365 880 1448 910 nasci
1463 879 1494 908 in
1509 888 1584 917 qua-

876 921 945 950 dam
966 923 1131 962 Hispaniae
1156 929 1245 963 parte
1267 924 1440 963 plumbum,
1456 921 1506 952 cui
1529 921 1585 950 ali·

876 963 951 1002 quid
978 966 1096 1003 argenti
1121 967 1161 995 sit
1184 966 1358 1002 admistum,
1382 975 1440 996 non
1465 968 1585 995 tantum

875 1012 989 1043 tumen,
1013 1013 1048 1037 ut
1071 1009 1218 1062 expediat
1240 1015 1426 1049 repurgare:
1451 1006 1586 1048 παραμέ-

873 1060 981 1089 μικται
995 1049 1051 1089 μέν
1065 1062 1094 1080 τι
1110 1051 1159 1080 καὶ
1174 1050 1299 1091 ἀργυρίου
1317 1063 1401 1092 μικξο
1392 1051 1425 1087 iv,
1440 1051 1495 1093 οὐχ
1508 1051 1584 1080 ὥστε

874 1092 903 1123 δὲ
920 1104 968 1122 και
983 1096 1145 1124 λυσιτελειν
1159 1093 1370 1133 ἀποκαθαίρειν.
1393 1094 1585 1133 Xenophon,

875 1135 918 1177 [ἓν
929 1136 973 1175 τῷ
984 1137 1045 1176 περι
1062 1136 1210 1176 προσοδων,
1222 1148 1250 1167 c.
1267 1141 1297 1168 4.
1309 1139 1335 1178 ξ.
1349 1138 1395 1179 6.]
1412 1138 1459 1167 καὶ
1475 1136 1542 1166 ὅταν
1552 1148 1585 1175 γε

873 1181 969 1213 ’ωόλυς
982 1179 1065 1213 σῖτός
1079 1191 1111 1210 τε
1126 1180 1175 1210 καὶ
1190 1180 1223 1210 οῖ’.
1223 1191 1254 1213 ος
1265 1191 1297 1219 γε
1290 1180 1392 1217 ’,νηται
1409 1178 1518 1220 ἀξίων”
1505 1191 1586 1209 οντων

873 1225 929 1253 τῶν
948 1225 1073 1263 ’‘aquil-v,
1089 1225 1272 1257 ἇλυσιτελεῖς
1287 1235 1315 1254 αι
1331 1223 1460 1264 γεωξγίαι
1483 1235 1511 1260 γ’.
1504 1222 1558 1261 loy-v
1548 1234 1586 1252 ν-

872 1277 934 1296 ται.
958 1265 1194 1306 Aristophanes:
1213 1266 1309 1306 [qu.
1320 1268 1409 1307 642]
1420 1268 1447 1297 N
1454 1277 1584 1305 unquam

872 1309 1010 1339 vidimus
1033 1310 1127 1349 ἀφύας
1148 1309 1322 1350 ἀξιωτέρους,
1340 1310 1466 1340 viliores
1487 1310 1584 1348 pisci-

873 1353 971 1389 culos,
999 1353 1126 1384 minoris
1151 1354 1264 1389 venire,
1291 1354 1373 1393 quod
1399 1354 1477 1383 enim
1505 1354 1584 1383 bene

873 1401 1008 1436 emptum
1032 1402 1090 1431 est,
1109 1397 1191 1427 valet
1212 1397 1382 1436 pecuniam.
1401 1396 1447 1436 [p.
1466 1400 1516 1427 42.
1535 1397 1584 1426 ed.

873 1440 930 1480 D.]
954 1441 1044 1479 Apud
1059 1440 1191 1470 Plinium
1206 1440 1349 1479 legimus,
1368 1441 1436 1480 [lib.
1453 1441 1585 1470 XVIII.

872 1482 958 1513 Hist.
975 1485 1049 1514 Nat.
1066 1489 1142 1514 sect.
1158 1486 1189 1514 7.
1207 1483 1232 1522 ᾧ.
1248 1484 1296 1525 4.]
1314 1484 1386 1513 nihil
1404 1484 1504 1514 minus
1528 1494 1584 1513 ex-

871 1526 991 1566 pedire,
1026 1537 1115 1566 quam
1153 1527 1268 1566 optime
1306 1527 1407 1556 colere
1453 1537 1558 1566 agrum
1576 1538 1582 1555 :

872 1574 893 1587 ‘¹
907 1571 984 1600 bene
1009 1571 1111 1601 colere
1145 1570 1349 1600 necessarium
1379 1575 1437 1606 est,
1468 1570 1582 1610 optime

871 1613 1061 1644 damnosum.
1108 1614 1239 1644 Domino
1252 1613 1370 1653 aliquas
1386 1624 1502 1643 messes
1517 1613 1579 1642 col-

871 1656 969 1695 ligere
986 1667 1045 1686 non
1063 1657 1198 1698 expedit,
1215 1657 1241 1686 si
1256 1661 1451 1695 computetur
1467 1657 1583 1695 impen-

870 1700 954 1729 dium
966 1700 1102 1738 operae.”
1125 1700 1309 1736 M.Tutli·s,
1319 1700 1458 1741 [actione
1470 1700 1498 1729 in
1508 1701 1582 1729 Ver-

870 1753 935 1773 rem
952 1744 995 1773 11.
1010 1744 1064 1774 lib.
1081 1744 1101 1774 i.
1119 1754 1147 1773 c.
1160 1744 1207 1785 3.]
1229 1748 1250 1761 “
1263 1745 1308 1774 Ut
1324 1754 1382 1783 ego
1395 1743 1473 1772 hunc
1489 1753 1581 1773 unum

870 1787 1020 1825 ejusmodi
1035 1798 1119 1817 reum
1136 1793 1207 1827 post
1228 1786 1382 1817 hominum
1406 1787 1581 1816 memoriam

869 1829 965 1860 fuisse
988 1831 1129 1866 arbitrer,
1153 1830 1202 1860 cui
1227 1830 1362 1860 damnari
1386 1829 1582 1869 expediret.''

870 1873 1049 1910 Sallustius,
1060 1874 1108 1915 [b.
1120 1873 1192 1913 Jug.
1203 1884 1230 1903 c.
1241 1874 1311 1914 77.]
1336 1878 1357 1891 “
1369 1874 1419 1902 Ita
1431 1874 1584 1912 Jugurtha

869 1920 964 1952 ratus,
976 1922 1029 1946 aut
1041 1922 1131 1970 capta
1141 1918 1216 1946 urbe
1227 1926 1329 1955 operae
1341 1916 1471 1955 pretium
1484 1915 1584 1952 fore,”

869 1971 884 1989 η
900 1958 1141 1993 πόλεωςὰλούσης
1155 1959 1360 1990 λυσιτελήσειν.
1394 1960 1488 1990 Arist.
1503 1958 1582 1999 [Po-

869 2001 1022 2032 liticorum
1036 2004 1080 2033 11.
1091 2013 1157 2042 cap.
1171 2005 1202 2034 5.
1215 2013 1245 2041 Ρ
1257 2004 1309 2033 90.
1319 2013 1344 2032 5.
1356 2002 1405 2033 ed.
1417 2003 1581 2053 Cssnringt]

870 2046 1045 2082 ostendeus,
1062 2045 1182 2086 quantis
1198 2046 1308 2086 opibus
1323 2051 1354 2076 et
1378 2045 1480 2085 copiis
1505 2046 1582 2076 civi·

871 2093 962 2119 tatem
980 2100 1049 2120 esse
1064 2094 1199 2129 oportet,
1215 2099 1302 2128 quam
1317 2090 1518 2119 abundantem
1535 2089 1582 2118 di-

870 2131 956 2162 vitiis
972 2138 1003 2162 et
1017 2133 1172 2168 refertam,
1186 2132 1299 2171 inquit:
1323 2131 1390 2166 ἴσως
1412 2143 1453 2161 ουν
1466 2132 1582 2172 ἄξια-τος

867 2173 933 2214 deoc,
950 2175 983 2204 τὸ
1003 2177 1045 2214 μῆ
1062 2175 1222 2205 λυσιτελεῖν
1237 2176 1296 2210 τοῖς
1310 2174 1449 2214 κρείττοσι
1465 2175 1510 2205 διὰ.
1531 2177 1580 2206 ‘riv

869 2217 1019 2258 υπεξέολῆν
1030 2220 1167 2258 πολεμεῖν
1175 2236 1217 2241 -
1227 2216 1276 2248 οἷον
1289 2216 1421 2251 Εῧὲουλος
1435 2218 1582 2259 Αὐτοφρα-

869 2261 955 2291 δάτου
968 2261 1124 2301 μέλλοντος
1138 2261 1271 2301 Ἀταρνέα
1289 2262 1451 2302 πολιορκεῖν,
1467 2261 1579 2291 ἐκέλευ-

868 2315 915 2335 σεν
925 2304 1008 2335 αὐτὸν
1022 2303 1213 2345 σκεψάμενον,
1227 2304 1252 2335 ἐν
1265 2304 1344 2344 πόσῳ
1357 2304 1443 2346 χρόνῳ
1455 2303 1581 2342 λήψεται

869 2346 901 2377 τὸ
916 2347 1024 2389 χωρίον,
1040 2347 1213 2386 λογίσασθαι
1236 2349 1286 2378 τοῦ
1308 2348 1404 2388 χξόνου
1418 2347 1519 2378 τούτου
1533 2350 1582 2379 τὴν

869 2391 1001 2422 δαπάνην.
1024 2390 1125 2422 ἐθέλειν
1147 2393 1202 2432 γὰξ
1225 2390 1348 2421 ἔλαττον
1362 2390 1462 2421 τούτου
1487 2392 1581 2424 λαβὼν

868 2433 994 2465 ἐκλιπεῖν
1009 2434 1056 2466 ἤδη
1073 2434 1119 2464 τὸν
1131 2433 1278 2473 Ἀταρνέα.
1302 2434 1480 2468 Suetonius.
1495 2432 1580 2473 [An-

870 2483 973 2516 gusto,
989 2489 1016 2508 e.
1032 2479 1101 2519 25]
1120 2481 1139 2495 “
1152 2478 1299 2508 Proelium
1314 2477 1438 2516 quidem
1454 2484 1506 2508 aut
1519 2479 1585 2508 hel-

867 2521 930 2551 lum
956 2521 1186 2561 suscipiendum
1215 2521 1338 2550 omniuo
1361 2522 1493 2560 negabat
1518 2523 1583 2552 Au-

868 2569 991 2603 gustus,
1005 2564 1065 2594 nisi
1077 2575 1168 2605 quum
1182 2565 1278 2602 major
1289 2564 1486 2594 emolumenti
1498 2575 1582 2603 spes,

869 2618 959 2646 quam
976 2607 1077 2638 damni
1104 2612 1204 2637 metus
1229 2608 1456 2638 ostenderetur.
1500 2609 1581 2639 Nam

869 2651 994 2681 minima
1015 2651 1176 2681 commoda
1199 2660 1257 2680 non
1280 2650 1405 2681 minimo
1427 2655 1581 2681 sectantes

868 2694 1059 2729 discrimine,
1071 2694 1187 2724 similes
1197 2693 1298 2724 aiebat
1305 2704 1375 2724 esse
1388 2704 1480 2724 aureo
1493 2695 1581 2724 hamo

869 2737 1079 2777 piscantibus:
1104 2739 1191 2777 cnjus
1205 2738 1328 2776 abrupti
1342 2738 1483 2766 damnum
1499 2738 1583 2767 nulla

870 2784 998 2819 captura
1012 2781 1135 2819 pensari
1152 2780 1291 2820 posset.'’
1324 2780 1429 2810 Simile
1445 2784 1492 2808 est
1509 2780 1581 2809 huic

870 2823 951 2862 apud
964 2824 1176 2863 Thucydidem
1195 2823 1263 2864 [lib.
1277 2824 1316 2852 V.
1331 2833 1357 2852 c.
1371 2822 1438 2862 16.]
1455 2823 1583 2852 Laconi-

870 2876 938 2896 cum
954 2866 1028 2896 illud
1045 2867 1257 2906 proverbium,
1273 2866 1353 2904 quod
1378 2864 1441 2894 illis
1458 2866 1583 2896 oraculo

871 2910 1002 2948 quodam
1018 2910 1133 2941 editum
1150 2910 1227 2940 fuit:
1254 2908 1318 2941 Διές
1332 2907 1386 2937 ιῗου
1408 2907 1529 2945 κμιὲεου
1551 2921 1583 2938 το

872 2952 993 2994 σπέρμα
1010 2952 1042 2983 ἔκ
1057 2965 1107 2987 ’της
1121 2950 1274 2991 ἐλλοτξίας
1289 2950 1316 2984 ἐς
1332 2952 1380 2979 τὴν
1395 2949 1501 2979 ἑαυτῶν
1515 2953 1583 2980 ἇνα-

873 2995 967 3036 φέρειν,
991 2997 1013 3025 εἰ
1042 2995 1069 3025 δὲ
1095 3009 1149 3036 μη,
1172 2997 1282 3034 ‹ipyveg
1261 2993 1292 3023 {a
1318 3004 1338 3022 ε.
1333 2993 1423 3032 λεἰκςι
1449 2994 1584 3032 εἰλαξειν.

874 3039 962 3070 Jovis
980 3039 1058 3070 lilius
1076 3039 1230 3069 semideus
1249 3042 1295 3067 est
1314 3037 1477 3071 Hercules,
1495 3039 1582 3076 cujus
