1931 3323
326 201 410 244 398

329 307 576 339 observavimus.
636 307 747 339 Cicero
794 308 1037 348 deprecationem

329 357 431 382 vocat.
454 351 626 382 Aristides:
655 351 724 381 ἀλλ’
746 350 845 391 ἔγωγε,
873 351 919 381 καὶ
942 352 1040 390 μηδεὶς

329 395 485 436 δυσχεξάνῃ
501 396 550 426 την
575 394 707 424 ἀτοπίαν.
731 395 781 425 hic
805 395 955 429 videmus,
972 405 1040 424 ora-

330 440 452 469 toribus
477 438 615 477 obstrepi
632 439 753 469 solitnm
776 438 806 468 in
830 438 1040 473 concionibus,

331 482 358 512 si
386 481 462 521 quid
488 483 637 517 dicerent,
660 483 741 521 qnod
767 482 866 511 minus
891 482 1039 521 placeret.

329 525 396 556 Cic.
425 525 497 565 [pro
521 526 556 555 C.
581 525 708 555 Rabirio
732 526 823 555 Perd.
850 535 915 560 reo,
941 536 967 554 c.
990 525 1039 566 6.]

330 569 351 586 ‘⁴
366 569 491 599 Utinam
503 569 579 598 hanc
593 569 669 598 mihi
680 570 853 598 facultatem
864 579 955 598 causa
970 579 1041 598 con-

329 613 467 648 cederet,
483 618 518 642 ut
529 623 651 651 possem
663 612 722 641 hoc
734 613 914 651 praedicare,
925 611 960 640 C.
978 612 1040 641 Ra-

329 655 404 685 birii
419 666 508 685 manu
528 657 562 685 L.
578 656 772 685 Saturninum
796 655 913 684 hostem
936 654 1041 694 populi

329 699 461 729 Romani
486 699 690 729 interfectum.
736 697 820 728 Nihil
850 708 899 727 me
929 699 1042 727 clamor

329 743 389 772 iste
405 747 590 777 commovet,
607 742 662 771 sed
684 741 869 776 consolatur,
886 751 977 779 quum
996 741 1042 770 in-

328 786 425 822 dicat,
441 796 509 815 esse
526 786 672 824 quosdam
689 785 774 814 cives
788 784 960 823 imperitos,
987 785 1043 814 sed

327 839 388 858 non
403 828 525 858 multos.
571 829 746 866 Nunquam,
758 827 970 862 mihicredite,
987 838 1043 866 po-

328 873 422 912 pulus
441 873 529 901 Rom.
546 872 606 907 hic,
633 871 685 910 qui
713 871 795 906 silet,
821 871 978 900 consulem
994 881 1043 900 me

326 915 465 950 fecisset,
491 915 516 943 si
542 919 645 944 vestro
668 914 800 943 clamore
831 915 1044 953 perturbatum

328 958 368 989 iri
381 958 592 989 arbitraretur.
610 962 722 996 quanto
734 958 798 996 jam
815 956 915 987 levior
930 962 979 987 est
994 968 1044 987 ac-

328 1001 488 1031 clamatio?
513 1001 586 1040 quin
603 1001 768 1031 continetis
782 1011 900 1036 vocem,
911 1000 1044 1031 indicem

329 1044 469 1075 stultitiae
485 1048 607 1078 vestrae,
631 1048 740 1073 testem
757 1044 954 1083 paucitatis.'’
976 1054 1044 1082 per·

329 1089 484 1118 turbatum
500 1088 551 1122 iri,
573 1084 830 1126 θορυέηθησεσὲαι.
875 1088 937 1117 Sed
953 1087 1044 1118 Cice-

328 1132 397 1162 roni
408 1131 605 1161 reclamatum
621 1134 667 1159 est
683 1130 712 1158 in
728 1130 786 1159 hoc
798 1130 929 1168 judicio,
952 1141 1044 1170 quum

328 1175 363 1206 id
375 1175 520 1210 dixisset,
535 1173 618 1212 quod
630 1173 714 1202 nefas
727 1173 899 1203 videbatur.
927 1175 1043 1204 Demo-

330 1219 455 1249 sthenes
479 1218 632 1252 dicturus,
656 1217 737 1255 quod
754 1227 842 1246 aures
855 1217 1045 1247 audientium

329 1265 523 1301 respuerent,
547 1259 713 1290 antevertit
739 1265 770 1289 et
785 1260 951 1299 supprimit
967 1266 1045 1289 stre-

329 1305 427 1345 pitum
454 1303 622 1334 concionis.
667 1302 823 1332 Basilius:
854 1304 942 1332 πολὺν
963 1302 1047 1343 ὄχλον

329 1347 356 1378 ἔν
372 1347 466 1385 ἑαυτῷ
481 1346 571 1387 θηξίων
595 1346 673 1388 ἔχεις
696 1345 743 1374 καῖ
767 1348 809 1384 μὴ
835 1343 906 1385 ὕζριν
931 1345 1048 1385 νομίσῃς

329 1391 397 1422 εἶναι
421 1389 627 1429 τὸλεγόμενον.
652 1390 718 1418 haec
742 1389 849 1418 eadem
875 1388 973 1417 oratio
1000 1388 1046 1417 sic

329 1435 477 1465 intercisa
488 1434 583 1463 multo
598 1432 708 1462 fuisset
720 1432 834 1462 acrior:
852 1431 939 1461 πολὺν
951 1429 1046 1471 ὄχλον,

330 1477 378 1507 καὶ
392 1479 434 1517 μῆ
452 1476 526 1516 ὕβριν
550 1476 666 1516 νομίσῃς
689 1474 756 1505 εῖναι
783 1473 817 1503 τὸ
844 1473 1002 1512 λεγόμενον,
1021 1472 1047 1503 ἐν

330 1521 425 1558 ἑαυτῷ
439 1517 531 1559 Θηρίων
539 1517 626 1560 ἔχεις.
640 1528 732 1557 porro
747 1515 821 1557 θηρία
831 1517 958 1546 ἀὶοίιτά
969 1515 1046 1547 πάθη

330 1566 382 1600 τῖς
398 1563 505 1605 ψυχῆς.
521 1563 617 1592 utitur
629 1566 729 1591 autem
741 1560 958 1600 deprecatione
974 1570 1046 1599 pro-

329 1613 401 1648 pter
413 1606 562 1637 invidiam
575 1606 718 1635 nominis.

375 1669 418 1674 —-
434 1654 486 1681 10.
503 1650 558 1691 οὐχ
570 1650 605 1684 ὡς
623 1648 704 1683 ἡδέως
713 1647 826 1690 ἔχουσιν
841 1650 922 1690 ημῖν]
942 1650 977 1679 Id
990 1655 1049 1686 est,

330 1692 503 1728 ἐπιτηδείως.
550 1693 771 1732 Etymologus:
803 1691 972 1729 ἐπιτήδειος,
1003 1693 1048 1731 φί-

331 1744 380 1772 λος
393 1738 442 1767 καὶ
455 1736 589 1773 συνήθης,
602 1736 659 1766 ιἰπό
675 1737 724 1766 τοῦ
739 1735 804 1772 ἧδω,
820 1736 893 1772 ἦδῆς,
908 1734 1049 1769 ἐωιτηδής

331 1781 381 1811 καὶ
403 1780 574 1815 ἐπιτήδειος,
604 1779 780 1820 πλεονασμῷ
802 1780 852 1808 τοῦ
879 1790 910 1809 τ.
931 1779 1048 1809 amicus

334 1826 416 1855 enim
431 1824 530 1854 amico
547 1834 635 1854 carus
651 1828 698 1853 est
714 1822 977 1862 atquejucundus.
994 1833 1047 1853 un-

333 1868 373 1898 de
389 1868 446 1898 hoc
459 1868 541 1908 apud
557 1867 774 1898 Plutarchum:

377 1928 416 1962 εἶς
429 1924 550 1968 ὄμματ’
564 1928 635 1958 εὔνου
650 1927 744 1967 φωτὸς
758 1926 910 1967 ἓμέλέψαι
925 1926 1027 1966 γλυκύ.

334 1997 390 2038 [P.
415 1999 489 2028 129.
519 1996 568 2026 ed.
594 1995 655 2036 D.]
673 1995 763 2025 Dem.
807 1995 852 2036 [c.
875 1994 999 2035 Leptin.
1016 2005 1050 2034 p.

333 2043 409 2071 500.
435 2040 485 2069 ed.
506 2038 636 2080 Reisk]
661 2038 704 2069 ἵνα
717 2040 862 2073 Λεπτίνης
884 2037 940 2078 ἰδίᾳ
961 2039 1048 2075 τισὶν,

333 2081 372 2118 οῖς
386 2083 477 2117 ἀηδῶς
492 2081 566 2123 ἔχει,
585 2081 735 2123 ἐπηρεάσῃ.
757 2082 824 2118 Cic.
847 2081 920 2122 [pro
941 2082 1046 2123 Sext]

334 2126 424 2166 “qni
445 2126 598 2165 imperitae
619 2130 650 2156 et
675 2125 836 2156 concitatae
860 2125 1049 2155 multitudini

330 2170 461 2209 jucundi
479 2180 547 2200 esse
565 2167 760 2200 voluerunt.'’
794 2169 900 2198 Idem:
925 2172 1048 2199 “carus

335 2212 477 2253 utrisque
508 2217 557 2243 est
587 2218 677 2252 atque
713 2212 904 2251 jucundus.”
949 2213 1048 2242 Item:

334 2260 357 2275 “
375 2258 448 2287 Erat
463 2256 655 2295 temporibus
670 2256 733 2286 illis
745 2255 900 2295 jucundus
917 2255 1048 2285 Metello

334 2299 384 2330 illi
408 2299 590 2335 Numidico,
614 2303 645 2329 et
662 2299 721 2329 Pio
746 2301 812 2337 ejus
827 2297 921 2328 filio.''
955 2298 1048 2328 Dem.

336 2343 385 2383 [in
409 2343 570 2383 prooemiis
595 2353 627 2382 p.
650 2342 764 2382 1438]
797 2341 860 2372 ἔστι
882 2341 937 2381 μὲν
960 2338 1002 2372 οὖν
1015 2340 1049 2372 τὸ

334 2384 414 2416 κοινὸν
429 2386 494 2420 ἔθος
507 2388 564 2416 τῶν
585 2384 740 2422 πλείστων,
764 2386 829 2420 τοὺς
843 2384 898 2426 μὲν
913 2395 1048 2416 συνεπαι-

337 2430 448 2463 νοῦντας
478 2429 589 2463 ἑαυτοῖς
614 2429 629 2459 δ’
650 2441 681 2459 τι
703 2428 736 2458 ἂν
755 2430 921 2470 πράττωσι,
947 2429 1048 2468 φιλεῖν,

338 2471 403 2513 πρδς
418 2472 447 2502 δὲ
465 2474 530 2508 τοὺς
545 2472 744 2514 ἐπιτιμῶντας
759 2473 850 2508 ἀηδῶς
865 2472 951 2514 ἔχειν.
977 2472 1048 2502 hinc

337 2515 432 2546 ἀηδίαν
453 2516 584 2546 dicimus
601 2516 799 2546 offensionem
818 2522 849 2546 et
863 2516 1049 2547 simultatem

335 2560 417 2589 inter
439 2559 555 2589 amicos
578 2564 687 2590 ortam.
710 2561 802 2589 Dem.
826 2559 882 2600 [de
906 2558 1052 2589 ementita

336 2601 503 2641 legatione,
523 2613 555 2641 p.
579 2602 673 2643 411.]
707 2603 773 2632 ἴστε
798 2602 884 2633 δήπου
895 2601 1052 2632 Πυθοκλέα

337 2644 444 2676 τουτονὶ
460 2643 506 2675 τᾶν
519 2644 692 2684 Πυθοδώρου.
703 2645 798 2684 τούτῳ
809 2646 883 2677 πάνυ
899 2644 1052 2686 φιλανθρώ-

339 2700 401 2722 πως
411 2687 568 2729 ἐκεχρήμην
583 2686 648 2726 ἐγώ.
663 2688 712 2717 καὶ
725 2688 807 2723 ἀηδὲς
818 2688 883 2728 ἐμοὶ
898 2688 947 2718 καὶ
961 2688 1053 2729 τούτῳ

338 2732 444 2772 γέγονεν
456 2732 495 2765 εἷς
509 2733 558 2762 τῆν
572 2730 678 2771 ἡμέραν
692 2731 801 2763 ταύτην
813 2732 895 2762 οὐδέν.
913 2729 991 2766 οὗτος
1006 2731 1052 2762 ἔκ-

339 2773 478 2816 τρὲπεταί
489 2785 531 2815 με
543 2775 587 2805 νῦν
601 2775 746 2811 ἀπαντῶν,
759 2773 811 2813 ἀφ’
824 2772 853 2805 οῧ
868 2773 934 2815 πρὸς
950 2774 1053 2807 Φίλιος·

339 2831 391 2851 πον
406 2818 540 2858 ἀφῖκται.
583 2818 753 2848 Pausanias
786 2817 831 2858 [in
856 2820 948 2848 rebus
973 2819 1054 2849 Pho-

337 2862 490 2898 censium‚
506 2862 555 2892 X.
569 2861 618 2902 2.]
632 2859 723 2899 λέγων
743 2860 790 2890 καὶ
809 2860 890 2890 ἄλλα
910 2859 1054 2901 ἐπαγωγὰ

338 2905 388 2936 καὶ
400 2906 436 2939 ὡς
448 2906 489 2935 τὰ
503 2903 647 2936 Ἀθηναίων
657 2904 705 2934 καὶ
722 2902 754 2933 ἐκ
769 2902 975 2943 Λακεδαίμονος
989 2903 1052 2935 ἐπι-

339 2948 436 2979 τήδεια
449 2946 573 2989 ἔξαςχῆς
586 2946 664 2978 ἐστὶν
677 2947 785 2983 αὐτοῖς,
801 2948 833 2977 id
847 2952 905 2983 est,
921 2948 957 2982 ὡς
972 2947 1055 2982 ἡδέως

340 2990 454 3033 ἔχουσιν
491 2991 587 3026 αὐτοῖς
622 2996 682 3022 tam
710 2989 935 3022 Lacedaemonii
962 3001 1053 3030 quam

340 3034 552 3066 Athenienses.

679 198 933 240 DOUNAEI
967 199 1444 243 PRAELECTIONES

1117 326 1160 330 —
1175 312 1227 340 12.
1241 309 1263 338 εἶ
1279 309 1326 338 καὶ
1336 309 1408 340 πάνυ
1423 307 1520 348 φήσειέ
1536 320 1580 343 τις
1595 309 1694 344 αὐτοὺς
1707 310 1788 342 εἶναι·

1075 350 1202 386 cremo:
1218 351 1303 393 εἶναι]
1326 353 1438 383 Boeotii
1458 362 1580 393 semper
1603 353 1700 383 habiti
1713 358 1784 383 sunt

1076 396 1237 424 tardiores.
1282 396 1434 426 Aristides
1467 395 1657 437 [Leuctris]
1687 396 1782 437 οἶμαι

1076 437 1103 467 δὲ
1119 438 1167 467 καὶ
1189 437 1322 473 Θηέαίους
1340 440 1382 478 μὴ
1399 439 1436 473 εἷς
1452 440 1584 469 τοσοῦτον
1604 438 1787 471 ἀναισθήτους

1075 481 1153 517 εἶναι,
1169 481 1242 521 μηδὲ
1263 482 1395 520 φαύλους,
1422 480 1528 521 καίπερ
1542 481 1623 517 ὄντας
1637 481 1786 516 Θηβαίους,

1075 525 1149 554 ὥστε
1173 525 1262 554 πλείω
1277 524 1398 566 μέμψιν
1412 525 1560 555 ποιεῖσθαι
1577 526 1619 555 νῦν
1633 526 1710 565 ἦμῖν,
1728 524 1785 559 ἐὰν,

1075 568 1122 597 καῖ
1138 570 1178 598 τὰ
1195 567 1267 606 ἑξῆς.
1306 570 1396 598 Dem.
1421 568 1491 609 [pro
1518 568 1729 608 Ctesiphonte,
1752 578 1784 607 p.

1077 611 1166 652 2137]
1199 611 1339 651 συμφέξει
1363 611 1390 641 δὲ
1422 610 1556 650 Φιλίππῳ
1581 611 1629 641 καὶ
1659 612 1784 642 Φωκεῦσι

1075 654 1123 684 καὶ
1140 655 1209 693 ὑμῖν
1231 656 1331 694 ὁμοίως
1358 655 1465 690 ἅπασι,
1481 656 1532 688 τῆς
1547 653 1723 692 ἀναλγησίας
1738 654 1789 683 καὶ

1075 699 1126 730 ’τῆς
1136 697 1293 737 Βαςύτητος
1303 699 1508 737 ἀπαλλαγῆναι
1518 699 1569 732 τῆς
1583 701 1638 727 τῶν
1649 694 1789 730 Θηβαίων.

1077 750 1257 780 quamquam
1283 742 1414 771 fortasse
1441 743 1506 771 haec
1528 739 1688 780 ἀναλγησίαν,
1709 741 1790 769 The-

1077 784 1224 813 banorum
1248 794 1304 813 non
1330 791 1378 814 est
1402 783 1579 820 ἀναισθησία,
1607 784 1661 814 sed
1690 785 1788 822 major

1079 826 1257 865 stupiditas,
1272 828 1311 857 de
1327 838 1387 866 qua
1405 828 1590 857 Pausanias:
1609 827 1671 857 ἀντὶ
1688 826 1789 856 τούτου

1077 868 1132 907 μὲν
1142 869 1269 900 ἅπαντα
1285 872 1325 900 τὰ,
1339 870 1488 908 ἀνάλγητα
1501 869 1704 909 βουλεύματα,
1718 868 1789 899 ἀπὸ-

1078 923 1134 942 νοια
1150 912 1210 943 ὑπὸ
1225 911 1360 945 Ἐλλήνων
1374 912 1541 954 ἕνομίιζεται
1557 913 1676 944 Φωκική.
1700 913 1787 942 ἀνάλ-

1079 967 1157 994 γητα
1172 955 1359 997 ζουλεύματα
1383 963 1453 987 sunt
1476 956 1596 996 perdita
1618 956 1740 986 consilia
1761 961 1790 986 et

1078 1001 1139 1029 sine
1151 1010 1283 1030 remorsu
1304 1001 1498 1036 conscientiae,
1522 999 1648 1036 ἀπόνοια,
1669 999 1790 1040 perdita

1078 1043 1216 1073 audacia.
1243 1045 1288 1073 M.
1303 1044 1426 1074 Tullius
1456 1043 1565 1084 [Tusc.
1587 1044 1652 1074 ΙΙΙ.
1677 1053 1705 1072 c.
1716 1044 1745 1073 6.
1761 1043 1788 1083 §.

1080 1086 1147 1127 12]
1177 1092 1196 1104 “
1209 1088 1277 1117 Nec
1297 1087 1430 1117 absurde
1456 1087 1587 1125 Crantor
1601 1086 1666 1122 ille,
1690 1085 1789 1125 quiin

1078 1135 1181 1159 nostra
1196 1130 1364 1160 Academia
1380 1131 1428 1162 vel
1446 1130 1476 1160 in
1491 1130 1599 1170 primis
1621 1129 1680 1160 fuit
1704 1128 1791 1158 nobi-

1078 1173 1127 1203 lis.
1174 1173 1319 1210 Minime,
1342 1173 1455 1213 inquit,
1487 1172 1638 1204 assentior
1660 1173 1712 1209 iis,
1737 1171 1790 1211 qui

1080 1215 1171 1246 istam
1182 1217 1287 1247 nescio
1300 1227 1389 1256 quam
1398 1216 1598 1247 indolentiam
1608 1225 1792 1256 magnopere

1078 1259 1218 1289 laudant:
1244 1260 1289 1301 [p.
1303 1262 1376 1290 130.
1391 1261 1440 1290 ed.
1455 1260 1514 1299 D.]
1532 1269 1600 1299 quae
1615 1270 1670 1289 nec
1687 1263 1792 1298 potest

1080 1311 1150 1331 esse
1170 1302 1243 1338 ulla,
1267 1314 1323 1333 nec
1348 1303 1450 1333 debet.
1495 1304 1544 1332 Ne
1565 1307 1700 1341 aegrotus
1722 1303 1792 1342 sim,

1080 1343 1198 1383 inquit:
1224 1346 1279 1374 sed
1296 1345 1324 1374 si
1340 1345 1460 1380 fuerim,
1483 1355 1591 1375 sensus
1614 1345 1707 1381 adsit,
1724 1345 1791 1375 sive

1082 1392 1203 1415 secetur
1232 1387 1318 1425 quid,
1344 1388 1413 1418 sive'
1437 1388 1588 1418 avellatur
1614 1399 1631 1418 a
1652 1399 1792 1428 corpore.

1080 1439 1149 1458 nam
1171 1430 1256 1459 istud
1276 1430 1352 1460 nihil
1375 1431 1492 1468 dolere,
1516 1442 1576 1461 non
1601 1431 1667 1462 sine
1685 1442 1795 1471 magna

1081 1472 1224 1501 mercede
1240 1474 1400 1513 contingit,
1416 1474 1614 1505 immanitatis
1629 1475 1660 1504 in
1679 1475 1792 1512 animo,

1082 1516 1218 1555 stuporis
1235 1516 1264 1545 in
1281 1516 1442 1555 corpore.”
1465 1519 1480 1548 ἡ
1495 1517 1620 1559 Βαρύτης
1632 1518 1796 1548 Thebano-

1081 1569 1147 1588 rum
1171 1569 1230 1589 non
1252 1563 1298 1590 est
1319 1559 1374 1590 illa
1395 1560 1478 1597 idea,
1504 1561 1543 1591 de
1566 1571 1626 1601 qua
1645 1561 1795 1599 diximus,

1082 1601 1305 1643 Hermogenis:
1330 1604 1386 1634 sed
1399 1604 1603 1645 arrogantiam
1623 1605 1729 1644 potius
1745 1610 1791 1635 at-

1082 1657 1142 1687 que
1156 1648 1311 1678 fastidium
1327 1647 1474 1678 declarat.
1498 1648 1577 1678 tales
1591 1647 1671 1678 enim
1686 1659 1796 1689 graves

1083 1696 1154 1721 sunt
1184 1690 1336 1722 omnibus.
1385 1692 1542 1722 Isocrates
1572 1691 1684 1731 quibus
1713 1692 1794 1722 bene

1081 1734 1240 1765 institutos
1261 1745 1394 1775 vereque
1419 1734 1556 1766 eruditos
1583 1735 1702 1771 laudat,
1729 1735 1795 1765 haec

1082 1778 1169 1808 addit
1200 1778 1441 1819 [Panathenaico
1470 1789 1502 1818 p.
1527 1779 1603 1809 444.
1624 1782 1648 1807 t.
1671 1779 1716 1808 11.
1745 1779 1796 1809 ed.

1083 1821 1181 1862 Aug.]
1205 1820 1318 1853 ’ἔπειτα
1342 1823 1407 1856 τοὺς
1427 1820 1599 1861 «πρεπόντως
1621 1820 1670 1851 καὶ
1686 1820 1798 1856 δικαίως

1082 1864 1252 1905 ὁμιλοῦντας
1263 1866 1323 1899 τοῖς
1336 1864 1378 1895 ἀεὶ
1391 1863 1595 1906 πλησιάζουσι,
1607 1863 1655 1894 καὶ
1670 1865 1726 1898 τὰς
1738 1863 1797 1904 μὲν

1082 1910 1138 1938 τῶν
1153 1907 1248 1938 ἄλλων
1265 1905 1363 1944 ἀηδίας
1376 1908 1424 1938 καὶ
1438 1907 1602 1947 βαρύτητας
1613 1906 1732 1941 εὐκόλως
1745 1908 1797 1938 καὶ

1083 1950 1180 1992 ῥᾳδίως
1196 1950 1340 1991 φέροντας,
1358 1953 1437 1992 σφᾶς
1462 1950 1486 1981 δ’
1507 1951 1608 1986 αὐτοὺς
1628 1951 1664 1985 ὣς
1684 1951 1797 1982 δυνατόν

1083 1994 1284 2035 ἐλαφροτέρους
1308 1994 1356 2025 καὶ
1376 1995 1594 2036 μετριωτάτους
1610 1995 1670 2030 τοῖς
1685 1995 1797 2025 συνοῦσι

1083 2039 1282 2080 παρέχοντας.
1298 2038 1349 2068 hic
1363 2037 1446 2069 ἀηδία
1454 2037 1503 2068 καὶ
1511 2037 1635 2078 Βαςύτης
1650 2042 1700 2069 est
1711 2048 1796 2068 acer-

1084 2082 1165 2112 bitas
1181 2087 1297 2112 naturae
1320 2087 1411 2121 atque
1428 2080 1658 2121 importunitas,
1673 2081 1725 2112 vel
1742 2091 1796 2122 po·

1083 2125 1145 2155 tius
1162 2125 1308 2165 superbia
1318 2130 1410 2165 atque
1425 2124 1528 2154 elatio.
1561 2123 1658 2154 Arist.
1682 2124 1796 2165 [Rhet.

1082 2169 1146 2210 IL]
1164 2167 1229 2198 ’ἐστι
1243 2167 1272 2199 δὲ
1287 2170 1302 2200 ἢ
1317 2166 1470 2208 σεμνότης,
1485 2168 1608 2206 μαλακὴ
1622 2166 1671 2196 καὶ
1688 2167 1796 2209 εὐσχή-

1081 2224 1145 2252 μων
1159 2212 1295 2252 βαρύτης.
1318 2211 1364 2242 sic
1375 2211 1604 2250 Theophrastus
1618 2210 1797 2249 magistrum

1082 2256 1217 2290 imitans,
1241 2253 1443 2295 αὐστηρός-ητα
1468 2252 1576 2283 definit
1598 2252 1798 2293 ἐτρυφνότητίι

1083 2309 1148 2329 τινα
1173 2297 1307 2338 ἦρεμαίαν
1332 2297 1380 2326 καὶ
1403 2295 1553 2336 μαλακήν·
1574 2296 1690 2326 Notum
1715 2296 1795 2327 illud

1084 2342 1208 2372 Horatii
1225 2341 1295 2382 [lib.
1312 2341 1357 2371 ΙΙ.
1369 2339 1471 2379 Epist.
1485 2343 1516 2370 1.
1533 2350 1564 2370 v.
1576 2339 1667 2381 244]

1107 2405 1128 2419 “
1139 2401 1281 2432 Boeotum
1291 2400 1323 2431 in
1335 2409 1439 2432 crasso
1445 2400 1570 2440 jurares
1587 2409 1657 2430 aere
1672 2399 1799 2430 natum?

1085 2470 1130 2500 M.
1152 2469 1273 2500 Tullius
1297 2469 1353 2511 [de
1378 2469 1453 2504 fato,
1473 2479 1502 2498 c.
1524 2468 1574 2509 4.]
1603 2471 1625 2499 ‘f
1637 2467 1797 2507 Multaque

1086 2518 1157 2544 sunt
1172 2514 1246 2550 alia,
1267 2524 1335 2553 quae
1351 2513 1431 2543 inter
1443 2513 1546 2542 locum
1567 2514 1599 2541 et
1613 2510 1714 2541 locum
1729 2511 1799 2550 plu-

1086 2557 1200 2587 rimum
1216 2557 1373 2587 differunt.
1417 2555 1548 2587 Athenis
1568 2559 1659 2585 tenue
1673 2554 1796 2590 coelum,

1087 2610 1126 2631 ex
1136 2611 1196 2640 quo
1207 2600 1362 2631 acutiores
1371 2602 1517 2640 putantur
1526 2597 1643 2628 Attici:
1659 2607 1797 2628 crassum

1085 2643 1210 2674 Thebis.
1253 2644 1365 2683 Itaque
1388 2643 1520 2683 pingues
1541 2639 1676 2671 Thebani
1697 2646 1728 2670 et
1743 2650 1798 2670 va-

1086 2686 1218 2717 lentes.”
1228 2687 1362 2727 pingues
1373 2686 1417 2716 ait
1431 2684 1566 2725 ingenio,
1579 2694 1638 2713 non
1655 2693 1798 2722 corpore,

1087 2730 1119 2759 ni
1148 2730 1249 2760 fallor.
1286 2734 1307 2748 “
1321 2728 1450 2769 Ingenia
1474 2725 1664 2763 hominum‚”
1698 2725 1798 2766 inquit

1087 2773 1226 2813 Curtius,
1251 2778 1272 2792 “
1283 2773 1397 2812 ubique
1412 2772 1549 2802 locorum
1565 2769 1642 2799 situs
1657 2768 1800 2800 format.”

1089 2818 1142 2847 sed
1158 2816 1385 2857 insignissimus
1401 2819 1448 2845 est
1462 2812 1588 2852 Polybii
1601 2812 1689 2842 locus
1704 2822 1799 2852 super

1088 2862 1144 2890 hac
1158 2870 1201 2890 re.
1245 2858 1508 2899 ContemplanteS,
1527 2855 1630 2895 inquit
1653 2854 1722 2894 [lib.
1737 2856 1798 2886 IV.

1087 2907 1141 2935 21.
1158 2906 1188 2933 1.
1205 2903 1247 2944 S-]
1270 2904 1319 2934 τὴν
1332 2904 1388 2932 τῶν
1403 2900 1477 2932 ἦθιῗιν
1497 2898 1658 2938 αὖστεςίαν,
1671 2897 1734 2940 ἥτις
1747 2899 1798 2929 αὖ·

1087 2946 1146 2981 τοῖς
1161 2945 1324 2988 παρέπεται
1345 2944 1392 2975 διὰ
1413 2945 1462 2975 ‘thr
1476 2943 1526 2972 τοῦ
1548 2940 1725 2982 περιέχοντος
1741 2939 1802 2984 sliu-y

1085 2989 1227 3032 χξότητα,
1242 2988 1290 3018 καῖ
1305 2985 1488 3026 στυγνότητα.
1502 2987 1551 3017 τὴν
1563 2986 1642 3015 κατὰ
1659 2983 1694 3014 τὸ
1713 2984 1810 3017 πλεῒκ

1086 3044 1155 3064 στον
1167 3031 1194 3063 ἐν
1207 3032 1267 3066 τοῖς
1281 3031 1377 3066 τόποις
1391 3030 1585 3071 ὑπάρχουσαν,
1596 3026 1618 3069 {15
1633 3025 1797 3068 συνεξομιι-’
1818 3050 1826 3066 ·.
