1931 3322
333 217 417 257 AD
451 213 818 258 ORATIONEM
853 214 915 255 IN
947 214 1374 260 TIMOCRATEM.

127 321 233 353 ταύτην
249 320 404 362 ὑπέχοντας
416 320 464 361 [in
479 319 674 360 accusativo]
697 321 745 351 τῆν
758 319 840 352 δίκην.

128 364 251 395 videtur
259 364 348 394 biein
361 364 450 393 tibris
461 363 590 394 vetustis
606 363 719 402 aliquid
736 365 839 394 turba·

126 412 190 437 tum
214 417 292 438 esse.
317 407 370 436 alii
394 417 462 438 voc.
485 405 583 445 νόμους
605 407 761 442 omittunt,
787 406 839 436 alii

127 460 184 490 pro
198 460 236 480 eo
255 450 328 479 daut
345 449 446 489 ἕρκους.
466 451 547 480 unde
568 450 708 489 suspicor
724 449 838 482 variam

126 493 178 523 bic
187 493 281 522 fuisse
293 491 424 523 inlibris
435 493 652 523 vetustissimis
663 493 842 528 lectione1n,·

123 535 193 566 aliis
207 535 325 574 δεσμοῦ,
337 536 406 566 aliis
422 535 530 576 εἱρκτῆς
544 535 771 566 exhibentibus.

166 595 210 601 --
221 581 272 608 14.
282 577 416 619 μέλλων]
433 579 485 619 qui
495 589 594 618 neque
606 579 634 609 is
645 579 695 613 sit,
707 578 836 618 quisuis

124 620 242 652 viribus
269 622 443 661 opibusque
471 622 606 661 propriis
637 622 712 651 solis
740 622 836 652 fretus

121 669 362 703 rempffevertat,
373 675 472 705 neque
488 665 577 695 facile
590 664 731 704 cuiquam
745 665 773 695 is
790 665 835 695 vi-

121 707 230 738 deatnr
242 718 321 738 esse.

163 767 207 773 —
221 753 273 781 23.
291 749 375 784 οὐδεὶς
387 749 450 781 οὔτε
464 748 518 784 νέος
532 749 594 780 οὔτε
608 748 692 791 γέρων
705 749 765 780 οὔτ’
779 748 835 780 525-

119 805 204 835 γωρος
217 791 319 835 οὕτως]
335 793 439 823 delevi
454 797 643 834 postremum
658 793 732 823 οὔτε.
748 794 836 824 vide·

121 842 172 866 tur
185 837 217 866 in
228 836 390 866 codicibus
401 837 533 866 vetustis
546 836 640 866 etiam
654 837 703 866 hic
717 836 833 876 duplex

119 879 216 910 fuisse
232 880 336 916 lectio,
352 879 448 909 altera
466 880 543 915 haeo,
559 890 627 918 quae
644 885 788 918 superest
803 880 834 910 in

119 924 319 962 Augustano:
341 922 426 957 οὐδεὶς
438 922 502 953 οὔτε
519 921 613 963 γέρων,
634 921 693 953 οὔτ’
707 921 836 962 ὀλίγωρος

119 965 217 999 οὕτως.
235 966 343 1001 altera,
363 967 452 1004 cujus
471 969 577 996 auctor
594 970 642 995 est.
657 966 757 995 codex
776 968 834 996 Ba-

119 1009 253 1044 varicus,
263 1019 352 1049 quem
364 1013 489 1039 secutus
502 1018 586 1038 sum:
598 1007 682 1042 οὐδεὶς
694 1008 755 1039 οὔτε
767 1008 832 1043 νέος,

117 1051 180 1081 οὔτε
189 1050 282 1093 γέρων,
293 1050 421 1091 ὄλίγωςος
435 1050 530 1086 οὕτως.
539 1052 669 1092 utraque
680 1051 770 1082 lectio
780 1053 834 1082 dat

117 1105 238 1125 sensum
253 1096 456 1125 commodum.

160 1155 205 1161 —-
219 1137 276 1168 ult.
299 1138 379 1178 νόμον
393 1135 515 1177 τέθεικε]
531 1137 633 1168 malim
649 1136 730 1177 νόμον
743 1136 832 1167 ‘reflet-

117 1182 183 1215 κώς.
198 1180 306 1210 habetis
319 1191 397 1216 eum,
413 1181 463 1221 qui
481 1180 534 1211 hoc
550 1182 730 1220 perpetravit
743 1199 786 1203 —
800 1190 831 1210 eo

119 1225 194 1264 quod
207 1241 251 1247 —-
264 1224 354 1265 Iegem
371 1225 452 1255 tulit.

1506 220 1584 261 177

917 323 991 352 765.
1008 324 1057 351 10.
1073 323 1125 355 τῆς
1139 322 1261 365 πόλεως]
1280 325 1336 355 1ι.1.
1352 336 1410 356 non
1427 331 1475 357 est
1491 326 1585 358 Athess

873 373 990 399 narum,
1007 365 1060 393 sed
1076 364 1214 395 civitatis
1227 369 1384 406 cujusque.

916 408 989 437 766.
1006 411 1034 437 1.
1054 406 1163 449 ἐπειδὴ]
1180 410 1310 440 subaudi
1326 410 1442 449 λέγεται
1459 423 1475 442 e
1493 424 1585 453 supe-

871 449 1014 479 rioribus.

913 509 957 515 —-
969 496 1020 523 10.
1038 493 1086 523 καὶ
1102 493 1235 533 φανερῶς]
1250 495 1351 524 malim
1364 496 1410 524 καῖ
1427 499 1514 533 μάλα
1530 505 1587 537 φα-

870 538 955 576 νερῶν.
971 536 1070 566 multae
1084 537 1224 572 civitates,
1241 547 1334 578 eaeque
1346 539 1462 569 nobiles.

913 596 955 601 —
971 581 1024 610 25.
1046 579 1060 610 ἦ
1080 579 1163 609 κακόν
1182 592 1213 610 τι
1228 580 1285 620 -—]
1310 581 1433 612 verba&
1453 582 1534 613 κακόν
1554 595 1584 613 τι

870 621 980 661 orgeta-r.
992 623 1100 653 abesse
1114 622 1229 659 malim,
1242 627 1275 652 ut
1286 624 1434 654 scholium
1449 635 1517 655 voe.
1531 638 1585 655 κει-

868 666 1000 705 κουργεῖν.
1013 670 1042 696 et
1055 666 1126 695 ideo
1143 666 1230 696 uncis
1246 667 1366 697 inclusi.
1539 691 1542 694 .

911 709 986 738 767.
1017 712 1068 739 10.
1097 708 1181 750 εἰσὶν]
1211 710 1326 748 Taylor
1360 710 1512 750 [Jurinus,
1541 712 1583 741 mi

870 749 998 792 Reiski]
1022 752 1108 782 malit
1127 751 1218 793 ἄκυροι
1243 751 1321 783 εἶείν.
1344 763 1405 792 quo
1431 753 1464 782 fit
1485 754 1584 784 oratio

869 794 1069 825 tolerabilior.
1115 795 1220 824 Possit
1234 796 1324 826 etiam
1339 807 1395 835 pro
1407 795 1501 836 ἄκυροι
1511 797 1584 826 sub-

869 836 955 866 stitui
972 838 1094 878 φροῦδαι.
1136 839 1197 868 Sed
1220 839 1338 874 nescio,
1358 849 1394 868 au
1416 840 1521 878 potius
1538 840 1584 869 sic

869 880 910 909 sit
930 881 1143 910 scribendum:
1174 879 1362 922 ἐπιχειροῦσιν
1384 881 1464 920 ὑμᾶς
1487 884 1583 919 ποιεῖν,

867 921 983 957 τούτους
996 923 1105 958 ἀνελὼν,
1118 922 1151 953 δι’
1162 921 1198 954 οἷν
1211 927 1270 957 τοῖς
1285 924 1386 955 ἀδικεῖν
1399 923 1586 967 ἐπιχειροῦσιν

867 966 937 996 εἰσὶν
955 967 985 996 αῖ
1005 965 1151 1006 τιμωρίαι.
1196 967 1257 998 Hic
1282 966 1458 998 Timocrates
1472 970 1505 998 in
1527 968 1583 999 hac

867 1018 921 1038 sua
941 1010 1001 1049 lege
1022 1012 1064 1039 ica
1086 1020 1114 1040 se
1134 1012 1233 1050 gessit,
1252 1015 1290 1040 ut
1309 1016 1417 1041 constet
1438 1012 1581 1048 omnibus,

866 1061 933 1081 eum
952 1059 1090 1082 conatum
1107 1063 1162 1083 esse
1168 1053 1287 1094 fraude
1308 1055 1435 1094 quadam
1457 1065 1504 1085 vos
1521 1055 1580 1085 cir·

865 1097 1045 1132 cummanire,
1060 1105 1101 1131 eo,
1117 1097 1193 1136 qued
1208 1097 1327 1127 sustulit
1347 1099 1422 1138 leges
1437 1098 1514 1132 illas,
1528 1108 1582 1136 per

865 1148 936 1178 quas
952 1149 1042 1178 poenae
1057 1141 1221 1169 constitutae
1241 1147 1308 1170 sunt
1324 1141 1394 1177 illis,
1416 1142 1439 1171 εἰ
1461 1142 1511 1182 qui
1532 1151 1579 1171 co-

865 1187 975 1212 nentur
989 1192 1035 1212 vos
1051 1182 1163 1213 laedere.

313 1363 398 1407 AD
431 1363 799 1407 ORATIONEM
831 1364 1086 1407 PRIMAM
1119 1365 1365 1408 CONTRA

579 1430 1105 1473 ARISTOGITONEM.

156 1518 357 1550 Demostheni
383 1519 579 1551 tribuendam
599 1520 718 1560 judicat
742 1521 824 1551 Pho-

111 1561 174 1592 tius
194 1562 343 1593 Biblioth.
363 1573 395 1602 p.
418 1566 493 1595 800.
513 1564 607 1594 edens
622 1563 758 1595 rationes
773 1566 824 1603 ju-

111 1604 186 1635 dicii
211 1605 269 1636 sui.
313 1607 489 1637 Orationem
518 1607 595 1637 hane
622 1618 680 1637 non
711 1609 825 1638 Demo-

109 1647 240 1684 sthenis,
255 1648 311 1679 sed
326 1648 502 1691 Hyperidis
518 1661 588 1681 esse
602 1655 744 1681 auctores
755 1656 824 1681 sunt

109 1690 349 1731 Harpocration,
368 1697 400 1723 et
424 1693 574 1733 Ulpianus
597 1694 638 1724 ad
661 1694 823 1733 Olynthia-

111 1744 178 1764 cam
195 1735 373 1773 secundam,
391 1735 465 1766 item
489 1737 602 1767 Suidas
624 1748 655 1768 v.
675 1735 823 1776 ἀπεψηφί-

111 1788 188 1807 σατο
212 1776 288 1818 (sed
315 1778 370 1809 ille
402 1779 541 1819 quidem,
567 1780 823 1820 Harpocrationis

109 1819 291 1860 compilator
310 1831 380 1852 cum
395 1822 447 1858 sit,
467 1823 650 1854 auctoritate
666 1822 777 1863 caret),
792 1829 824 1854 et

106 1868 258 1903 praeterea
283 1862 354 1899 ’ἦθος
380 1875 514 1905 quoque,
540 1866 630 1906 quale
657 1866 720 1897 Dio
749 1867 821 1897 Chr.

108 1910 188 1936 orat.
210 1909 263 1938 19.
287 1907 461 1947 Hyperidis
482 1908 582 1940 fuisse
599 1909 760 1949 praedicat,
775 1910 822 1940 lu-

109 1949 249 1980 culenter
261 1950 361 1980 bacin
374 1952 510 1982 oratione
523 1962 702 1993 expressum
716 1957 776 1989 est,
789 1958 822 1984 ut

108 2001 197 2031 paeue
216 1993 314 2033 magis
329 1993 386 2024 hac
405 1995 444 2025 de
461 2005 507 2032 re,
523 2005 613 2035 quam
634 1996 821 2035 grammatici

107 2038 244 2074 veteres,
257 2041 396 2067 testetur.
440 2038 525 2068 Fieri
535 2043 650 2078 potest,
661 2043 695 2069 ut
707 2040 822 2069 Demo-

108 2078 227 2109 sthenis
249 2084 356 2110 contra
369 2080 611 2120 Aristogitonem
632 2081 730 2112 oratio
749 2083 821 2113 olim

107 2121 306 2161 superfuerit,
321 2123 376 2153 sed
389 2133 427 2154 ea
440 2124 563 2163 quidem
579 2125 671 2155 hodie
687 2126 789 2165 periit.

149 2166 227 2195 770.
246 2168 299 2196 11.
319 2166 491 2209 ἀκροάσεως]
520 2167 644 2198 videtur
666 2169 725 2199 hoe
749 2179 819 2199 voc.

105 2208 137 2238 b.
157 2207 178 2238 l.
196 2208 282 2239 illam
297 2209 468 2250 significare
487 2211 735 2248 oblectationem,
750 2221 818 2252 quae

105 2250 241 2282 nascitur
255 2262 297 2283 ex
315 2253 470 2284 audientia
485 2255 628 2291 dicentis,
645 2261 676 2286 et
697 2261 820 2295 speeta-

105 2294 176 2324 oulo
203 2295 342 2336 agentis;
374 2297 455 2328 unde
481 2298 593 2329 duetus
621 2309 743 2339 quoque
769 2304 819 2330 est

105 2346 181 2367 usus
200 2339 318 2371 Latinis
340 2341 426 2371 vocis
449 2352 595 2379 acroama,
613 2352 674 2382 quo
697 2348 817 2382 specta·

104 2380 206 2411 culum
221 2391 309 2412 omne
323 2383 474 2423 designat,
489 2385 570 2415 unde
585 2386 696 2416 animis
713 2386 817 2416 oblec-

103 2423 182 2453 tatio
197 2433 252 2454 seu
272 2435 331 2465 per
345 2427 464 2464 oeulos,
480 2438 535 2458 seu
552 2438 609 2468 per
628 2438 718 2459 aures
734 2439 817 2469 quae-

102 2466 193 2496 titur.
219 2467 318 2499 locum
346 2469 424 2500 huno
450 2470 524 2502 citat
552 2471 711 2503 Aristides
734 2481 816 2514 τεχν.

100 2519 173 2550 pag.
189 2511 264 2541 250.

145 2555 220 2584 771.
238 2556 270 2585 3.
285 2555 326 2585 va
339 2556 394 2585 τῶν
408 2555 496 2595 νόμων
510 2555 603 2587 δίκαια.
616 2557 742 2599 ἰσχυραὶ]
760 2568 816 2597 po—

102 2601 247 2627 stremam
261 2608 367 2628 vocem
382 2599 469 2630 uncis
481 2600 603 2630 inclusi.
614 2611 682 2640 quae
695 2601 817 2632 videtur

101 2649 119 2670 e
135 2640 220 2670 varia
231 2640 363 2672 lectione
375 2642 550 2682 irrepsisse,
565 2654 634 2674 eum
649 2643 719 2675 aliis
733 2645 765 2674 in
778 2644 816 2674 li-

99 2681 166 2713 bris
180 2688 275 2721 esset,
291 2686 333 2715 rr&
351 2687 407 2715 τῶν
420 2685 508 2725 νόμων
523 2685 628 2723 δίκαια,
645 2687 676 2717 in
692 2687 761 2717 aliis
776 2690 817 2719 ‘ra

101 2727 157 2755 τῶν
170 2725 259 2766 νόμων
274 2727 394 2770 ἶσχυςίι.
412 2735 573 2770 utrumque
590 2731 678 2767 bene,
694 2731 748 2761 sed
767 2741 816 2761 se-

101 2768 196 2799 orsim
209 2771 363 2810 quodque.

141 2828 184 2834 —
199 2815 231 2843 4.
247 2815 287 2844 τὲ
297 2813 326 2844 δὲ
340 2813 454 2845 vomu}
465 2816 523 2857 -—]
539 2816 641 2846 locum
654 2815 730 2846 citat
745 2817 816 2847 Ari-

102 2854 198 2884 stides
212 2855 234 2885 1.
249 2857 386 2888 laudato.

142 2914 186 2921 -
200 2900 232 2928 ¹7.
247 2899 312 2941 καὶ]
329 2901 439 2932 abesse
458 2901 572 2932 malim.
617 2903 816 2933 Constructio

99 2938 165 2969 baee
178 2947 243 2972 est:
270 2942 373 2979 εἰδότες
387 2945 486 2975 τοῦτον
500 2944 588 2984 λέγειν
602 2945 668 2986 (οὐκ
686 2945 745 2986 ἐξὸν
765 2946 818 2977 αὐ-

97 2981 158 3034 τῇ)
166 2983 216 3013 καὶ
230 2983 377 3024 Besinum:
389 2987 433 3028 τῷ
447 2987 574 3029 δημοσίῳ
585 2989 633 3019 καὶ
647 2988 814 3031 ἐγγεγραμ-

97 3035 177 3063 μενον
191 3025 217 3057 ἓν
233 3027 272 3068 τῇ
284 3030 442 3070 ἀκροπόλει.
457 3032 558 3072 gnari,
572 3033 813 3074 Aristogitonem

142 3078 217 3100 νοῐ..
234 3081 265 3101 v.

859 1521 939 1552 huno
962 1525 1113 1553 oratorem
1139 1532 1240 1562 agere,
1265 1533 1354 1562 quem
1379 1531 1470 1561 agere
1494 1521 1576 1551 hand

859 1564 922 1603 ipsi
940 1564 1046 1601 liceat,
1062 1565 1177 1605 quippe
1192 1567 1244 1605 qui
1267 1573 1297 1595 et
1321 1566 1429 1596 aerario
1453 1565 1576 1599 debeat,

859 1613 890 1638 et
903 1607 986 1638 inter
999 1608 1123 1639 aerarios
1134 1610 1165 1638 in
1181 1619 1251 1638 arce
1261 1610 1406 1648 pendeat.

901 1669 944 1674 —
962 1653 991 1682 9.
1005 1652 1055 1681 καὶ
1069 1650 1102 1681 τὸ
1118 1652 1261 1692 orgium]
1280 1653 1348 1682 scil.
1363 1650 1470 1681 εἰδέναι.

900 1712 943 1717 —
958 1698 1011 1725 14.
1034 1694 1149 1736 ἀδικῶν]
1178 1695 1308 1725 subaudi
1334 1697 1383 1726 τὴν
1412 1694 1502 1724 πόλιν.
1533 1693 1573 1722 ob

858 1747 926 1776 quae
941 1737 1011 1777 quis
1031 1738 1121 1768 etiam
1139 1738 1223 1768 nullo
1245 1739 1283 1768 (le
1300 1739 1428 1769 crimine
1448 1736 1574 1776 publico

857 1786 1019 1812 accusatus
1040 1787 1141 1811 tamen
1163 1786 1290 1817 metuat,
1311 1792 1349 1812 ne
1374 1782 1404 1811 in
1421 1780 1574 1820 judicium

858 1830 985 1854 vocatus
998 1825 1168 1855 damnetur.
1181 1826 1257 1855 bene
1267 1825 1369 1856 locum
1383 1825 1464 1855 hunc
1476 1833 1574 1862 expo-

857 1867 919 1897 suit
933 1867 1054 1906 Taylor.

898 1926 941 1933 ——
957 1913 1008 1942 ⁶26.
1024 1910 1202 1951 βουλὸμενον]
1218 1910 1286 1942 scil.
1307 1908 1575 1951 παιδοτριβεῖσθαι,

857 1954 909 1983 vel
923 1953 1123 1983 παιδεύεσθαι.

897 1998 972 2027 7702.
996 1997 1027 2026 5.
1042 1997 1159 2037 πξοῖγε]
1176 1996 1295 2027 correxi
1311 1997 1428 2037 πξοῆχε.
1442 1995 1474 2025 in
1491 2005 1573 2035 prae-

854 2039 958 2069 terito.
975 2049 1062 2078 quam
1075 2040 1200 2069 formam
1217 2040 1444 2070 Demosthenes
1460 2043 1551 2068 amat.

898 2100 940 2106 -—-
952 2085 984 2112 7.
1005 2081 1040 2112 ὧν
1053 2085 1093 2112 τὸ.
1111 2082 1167 2122 μὲν
1181 2083 1262 2112 ἄλλα.
1283 2082 1376 2123 ἐάσω]
1395 2092 1452 2122 pro
1472 2081 1570 2121 prima

856 2136 932 2155 voce
948 2126 1020 2155 dedi
1041 2126 1098 2161 καί,
1115 2136 1175 2155 non
1191 2137 1252 2165 quo
1269 2127 1445 2156 damnarem
1463 2126 1570 2164 vulga-

853 2174 925 2204 tam,
940 2170 995 2199 sed
1014 2168 1189 2199 offendebat
1210 2166 1248 2199 οἶν
1269 2169 1300 2199 iu
1320 2168 1507 2199 brevissimo
1524 2168 1570 2199 in-

851 2212 980 2242 tervallo
992 2211 1042 2242 bis
1057 2211 1211 2242 iteratum.

893 2273 936 2278 —
951 2258 1001 2286 18.
1024 2255 1075 2295 ὁδῷ
1087 2254 1220 2296 Βαδίζειν,
1241 2254 1290 2284 καὶ
1306 2253 1352 2295 ἔξίν
1367 2254 1426 2295 δεῖ]
1444 2254 1569 2285 videtur

851 2308 970 2329 comma
991 2309 1049 2328 una
1071 2309 1140 2328 oum
1165 2298 1213 2328 καὶ
1237 2299 1406 2328 tollendum
1429 2308 1509 2328 esse.
1535 2302 1567 2327 et

852 2342 938 2372 uncis
950 2342 1059 2372 inclusi
1070 2340 1130 2372 καί.
1138 2348 1246 2381 oportet
1258 2352 1304 2372 vos
1312 2343 1405 2372 sinere
1416 2343 1473 2371 ista
1483 2351 1567 2370 snam

849 2385 927 2416 viam
940 2386 995 2415 ire.
1013 2386 1043 2415 h.
1065 2396 1092 2415 e.
1109 2385 1151 2415 nil
1166 2385 1329 2424 impedire,
1344 2384 1507 2424 quominus
1525 2384 1569 2414 is·

850 2433 908 2458 taec
938 2427 1120 2468 improbitas
1145 2428 1177 2459 in
1199 2428 1310 2458 itinere
1334 2439 1390 2458 suo
1418 2428 1568 2458 inoffenso

850 2472 930 2511 pede
946 2472 1103 2511 procedat.

893 2532 935 2538 ——
952 2517 1004 2545 19.
1019 2512 1214 2555 προειρημένα]
1231 2514 1353 2544 correxi
1374 2512 1534 2555 προειμένα.
1550 2524 1568 2543 a

851 2559 948 2588 verbo
971 2557 1047 2588 ἱέναι.
1071 2568 1134 2597 quoe
1152 2568 1198 2588 vos
1221 2559 1308 2587 nimis
1327 2559 1386 2588 late
1409 2567 1521 2596 serpere
1537 2563 1568 2587 ec

850 2601 937 2632 nimis
951 2602 1005 2631 diu
1024 2602 1122 2631 inulta
1138 2600 1312 2631 invalescere
1325 2602 1443 2631 sinistis.

893 2662 935 2667 —
947 2647 1000 2676 21.
1015 2644 1114 2674 πάντα.
1127 2646 1168 2674 τὰ
1184 2645 1306 2674 τοιαῦτα
1321 2643 1366 2675 ἔθη
1384 2642 1566 2684 παξιδόντας]

852 2687 918 2718 baec
935 2688 1029 2718 verba
1055 2689 1093 2722 ab
1113 2687 1221 2718 ordine
1237 2698 1295 2718 sun
1316 2689 1477 2718 aberrasse
1498 2687 1566 2716 exi-

851 2731 979 2761 stimans
990 2731 1128 2766 surinus,
1144 2730 1174 2760 in
1189 2741 1309 2760 versum
1319 2733 1369 2761 17.
1386 2730 1563 2760 translatum

849 2773 919 2808 ivit,
935 2785 1014 2814 pone
1029 2775 1161 2804 ποιοῦσιν.
1181 2774 1234 2804 sed
1254 2775 1330 2804 bene
1347 2774 1450 2808 habet,
1466 2782 1564 2810 neque

848 2816 879 2846 in
892 2818 1013 2847 delectu
1026 2819 1198 2853 verborum,
1210 2828 1309 2857 neque
1320 2818 1349 2847 iu
1362 2816 1567 2847 collocatione

849 2867 1010 2899 peccatum
1035 2861 1083 2891 hic
1115 2866 1175 2891 est.
1225 2861 1382 2891 Sententia
1407 2865 1454 2888 est
1478 2859 1565 2887 lioec:

849 2914 957 2935 necesse
972 2910 1023 2939 est,
1034 2911 1069 2934 nt
1083 2904 1295 2943 prseterhabitis
1308 2904 1375 2943 (vel
1389 2900 1567 2940 postpositis)

849 2948 933 2978 malis
953 2947 1013 2977 illis
1031 2948 1293 2978 consuetudinibus
1314 2947 1360 2987 [Ιι.
1375 2956 1402 2974 e.
1427 2954 1480 2973 ens
1507 2954 1566 2973 non

848 2990 1020 3031 imitantes]
1043 2998 1119 3022 recte
1142 2998 1167 3021 et
1197 2999 1289 3019 εει-(κε
1303 2989 1459 3028 judic-ctis.
1483 2992 1568 3016 notat

849 3034 931 3064 illam
948 3035 1137 3075 quorundam
1156 3034 1361 3073 importunum
1376 3036 1402 3062 et
1423 3030 1566 3061 vitiosam

849 3080 908 3108 ”ln
