1997 3323
377 201 457 242 116

376 305 511 337 dixisset
528 316 534 334 z
573 304 698 338 ἤλπισαν
732 305 915 341 κτήσασθαι,
954 306 1089 340 διδοῦσαν,

374 348 658 390 παρασκευάζουσαν.

419 394 494 423 430.
514 395 566 423 15.
580 391 678 423 ἐπειδη
694 395 772 432 παρὰ
788 393 826 421 τὰ
849 391 1020 430 γράμματα
1030 391 1088 431 —J

378 436 578 465 Marcellinus
599 435 637 464 ad
654 436 879 473 Hermogenem
896 444 927 472 p.
946 435 1017 464 175.
1035 435 1089 464 34.

376 476 433 520 εἶξε
451 478 480 508 δὲ
495 478 542 508 καὶ
557 477 645 508 ἄλλην
660 476 813 516 καινοτέραν
828 474 1007 513 Δημοσθένης
1021 476 1089 507 ἂνα-

374 520 578 562 κεφαλαίωσιν,
599 522 660 555 ’τοῖς
673 519 826 561 πρέσβεσιν
851 518 928 558 [illis
945 520 1088 549 vetustis-

376 565 481 605 simis]
503 564 658 603 ἀντιτάξας
673 565 735 596 wia:
749 561 881 602 πρέσβεις
898 561 969 601 [hos
985 563 1088 593 novis-

375 608 499 650 simosJ,
507 608 556 638 καὶ
564 608 724 647 γράμμασι
733 606 904 645 γςὰμματα
913 604 1088 644 [formulam

374 651 481 681 Calliae
495 661 566 681 cum
591 649 719 679 formula
742 648 827 688 pacis
843 649 880 677 ab
896 649 1043 678 AEschine
1058 654 1090 679 et

371 694 548 724 Philocrate
566 693 711 731 Philippo
727 691 868 721 mercede
884 692 1090 732 condonatae}

372 735 467 769 ἐπειδὴ
479 739 558 777 παρὰ
570 738 610 765 τοὶ
625 737 805 775 γράμματα,
821 735 914 773 φησῖν,
936 734 1090 776 ἐπρέσβευ-

372 792 437 811 σαν.
459 778 533 810 οὗτοι
557 779 584 808 δὲ
601 779 628 809 οὐ
650 781 726 819 παρὰ
749 781 789 808 τὰ.
811 779 982 819 γράμματα
1005 779 1090 820 [scil.

375 821 622 864 πεπρεσζεύκασι]
636 834 645 860 3

417 884 461 892 ·-
475 865 660 906 ibidapnrlv]
684 865 813 894 formula
828 864 1091 895 condemnationis

374 910 524 940 adversus
539 908 715 948 Epicratem
733 912 764 937 et
780 907 948 947 complices
959 918 1091 947 pronun-

373 953 469 988 tialae,
493 963 581 991 quam
607 952 643 981 ad
670 952 830 982 formulam
849 950 942 981 etiam
966 951 1038 991 φησὶ
1058 961 1090 991 p.

371 999 447 1028 431.
462 999 492 1025 1.
505 996 595 1024 redit.

416 1057 459 1062 —
476 1041 527 1069 16.
540 1038 588 1067 καὶ
600 1036 632 1068 τὸ
649 1036 807 1080 ψήφισμα]
819 1047 946 1078 prorsus
961 1037 1091 1068 delenda

375 1088 454 1112 sunt.
469 1091 536 1111 nam
553 1081 586 1110 τὸ
603 1079 747 1120 ψήφισμα
763 1087 794 1110 et
808 1083 848 1112 τὰ
860 1082 1044 1123 γράμματα,
1060 1081 1090 1111 ni

371 1125 472 1160 fallor,
503 1124 629 1154 eandem
656 1135 720 1154 rem
745 1124 917 1163 designant,
948 1125 1090 1154 mandata

371 1169 482 1206 legatis
494 1169 532 1197 ab
546 1169 622 1197 urbe
638 1168 869 1198 discedentibus
882 1167 998 1204 addita,
1014 1167 1087 1207 quid

373 1221 426 1240 eos
447 1211 477 1240 in
498 1211 651 1250 legatione
673 1221 821 1250 peragere
846 1216 937 1251 atque
959 1211 1090 1250 exsequi

370 1258 538 1292 oporteret.
565 1254 623 1283 nisi
647 1254 735 1283 malis
759 1254 906 1284 affirmare
929 1257 970 1284 τὰ,
993 1254 1089 1294 γράμ-

370 1308 460 1336 ματα
490 1308 556 1327 esse
586 1297 632 1326 die
659 1296 685 1326 V
683 1296 965 1338 erhultungsbefehle
986 1296 1090 1337 [secret

371 1339 589 1379 instructions],
602 1340 635 1368 id
651 1340 731 1379 qnod
755 1341 845 1370 modo
861 1340 939 1375 dixi,
951 1339 984 1369 τὸ
998 1339 1089 1378 ψήφι·

371 1394 441 1422 σμα
458 1393 530 1413 vero
547 1383 665 1412 tabulas
689 1389 828 1422 patentes
851 1383 976 1423 publice
1000 1384 1089 1413 exhi-

371 1426 498 1461 bendas,
524 1425 637 1465 quibus
659 1426 834 1464 S.P.Q.A.
858 1430 1033 1463 testaretur,
1057 1437 1089 1456 se

370 1469 440 1503 hos,
463 1470 644 1505 nominatos,
666 1470 785 1507 legatos
807 1480 878 1499 suos
904 1471 941 1499 ad
967 1470 1089 1509 Philip-

369 1522 443 1551 pum
467 1522 672 1550 nuncupasse,
689 1511 794 1552 iisque
816 1513 940 1552 negotia
958 1513 1024 1542 haec
1040 1513 1088 1543 vel

370 1555 427 1584 illa
456 1555 653 1594 exsequenda
681 1565 737 1585 suo
765 1556 887 1586 nomine
916 1556 1089 1594 delegasse.

369 1608 477 1627 verum
494 1598 570 1627 hanc
585 1598 867 1637 interpretationem
884 1599 985 1638 palam
1001 1610 1089 1630 ever-

370 1646 436 1670 tunt
449 1641 652 1680 insequentia,
669 1652 738 1680 quae
750 1642 861 1673 docent
873 1643 1044 1683 γράμματα
1058 1647 1089 1673 et

369 1683 514 1723 ψήφισμα
525 1695 650 1724 prorsus
666 1685 748 1715 idem
764 1696 844 1716 esse.

413 1744 456 1749 ——
471 1730 522 1758 25.
539 1727 587 1756 καὶ
603 1726 796 1769 ἦλὲγχθησαν
806 1728 876 1764 τίνες
887 1729 977 1759 αὐτῶν
989 1728 1018 1759 οὗ
1033 1730 1089 1759 τᾶ-

369 1768 438 1800 ληθῆ
453 1769 479 1800 ἐν
492 1770 529 1811 τῇ
545 1770 635 1812 βουλῇ
644 1770 896 1812 ἀπαγγέλλοντες]
913 1773 978 1802 haec
994 1773 1088 1802 verba

369 1814 569 1843 materialiter
586 1819 669 1851 sunt,
685 1819 718 1844 ut
736 1819 835 1845 sumta
849 1826 865 1845 e
880 1816 1010 1846 formula
1024 1815 1087 1851 illa,

370 1867 430 1895 qua
444 1857 551 1887 mortis
567 1858 719 1887 sententia
735 1858 818 1889 dicta
832 1859 891 1889 fuit
909 1859 940 1889 in
957 1858 1087 1898 Epicra-

369 1904 431 1929 tem
446 1902 574 1939 ejusque
589 1907 757 1931 consortes.

412 1944 487 1974 431.
504 1947 534 1974 8.
550 1942 651 1973 ἐκείνων
665 1947 721 1974 τῶν
735 1944 832 1985 ἀνδρῶν
842 1943 934 1986 ὅντες]
950 1945 1015 1976 scil.
1027 1945 1088 1977 υἷοί.

369 1986 424 2015 filii
437 1986 487 2025 qui
504 1987 579 2017 estis
590 1987 712 2018 illorum
726 1988 875 2025 virorum,
892 1989 943 2028 qui
959 1988 1088 2028 Epicra-

368 2033 442 2065 tem,
454 2039 472 2059 a
482 2040 542 2069 quo
554 2041 570 2060 e
582 2031 702 2061 Piraeeo
709 2041 818 2061 rursus
828 2032 857 2062 in
869 2033 974 2062 urbem
985 2037 1088 2063 essent

368 2073 500 2109 reducti,
521 2074 774 2104 condemnarunt.

412 2133 455 2139 —--
468 2119 520 2146 12.
536 2116 731 2157 Θρασύβουλον
744 2115 850 2153 ἐκεῖνον,
863 2117 910 2148 τὸν
924 2117 1088 2158 Θρασυβού-

368 2159 433 2199 λου]
458 2159 582 2197 praetuli
597 2160 636 2189 de
651 2171 719 2190 meo
734 2160 941 2201 Θρασύβουλον,
953 2162 1087 2201 Thrasy-

368 2201 474 2231 bulum
484 2202 639 2240 juniorem
661 2208 752 2242 atque
775 2203 1005 2242 ignobiliorem,
1019 2203 1089 2235 ἐκεί-

366 2254 409 2273 νου
418 2246 467 2274 τοῦ
479 2244 688 2285 Θρασυβούλου,
696 2246 782 2276 illius
794 2246 924 2276 senioris
934 2251 1024 2287 atque
1033 2258 1087 2278 no-

365 2286 488 2317 bilioris
497 2288 683 2328 Thrasybuli
695 2288 800 2319 filium.
809 2299 876 2320 nam
887 2289 983 2324 ἐκεῖνος
992 2291 1086 2321 ferme

368 2330 427 2360 soli
443 2331 638 2362 celebratiori
654 2332 807 2362 convenit.

411 2391 454 2395 ——
477 2376 528 2405 15.
551 2378 608 2405 τῶν
626 2374 678 2414 ἀφ’
700 2374 863 2417 Ἁρμοδίου]
895 2376 1017 2406 correxi
1041 2376 1086 2408 τόν

368 2415 420 2455 ἀφ’
435 2416 481 2447 (Α.
508 2429 574 2448 nam
600 2419 741 2458 designat
761 2423 876 2449 certum
900 2419 1044 2459 aliquem,
1068 2431 1086 2450 a

367 2459 558 2499 Thrasybulo
586 2461 756 2498 diversum,
782 2464 870 2501 cujus
894 2473 1006 2494 nomen
1030 2475 1084 2495 seu

365 2503 539 2533 reverentia
558 2505 679 2541 reticet,
704 2515 760 2535 seu
778 2506 860 2545 quod
888 2507 1003 2537 nemini
1025 2518 1084 2538 non

369 2546 417 2576 vel
434 2546 479 2576 sic
494 2551 599 2576 notum
612 2552 706 2577 esset.

413 2606 453 2611 —
463 2592 514 2620 22.
525 2589 612 2630 ἔλεον]
628 2595 698 2630 post
711 2589 784 2621 ἔλεον
800 2592 924 2623 videtur
939 2591 1084 2633 εὑρέσθαι,

365 2633 512 2667 invenisse,
525 2633 646 2664 deesse.
658 2644 726 2663 nam
738 2634 818 2673 μήτε
835 2636 1004 2674 συγγνώμην
1012 2636 1087 2676 μήτ’

363 2674 437 2705 ἔλεον
446 2675 535 2715 μηδὲν
543 2676 645 2711 αὐτοὺς
654 2676 835 2717 ὠφεληκέναι,
844 2678 966 2709 videtur
974 2681 1084 2710 durum

365 2723 397 2748 et
408 2719 635 2756 inconcinnum,
650 2725 681 2749 et
697 2730 784 2760 paene
793 2721 943 2752 sententia
954 2733 1084 2753 vacuum

365 2772 445 2792 esse.

408 2823 451 2828 --
466 2807 519 2836 26.
533 2805 683 2847 λαβόντες]
701 2806 738 2836 ad
756 2805 886 2841 λαέέντες
903 2809 1085 2839 subanditur

362 2846 410 2878 ἐπ’
425 2849 586 2890 αὐτοφώρῳ.

408 2909 451 2916 ——·
467 2892 521 2922 ult.
534 2894 610 2926 ποῖος
619 2894 672 2933 γᾶς
686 2892 790 2934 ἵππος]
805 2893 872 2925 scil.
886 2893 996 2935 ἐτςίιφη
1013 2895 1082 2924 πώ-

364 2944 435 2964 ποτε
455 2938 533 2975 παςοὶ
553 2935 668 2966 τούτων.
697 2938 804 2976 ecquis
829 2947 959 2977 unquam
985 2948 1082 2977 equus

364 2978 493 3008 bellator
506 2983 536 3008 et
545 2984 688 3016 certator,
699 2981 815 3019 palmas
827 2991 943 3012 merere
954 2981 1078 3020 doctus,

363 3021 400 3050 ab
417 3021 464 3052 bis
479 3032 609 3062 unquam
625 3024 704 3054 altus
719 3023 788 3054 fuit.

746 198 780 240 Ι.
812 198 847 241 Ι.
880 198 1103 240 REISKE
1135 198 1464 242 ANNOTATA

1166 323 1208 328 —-
1220 306 1296 337 ibid.
1316 307 1384 338 ποία
1394 308 1516 350 τριήρης]
1533 307 1600 338 scil.
1616 306 1837 348 παρεσκευάσθη

1123 347 1171 377 καὶ
1187 347 1345 389 ἐχορηγῆθη
1358 351 1410 381 ὑπὸ
1421 351 1538 382 τούτων.

1165 408 1209 413 -
1236 392 1313 422 ibid.
1342 392 1410 423 ποία.
1439 393 1594 436 στςατεία]
1627 392 1695 424 scil.
1733 391 1837 433 ἔστςίι-

1123 444 1235 464 τευται.

1165 478 1242 508 432.
1261 481 1291 507 1.
1315 477 1383 508 ποία
1403 477 1538 520 χοςηγία]
1562 479 1630 510 soil.
1644 477 1755 518 .γέγονε.
1779 488 1837 508 non

1121 518 1203 549 idem
1217 524 1264 550 est
1278 520 1359 562 χορὸς
1371 525 1402 551 et
1414 519 1544 563 χορηγία.
1587 523 1707 553 Chorus
1724 526 1771 552 est
1787 531 1838 551 so-

1121 562 1279 593 lummodo
1302 574 1467 603 puerorum
1484 565 1659 596 saltantium
1673 569 1764 604 atque
1787 575 1840 594 ca·

1123 606 1258 636 nentium
1273 607 1304 636 in
1327 607 1530 638 Liberalibus.
1551 609 1678 649 χοςηγεῖν
1693 619 1765 638 vero
1782 618 1838 647 po-

1123 653 1186 679 test
1208 650 1319 689 aliquis
1344 651 1436 681 etiam
1461 650 1492 680 in
1516 651 1684 691 gymnasia,
1707 651 1779 681 item
1806 651 1838 680 in

1123 692 1264 723 classem.
1287 694 1325 724 ad
1341 692 1387 728 τίς
1406 693 1487 735 χορὸς
1503 695 1685 725 subauditur
1699 694 1839 736 εἰσήχθη,

1123 735 1269 766 inductus
1283 736 1344 768 fuit
1358 738 1389 767 in
1405 747 1538 768 scenam.

1166 797 1208 803 --
1222 779 1300 810 ibid.
1323 779 1369 816 τίς
1390 778 1565 823 λειτουργία]
1589 780 1656 811 scil.
1681 780 1838 820 λελειτούρ-

1123 833 1222 859 γηται.

1167 882 1209 888 —-
1225 869 1256 897 2.
1279 864 1324 901 τίς
1339 866 1469 908 εἰσφορὰ]
1493 867 1562 897 scil.
1577 866 1772 897 εἰσενήνεκται.

1166 925 1210 931 —-
1224 908 1302 939 ibid.
1324 908 1370 943 τίς
1382 910 1484 952 εὔνοια]
1507 910 1576 940 scil.
1592 908 1759 951 ἐπεδείχθη.

1167 968 1210 973 -
1224 951 1301 981 ibid.
1322 953 1400 986 ποῖος
1412 950 1540 994 κίνδυνος]
1563 953 1632 982 scil.
1645 953 1817 993 ἀνέῤῥιπται.

1167 1011 1211 1017 —-
1224 994 1301 1024 ibid.
1324 994 1356 1025 τί
1370 994 1479 1026 τούτων
1499 995 1648 1036 ἁπάντων]
1674 996 1793 1025 correxi
1810 994 1842 1024 τί

1124 1038 1179 1067 τῶν
1201 1038 1256 1069 ἀπ.
1278 1039 1391 1078 ecquid
1410 1039 1555 1075 omnium,
1575 1038 1748 1078 quicunque
1771 1046 1842 1068 sunt

1124 1080 1220 1118 modi,
1243 1081 1355 1120 quibus
1381 1082 1467 1112 cives
1491 1081 1622 1122 patriam
1644 1092 1751 1112 ornare
1767 1092 1840 1121 pos-

1123 1128 1204 1154 sunt.
1227 1124 1334 1154 τούτων
1349 1125 1414 1155 sola
1433 1125 1604 1155 contineret
1618 1135 1654 1155 ea
1670 1135 1782 1164 genera
1797 1125 1840 1155 of-

1123 1165 1274 1204 ficiorum,
1303 1178 1371 1206 quae
1402 1173 1506 1199 orator
1533 1168 1626 1198 modo
1655 1178 1839 1198 commemo-

1122 1214 1254 1241 raverat.
1280 1213 1335 1240 τῶν
1361 1211 1460 1242 adhuc
1487 1211 1547 1242 alia
1572 1212 1662 1251 plura
1690 1216 1840 1251 praeterea

1123 1253 1348 1292 complectitur.

1165 1314 1208 1319 —
1237 1300 1288 1326 11.
1320 1295 1518 1338 παραγγελία]
1552 1297 1727 1333 advocatio,
1751 1298 1782 1327 h.
1811 1308 1839 1327 e.

1122 1339 1288 1370 multitudo
1311 1341 1529 1370 advocatorum
1544 1341 1680 1380 undique
1695 1351 1839 1380 corroga-

1123 1389 1235 1418 torum,
1252 1383 1304 1422 qui
1325 1383 1355 1413 in
1373 1384 1526 1422 judicium
1546 1384 1674 1413 adducti
1696 1385 1838 1423 precibus

1124 1430 1155 1455 et
1170 1425 1269 1464 gratia
1288 1427 1410 1465 judices
1431 1428 1566 1462 flectant,
1582 1427 1719 1466 potentia
1733 1427 1839 1456 minis-

1123 1479 1182 1508 que
1209 1473 1356 1506 terreant,
1375 1479 1460 1500 reum
1483 1470 1716 1510 quibuscunque
1739 1470 1839 1500 modis

1124 1512 1267 1552 eripiant.

1165 1572 1208 1578 —
1221 1558 1272 1586 17.
1287 1554 1452 1596 ἀδικοῦντα]
1474 1555 1604 1587 miserat
1618 1555 1697 1586 enim
1714 1556 1840 1587 AEschi-

1122 1608 1177 1628 nes
1204 1609 1287 1629 arma
1312 1600 1350 1629 ad
1381 1598 1574 1639 Philippum,
1603 1599 1697 1638 idque
1726 1600 1837 1640 depre-

1121 1641 1270 1672 henderat
1284 1642 1477 1673 Timarchus.
1496 1646 1528 1674 v.
1542 1652 1575 1682 p.
1590 1645 1665 1674 433.
1679 1645 1711 1674 4.

1164 1702 1208 1707 —-
1224 1688 1276 1717 23.
1299 1686 1364 1720 τοὺς
1383 1684 1576 1726 ὀμωμοκότας
1595 1684 1644 1716 καὶ
1660 1684 1838 1727 δικάζοντας]

1122 1727 1196 1758 tolle
1211 1729 1268 1759 hoc
1285 1728 1392 1759 inutile
1407 1729 1467 1765 καὶ,
1482 1732 1518 1760 ut
1532 1729 1682 1760 sententia
1697 1729 1753 1759 sit:
1770 1740 1838 1769 quae

1122 1781 1190 1800 esse
1205 1773 1308 1808 debet,
1319 1771 1442 1811 quinon
1455 1772 1650 1812 prius,quam
1662 1772 1745 1802 dicto
1752 1774 1839 1812 jure·

1116 1814 1260 1852 jurando,
1283 1815 1321 1846 ad
1343 1815 1500 1846 ferendam
1523 1816 1707 1846 sententiam
1729 1825 1839 1854 proce·

1122 1857 1208 1887 ditis.

1164 1919 1206 1924 —
1221 1903 1274 1932 ⁰27.
1297 1899 1340 1930 ἵνα
1362 1901 1409 1942 δὴ]
1433 1901 1578 1942 apodosis
1602 1901 1764 1933 sententiae
1790 1906 1838 1931 est

1120 1942 1236 1975 inistis
1251 1955 1284 1984 p.
1300 1946 1374 1975 433.
1392 1947 1444 1975 11.
1466 1945 1533 1984 λέγε
1548 1944 1591 1976 δή.

1165 1990 1241 2019 433.
1257 1992 1287 2018 1.
1309 1986 1358 2016 καὶ
1371 1987 1416 2018 νῦν
1428 1988 1578 2030 σώφςονες]
1600 1987 1730 2018 subaudi
1743 1987 1839 2028 ὥσπεξ

1122 2030 1171 2060 καὶ
1187 2030 1239 2072 πςό
1251 2032 1301 2062 τοῦ
1313 2028 1397 2062 ἦσαν.

1166 2092 1208 2097 -
1223 2077 1255 2106 4.
1279 2071 1417 2115 ἔγραψεν]
1433 2073 1611 2105 Timarchus
1627 2078 1710 2113 puta.

1165 2135 1209 2140 -—-
1224 2121 1277 2148 21.
1299 2116 1327 2152 ὃς
1341 2115 1368 2147 ἐν
1382 2117 1449 2151 ταῖς
1463 2117 1601 2157 πομπαῖς
1614 2117 1672 2158 ——]
1697 2114 1793 2146 citant
1808 2117 1838 2146 h.

1122 2159 1144 2189 l.
1170 2160 1386 2200 Hermogenes
1410 2172 1442 2202 p.
1465 2162 1542 2191 317.
1569 2160 1736 2190 Athenaens
1762 2162 1837 2191 242.

1164 2263 1207 2270 —-·
1224 2249 1276 2277 22.
1299 2245 1362 2275 ἄνευ
1379 2245 1429 2276 τοῦ
1447 2244 1645 2286 προσωπείου]
1672 2245 1794 2276 correxi
1808 2246 1839 2277 ἄ.

1121 2299 1151 2319 τ.
1163 2290 1325 2330 προσώπου,
1333 2300 1394 2320 non
1405 2289 1476 2319 ideo
1488 2288 1598 2325 solum,
1609 2288 1694 2328 quod
1705 2289 1749 2319 ita
1762 2290 1838 2319 scri-

1120 2336 1207 2371 pturn
1220 2333 1251 2363 in
1263 2334 1344 2372 Aug.
1361 2332 1542 2367 invenirem,
1557 2333 1613 2362 sed
1626 2332 1717 2362 etiam
1731 2334 1771 2363 ob
1784 2334 1839 2363 ad-

1121 2374 1216 2405 ditam
1232 2375 1263 2405 in
1278 2376 1416 2416 margine
1431 2376 1570 2415 ejusdem
1580 2374 1700 2405 codicis
1712 2380 1838 2406 annota-

1121 2418 1248 2455 tionem,
1259 2419 1400 2458 juniores
1420 2420 1595 2459 προσωπεῖον
1611 2428 1759 2458 usurpare
1774 2429 1839 2449 ma-

1118 2461 1229 2498 luisse,
1245 2466 1367 2493 veteres
1381 2462 1540 2504 πρόσωπον,
1565 2466 1597 2492 et
1618 2462 1678 2491 hoc
1694 2462 1726 2492 in
1748 2467 1837 2493 vetu-

1120 2504 1179 2535 stis
1197 2506 1415 2537 Demosthenis
1431 2505 1521 2536 libris
1537 2505 1570 2536 h.
1585 2506 1608 2536 1.
1624 2504 1670 2535 sio
1681 2510 1838 2545 repertum

1118 2558 1199 2578 esse.

1161 2609 1205 2615 —-
1221 2594 1273 2623 23.
1294 2591 1326 2623 τί
1347 2592 1461 2634 ταῦτα]
1486 2590 1554 2622 scil.
1569 2589 1657 2630 λέγω.
1680 2590 1752 2630 quid
1772 2586 1836 2630 *ego

1119 2635 1185 2667 haec
1199 2635 1315 2666 minuta
1329 2645 1547 2670 commemoro,
1562 2633 1614 2664 cui
1635 2633 1672 2663 ad
1695 2634 1838 2674 graviora

1119 2679 1345 2718 properandum
1361 2679 1420 2708 sitv.

1160 2721 1294 2752 -ibid.
1318 2721 1398 2763 ὄςῶν]
1421 2720 1489 2751 scil.
1514 2718 1660 2759 κατηγόρει
1680 2719 1839 2762 Τιμίιξχου

1118 2763 1256 2806 Αἰσχίνης
1275 2764 1324 2796 καὶ
1343 2764 1423 2803 ἔλεγε
1445 2763 1555 2795 ταῦτα.
1574 2767 1606 2793 at
1629 2761 1786 2793 enimvero
1802 2763 1838 2792 fi-

1118 2808 1227 2838 denter
1245 2813 1366 2848 poterat
1381 2807 1544 2838 AEschines
1568 2805 1762 2836 Timarchum
1785 2816 1835 2835 ac-

1117 2861 1238 2886 cusare,
1253 2852 1292 2881 ad
1306 2852 1429 2881 fratrem
1451 2860 1539 2880 sunm
1555 2848 1764 2888 Aphobetum,
1777 2849 1834 2878 lio-

1116 2894 1228 2925 minem
1255 2893 1460 2924 castissimum
1489 2897 1580 2932 atque
1607 2891 1834 2922 sanctissimum

1115 2937 1296 2976 respiciens.
1322 2940 1370 2967 est
1384 2946 1543 2976 peramara
1561 2935 1759 2966 subsannatio
1774 2935 1834 2965 sra-

1115 2985 1205 3011 trum.
1231 2984 1302 3010 lune
1317 2979 1514 3011 Timarchum
1535 2979 1670 3010 audebas
1686 2988 1833 3008 accusare

1112 3022 1311 3063 impuritatis,
1324 3024 1486 3056 immemor
1497 3021 1612 3059 fratris,
1625 3026 1709 3053 tanta
1720 3021 1832 3052 famosi
