1931 3322
442 182 508 224 IN
541 180 951 224 PHILIPPICAM
986 180 1068 221 DE
1100 181 1274 224 PACE.

139 293 161 309 “
174 288 285 320 deinde
316 289 369 329 qui
397 289 500 329 possit
527 300 586 320 non
615 295 676 320 tam
700 289 848 324 caduceo,

136 343 227 372 quam
245 332 366 363 nomine
388 332 521 363 oratoris
535 338 671 368 ornatus,
687 331 848 363 incolumis

137 375 187 406 vel
203 375 282 406 inter
296 375 429 406 hostium
450 377 511 406 tela
526 375 673 406 versari.''
697 376 745 406 hic
760 376 847 405 locus

136 419 273 458 explicat
308 419 510 449 Scholiastem
547 420 689 458 Thucyd.
735 420 847 449 Orator

134 462 214 491 euim
233 466 280 492 est
293 460 366 502 ὀρθὸς
388 462 480 500 λόγος,
498 462 551 502 qui
566 463 647 492 inter
663 463 746 492 duos·
757 472 847 491 exer-

134 504 214 534 citus
223 504 402 540 intercedit,
415 517 504 545 quem
514 517 572 535 non
584 507 628 535 fas
644 510 709 535 erat
720 505 847 540 violare,

134 548 193 577 hoc
222 554 271 578 est
298 549 411 578 ἀδικεῖν.
441 554 580 579 oratores
610 553 694 578 erant
723 548 846 587 κήρυκες,

133 600 212 629 quos
229 592 432 622 caduceatores
446 597 567 623 vocant.
581 591 668 631 Virg.
691 591 762 632 [lib.
782 591 846 621 XI.

132 633 224 675 AEn.]

174 693 339 733 “Jamque
367 698 507 724 oratores
545 694 671 724 aderant
696 704 737 724 ex
771 695 845 724 urbe

219 737 341 773 Latina,

185 779 399 836 Veiatirramis
425 781 514 818 oleae,
538 781 718 821 veniamque
733 791 845 820 rogan-

214 828 276 854 teS.

128 895 202 930 post
215 890 377 921 victoriam
392 891 499 922 AEneae
510 891 630 921 scilicet
647 890 715 931 ὑπὲρ
729 892 779 925 τῆς
789 892 846 922 τῶν

130 935 223 974 νεκρῶν
238 932 413 974 ἀναιρέσεως,
430 940 464 965 ut
479 935 562 975 apud
582 935 767 965 Pausaniam
793 945 844 964 su-

129 987 198 1016 pra.
243 977 351 1007 Livius
369 977 438 1017 [lib.
460 978 626 1009 XX-xvl.
658 978 730 1019 97]
748 982 769 995 “
786 978 842 1008 AE-

130 1020 186 1050 toli
202 1030 317 1058 paucos
332 1025 406 1061 post
426 1022 492 1051 dies
506 1032 595 1061 quam
611 1022 648 1051 ad
665 1022 778 1051 bellum
796 1031 843 1051 re-

129 1065 316 1098 novandum,
327 1065 566 1104 acciendumque
577 1075 681 1104 regem
691 1065 721 1094 in
735 1065 842 1094 Asiam

127 1106 247 1145 legatos
263 1107 420 1143 miserant,
443 1108 573 1146 abjectis
595 1108 668 1137 belli
693 1108 842 1143 consiliis,

126 1150 212 1189 pacis
236 1151 378 1189 petendae
398 1155 536 1180 oratores
558 1151 598 1180 ad
613 1151 770 1180 consulem
785 1151 842 1180 mi-

126 1192 263 1223 serunt.'’
306 1193 383 1223 Cum
397 1193 446 1223 his
461 1194 575 1223 Festus
599 1193 681 1228 facit,
707 1193 759 1232 qui
777 1194 842 1222 vult

126 1240 263 1266 oratores
275 1247 316 1266 ex
332 1237 443 1266 Graeoo
455 1237 570 1272 dictos,
579 1240 721 1275 tanquam
735 1237 841 1276 ἀρητῆ-

125 1290 186 1318 ρας,
204 1279 286 1318 qnod
301 1279 389 1310 missi
404 1280 441 1309 ad
465 1290 557 1318 reges
580 1283 612 1309 et
632 1284 750 1318 gentes,
766 1279 841 1310 deos

127 1323 262 1353 solerent
277 1322 413 1362 ἀρᾶσθαι,
435 1323 468 1352 id
485 1327 545 1363 est,
559 1324 671 1353 testari.
697 1326 718 1340 “
729 1321 760 1351 hi
776 1333 842 1352 mo-

127 1365 169 1395 do
182 1364 316 1406 (inquit)
334 1366 528 1406 appellantur
541 1364 668 1404 legati.”
712 1366 841 1395 Postre-

127 1419 178 1438 mo
194 1410 372 1445 notandum,
401 1410 484 1449 quod
510 1409 661 1449 Ulpianus
677 1409 787 1439 scribit
802 1410 841 1440 ad

127 1450 213 1481 illam
241 1452 288 1493 [p.
306 1454 378 1483 145.
396 1454 447 1483 ed.
466 1453 526 1494 D.]
554 1457 660 1483 contra
682 1452 841 1483 Timocra-

127 1499 188 1525 tem
205 1495 254 1536 [p.
267 1498 342 1527 265.
356 1497 404 1526 ed.
423 1496 546 1536 Aurel.]
565 1495 657 1526 ἰστέον
672 1495 711 1531 δὲ,
726 1495 770 1525 δ’τι
786 1496 841 1526 ἅλ-

123 1544 171 1572 λος
183 1537 214 1570 ἦν
225 1538 237 1568 ὅ
250 1539 335 1579 κῆρυξ
349 1541 399 1569 τοῦ
415 1539 515 1579 δήμου,
530 1540 577 1569 καὶ
593 1540 682 1574 ἄλλος
698 1539 710 1568 ὅ
726 1540 776 1569 τοῦ
791 1551 842 1571 πο-

125 1581 228 1620 λέμου,
252 1582 265 1612 ὁ
290 1583 489 1622 προηγούμενος
512 1585 567 1612 τῶν
594 1581 750 1623 πρέσβεων,
775 1583 843 1623 πρὸς

125 1624 160 1654 τὸ
175 1625 274 1659 αὐτοῖς
283 1624 470 1656 σπείσασθαι
486 1626 582 1666 εἰρήνην
596 1624 661 1667 πρὸς
675 1626 741 1660 τοὺς
757 1633 842 1656 πολε-

124 1666 218 1706 μίους,
235 1667 390 1710 ξαστίιζων
412 1669 462 1700 καὶ
483 1668 685 1709 σύμβολοντό
708 1669 840 1709 κηρύκιον.

124 1711 156 1741 hi
168 1717 241 1742 sunt
254 1713 468 1748 caduceatores,
486 1712 633 1742 Romanis
641 1712 777 1752 feciales.
791 1714 841 1743 κῆ-

127 1755 177 1794 ρυξ
193 1756 244 1786 τοῦ
258 1755 348 1797 δήμου
371 1756 439 1795 quis
455 1756 508 1792 sit,
523 1755 691 1786 AEschines
705 1755 754 1785 his
771 1767 841 1786 ver-

128 1799 176 1828 bis
190 1799 282 1829 docet
298 1799 423 1840 [contra
444 1799 692 1838 Ctesiphontem,
714 1809 745 1838 p.
761 1800 839 1831 386.

125 1851 152 1870 s.
163 1842 291 1883 Reisk]
305 1841 458 1881 σεσίγηται
471 1841 500 1874 δὲ
511 1841 545 1872 τό
555 1843 715 1872 κάλλιστον
726 1841 774 1871 καὶ
782 1854 839 1872 σω-

126 1883 314 1925 φρονέστατον
328 1886 465 1926 κήρυγμα
486 1889 543 1916 τῶν
568 1884 595 1915 ἒν
618 1884 657 1927 τῇ
678 1885 779 1920 πόλει,
795 1885 841 1921 τίς

126 1927 261 1968 ἀγορεύειν
280 1927 412 1959 ξούλεται
435 1931 491 1959 τῶν
517 1926 586 1968 ὑπὲρ
601 1928 775 1959 πεντήκοντα,
790 1928 839 1960 ἔτη

124 1971 286 2009 γεγονότων,
316 1972 364 2002 καὶ
392 1972 481 2004 πάλιν
503 1970 529 2002 ἒν
554 1969 636 2012 μέρει
665 1973 722 2002 τῶν
745 1971 841 2002 ἄλλων

123 2012 285 2046 Ἀθηναίων,
330 2015 399 2046 Jam
421 2015 493 2046 huic
509 2016 605 2046 verbo
622 2014 709 2045 vocis
729 2015 840 2045 simili-

124 2058 231 2089 tudine
243 2057 406 2089 finitimum
422 2064 481 2096 est,
505 2058 559 2088 sed
574 2058 666 2098 longe
683 2058 838 2098 significa-

123 2100 209 2131 tione
230 2102 401 2139 diversum,
431 2101 465 2132 τὸ
495 2100 699 2142 emungant-rm.
745 2103 837 2132 Dem.

126 2143 183 2184 [de
194 2155 359 2185 perperam
374 2145 460 2175 obita
472 2144 625 2185 legatione
640 2156 671 2184 p.
683 2145 776 2186 342]
790 2144 839 2175 καὶ

125 2186 173 2218 διὰ
186 2189 298 2226 ταῦτα,
307 2188 452 2230 χρήματα
463 2188 543 2228 αὐτῷ’
555 2187 694 2223 Θηβαίους
707 2186 838 2220 ἐπικεκη-

123 2229 249 2272 ρυχέναι.
272 2232 356 2271 quod
381 2238 430 2262 est
456 2232 645 2271 proscribere,
669 2236 704 2262 ut
717 2232 839 2262 Trium-

124 2274 185 2305 viri
211 2276 319 2305 Romae
344 2285 455 2315 magna
472 2275 601 2315 praemia
625 2276 839 2314 proponebant

121 2317 163 2347 iis
180 2328 259 2349 voce
273 2319 437 2358 praeconis,
453 2318 506 2359 qui
524 2317 769 2359 proscriptorum
789 2328 840 2349 ca-

122 2361 190 2400 pita
205 2361 393 2392 attulissent.
416 2361 461 2392 sic
484 2361 653 2393 AEschines
674 2363 839 2393 Thebanos

123 2404 224 2436 aiebat
233 2404 449 2445 pronuntiasse
457 2404 487 2435 ei
498 2415 636 2446 magnam
652 2406 839 2443 mercedem,

123 2448 176 2486 qui
193 2458 227 2478 se
239 2448 455 2479 interfecisset.

167 2508 210 2514 —
219 2493 250 2521 4.
260 2490 352 2520 καὶτὸ
367 2490 452 2521 δοκεῖν
463 2489 643 2532 ἐκδέχεσθαί
657 2503 687 2522 τι
701 2493 757 2520 τῶν
769 2490 838 2522 ἐκεῖ·

122 2543 173 2568 νοις
196 2533 420 2576 πεπραγμένων]
446 2535 510 2565 Ηὶο
529 2534 593 2564 ἀντὶ
620 2535 669 2564 τοῦ
694 2534 839 2576 ἀποδέχε-

124 2575 206 2615 σθαι,
218 2578 299 2616 quod
313 2582 362 2608 est
373 2578 544 2617 approbare,
556 2583 590 2607 ut
599 2578 752 2618 Ulpianus
765 2589 840 2618 quo-

124 2631 184 2659 que
199 2621 354 2651 observat.
381 2621 508 2660 proprie
534 2621 614 2651 enim
638 2622 777 2660 ercipere,
792 2631 839 2650 er-

124 2670 263 2702 spectare.
289 2664 490 2694 Themistius:
506 2663 561 2702 ἒγὼ
575 2663 604 2694 δὲ
620 2664 668 2693 καὶ
684 2665 770 2695 τοῦτο
785 2663 841 2703 μὲν

123 2705 158 2736 τὸ
172 2705 302 2744 ἔποςρὢ
325 2708 398 2737 πάνυ
421 2705 535 2748 κομψὸν
560 2706 733 2747 ἐκδέχομαι.
756 2707 841 2737 Thu-

125 2750 255 2789 cydides
274 2750 346 2791 [lib.
363 2750 421 2781 IV.
440 2750 534 2791 122]
551 2751 600 2780 καὶ
619 2748 750 2789 ἐδέξαντο
762 2750 841 2780 σάν-

125 2802 174 2826 τες
199 2792 221 2823 οἶ
246 2792 303 2824 ἐπὶ
318 2791 430 2834 Θρᾴκης
444 2793 606 2836 ξύμμαχοι
621 2792 843 2834 Λακεδαιμονίων

125 2836 169 2865 τὰ
198 2836 413 2876 ωεπρίιγμένα.
443 2846 537 2868 omnes
560 2838 593 2866 in
621 2835 748 2867 Thracia
774 2838 844 2867 socii

125 2877 417 2910 Lacedaemoniorum
439 2885 508 2911 acta
529 2879 700 2919 probabant.
718 2880 845 2919 excipere

126 2921 246 2958 bellum,
259 2920 432 2964 ἐκδέχεσθαι
448 2922 496 2953 τόν
512 2922 647 2964 πόλεμον.
666 2921 787 2962 ἐκφέρειν
799 2921 847 2953 τὸν

126 2964 264 3004 πόλεμον,
279 2964 392 3007 inferre
407 2966 529 2997 bellum.

169 3009 233 3039 —9
244 3029 252 3040 .
261 3005 305 3039 ἔτι
319 3007 466 3052 κωλύομεν
480 3008 562 3042 atvar
571 3009 698 3042 κοινωνεῖν
707 3009 759 3045 τῆς
769 3007 846 3049 Ἀμ-

1508 182 1591 224 403

881 286 1056 327 φιιτνονίιις]
1080 287 1298 327 Ἀμφικτυονίο,
1309 298 1458 319 commune
1473 288 1596 328 Amphi-

881 335 1029 369 ctyonum.
1051 329 1090 359 de
1111 332 1222 370 quibus
1244 332 1338 362 multa
1350 333 1413 371 jam
1430 332 1591 363 attulimus

881 383 920 402 ex
948 373 1098 402 Strabone
1126 378 1157 402 et
1184 375 1353 404 Pausania:
1390 376 1500 414 quibus
1527 375 1594 405 haec

881 415 1020 445 addenda
1032 425 1049 444 a
1062 416 1212 454 Dionysio
1226 418 1298 448 Hal.
1311 417 1419 456 [Arch.
1438 420 1523 448 Rom.
1535 419 1596 447 lv.

882 458 949 499 ρὰ]
976 458 1088 487 πάντων
1111 459 1251 497 μάλιστα
1279 463 1333 488 τῶν
1355 461 1484 490 τοιούτων
1500 461 1594 500 ἐ’ργων,

880 503 929 532 τὴν
951 500 1157 541 Ἀμφικτύοιος
1173 503 1223 531 τοῦ
1241 500 1372 537 Ἕλληνος
1387 503 1504 534 ἐπίνοιαν
1523 505 1594 542 31ch-

881 542 943 581 σθε,
966 544 1110 585 (Servius
1125 545 1244 574 Tullius
1260 545 1390 580 scilicet,
1407 558 1460 576 rex
1478 548 1593 576 Roma-

881 587 1007 627 norum)
1033 587 1081 627 [p.
1101 590 1174 618 145.
1191 588 1240 618 ed.
1255 589 1311 628 D.]
1347 587 1374 621 ὃς
1389 589 1508 623 ἀσθενὲς
1532 590 1594 629 ὀρῶν

880 630 927 659 καὶ
940 631 1023 671 ῥᾴδιον
1035 630 1088 662 ὑπὸ
1104 633 1158 661 τῶν
1169 631 1370 671 περιοικούντων
1383 631 1531 671 Βαρβάρων
1546 631 1592 671 ἔξ-

881 673 1053 705 οιναλωΘῆναι
1071 673 1104 703 τὸ
1118 673 1274 705 Ἑλληνικὸν
1303 674 1387 712 γένος,
1408 674 1446 708 εἰς
1467 676 1515 705 τὴν
1539 675 1595 705 ἀπ’

881 716 1001 757 [Huds.
1018 722 1049 747 et
1066 718 1105 747 R.
1121 716 1184 758 ἐπ’]
1202 716 1299 747 ἐκείνου
1308 716 1470 747 κληθεῖσαν
1483 716 1593 757 Ἀμφι-

878 763 1018 792 κτυονικῆν
1036 761 1143 792 σύνοδον
1163 761 1210 790 καὶ
1224 760 1372 800 πανήγυριν
1394 760 1495 793 αὐτοὺς
1511 761 1592 790 συνή-

878 814 952 842 γαγε
975 804 1038 846 (sic
1067 805 1150 845 lego,
1168 815 1229 834 non
1254 804 1338 837 αἰτός
1366 803 1411 843 [in
1435 804 1537 833 Huds.
1564 808 1596 834 et

879 847 988 877 Reisk.
1003 847 1109 888 αὖτό])
1125 847 1224 887 νόμους
1241 847 1516 886 καταστησάμενος,
1540 845 1594 886 ἔξω

877 893 932 920 ’τῶν
948 889 1028 927 ἰδίων,
1044 891 1088 925 οὓς
1103 890 1213 921 ἑκάστη
1230 890 1313 924 πόλις
1328 890 1391 931 εἶχε
1416 890 1480 924 τοὺς
1495 891 1595 923 κοινοὺς

877 933 1000 971 ἅπασιν,
1013 934 1056 970 οὓς
1070 936 1203 964 καλοῦσιν
1214 933 1481 973 Ἀμφικτυονικοὺς,
1498 932 1530 972 ἐξ
1555 930 1595 963 οἶν

877 977 953 1016 φίλοι
980 976 1035 1017 μὲν
1062 976 1137 1011 ὅντες
1161 978 1297 1011 ἀλλήλοις
1325 976 1474 1012 διετέλουν,
1497 976 1595 1006 καὶτὸ

876 1020 1010 1058 συγγενὲς
1021 1021 1219 1060 φυλάττοντες
1231 1020 1318 1060 ἔργοις
1333 1022 1449 1059 μᾶλλον
1465 1019 1478 1050 ἢ
1491 1018 1596 1058 λόγοις,

878 1064 994 1105 λυπηροὶ
1011 1064 1039 1093 δὲ
1055 1065 1116 1097 τοῖς
1132 1062 1277 1104 ςαρβάροις
1292 1063 1340 1092 καὶ
1355 1061 1471 1103 φοέεροί.
1516 1064 1593 1101 Qui-

875 1107 934 1136 bus
964 1107 1117 1137 consentit
1142 1117 1212 1137 cum
1237 1107 1385 1137 Pausania
1412 1106 1597 1145 Dionysius,

877 1147 1087 1179 institutorem
1103 1150 1231 1189 hujusce
1252 1157 1422 1179 conventus
1445 1150 1597 1179 affirmans

876 1192 1131 1232 Amphictyonem
1157 1193 1319 1232 quendum,
1348 1193 1406 1222 nisi
1429 1193 1510 1231 quod
1539 1192 1594 1222 ille

877 1235 1075 1265 Deucalionis
1092 1236 1189 1266 filium
1203 1236 1277 1266 facit
1290 1236 1370 1266 hunc
1385 1236 1589 1275 Amphictyo—

876 1288 958 1314 nem,
975 1278 1025 1308 hic
1041 1283 1196 1318 nepotem.
1244 1279 1358 1308 Hellen
1383 1278 1475 1314 enim,
1496 1290 1514 1308 a
1531 1289 1592 1318 quo

877 1321 979 1351 Graeci
993 1319 1138 1356 Ἕλληνες,
1164 1323 1304 1361 ejusdem
1331 1322 1389 1351 snit
1413 1321 1504 1351 filius.
1539 1322 1595 1351 sed

875 1363 958 1394 illam
983 1365 1180 1394 traditionem
1201 1367 1264 1403 jam
1290 1365 1362 1394 satis
1382 1364 1596 1395 refutavimus.

876 1407 967 1438 Illius
984 1408 1172 1447 exemplum,
1192 1408 1292 1448 iuquit
1310 1408 1490 1448 Dionysius,
1508 1408 1591 1447 quis-

876 1451 944 1490 quis
968 1451 1125 1481 institutor
1146 1451 1216 1487 fnit,
1243 1452 1336 1481 Iones
1361 1451 1472 1487 secuti,
1494 1451 1594 1490 quiin

877 1504 959 1524 oram
991 1495 1174 1525 maritimam
1202 1495 1287 1524 Asiae
1317 1495 1454 1524 colonias
1493 1495 1594 1524 dedu*-

876 1542 997 1574 xerant,
1013 1548 1070 1568 nec
1083 1549 1141 1568 non
1153 1537 1271 1574 AEoles,
1285 1538 1336 1577 qui
1352 1538 1382 1567 iu
1400 1539 1506 1567 eadem
1518 1538 1594 1568 Asia

876 1582 1081 1611 consederant
1105 1582 1142 1611 ad
1170 1581 1409 1620 Hellespontum
1438 1586 1467 1610 et
1498 1581 1592 1610 Troa-

876 1625 959 1660 dem,
987 1625 1103 1664 templa
1127 1628 1317 1660 struxerunt,
1334 1624 1390 1654 *illi
1414 1624 1444 1653 in
1468 1624 1593 1664 Epheso

876 1668 998 1704 Dianae,
1015 1668 1046 1697 hi
1062 1667 1122 1697 alio
1138 1668 1268 1706 quodam
1281 1668 1311 1697 in
1327 1667 1408 1702 loco,
1423 1678 1512 1706 quem
1538 1668 1593 1697 de-

875 1711 1026 1750 legerant,
1042 1711 1209 1749 Apollini„
1237 1712 1306 1750 Quo
1322 1721 1390 1740 cum
1408 1710 1593 1749 conjugibus

874 1761 905 1784 et
921 1754 1026 1784 liberis
1048 1754 1266 1783 convenientes
1290 1754 1378 1783 statis
1401 1754 1594 1794 temporibus

875 1808 924 1827 res
943 1798 1063 1827 divinas
1077 1797 1495 1836 faciebant,festivitatesque
1511 1797 1594 1827 cele-

874 1841 1003 1872 brabant
1018 1840 1049 1870 in
1062 1842 1205 1870 honorem
1223 1842 1361 1871 deorum.
1397 1841 1518 1877 Quibus
1534 1840 1593 1870 rite

873 1884 1059 1923 procuratis,
1072 1894 1164 1923 quum
1179 1895 1211 1913 se
1223 1884 1351 1913 comiter
1363 1883 1498 1913 invicem
1511 1883 1591 1914 invi-

873 1931 999 1964 tassent,
1014 1927 1040 1957 si
1057 1927 1131 1965 quid
1154 1926 1375 1956 controversiae
1394 1926 1443 1956 vel
1465 1926 1591 1956 offensi-

875 1970 994 2000 unculae
1009 1970 1129 2000 civitati
1145 1981 1214 1999 cum
1229 1969 1355 1999 civitate
1372 1969 1591 2006 intercederet,

873 2018 960 2043 erant
980 2013 1115 2053 judices,
1145 2013 1197 2052 qui
1224 2012 1294 2042 lites
1323 2013 1525 2043 deciderent:
1558 2018 1591 2044 et

874 2057 966 2088 simul
992 2057 1031 2087 de
1055 2056 1136 2086 bello
1160 2066 1229 2087 cum
1257 2056 1413 2092 Barbaris,
1431 2061 1462 2086 et
1485 2061 1591 2087 mutua

871 2099 951 2131 inter
987 2110 1022 2130 se
1050 2099 1216 2130 concordia
1251 2099 1380 2129 consilia
1421 2099 1589 2138 agitabant.

873 2144 1030 2174 Praeterea
1054 2142 1238 2173 Panionium
1264 2143 1325 2172 fuit
1351 2142 1514 2172 duodecim
1540 2144 1589 2173 Io—

873 2187 932 2217 niae
956 2187 1148 2222 civitatibus,
1173 2185 1270 2215 instar
1292 2186 1384 2225 liujus
1410 2186 1441 2215 in
1468 2186 1593 2216 Graecia

872 2229 1126 2270 Amphictyonici
1149 2234 1332 2264 conventus,
1364 2228 1410 2268 [p.
1440 2231 1514 2260 147.
1540 2229 1592 2258 ed.

874 2274 932 2315 D.]
955 2277 989 2304 ut
1012 2274 1107 2303 refert
1133 2273 1333 2303 Herodotus:
1362 2272 1449 2306 Ἴωνες
1471 2271 1500 2302 δὲ
1515 2283 1592 2302 ὀῦ-υν-

872 2316 1011 2357 θανόμενοι
1031 2318 1142 2353 ταῦτα,
1167 2315 1299 2353 ἔπεμπον
1311 2313 1477 2354 προέούλους
1497 2314 1592 2354 σφέων

873 2360 982 2391 αὐτέων
996 2359 1024 2395 ἔς
1038 2361 1189 2390 Πανιώνιον.
1212 2359 1281 2399 [lib.
1297 2359 1355 2388 Vl.
1375 2369 1402 2388 c.
1415 2362 1447 2389 7.
1465 2368 1496 2397 p.
1514 2361 1590 2389 441.

874 2403 999 2443 Wess.]
1017 2405 1136 2434 Horum
1152 2403 1292 2432 instituta
1307 2411 1401 2441 porro
1417 2412 1508 2440 quum
1519 2402 1592 2432 Ser-

876 2447 944 2477 vius
960 2457 1017 2477 rex
1039 2447 1197 2476 Romanus
1213 2445 1328 2475 imitari
1347 2445 1452 2480 vellet,
1470 2445 1592 2476 studuit

873 2490 905 2521 in
922 2490 1030 2530 primis
1048 2495 1079 2520 et
1095 2490 1163 2528 ipse
1180 2488 1325 2519 civitates
1342 2488 1520 2518 Latinorum
1537 2490 1590 2518 be-

873 2533 1049 2564 nevolentia
1073 2539 1164 2571 atque
1179 2532 1316 2561 amicitia
1341 2533 1538 2571 conjungere,
1554 2542 1590 2562 ao

874 2578 903 2607 in
920 2587 1015 2607 unum
1031 2580 1064 2605 ut
1079 2575 1291 2614 conspirarent
1307 2574 1439 2605 efficere.
1454 2574 1486 2604 id
1507 2575 1592 2614 quod

874 2622 941 2659 ejus
959 2620 1072 2650 virtute
1083 2619 1254 2659 perfectum
1271 2622 1331 2654 est,
1343 2628 1411 2647 cum
1422 2618 1593 2654 docuisset,

874 2673 994 2703 aequum
1013 2673 1093 2699 esse,
1120 2667 1154 2693 ut
1173 2661 1278 2692 Latini
1304 2661 1441 2691 finitimis
1459 2662 1591 2700 impera-

875 2711 954 2742 rent,
978 2712 1010 2736 et
1032 2708 1101 2745 jura
1125 2704 1266 2735 barbaris
1291 2705 1411 2739 darent,
1437 2714 1531 2742 quum
1557 2713 1591 2732 se

875 2754 1041 2789 prognatos
1058 2748 1178 2788 origine
1194 2750 1306 2779 Graeca
1323 2748 1452 2777 scirent:
1479 2747 1591 2776 Roma—

877 2793 908 2822 ni
924 2793 1128 2833 principatum
1145 2793 1225 2823 inter
1244 2792 1369 2821 Latinos
1392 2794 1542 2824 tenerent,
1559 2793 1592 2818 ut

877 2837 929 2875 qui
945 2835 1155 2875 magnitudine
1171 2834 1255 2866 urbis
1273 2838 1303 2864 et
1318 2843 1419 2863 reruni
1437 2836 1593 2870 gestarum

879 2879 975 2919 gloria
997 2879 1228 2919 praecellerent:
1253 2878 1290 2907 ad
1317 2878 1383 2906 liaec
1409 2876 1467 2905 Dis
1494 2874 1593 2913 magis

879 2923 1025 2962 propitiis
1046 2927 1217 2958 uterentur,
1241 2920 1321 2949 unde
1346 2919 1384 2948 ad
1411 2918 1594 2956 dignitatem

880 2971 912 2996 et
934 2966 1031 2996 decus
1061 2968 1283 3005 pervenerant:
1307 2961 1489 3000 pertulisset
1509 2960 1597 2990 ‹leni-

880 3020 953 3051 que,
973 3013 1007 3042 nt
1031 3009 1063 3041 in
1088 3009 1163 3040 urbe
1185 3008 1286 3039 Roma
1304 3005 1412 3037 Dianae
1434 3013 1595 3036 commune
