1931 3322
196 445 280 488 AD
314 444 680 487 ORATIONEM
714 442 1036 486 ADVERSUS
1070 442 1473 486 ZENOTHEMIN

160 645 266 676 Oratio
277 646 341 676 haec
350 646 522 684 scriptaest
533 644 653 674 nomine
665 644 825 680 Demonis,

118 689 170 729 qui
182 693 314 731 patruus
329 693 395 718 erat
418 688 647 724 Demosthenis,
663 691 697 718 ut
711 693 830 718 constat

120 743 137 763 e
153 733 211 762 line
227 732 384 769 orationis,
398 743 429 771 p.
447 734 522 762 890.
536 733 589 761 27.

160 777 235 806 882.
250 785 322 816 pen.
342 775 518 816 προσέχετε]
543 784 603 804 non
619 773 739 805 damno.
756 784 831 804 con-

118 817 238 849 veniret
251 823 352 849 tamen
368 819 479 849 melius
489 817 669 860 προσείχετε,
681 817 730 847 vel
743 828 830 858 προσ-

120 860 238 903 έσχετε.
262 863 394 892 animum
407 864 431 893 si
444 872 578 902 uuquam
596 861 655 891 ulli
672 871 764 892 causae
778 861 831 891 ad-

118 906 255 935 vertistis.

163 949 238 979 883.
253 950 284 980 1.
300 948 457 989 πολλάκις]
471 951 650 987 suspectum
665 951 724 984 est,
738 951 770 978 et
785 947 832 978 vi—

119 990 209 1022 detur
221 991 324 1021 locum
339 992 370 1021 iu
386 991 517 1022 alienum
532 991 695 1021 invasisse.

162 1051 207 1058 —
222 1036 273 1065 13.
298 1033 426 1074 εἰκότως]
451 1033 566 1069 εἰκότως
578 1033 606 1069 ἐς
623 1033 644 1064 ἃ
664 1033 778 1071 malim,
798 1033 832 1064 id

120 1081 180 1113 est,
194 1078 233 1113 εἷς
246 1078 358 1114 ταῦτα,
370 1077 389 1107 ἃ
405 1077 509 1116 ἔλεγον.

161 1122 237 1152 884.
251 1123 303 1151 18.
326 1120 510 1162 ὄναύκληρος]
530 1120 748 1159 Hegestratus,
772 1120 831 1151 nisi

120 1162 173 1193 ille
188 1163 293 1203 potius
308 1164 547 1216 Hegesistrajus
562 1169 622 1194 est.

161 1207 237 1238 885.
254 1210 286 1237 5.
303 1217 328 1237 π
327 1205 502 1248 ςεσβευτῆν’
491 1218 524 1237 εκ
535 1206 637 1241 βουλῆς
649 1207 728 1248 τινὰ]
744 1206 830 1237 locus

117 1249 193 1280 mihi
208 1249 368 1281 obscurus.
392 1250 423 1280 iu
438 1251 618 1291 Augustano
633 1255 682 1281 est
697 1249 831 1292 πρεσβύ-

118 1303 177 1332 την.
193 1285 316 1324 verba'
305 1304 338 1323 ειι
359 1293 460 1328 βουλῆς
475 1296 540 1325 τινὰ
562 1295 700 1325 Lambiu.
718 1296 830 1333 depre-

119 1336 226 1366 bendit
239 1347 258 1366 a
271 1336 456 1375 quibusdam
473 1348 597 1368 suorum
619 1337 762 1367 codicum
779 1337 831 1366 ab·

118 1388 197 1409 esse.
218 1379 366 1410 credibile
380 1389 440 1409 nou
459 1383 520 1414 est,
541 1379 693 1409 hominem
709 1384 831 1410 senato-

118 1421 198 1461 rium
212 1433 250 1453 eo
265 1425 436 1453 contemtus
451 1421 617 1457 decidisse,
631 1426 667 1451 ut
681 1431 699 1450 a
713 1430 830 1451 merca-

117 1465 237 1495 toribus
258 1475 291 1496 se
312 1468 471 1504 pateretur
490 1474 547 1504 pro
562 1469 762 1504 procuratore
777 1469 830 1494 aut

117 1512 221 1538 actore
242 1508 435 1548 negotiorum
451 1518 574 1538 suorum
588 1507 620 1537 in
635 1507 764 1538 insulam
777 1508 829 1537 ab·

116 1550 282 1590 legaretur.
310 1551 382 1581 Nisi
396 1551 534 1582 additum
547 1555 630 1581 esset
642 1552 718 1587 τινέι,
729 1550 830 1590 possit

115 1591 147 1623 ἐκ
161 1593 264 1628 βουλῆς
276 1593 378 1634 aliquo
398 1595 490 1625 modo
502 1594 604 1634 accipi
622 1605 679 1634 pro
700 1604 829 1625 commu-

115 1637 223 1667 nicatis
236 1639 314 1668 inter
324 1648 352 1668 se
363 1638 500 1668 consiliis.
529 1638 592 1668 Sed
608 1642 639 1668 et
656 1637 737 1667 hoc
729 1648 828 1678 ipsum

114 1680 194 1710 soret
209 1681 387 1721 languidum
400 1686 432 1711 et
444 1682 630 1712 redundans.
659 1681 747 1711 Alias
763 1691 829 1722 πξε·

115 1717 237 1758 eCsvvnc
252 1730 300 1755 est
309 1735 397 1766 agens
411 1726 444 1755 in
458 1724 554 1760 rebus,
571 1729 605 1755 ut
618 1723 646 1754 si
663 1725 827 1764 collegium

114 1772 319 1802 mercatorum
340 1778 368 1798 e.
384 1779 411 1803 c.
429 1772 480 1798 aut
499 1773 688 1798 mercatores
704 1768 828 1808 quidam

114 1809 262 1849 privatim
278 1811 412 1851 aliquem
435 1811 623 1842 causidicum
640 1812 743 1851 aliquo
757 1812 828 1842 mit-

112 1857 178 1883 tant
192 1855 470 1894 componendorum
487 1865 581 1885 causa
595 1865 719 1885 suorum
735 1865 828 1896 nego-

112 1895 238 1933 tiorum,
252 1897 352 1937 qualis
368 1898 458 1928 etiam
474 1898 527 1929 hic
542 1898 732 1938 designatur.
748 1909 779 1930 v.
795 1909 826 1938 p.

157 1999 201 2007 -—
211 1972 286 2015 ibid.
296 1983 415 2026 οὑτωσὶ]
433 1984 482 2020 sie,
496 1984 700 2034 qualicunque
711 1984 829 2015 tralati-

115 2024 158 2055 tia
173 2026 294 2064 notitia,
307 2032 340 2057 ut
352 2028 450 2058 solent
463 2027 603 2058 homines
618 2028 699 2058 inter
715 2039 748 2058 se
763 2027 828 2058 noti

114 2079 197 2107 esse,
210 2080 269 2100 uon
290 2070 512 2109 familiaritate,
535 2081 634 2112 neque
658 2071 827 2102 necessitu-

113 2112 186 2143 dine
201 2114 370 2153 conjuncti.

157 2173 202 2179 —
217 2157 249 2187 6.
263 2156 402 2198 τοιοῦτος]
423 2157 596 2198 improbus,
614 2168 757 2198 nequam,
772 2168 827 2189 ve-

114 2202 241 2237 terator,
255 2201 357 2240 qualis
380 2206 439 2238 est,
454 2206 485 2232 et
500 2201 621 2241 qualem
642 2212 701 2232 usu
721 2206 754 2232 et
773 2202 827 2232 da-

117 2251 191 2273 mno
201 2247 306 2274 nostro
322 2245 535 2284 cognovimus.

156 2303 200 2309 —
212 2286 291 2318 ibid.
305 2287 378 2319 οὗθὲν
392 2287 530 2328 ἔλαττον]
549 2288 718 2328 amplector
732 2287 830 2324 οὐδενὸς

114 2338 154 2359 ex
185 2329 268 2369 Aug.
295 2341 344 2370 pr.
368 2342 428 2371 quo
451 2332 586 2362 admisso
611 2332 657 2362 sic
683 2331 742 2362 erit
764 2332 827 2373 leg.

381 2374 631 2387 ''''''
699 2374 829 2413 ἦσαντες,

115 2415 148 2444 Ei
161 2414 198 2444 τό
215 2425 249 2455 γε
271 2415 338 2456 ἒξ’
322 2429 411 2460 αρχης
432 2419 553 2459 πονηροῖς
571 2418 729 2460 ἀνθρώποις
748 2430 828 2460 συμ-

114 2456 200 2499 μῖξαι
229 2459 386 2501 ἀτύχημα.
431 2461 462 2492 Si
486 2462 603 2503 quidem
627 2461 828 2512 infortunium

115 2507 158 2532 est
184 2502 218 2532 in
239 2503 380 2543 improbos
397 2505 540 2542 incidere,
561 2515 629 2536 cum
649 2506 741 2547 iisque
765 2516 828 2537 rem

115 2555 294 2576 communem
309 2547 423 2578 habere.

157 2605 201 2612 —
215 2590 248 2619 7.
273 2588 304 2631 ἢ]
321 2588 477 2620 subaudi’
465 2601 544 2621 εστι.
564 2601 654 2631 qnam
670 2594 719 2621 est
734 2590 827 2622 insor-

115 2632 244 2668 tunium,
259 2633 363 2663 statim
385 2643 403 2663 a
424 2632 576 2674 principio
601 2634 632 2665 in
654 2635 750 2664 malos
773 2636 828 2665 ho-

115 2674 214 2706 mines
231 2674 380 2706 incidere.
395 2676 426 2707 h.
441 2686 469 2707 e.
485 2687 555 2707 cum
571 2677 747 2708 hominibus
762 2688 828 2708 rem

115 2716 239 2754 habere,
253 2719 306 2758 qui
322 2729 474 2760 nunquam
488 2720 528 2750 de
550 2731 584 2751 se
607 2720 741 2761 speciem
757 2731 828 2760 pro-

115 2759 221 2792 bitatis
237 2762 391 2800 dederint,
415 2763 471 2793 sed
495 2763 598 2794 statim
621 2775 639 2794 a
661 2763 827 2804 principio,

114 2803 215 2843 primo
230 2806 332 2836 statim
344 2806 555 2846 experimento
571 2807 628 2844 sni,
639 2817 672 2837 se
688 2807 828 2847 improbe

116 2847 278 2886 gesserint,
288 2854 323 2879 ut
331 2849 528 2881 Zenothemis
538 2853 570 2881 et
578 2850 829 2891 Hegesistratus,

117 2889 170 2930 qui
183 2891 313 2931 professi
328 2898 398 2923 sunt
413 2904 446 2924 se
462 2894 644 2925 scelerosos.

157 2950 201 2956 —
216 2935 268 2965 10.
287 2936 388 2967 ταῦτα
401 2936 457 2977 μὲν
471 2934 514 2968 ουν
524 2938 656 2978 ἧκούομεν
674 2934 828 2978 heyam-Cn-

117 2973 193 3005 κέναι
211 2976 293 3008 αιίτόν
306 2978 354 3010 καὶ
369 2979 613 3020 κατεπηγγελθαι
627 2981 746 3022 *rom-qn]
765 2981 829 3020 pri-

119 3028 169 3048 ma
184 3025 315 3058 quatuor
327 3024 422 3053 verba
435 3024 654 3063 pureutheseos
670 3024 769 3063 signis
784 3024 829 3054 in

862 642 951 679 clusi,
968 647 999 673 et
1014 643 1059 673 sic
1073 647 1171 673 totum
1185 643 1285 673 locum
1302 643 1449 673 exhibui:
1465 643 1579 684 (ταῦτα

864 691 918 727 γῐιρ
939 687 981 716 ν’ὗν
1003 686 1154 728 ἀκούομεν)
1180 685 1366 728 {amomi-Enna!
1391 686 1501 723 ἑαυτὸν,
1528 687 1578 716 καὶ

864 730 1112 768 κατεπήγγελται
1141 730 1188 771 (in
1215 732 1247 761 3.
1277 741 1360 771 pers.
1390 730 1470 768 sing.
1499 731 1578 770 perf.

865 773 967 814 pass.)
982 773 1094 813 τουτῳΐ.
1117 778 1188 804 nata
1203 778 1251 804 est
1267 774 1379 804 vitiosa
1395 773 1488 804 lectio
1503 775 1581 814 ἦργο-

866 816 1019 851 λαβηιιὲναι
1042 816 1126 847 αὐτὸν
1152 827 1192 847 ex
1215 814 1398 858 ἧςγολάξηκεν
1418 816 1527 847 {aurem
1543 817 1581 846 li-

866 861 958 891 brarii
972 861 1052 891 enim
1073 861 1174 890 Graeci
1195 872 1223 889 αι
1245 866 1276 890 et
1297 871 1309 891 ε
1331 861 1506 900 promiscue
1527 860 1583 890 ha-

865 905 950 934 bent.
966 903 1205 942 κατεπήγγελται
1217 904 1291 934 dedi
1306 914 1344 934 ex
1359 904 1482 944 ingenio
1499 914 1580 939 meo,

867 952 978 978 caetera
1001 958 1018 978 e
1041 948 1210 978 codicibus.
1235 945 1393 987 ἔργολαὲεῖν
1413 945 1510 977 {am-ev
1532 952 1582 977 est

867 996 1017 1031 quaestum
1041 997 1138 1021 semet
1159 992 1272 1027 facere,
1296 1001 1413 1021 merere
1436 1001 1491 1021 seu
1513 1001 1582 1021 cor-

866 1044 952 1074 pore,
968 1039 1002 1064 ut
1018 1034 1112 1073 bajuli
1128 1039 1159 1064 et
1179 1034 1368 1070 meretrices,
1384 1044 1439 1064 seu
1462 1034 1579 1073 lingua,

866 1083 901 1108 ut
924 1077 1050 1112 rabulae,
1077 1087 1131 1107 seu
1155 1078 1284 1114 calamo,
1311 1082 1347 1108 nt
1370 1077 1582 1108 Journalistae.

866 1118 1178 1159 κατεπαγγέλλεσθαι
1207 1119 1305 1151 ἑαυτόν
1329 1131 1382 1151 τινι
1412 1126 1460 1150 est
1489 1121 1581 1151 alicui

866 1174 991 1203 operam
1007 1174 1092 1194 suam
1107 1164 1264 1201 addicere,
1279 1164 1454 1199 condicere,
1465 1164 1579 1194 dedere

866 1212 956 1246 atque
967 1217 1149 1237 consecrare
1160 1212 1269 1238 semet.
1279 1208 1380 1237 ταῦτα
1386 1207 1468 1237 redit
1477 1207 1515 1237 ad
1525 1218 1579 1237 ne-

866 1251 985 1290 gotium
995 1251 1226 1290 Aristophontis
1237 1261 1307 1280 cum
1318 1251 1506 1290 Mycalione,
1519 1261 1580 1290 quo

866 1294 905 1324 de
921 1295 1045 1333 negotio
1059 1294 1149 1324 nobis
1163 1294 1256 1325 hodie
1271 1294 1315 1324 nil
1330 1298 1459 1324 constat.
1503 1295 1580 1324 Sen-

865 1337 960 1367 tentia
971 1337 1073 1377 itaque
1086 1338 1152 1368 haec
1168 1343 1237 1368 est:
1252 1337 1297 1367 Δι
1300 1337 1430 1376 istoplwn
1441 1337 1578 1377 linguam

864 1378 948 1410 suam
971 1381 1005 1410 in
1029 1386 1172 1420 quaestum
1191 1380 1331 1416 contulit,
1349 1386 1378 1410 et
1401 1379 1470 1411 huic
1488 1379 1578 1410 Zem-

863 1422 985 1452 themidi
999 1433 1053 1453 sese
1066 1423 1182 1453 addiscit
1196 1428 1283 1463 atque
1298 1423 1440 1453 vendidit.

907 1481 950 1488 —-
965 1467 1018 1496 19.
1034 1464 1065 1504 εξ
1080 1466 1185 1507 ἀρχῆς]
1201 1466 1273 1496 dedi
1289 1465 1323 1496 τὸ
1335 1465 1393 1505 ἒξ’
1377 1467 1478 1507 αρχῆς.
1507 1466 1579 1497 Foe-

861 1511 1031 1545 neratores,
1047 1508 1069 1539 oz
1086 1508 1242 1544 δανεισταὶ,
1253 1515 1323 1540 sunt
1336 1509 1474 1539 homines
1486 1510 1579 1550 Syra-

863 1551 983 1587 cusani,
999 1551 1052 1591 qui
1068 1552 1282 1583 Zenothemidi
1302 1563 1345 1583 aes
1365 1553 1503 1584 foenebre
1524 1554 1579 1583 de—

862 1594 981 1624 derant.

904 1654 948 1660 ——
963 1640 1015 1669 20.
1036 1636 1108 1668 ἀλλ’
1120 1636 1176 1668 οὐδ’
1188 1636 1294 1669 ἐλπίδα
1308 1638 1436 1681 εχοντες]
1453 1640 1575 1670 correxi

861 1680 935 1710 ἄλλο
948 1679 971 1711 δ’
987 1680 1072 1718 ουδὲν,
1091 1680 1236 1716 ἐλπίδας”
1223 1692 1347 1723 εχοντες.
1366 1683 1579 1719 foeneratores,

861 1734 932 1754 curn
948 1725 1099 1762 viderent,
1112 1736 1145 1756 se
1160 1725 1243 1755 aliud
1254 1725 1331 1755 nihil
1348 1726 1470 1762 habere,
1485 1737 1576 1766 quam

861 1767 975 1798 malum
999 1768 1182 1805 debitorem,
1204 1769 1325 1809 quicum
1344 1776 1476 1811 agerent,
1493 1768 1576 1811 freti

861 1820 920 1849 spe,
933 1810 1017 1850 fore,
1039 1817 1087 1850 ut,
1101 1813 1125 1842 si
1140 1822 1198 1847 vos,
1202 1813 1336 1852 judices,
1349 1815 1525 1852 pateremini
1540 1813 1577 1844 ab

862 1853 914 1885 hoc
921 1860 1079 1887 veteratore
1088 1865 1135 1886 20³
1145 1857 1363 1891 circumveniri,
1374 1867 1439 1888 suos
1448 1866 1579 1888 nummos

861 1907 876 1927 e
889 1899 996 1929 nostris
1007 1899 1085 1929 bonis
1099 1905 1317 1938 recuperarent,
1330 1917 1374 1923 ——-

905 1943 981 1972 886.
996 1945 1026 1974 3.
1038 1941 1102 1973 ὅθεν
1117 1960 1160 1965 --
1175 1943 1354 1983 καταπλεῖν]
1371 1943 1436 1972 haec
1451 1947 1501 1972 est
1515 1943 1577 1973 sor-

861 1984 1058 2025 mulajudicii
1069 1985 1502 2026 aCephalensibusjudicibus
1512 1986 1578 2017 lati.

904 2031 988 2061 —5.
1003 2028 1016 2058 o‘
1029 2028 1183 2071 ἦγοςαιιὼς]
1200 2029 1326 2066 Protus,
1341 2029 1380 2059 de
1397 2039 1457 2069 quo
1473 2029 1576 2060 statim

861 2071 964 2111 plura.

904 2133 947 2138 —
957 2116 1009 2145 14.
1026 2113 1073 2145 καὶ
1089 2113 1133 2145 σοὶ
1148 2115 1290 2149 πολλάκις
1302 2114 1439 2156 λέγοντα]
1453 2116 1576 2146 correxi

861 2159 974 2197 partim
989 2169 1029 2188 ex
1043 2157 1166 2198 ingenio
1180 2169 1248 2189 meo
1262 2158 1356 2189 καίτοι
1370 2160 1514 2193 πολλάκις
1528 2159 1576 2189 λὲ-

860 2212 972 2240 γοντας.
991 2212 1178 2242 quamquam,
1200 2213 1220 2232 a
1239 2202 1344 2243 quibus
1368 2201 1577 2243 Hegestratus,

861 2250 915 2274 aut
931 2250 965 2275 tu
976 2255 1031 2284 pro
1039 2255 1070 2275 eo
1078 2246 1236 2284 pecuniam
1251 2251 1386 2276 mutuam
1397 2256 1576 2287 corrogares‚

860 2297 932 2328 saepe
945 2289 1047 2319 auditi
1066 2289 1136 2325 sint,
1154 2299 1222 2319 cum
1237 2287 1434 2330 affirmarent,
1450 2290 1576 2330 quicun-

861 2341 914 2372 qne
929 2331 1104 2374 Hegestrato
1117 2332 1318 2369 credidissent,
1329 2342 1373 2363 eos
1385 2342 1480 2363 omnes
1494 2332 1530 2362 ab
1545 2343 1576 2363 eo

861 2381 1031 2406 emunctam
1051 2376 1103 2412 iri,
1121 2380 1150 2406 et
1171 2377 1312 2415 pecunias
1331 2386 1398 2406 suas
1416 2386 1472 2407 esse
1489 2377 1577 2407 amis-

860 2427 954 2449 suros.

904 2480 947 2485 —-
959 2463 1012 2493 15.
1026 2462 1062 2492 σὺ
1076 2459 1134 2503 οὖν]
1151 2465 1183 2492 tu
1197 2472 1284 2502 ergo,
1297 2472 1315 2493 o
1330 2462 1521 2493 Zenothemi.

903 2521 946 2528 -—
963 2507 1015 2536 16.
1030 2505 1097 2546 ἔφη]
1114 2505 1216 2545 inquit
1232 2507 1358 2536 Protus.

903 2566 946 2572 —
958 2551 1010 2581 24.
1027 2547 1151 2589 Βιβλίον]
1162 2548 1243 2579 Citat
1252 2551 1282 2580 h.
1291 2549 1314 2579 l.
1326 2549 1480 2589 Harpocr.
1492 2549 1575 2579 Μω-

860 2591 903 2621 ris
916 2592 1065 2622 Atticista
1079 2603 1109 2622 v,
1125 2590 1243 2622 CuCM'w.
1253 2603 1286 2631 p.
1296 2593 1349 2624 95.
1358 2592 1408 2623 ed.
1419 2593 1576 2629 Piersoni,

860 2645 951 2674 quern
970 2635 1013 2666 ibi
1038 2635 1121 2666 vide.
1146 2640 1217 2675 post
1238 2635 1348 2670 βιβλίον
1365 2636 1488 2667 videtur
1511 2636 1575 2678 ἔχον

860 2679 982 2709 deesse.

903 2739 946 2745 —
961 2723 1013 2753 26.
1029 2721 1077 2763 ἂν]
1098 2720 1200 2752 malim
1216 2719 1263 2752 αὖ.
1279 2722 1425 2762 opposita
1439 2721 1518 2751 enim
1535 2722 1575 2750 si-

861 2764 892 2795 bi
915 2769 985 2795 suut
1006 2763 1108 2800 πίστις
1126 2769 1158 2795 et
1179 2766 1221 2795 τὰ.
1243 2763 1358 2797 etcum.
1385 2764 1439 2805 qui
1462 2764 1574 2799 credit,

861 2808 1018 2839 cautiones
1035 2809 1088 2838 ille
1103 2809 1204 2838 nullas
1218 2809 1358 2848 requirit.

903 2869 945 2874 -—
961 2862 1034 2891 pen.
1055 2851 1140 2894 λέγῃ]
1167 2851 1239 2882 dedi
1260 2850 1348 2890 λέγοι.
1363 2851 1434 2892 quid
1449 2859 1519 2889 opus
1534 2856 1575 2880 est

860 2894 971 2926 multis.

905 2940 980 2970 887.
992 2941 1022 2968 1.
1039 2937 1136 2980 αὐτὸν]
1151 2948 1210 2968 non
1225 2935 1270 2967 τᾶν
1280 2937 1370 2970 σῖτον,
1387 2935 1440 2965 sed
1457 2933 1504 2964 τδν
1519 2942 1574 2967 Ζη-

861 2979 978 3021 νόθεμιν.
1003 2983 1170 3012 conabatur
1198 2981 1311 3011 Protus
1335 2977 1534 3010 Zenothemin
1558 2990 1575 3008 e

862 3025 946 3061 navi,
961 3025 993 3057 h.
1009 3035 1037 3056 e.
1052 3035 1069 3055 e
1084 3024 1277 3065 possessione
1299 3022 1454 3061 frumenti,
1468 3022 1576 3061 expel-
