1931 3323
335 190 420 233 394

334 297 523 335 pertinebat,
548 299 630 338 quod
657 304 721 330 tum
750 303 905 339 agebatur.
944 311 1048 331 verum

334 342 488 378 providere
499 347 546 371 est
561 342 743 383 λογίζεσθαι,
756 343 867 385 officere
877 343 1048 374 ἐπισκοτεῖν.

337 384 574 423 chrysostomus
593 385 729 428 [Ὁμιλία
745 387 791 426 ιγ’.
813 388 852 423 εἷς
873 386 988 428 Ἰωάνν]
1006 385 1048 416 οὕ-

336 438 380 455 τω
400 429 453 467 γὰρ
478 428 527 458 καὶ
551 431 606 459 τῶν
625 430 806 470 προκειμένων
827 432 895 470 ἡμῖν
910 430 996 467 λόγων
1012 431 1050 463 εἷς

335 469 406 499 αὐτὸ
422 470 455 499 τὸ
470 469 559 505 ζάθος
582 472 746 504 καταθεῖναι
768 474 919 504 δυνήσεσθε
938 476 978 502 τὰ
996 473 1050 503 νοή-

335 524 437 551 ματα,
453 514 485 544 ἂν
496 515 629 555 μηδεμία
645 516 768 557 πονηρίας
778 517 857 557 λήμη
871 518 929 551 τοῖς
941 514 1049 555 ὀφθαλ-

334 557 403 594 μοῖς
419 556 570 600 {wau-nov?
582 561 633 593 τῆς
647 560 771 596 διανοίας,
786 561 833 590 καὶ
850 559 883 589 τὸ
902 559 1050 600 διορατικόν

336 598 425 634 αὐτῆς
446 601 494 630 καὶ
520 600 566 640 ὀξὺ
581 603 778 645 συνταράσσῃ.
822 604 885 633 Hic
901 614 960 642 ego
978 613 1049 632 cen-

336 652 390 672 seo
412 643 576 683 legendum
588 647 729 676 καθεῖναι.
761 647 912 676 demittere
932 647 1050 684 potestis

334 686 548 727 intelligentias
563 690 595 719 in
607 689 769 730 profundos
785 699 890 719 sensus.
924 690 1003 718 Nam
1016 688 1049 718 τὸ

335 730 509 762 καταθεῖναι
527 734 566 762 τὰ
581 733 723 771 νοήματα,
739 733 821 771 quod
838 736 885 762 est
901 732 1050 770 deponere,

336 781 396 802 non
413 775 510 812 magis
525 776 680 810 convenit,
692 787 779 814 quam
792 773 955 815 κατοξύξαι,
971 773 1051 814 desb-

336 815 414 846 dere.
459 818 532 847 Hoc
548 818 620 847 boni
639 823 841 853 correctores,
855 828 983 857 quorum
1001 817 1050 847 hic

336 868 411 889 usus
429 865 476 889 est
491 871 584 899 opera
602 862 641 890 D.
655 861 811 891 Henrieus
828 861 973 896 savinus,
991 871 1050 890 non

334 902 488 932 viderunt.
528 904 569 933 Et
582 914 639 942 ego
657 904 682 933 si
700 903 891 939 addubitavi,
905 908 1051 942 possetne

335 944 513 979 αὐτοπαθῶς
532 947 633 984 accipi
652 946 685 976 τό
709 946 837 977 καθιέναι
859 951 986 985 propter
1005 947 1051 975 in-

335 988 495 1017 solentiam
517 989 676 1025 sermonis,
699 990 732 1020 id
756 990 895 1020 omnibus
917 989 948 1018 in
973 989 1051 1019 locis

335 1031 526 1069 exagitatum
550 1037 615 1062 est:
641 1032 668 1061 si
684 1033 765 1063 idem
783 1033 912 1063 καὲιεΐναι
927 1043 983 1071 pro
998 1043 1051 1061 κα-

335 1073 467 1104 ταθεῖναι
483 1085 543 1104 non
555 1076 651 1105 semel
667 1077 804 1115 reposui,
821 1076 903 1106 nulla
919 1086 1050 1105 comme-

334 1117 504 1147 moratione
529 1119 655 1158 dignum
685 1120 752 1149 fuit.
793 1119 885 1149 καίτοι
915 1118 946 1148 τί
971 1118 1052 1149 τοῦτ’

333 1158 445 1190 ἄπεστι
471 1162 523 1195 τῆς
547 1161 678 1202 ἐσχάτης
700 1162 858 1197 Βασκανίας
879 1162 928 1192 καὶ
950 1173 1051 1192 κακοη-

333 1202 433 1242 θὲἶας5
451 1204 513 1234 Sed
530 1205 568 1234 ad
587 1207 731 1237 loannem
747 1206 914 1245 regredior.
931 1216 947 1235 e
964 1207 1051 1244 cujus

333 1247 441 1277 verbis
457 1248 548 1277 aliam
569 1248 733 1288 imaginem
754 1250 865 1280 elicere
886 1258 1050 1288 possumus

334 1286 367 1318 ἔκ,
383 1291 434 1319 τοῦ
448 1292 590 1329 ἀνάλογον,
603 1291 669 1333 ἕπερ
686 1294 764 1333 λήμη
781 1293 823 1332 τῷ
838 1291 969 1332 ὄμματι,
987 1293 1050 1321 τοῦ-

332 1343 366 1360 το
380 1333 429 1362 καὶ
448 1336 559 1374 λῆμμα
574 1336 611 1376 τῇ
626 1336 736 1377 διανοίᾳ.
781 1338 954 1375 Utrumque
970 1335 1051 1365 enim

334 1375 430 1406 officit
446 1382 476 1407 et
495 1379 686 1418 praestringit
709 1380 805 1410 aciem
829 1380 986 1410 oculorum
1005 1383 1051 1408 at-

333 1429 393 1457 que
409 1420 512 1450 animi.
557 1423 646 1452 Unde
667 1423 764 1454 illud:
789 1428 810 1441 ‘¹
824 1425 896 1454 Nou
913 1423 1050 1462 accipies

334 1471 470 1500 munera,
489 1475 558 1503 quae
578 1465 671 1495 etiam
691 1471 850 1497 excaecant
871 1466 1052 1506 prudentes,

334 1509 366 1534 et
389 1508 573 1538 subvertunt
597 1511 689 1540 verba
713 1508 898 1550 justorum.''
931 1509 1051 1550 [Exodi

333 1547 418 1579 XX.
437 1550 502 1580 ΙΙΙ.
526 1550 573 1591 8.]
600 1552 692 1592 λήμη,
717 1554 874 1593 lippitudo,
896 1553 1002 1583 humor
1019 1554 1052 1582 in

334 1592 418 1622 oculo
434 1600 598 1625 concretus.
616 1596 725 1637 λημᾷν,
747 1598 862 1636 lippire.
884 1598 980 1636 λῆμα,
1001 1606 1052 1637 ge·

333 1645 434 1666 verosa
447 1637 569 1672 indoles,
590 1648 713 1676 praesens
728 1646 755 1670 et
768 1645 909 1679 proestans
924 1640 1052 1676 animus,

334 1680 528 1720 παράστημα
552 1682 603 1715 τῆς
631 1680 740 1723 ψυχῆς.
768 1684 892 1723 λῆμμα,
921 1682 1049 1718 lucrum,

335 1728 473 1760 qucrstus.

379 1782 422 1787 —
433 1766 510 1797 ibid.
525 1768 637 1810 οἴχεται
654 1769 743 1811 φέρον,
756 1770 804 1801 καὶ
819 1769 993 1801 ›caestum-e
1006 1769 1053 1801 τέν

335 1809 488 1851 λογισμὸν]
518 1812 681 1842 Praeterita
703 1825 760 1853 pro
780 1814 997 1852 praesentibus,
1018 1819 1053 1843 ut

335 1851 478 1887 Servius,
494 1854 532 1883 ad
550 1855 779 1894 significandam
795 1856 925 1886 actionis
942 1856 1051 1886 celeri-

335 1897 439 1925 tatem.
456 1895 591 1937 [Georg.
607 1899 654 1928 11.
672 1900 740 1940 80]

377 1973 421 1978 —
437 1960 458 1974 “
470 1958 540 1987 Nec
551 1959 677 1999 longum
689 1963 825 1999 tempus,
843 1964 875 1990 et
889 1960 998 2000 iugens

378 1999 470 2030 Exiit
481 2001 518 2030 ad
536 2002 648 2032 coelum
664 2003 757 2033 ramis
769 2004 912 2034 felicibus
928 2005 1030 2034 arbor.

334 2067 422 2106 quasi
440 2079 498 2098 non
517 2071 664 2109 gerenda,
682 2072 736 2101 sed
750 2073 814 2110 jam
831 2077 918 2111 gesta
933 2082 982 2102 res
1000 2071 1050 2101 sit.

335 2109 383 2150 [p.
400 2114 470 2142 114.
484 2113 533 2142 ed.
549 2113 607 2154 D.]
625 2119 645 2132 “
656 2115 794 2155 Terram,
809 2116 882 2145 mibi
898 2116 1002 2151 crede,
1016 2125 1051 2144 ea

331 2153 403 2183 lanx
429 2159 461 2184 et
482 2157 577 2186 maria
590 2158 775 2197 deprimet.”
791 2157 971 2190 καθελκύσει.
995 2158 1051 2198 [de

333 2196 445 2227 finibus
460 2199 542 2239 HL]
561 2201 717 2231 Videlicet
729 2201 778 2231 cui
797 2201 893 2232 virtus
906 2202 1051 2242 imposita

333 2241 521 2280 expenditur
535 2248 642 2274 contra
657 2245 736 2274 bona
752 2250 880 2274 externa
895 2250 927 2275 et
940 2256 1051 2285 corpo-

332 2282 389 2313 ris.
435 2284 568 2316 Videtur
592 2287 689 2317 fuisse
718 2288 894 2324 dicendum,
918 2298 978 2318 non
1000 2288 1050 2319 de-

328 2327 450 2364 primet,
463 2329 518 2358 sed
532 2330 658 2361 attollet.
682 2330 744 2360 Sed
753 2332 835 2370 quod
852 2331 978 2372 gravius
992 2337 1051 2367 est,

334 2380 389 2408 per
405 2381 438 2400 se
454 2378 642 2412 praegravat:
669 2375 750 2413 quod
767 2374 880 2410 levius,
896 2384 953 2413 per
966 2375 1050 2404 acei-

333 2412 412 2443 dens
435 2415 586 2446 elevatur.
632 2417 704 2447 Hoc
721 2417 818 2456 igitur
842 2418 909 2448 vult
933 2417 1050 2455 dicere,

332 2455 404 2494 plus
421 2457 503 2488 valet
523 2464 670 2498 quaestus,
684 2461 757 2500 plus
775 2461 867 2491 habet
891 2461 1049 2501 ponderis,

334 2508 424 2538 quam
440 2506 525 2531 recta
537 2503 626 2532 ratio.

378 2540 431 2581 [P.
447 2546 520 2575 115.
538 2546 586 2575 ed.
607 2546 666 2588 D.]
689 2564 732 2569 ·-
749 2549 780 2578 9.
804 2545 829 2577 ἓν
849 2546 906 2586 μὲν
921 2544 963 2578 οὖν
978 2546 1048 2585 ’ἐγω-

332 2595 365 2622 γε
380 2584 439 2625 —-]
464 2587 624 2619 Hactenus
645 2591 659 2620 ἡ
683 2592 919 2630 ωροκατασκευῆ,
937 2601 996 2629 qua
1014 2591 1048 2620 fi-

334 2628 404 2658 dem
432 2632 523 2668 atque
546 2632 758 2663 auctoritatem
784 2634 845 2663 sibi
871 2633 1049 2672 praestruxit

334 2675 448 2707 orator,
465 2672 652 2712 integritatis
669 2686 704 2705 ac
721 2677 890 2715 prudentiae
914 2677 1048 2707 nomine.

334 2713 381 2743 M.
396 2715 519 2747 Tullius
538 2716 642 2757 [Offic.
659 2719 704 2748 ΙΙ.
721 2730 747 2748 c.
765 2719 812 2760 9.]
842 2724 863 2737 “
880 2720 974 2750 Fides
995 2731 1048 2750 au-

333 2760 397 2787 tem
411 2762 446 2787 ut
460 2759 619 2797 habeatur,
639 2761 758 2791 duabus
775 2764 867 2792 rebus
885 2763 962 2794 effici
979 2768 1047 2803 pot-

332 2804 398 2837 est3
422 2801 450 2831 si
465 2804 709 2834 existimabimur
723 2806 829 2845 adepti
852 2808 1047 2845 conjunctam

333 2853 403 2873 cum
415 2845 540 2882 justitia
560 2847 765 2886 prudentiam.
811 2850 890 2879 Nam
913 2855 945 2879 et
960 2849 997 2879 iis
1014 2850 1047 2879 fi-

333 2886 404 2916 dem
421 2888 578 2925 habemus,
594 2901 671 2930 quos
687 2891 756 2930 plus
772 2890 943 2932 intelligere
957 2903 1047 2931 quam

333 2939 390 2958 nos
406 2932 599 2969 arbitramur,
613 2944 752 2973 quosque
766 2939 798 2964 et
809 2934 911 2964 futura
923 2935 1048 2974 prospi-

333 2981 406 3001 cere
429 2975 594 3013 credimus,
609 2982 641 3007 et
655 2987 723 3007 cum
738 2987 788 3007 res
803 2983 921 3017 agatur,
936 2978 968 3007 in
984 2979 1047 3008 dis-

332 3016 507 3059 crimenque
527 3024 654 3051 ventum
681 3020 732 3058 sit,
753 3021 902 3060 expedire
922 3031 998 3058 rem,
1016 3025 1047 3052 et

684 192 938 235 DOUNAEI
973 191 1450 235 PRAELECTIONES

1084 300 1246 330 consilium
1283 311 1323 330 ex
1361 305 1498 341 tempore
1541 310 1651 340 capere
1692 310 1796 340 posse.

1083 344 1174 373 Hanc
1196 343 1276 373 enim
1297 344 1402 374 utilem
1425 354 1529 374 omnes
1550 343 1728 374 existimant
1745 353 1796 373 ve-

1083 397 1209 425 ramque
1226 387 1428 426 prudentiam.
1456 387 1556 418 ,Iustis
1568 391 1668 417 autem
1681 390 1712 417 et
1726 386 1796 416 fidis

1083 430 1270 465 hominibus,
1291 431 1323 460 id
1350 435 1409 467 est,
1429 430 1505 460 viris
1529 431 1630 465 bonis,
1651 430 1695 460 ita
1720 429 1796 458 fides

1084 474 1222 508 babetur,
1240 478 1273 503 ut
1292 474 1376 503 nulla
1400 474 1440 503 sit
1458 473 1489 503 in
1512 473 1562 503 his
1577 473 1697 504 fraudis
1717 471 1797 510 inju-

1083 516 1178 546 riaeve
1202 517 1348 556 suspicio.
1394 518 1503 555 Itaque
1526 517 1573 546 his
1595 517 1725 546 salutem
1744 525 1798 544 no-

1085 564 1187 595 stram,
1205 560 1252 589 his
1267 562 1416 596 fortunas,
1431 559 1479 589 his
1494 560 1611 590 liberos
1623 558 1797 589 rectissime

1084 603 1235 632 committi
1263 602 1476 633 arbitramur.'’
1520 603 1621 632 Recte
1645 602 1740 642 igitur
1766 601 1798 630 in

1083 646 1314 684 praemunitione
1330 646 1565 682 commendavit,
1581 644 1713 685 primum
1729 654 1801 683 pru·

1085 689 1218 719 dentiam
1235 700 1331 725 suam,
1346 690 1427 729 quod
1444 690 1553 719 iterum
1570 699 1605 719 ac
1621 689 1713 718 tertio
1729 687 1799 727 plus

1085 733 1195 762 ceteris
1219 732 1383 770 intellexit,
1408 737 1439 763 et
1462 732 1574 763 melius
1600 733 1701 762 futura
1727 740 1799 770 pro-

1087 775 1205 813 spexit,
1221 776 1268 816 [ρ.
1282 778 1353 806 116.
1365 777 1415 806 ed.
1427 776 1483 817 D.]
1506 775 1626 805 tametsi
1642 775 1673 805 id
1693 774 1799 804 mode-

1087 818 1154 847 sti-'e
1179 828 1281 854 causa,
1303 829 1365 849 non
1384 823 1445 848 tam
1465 819 1588 858 ingenio
1605 829 1659 848 suo
1679 817 1801 853 tribuit,

1086 871 1176 899 quam
1187 861 1326 892 felicitati
1337 861 1459 891 cuidam
1467 862 1515 892 vel
1527 872 1590 891 suae
1599 862 1649 891 vel
1660 861 1778 900 reipub.
1789 871 1798 898 3

1086 903 1200 933 deinde
1231 904 1451 944 integritatem,
1477 904 1535 934 hoc
1563 909 1610 934 est
1634 904 1799 943 justitiam,

1086 947 1170 985 quod
1187 947 1304 978 sincere
1321 957 1443 987 semper
1459 947 1525 977 sine
1548 947 1611 977 ulla
1626 946 1802 985 corruptela

1087 995 1227 1019 versatus
1244 994 1292 1020 est
1308 991 1338 1020 in
1359 1001 1444 1031 rep„
1461 1001 1550 1030 quam
1568 1000 1689 1020 causam
1709 989 1801 1020 etiam

1085 1033 1182 1063 fuisse
1196 1033 1250 1070 ait,
1267 1045 1322 1064 cur
1332 1034 1544 1074 perspicacius
1558 1037 1710 1069 cerneret,
1726 1032 1801 1072 quid

1085 1076 1116 1105 in
1131 1087 1164 1106 re
1181 1087 1300 1116 quaque
1315 1088 1423 1108 verum
1440 1082 1533 1114 esset,
1547 1077 1618 1116 quia
1634 1077 1708 1106 nibil
1723 1080 1800 1112 erat,

1086 1120 1169 1158 quod
1191 1120 1289 1150 aciem
1303 1121 1415 1151 mentis
1431 1131 1513 1151 caeca
1535 1120 1703 1159 cupiditate
1723 1129 1801 1159 prae-

1086 1162 1261 1202 stringeret.
1278 1165 1379 1203 Atque
1390 1165 1481 1194 etiam
1492 1164 1551 1194 alia
1563 1165 1601 1193 de
1613 1173 1706 1193 causa
1717 1173 1802 1193 suam

1084 1206 1287 1237 innocentiam
1303 1208 1434 1246 probare
1445 1207 1614 1243 contendit,
1627 1207 1709 1246 quod
1722 1217 1801 1236 sem-

1085 1260 1142 1288 per
1158 1250 1266 1280 solitus
1277 1254 1380 1280 contra
1395 1251 1571 1290 Philippum
1586 1250 1701 1286 dicere,
1719 1259 1799 1278 nunc

1085 1302 1141 1330 pro
1157 1293 1301 1334 Philippo
1318 1293 1457 1324 dicturus
1476 1304 1516 1324 ex
1537 1293 1640 1324 subita
1655 1293 1800 1323 mutatio-

1085 1345 1123 1365 ne
1138 1342 1301 1376 suspectus
1317 1347 1387 1367 esse
1402 1338 1514 1376 potuit.

1128 1397 1172 1402 —
1186 1380 1263 1410 ibid.
1278 1379 1302 1410 ’ἐν
1319 1378 1375 1419 μὲν
1389 1378 1431 1410 οὖν
1446 1379 1534 1420 ἔγωγε
1548 1381 1653 1420 πρῶτον
1666 1379 1802 1421 ὑπάρχειν

1085 1422 1163 1462 φημὶ
1187 1423 1254 1465 δεῖν]
1282 1421 1421 1464 πρότασις
1442 1425 1508 1455 sive
1529 1423 1677 1458 ὑπόθεσις,
1696 1422 1744 1453 καὶ
1768 1422 1802 1452 τὸ

1084 1465 1232 1506 κρινόμενον
1241 1466 1338 1497 mtius
1348 1466 1588 1497 deliberationis.
1601 1472 1631 1496 et
1641 1467 1700 1495 hoc
1713 1465 1803 1504 quasi

1084 1510 1315 1540 fundamentum
1332 1510 1510 1546 substernit,
1527 1520 1587 1549 quo
1609 1519 1703 1549 super
1718 1513 1802 1539 oete-

1085 1563 1119 1582 ra
1127 1558 1282 1590 exstruat,
1291 1564 1401 1593 pacem
1418 1555 1506 1590 lianc,
1518 1552 1740 1593 qualiscunque
1751 1552 1802 1588 sit,

1086 1596 1170 1626 omni
1190 1597 1306 1628 ratione
1329 1597 1520 1628 retinendam
1543 1606 1624 1633 esse,
1642 1605 1700 1625 nec
1719 1606 1803 1626 com-

1085 1639 1278 1676 mittendum,
1302 1644 1336 1671 ut
1358 1641 1500 1681 ipsorum
1520 1639 1612 1680 culpa
1634 1638 1747 1670 violata
1769 1643 1801 1669 et

1085 1683 1215 1723 abrupta
1230 1683 1382 1715 videatur.

1129 1744 1173 1750 --
1188 1729 1240 1757 10.
1266 1727 1324 1758 εἶ’τε
1342 1726 1501 1767 συντάξεις,
1524 1727 1581 1758 εἴτε
1599 1726 1800 1769 συμμάχους]

1087 1769 1256 1810 Ulpianus:
1272 1771 1432 1810 συντάξεις,
1449 1771 1553 1812 φόρους,
1570 1769 1652 1800 τέλη.
1677 1770 1802 1809 Thucy-

1086 1814 1176 1843 dides
1199 1813 1268 1853 [lib.
1289 1815 1314 1843 1.
1340 1825 1371 1844 c.
1390 1813 1460 1854 96]
1485 1811 1701 1854 παραλαβόντες
1723 1812 1752 1842 δὲ
1779 1813 1801 1843 οἳ

1086 1854 1230 1887 Ἀθηναῖοι
1256 1858 1304 1888 τῆν
1333 1856 1478 1896 ἦγεμονίαν
1507 1856 1600 1895 τούτῳ
1626 1855 1669 1895 τῷ
1698 1855 1803 1896 τρόπῳ,

1086 1898 1200 1929 ἑκόντων
1215 1902 1271 1930 τῶν
1282 1901 1456 1940 συμμάχων
1468 1900 1514 1930 δια
1529 1898 1563 1929 τὸ
1576 1897 1734 1928 Παυσανίου
1748 1900 1803 1938 μῖ-

1086 1953 1146 1978 σος,
1161 1942 1268 1982 ἔταξαν
1282 1942 1317 1978 ἃς
1337 1954 1370 1973 τε
1389 1943 1442 1974 ἔδει
1466 1941 1601 1984 παρέχειν
1619 1943 1675 1971 τῶν
1697 1941 1803 1972 πόλεων

1085 1985 1232 2026 χρήματα
1255 1984 1320 2026 πρὸς
1342 1984 1388 2017 τᾶν
1413 1984 1557 2027 Βάςέαρον,
1582 1985 1631 2015 καὶ
1654 1985 1700 2020 ἃς,
1727 1986 1802 2019 ναῦς.

1086 2027 1259 2070 πρόσχημα
1281 2031 1335 2070 γᾶς
1360 2027 1390 2060 ’ἦν
1417 2028 1595 2069 ἀμύνεσθαι,
1619 2025 1656 2059 οἷν
1682 2027 1802 2065 ἔπαθον,

1086 2071 1216 2113 δῃοῦντας
1229 2074 1278 2103 τῆν
1292 2071 1438 2107 Βασιλέως
1453 2073 1557 2114 χώραν.
1580 2071 1629 2102 καὶ
1646 2071 1800 2102 ἑλληνοτα-

1084 2113 1153 2153 μίαι
1174 2116 1242 2146 τότε
1266 2118 1373 2157 πρῶτον
1387 2115 1544 2150 Ἀθηναίοις
1562 2113 1693 2145 κατέστη
1714 2115 1803 2156 dexia,

1086 2157 1113 2187 οἳ
1133 2157 1263 2201 ἐδέχοντο
1289 2158 1336 2189 τὸν
1358 2158 1444 2200 φόρον.
1475 2157 1547 2189 οὕτω
1567 2160 1621 2199 γᾶς
1643 2158 1800 2197 ὠνομάσθη

1084 2203 1139 2231 τῶν
1152 2203 1316 2243 χρημάτων
1332 2203 1346 2233 ἦ
1365 2203 1444 2243 φορά.
1467 2199 1497 2232 ἦν
1511 2200 1539 2231 δὲ
1560 2202 1572 2231 ὁ
1593 2203 1704 2241 πρῶτος
1725 2199 1802 2242 φόρος

1083 2245 1225 2287 ταχθεὶς,
1241 2243 1414 2286 τετρακόσια
1427 2245 1561 2275 τάλαντα
1583 2244 1631 2273 καὶ
1653 2243 1800 2283 ἑξήκοντα,

1083 2288 1216 2328 ταμιεῖόν
1230 2299 1266 2319 τε
1274 2291 1365 2322 Δῆλος
1379 2286 1409 2319 ’ἦν
1423 2288 1528 2324 αὐτοῖς,
1541 2287 1588 2317 καὶ
1601 2287 1630 2317 αἱ
1644 2286 1746 2317 σύνοδοι
1762 2286 1801 2321 εἰς

1083 2330 1117 2360 τὸ
1127 2330 1190 2371 ῑεςόν
1202 2330 1348 2369 ἐγίγνοντο.
1358 2332 1500 2371 ταμιεῖον,
1512 2331 1665 2367 cerarium,
1677 2327 1800 2369 ταμίας,

1083 2380 1214 2413 quaestor.
1230 2373 1394 2417 πρόσχημα
1410 2375 1514 2405 Schol.
1530 2372 1685 2414 πρόφασις,
1701 2378 1734 2403 ut
1749 2384 1802 2403 su-

1082 2427 1138 2456 pra
1154 2418 1327 2448 docuimus.
1371 2417 1439 2448 Jam
1453 2417 1555 2453 vides,
1565 2416 1631 2447 haec
1647 2416 1800 2447 vocabula

1082 2459 1216 2499 σύνταξιν
1229 2460 1278 2490 καὶ
1295 2460 1371 2501 φόρον
1385 2471 1455 2492 esse
1471 2460 1581 2497 affinia,
1593 2459 1641 2500 [p.
1658 2461 1732 2490 11¹7.
1747 2460 1799 2490 ed.

1083 2503 1141 2543 D.]
1158 2505 1200 2534 ait
1214 2504 1307 2540 enim,
1322 2502 1351 2535 ’ἦν
1365 2502 1395 2534 δὲ
1411 2505 1423 2534 ὃ
1438 2506 1549 2544 πρῶτος
1563 2502 1641 2544 φόρος
1662 2501 1800 2544 ταχθείς.

1081 2546 1191 2586 Neque
1218 2548 1314 2578 solum
1334 2547 1535 2577 constitutum
1559 2550 1636 2581 erat,
1659 2550 1800 2585 quantam

1083 2590 1195 2630 quique
1224 2591 1386 2630 pecuniam
1417 2590 1600 2630 penderent,
1626 2589 1682 2618 sed
1706 2588 1800 2618 etiam

1083 2639 1157 2672 quot
1174 2644 1267 2664 naves
1282 2639 1335 2664 aut
1350 2634 1463 2664 milites
1475 2633 1670 2663 exhiberent.
1693 2629 1800 2670 ἐ’ταξαν

1083 2676 1117 2710 ἃς
1129 2687 1162 2706 τε
1178 2676 1228 2707 ἔδει
1243 2676 1379 2720 παρέχειν
1387 2679 1442 2707 τῶν
1457 2675 1565 2707 πόλεων
1578 2674 1736 2717 χρήματα,
1749 2673 1798 2703 καὶ

1083 2719 1129 2756 ἃς,
1154 2721 1230 2754 ναῦς.
1252 2721 1324 2751 hinc
1348 2730 1404 2751 nos
1429 2719 1586 2759 negotium
1607 2717 1666 2747 hoc
1690 2717 1799 2756 opinor

1082 2764 1258 2794 taxationem
1283 2773 1441 2794 vocamus.
1485 2759 1650 2792 AEscbines
1677 2758 1800 2799 [contra

1082 2806 1330 2846 Ctesiphontem,
1359 2817 1391 2846 p.
1421 2806 1495 2837 486.
1525 2809 1547 2834 t.
1573 2803 1639 2833 III.
1670 2801 1798 2844 Reisk.]
1847 2802 1850 2805 “

1082 2848 1153 2880 sime
1175 2852 1242 2891 γὰρ,
1265 2850 1300 2885 ὡς
1323 2849 1381 2880 ἥκοι
1401 2848 1434 2879 ἐκ,
1455 2846 1660 2878 Πελοποννήσου
1684 2846 1798 2883 νεωστὶ,

1082 2892 1241 2933 σύνταγμα
1271 2891 1417 2932 συντάξας
1447 2890 1486 2925 εἷς
1519 2888 1619 2920 ἑκατὸν
1645 2889 1799 2921 ταλάντων

1082 2935 1209 2975 πρόσοδον
1224 2935 1273 2967 ἐπὶ
1294 2935 1446 2970 Φίλιππον,
1469 2933 1517 2963 καὶ
1540 2930 1719 2972 διελογίζετο,
1737 2930 1798 2963 δ’σον

1081 2977 1222 3013 ἑκάστους
1241 2978 1292 3009 ἔδει
1313 2978 1464 3008 συντελεῖν.
1480 2977 1562 3006 idem
1580 2976 1639 3016 [ib.
1655 2986 1686 3014 p.
1704 2974 1796 3014 484.]

1081 3020 1150 3056 ὥςτε
1173 3024 1217 3063 μὴ
1245 3021 1335 3052 τελεῖν
1359 3023 1414 3055 τὰς
1439 3018 1596 3059 συντάξεις.
1642 3019 1795 3049 Isocrates
