1964 3323
355 197 432 238 152
732 195 768 238 Ι.
797 195 830 236 Ι.
859 193 1084 237 REISKE
1115 193 1445 237 ANNOTATA

345 301 439 336 modi,
454 300 492 330 ad
515 310 548 330 se
568 300 704 338 adducti,
719 312 839 332 causam
853 302 892 332 ad
908 301 1058 332 Heliaeam

345 345 508 378 adducant,
525 344 555 374 in
569 355 634 374 eam
649 344 787 375 inserant.

388 405 432 410 —
455 390 505 417 ⁶24.
529 385 567 417 ἇῗν
588 386 718 429 ἕκαστοι]
745 389 812 418 scil.
836 388 913 417 δικῶν
936 389 1058 425 φονικῶν.

343 435 435 468 prout
449 440 539 459 causa
551 441 675 470 quaeque
700 431 856 461 homicidii
876 431 911 458 ad
935 430 992 458 hoc
1009 430 1054 459 vel

345 473 422 502 illud
447 473 574 503 tribunal
600 475 738 513 pertinet.
765 484 830 503 nam
854 473 929 502 alias
955 473 1055 502 caedes

346 517 398 545 alii
421 516 616 555 judicabant;
641 517 824 547 voluntarias
840 521 871 546 et
893 515 1056 545 insidiosas

345 559 581 595 Thesmothetae,
612 560 830 589 involuntarias
859 563 891 589 et
917 560 1056 588 fortuitas

347 603 485 642 pretae.
504 614 533 632 v.
549 614 579 641 p.
597 605 672 632 63²3.
685 605 715 632 3.

388 663 430 668 —
446 645 520 674 ibid.
542 646 583 685 τῷ
608 643 778 684 Εὀυλομὲνῳ]
797 645 862 673 scil.
888 646 936 675 τὴν
957 643 1057 674 ἑαυτοῦ

341 687 416 718 δίκην
430 690 534 727 φονικὴν
550 687 597 718 ὑπ’
610 689 700 718 αὐτῶν
712 688 749 721 εἰς
761 689 808 718 τὴν
817 687 945 717 Ἡλιαίαν
961 686 1057 728 εἰσφέ-

344 730 454 771 pse-9021.

388 776 461 805 630.
488 774 536 804 15.
564 773 624 815 τᾶν]
656 773 777 802 videtur
809 773 864 802 hoc
894 784 963 802 esse
988 774 1058 802 reli-

345 828 436 856 quum
461 828 477 846 e
502 817 621 846 nomine
652 816 784 846 bominis
815 816 952 855 proprio,
977 817 1059 855 quod

344 860 446 900 periit,
475 859 670 899 Νικόστρατον,
699 865 750 888 aut
777 858 977 900 Φιλόστρατον,
1008 864 1059 888 aut

344 904 404 934 tale
421 903 596 942 quodpiam.

386 964 430 969 ·—
444 948 494 976 16.
506 944 563 974 ὑπ’
572 943 671 974 ἐκείνων
685 942 888 985 ἀπαχθέντα]
900 955 916 973 a
927 944 1060 973 thesmo-

345 990 437 1019 thetis
452 1001 467 1018 c
482 988 625 1017 concione
641 988 817 1022 abductum,
833 998 892 1026 quo
909 988 1062 1017 traderent

345 1032 484 1061 undecim
503 1031 587 1060 viris.
605 1030 655 1060 alii
669 1031 783 1060 malunt
796 1029 841 1061 ἐπ’
855 1029 975 1065 ἐκείνους.
998 1031 1060 1060 Sed

346 1074 466 1105 videtur
483 1074 568 1103 locus
584 1075 661 1103 bene
678 1074 797 1103 babere.

387 1135 429 1140 —
442 1119 493 1147 525.
507 1117 638 1156 γνώξιμον
658 1114 707 1146 οἶδ’
726 1115 770 1146 ἔτι
786 1118 872 1152 πᾶσι,
888 1118 930 1156 μὴ
947 1127 1061 1155 μαστι-

346 1161 424 1201 γοῦν]
449 1159 641 1190 manifestum
672 1166 719 1189 est
744 1160 850 1189 vitium
876 1160 966 1198 hujus
991 1160 1061 1190 loci.

347 1208 399 1232 aut
416 1204 493 1233 enim
515 1201 588 1240 λέγει
607 1204 636 1232 in
654 1203 710 1232 fine
726 1203 881 1232 seutentiae
897 1208 943 1232 est
956 1203 1060 1233 delen-

345 1247 431 1281 dum,
456 1250 507 1276 aut
530 1245 572 1276 δ’τι
599 1250 670 1285 post
695 1247 784 1275 πᾶσιν
807 1250 852 1275 est
882 1246 1062 1283 iterandum,

346 1291 428 1329 quod
444 1290 532 1319 valde
547 1290 654 1318 durum
672 1294 729 1324 est,
756 1294 787 1318 et
809 1299 898 1318 aures
923 1289 1060 1325 offendit,

346 1338 398 1362 aut
413 1333 557 1372 denique,
573 1333 652 1370 quod
674 1333 814 1370 equidem
832 1333 999 1370 praeferam,
1016 1333 1062 1362 sic

1092 300 1187 331 dubia
1203 302 1357 340 vulgatam
1373 303 1442 333 loco
1459 312 1514 332 suo
1526 300 1704 342 relinquere.
1715 302 1808 333 nullae

1093 348 1163 373 sunt
1183 344 1303 374 dicendi
1327 346 1460 376 rationes
1483 344 1595 376 Atticis
1621 345 1764 385 propriae,
1789 355 1808 375 a

1092 397 1177 416 more
1205 387 1348 426 loquendi
1376 389 1493 423 vulgari
1524 389 1631 418 mirum
1662 393 1807 427 quantum

1092 430 1289 459 dissidentes.
1338 432 1438 461 Possit
1459 442 1579 470 quoque
1604 430 1651 461 διω
1670 442 1760 471 gnava,
1774 431 1807 460 in

1092 473 1241 502 infinitivo
1272 474 1412 512 perfecti,
1442 475 1526 514 legi3
1555 485 1624 514 quae
1653 479 1701 504 est
1730 473 1808 504 r'atio

1092 516 1211 546 usitata.

1133 577 1177 581 —
1194 563 1243 589 11.
1256 559 1309 589 οὐδ’
1321 558 1346 589 ἐν
1363 559 1399 599 τῇ
1414 558 1564 599 ἡμεδαπῇ]
1581 560 1662 598 atqui
1676 560 1761 598 leges
1775 558 1808 588 id

1094 602 1157 631 fleri
1175 603 1399 640 permittebant.
1420 613 1448 632 v.
1464 613 1495 641 p.
1511 603 1584 633 635.
1604 606 1631 632 1.
1647 614 1715 633 num
1733 612 1808 640 ergo

1093 645 1151 682 leg.
1168 644 1256 675 οὐδ’ἐν
1270 645 1308 686 τῇ
1321 646 1480 686 ἀλλοδαπῇ.
1496 654 1529 674 ηε
1542 646 1569 674 in
1582 645 1678 676 aliena
1694 646 1808 685 quidem

1092 689 1212 724 ditione,
1233 690 1281 718 ubi
1295 694 1393 719 tamen
1406 689 1526 727 legibus
1539 688 1651 718 nostris
1665 689 1748 718 nulla
1761 691 1809 718 est

1093 734 1264 761 auctoritas.

1136 793 1175 797 —
1195 777 1244 805 15.
1259 773 1374 814 κακοῦν]
1393 775 1515 804 videtur
1537 779 1589 804 aut
1611 775 1745 805 varietas
1764 774 1809 804 le-

1093 818 1203 847 ctionis
1224 828 1279 857 pro
1301 816 1506 856 λυμαίνεσθαι,
1528 823 1580 848 aut
1601 818 1703 857 potius
1719 817 1810 847 scho-

1094 860 1167 889 lium
1198 871 1265 890 esse
1294 861 1430 898 ejusdem
1458 861 1556 891 verbi.
1584 861 1644 891 nisi
1669 860 1809 891 volumus

1093 904 1192 931 κακοῦν
1211 903 1250 932 de
1265 903 1468 933 maceratione
1484 904 1623 943 corporis
1638 904 1670 934 in
1686 913 1809 934 carcere

1096 945 1239 975 diuturno
1255 946 1406 984 accipere.

1137 1005 1180 1010 —-
1196 990 1247 1018 17.
1269 987 1282 1019 ἢ
1299 987 1409 1027 τοῦτον]
1433 989 1532 1018 malim
1553 987 1567 1019 ἢ
1586 989 1622 1018 σὺ
1643 989 1740 1019 τοῦτον
1763 987 1810 1018 τόν

1095 1030 1212 1071 τρόπον,
1229 1032 1298 1061 scil.
1313 1030 1472 1072 ἦλέγχὲης.
1495 1042 1583 1071 quam
1608 1037 1643 1061 tu
1663 1032 1812 1062 convictus

1094 1084 1122 1103 es
1135 1074 1186 1103 hnc
1198 1075 1289 1104 modo.
1308 1076 1347 1103 ob
1361 1085 1489 1114 sequens
1504 1073 1531 1108 ὃς
1546 1093 1588 1098 -
1602 1073 1717 1109 ἔλαβες.
1737 1082 1741 1085 “

1137 1135 1180 1140 -
1202 1121 1254 1148 21.
1277 1117 1464 1158 wgocnyogs'qr]
1492 1117 1523 1147 in
1553 1128 1588 1147 ea
1617 1122 1704 1156 parte
1729 1116 1809 1156 legis

1096 1163 1167 1194 tuae,
1183 1171 1241 1200 qua
1256 1160 1341 1190 illum
1357 1161 1494 1199 appellas
1510 1166 1541 1191 et
1555 1161 1675 1197 definis,
1687 1171 1777 1200 quem
1792 1170 1810 1190 a

1095 1207 1146 1232 tua
1162 1203 1231 1243 lege
1247 1203 1346 1243 puniri
1365 1205 1422 1234 vis.

1136 1264 1180 1268 ——
1195 1257 1263 1285 pen.
1286 1246 1300 1278 ἢ
1321 1246 1410 1280 αἴτιος
1433 1243 1452 1287 ᾖ
1468 1245 1561 1286 φόνου]
1578 1247 1609 1276 id
1625 1251 1684 1281 est,
1695 1248 1745 1276 τοῦ
1760 1254 1810 1284 φο-

1094 1288 1223 1319 νεύεσθαι
1238 1290 1329 1320 αὐτόν.
1352 1291 1375 1319 si
1398 1290 1460 1330 quis
1482 1289 1654 1319 homicidam
1677 1295 1731 1320 aut
1752 1291 1812 1328 ipse

1094 1342 1185 1362 mann
1200 1343 1252 1362 sua
1268 1334 1430 1371 peremerit,
1445 1337 1498 1362 aut
1511 1334 1572 1372 ejus
1585 1333 1746 1371 perimendi
1757 1333 1811 1362 alii

346 1376 407 1415 leg.
425 1376 555 1416 γνώριμον
570 1375 652 1414 οἶμαι
668 1377 762 1405 «πᾶσιν
776 1374 818 1404 δ’τι
837 1376 879 1413 μὴ
901 1376 1063 1414 μαστιγοῦν
1085 1374 1188 1415 fuerit
1201 1382 1314 1411 auctor,
1328 1378 1376 1416 qui
1390 1375 1533 1405 homicida
1546 1385 1573 1405 se
1587 1375 1812 1405 abstinuerit—

346 1417 485 1456 -λὲγει,
499 1419 571 1448 dedi
583 1419 622 1447 de
637 1428 704 1448 meo
717 1429 722 1447 :
743 1418 873 1459 γνώριμον
889 1418 951 1448 οῖδα
967 1420 1064 1448 «πᾶσιν

347 1461 496 1503 (subaudi
511 1460 594 1500 εἶναι)
606 1460 650 1490 δ’τι
665 1461 719 1501 μή.

390 1521 432 1527 --
448 1515 517 1544 pen.
533 1506 573 1534 τὰ
586 1507 638 1544 γὲς
645 1504 752 1534 ἄποινα
762 1504 907 1544 χςῆματα
925 1502 1063 1544 ὠνόμαζον

347 1548 369 1578 οῖ
393 1548 532 1587 παλαιοὶ]
565 1549 625 1577 imo
650 1558 723 1577 vero
752 1548 876 1576 inverso
900 1548 1060 1577 verborum

346 1591 470 1621 ordine:
495 1594 534 1622 τὰ
548 1593 603 1631 γὰρ
617 1590 762 1632 χρήματα
778 1590 878 1620 ἄποινα
893 1590 1029 1631 ὠνόμαζον
1041 1592 1062 1621 οἱ

348 1633 475 1665 παλαιοί.
491 1641 610 1665 veteres
627 1635 717 1668 enim,
732 1644 799 1672 quae
816 1644 869 1663 nos
887 1634 978 1663 hodie
992 1634 1060 1675 χξή·

347 1689 437 1717 ματα
449 1688 640 1717 usurpamuS,
651 1676 751 1706 ἄποινα
768 1678 964 1715 usurpabant.
1010 1677 1062 1707 Sic

349 1721 462 1750 dudum
478 1726 546 1750 ante
560 1731 575 1749 e
585 1721 763 1758 ,conjectura
777 1730 843 1757 mea
857 1730 1062 1755 correxeram,

348 1774 438 1803 quam
453 1776 469 1793 e
488 1763 618 1802 Tayloro
642 1763 842 1802 intelligerem
866 1764 946 1802 apud
961 1765 1062 1793 Theo-

347 1817 416 1837 nem
434 1807 478 1836 sic
490 1812 623 1837 exstare.

393 1852 465 1881 631.
484 1854 513 1880 1.
527 1850 658 1890 διώρισεν]
675 1849 734 1879 imo
750 1860 824 1880 vcro
841 1848 968 1890 διεξίω-ας.
986 1850 1060 1879 alias

348 1893 538 1923 constructio
555 1893 614 1922 sibi
630 1904 688 1923 non
713 1898 840 1923 constat.
856 1904 923 1922 nam
939 1893 986 1922 καὶ
1008 1904 1061 1932 po-

348 1936 461 1966 sterius
477 1947 506 1966 v.
522 1938 553 1966 3.
568 1947 625 1965 non
641 1947 698 1975 per
715 1941 754 1971 et,
772 1937 825 1966 sed
843 1947 897 1975 ροι-
911 1938 998 1966 etiam
1015 1941 1061 1966 est

346 1980 546 2010 reddendum.
563 1980 606 2009 lex
624 1981 698 2008 enim
714 1989 780 2008 cnm
795 1981 834 2009 sic
849 1978 980 2019 ‹Iffim'ass
994 1990 1060 2019 qno-

346 2023 429 2053 modo
443 2023 610 2062 puniendus
623 2024 660 2052 sit
672 2023 683 2051 ὅ
696 2021 858 2063 ἀνδροφόνος,
874 2023 904 2052 id
923 2026 981 2058 est,
997 2032 1062 2052 reus

345 2067 493 2096 convictus
506 2066 616 2096 sceleris
629 2067 765 2096 commissi
786 2070 873 2105 utque
887 2066 1061 2096 condemna-

349 2114 407 2144 tus,
423 2114 451 2139 et
465 2109 515 2139 ubi
530 2110 566 2138 sit
582 2109 757 2147 puniendus,
782 2118 823 2143 eo,
846 2109 921 2148 qnod
932 2110 1062 2147 patriam

343 2153 464 2191 peremti
473 2152 628 2190 appellavit
638 2163 646 2181 .·
657 2152 746 2181 simul
756 2162 867 2192 quoque
875 2153 988 2182 disertis
997 2162 1062 2182 ver-

347 2194 388 2224 bis
401 2195 607 2234 pronunciavit
623 2205 706 2224 reum
720 2195 808 2224 talem
824 2195 960 2230 nonalia,
974 2205 1062 2234 quam

345 2238 399 2268 isto
413 2249 432 2266 a
443 2248 470 2268 se
483 2240 660 2277 praescripto,
673 2238 766 2274 modo,
781 2247 870 2278 neque
879 2238 961 2273 alibi,
976 2248 1062 2277 quam

347 2280 398 2317 ibi,
413 2290 468 2311 esse
479 2282 672 2320 puniendum.
696 2286 805 2311 caetera
827 2291 919 2310 sanus
941 2280 1062 2310 videtur

349 2324 398 2353 hic
413 2324 511 2358 locus,
529 2324 585 2353 nisi
609 2324 690 2363 quod
706 2322 762 2359 τὸν,
779 2324 859 2363 quod
876 2324 964 2353 abest
979 2334 997 2353 a
1011 2334 1062 2354 co-

346 2367 416 2396 dice
430 2367 514 2407 regio
529 2380 561 2404 α,
574 2367 664 2396 facile
681 2378 828 2406 passurus
841 2367 896 2396 sim
909 2367 1018 2397 omitti.

391 2427 432 2432 —
446 2412 477 2440 Ξ.
499 2413 547 2441 τὴν
561 2411 611 2440 τοῦ
623 2409 810 2450 πεπονθότος]
837 2410 908 2440 dedi
932 2410 971 2439 de
994 2419 1062 2439 meo

350 2452 394 2482 sic
408 2463 414 2481 :
442 2455 490 2483 τὴν
518 2456 573 2494 γὰρ
600 2455 650 2482 τοῦ
673 2453 856 2488 πεπονθότος.
901 2453 948 2482 Eo
972 2453 1063 2488 enim,

349 2495 428 2534 quod
447 2497 575 2535 patriam
600 2497 712 2534 injuria
738 2497 814 2532 laesi,
837 2497 982 2535 praefatus
1004 2501 1063 2532 est,

347 2538 463 2568 diserte
487 2549 607 2578 quoque
630 2539 856 2578 pronunciavit,
881 2549 979 2578 neque
1003 2539 1063 2568 alio

347 2582 450 2617 modo,
469 2592 557 2620 quam
582 2583 651 2617 hoc,
674 2593 772 2621 neque
797 2582 882 2617 alibi,
897 2593 986 2621 quam
1003 2582 1062 2618 hic,

344 2624 479 2666 (scilicet
493 2625 678 2663 puniendum
695 2636 762 2654 esse
780 2626 985 2664 violatorem.)

388 2684 431 2689 —-
447 2670 476 2698 3.
493 2668 553 2707 mg)
570 2669 635 2708 τοῦ]
652 2674 722 2707 post
731 2668 856 2708 ωεςῖτοῧ
874 2669 995 2699 videtur
1009 2669 1064 2698 de-

346 2709 473 2740 siderari
489 2709 600 2749 τξόπου.

388 2771 432 2776 ——-
443 2754 474 2783 5.
494 2753 549 2793 δεῖ]
565 2755 603 2783 de
620 2753 737 2784 ratione
751 2754 896 2784 dictionis
911 2755 1020 2785 πολλοῦ
1032 2764 1064 2792 γε

342 2795 391 2826 καὶ
409 2796 451 2826 δεῖ
462 2796 590 2836 διώρισεν,
613 2798 699 2836 cujus
719 2798 794 2826 lianc
816 2797 878 2826 vim
902 2808 971 2827 esse
994 2808 1064 2827 con-

345 2843 416 2875 stat,
432 2840 560 2869 multum
576 2841 675 2874 abest,
700 2845 732 2869 ut
752 2840 905 2870 definierit
922 2841 1064 2876 Woltius,

346 2882 421 2912 mihi
438 2883 512 2912 satis
529 2883 660 2912 noudum
684 2883 791 2921 liquet,
813 2884 928 2912 benene
944 2883 1063 2918 habeat,

346 2935 383 2955 an
400 2936 499 2955 secus.
517 2927 597 2964 qnod
622 2925 648 2955 si
673 2926 746 2964 quid
770 2925 985 2965 corrigendum
1011 2926 1063 2961 sit,

346 2967 447 2998 malim
465 2969 495 2998 Ιι.
506 2968 525 2998 Ι.
541 2969 724 2998 infinitivum
739 2969 802 2999 δεῖν.
818 2976 850 2999 ut
865 2968 905 2998 sit
919 2969 1001 2998 idem
1018 2974 1062 2998 at-

344 3021 403 3050 que
419 3012 496 3042 ὥστε
510 3014 626 3042 ωολλοῦ
649 3013 711 3043 δεῖν.
732 3012 785 3042 sed
803 3012 901 3042 tutius
919 3016 966 3042 est
982 3012 1012 3042 in
1029 3023 1062 3042 re

1095 1417 1168 1447 Sine
1184 1429 1277 1448 causa
1297 1420 1441 1448 tricantur
1456 1418 1504 1448 hic
1521 1418 1592 1448 loci.
1615 1419 1702 1458 ἀγοςιὶ
1718 1423 1764 1448 est
1780 1418 1811 1448 in

1096 1471 1157 1490 uno
1181 1461 1311 1500 quodam
1333 1462 1402 1490 loco
1425 1461 1582 1496 mercium,
1608 1472 1683 1500 quas
1707 1471 1811 1491 secum

1095 1504 1208 1544 quique
1236 1505 1375 1541 attulere,
1400 1504 1626 1534 vendendarum
1647 1514 1732 1542 ergo,
1759 1509 1811 1535 aut

1095 1548 1372 1586 pei-mutandarum.
1394 1545 1486 1587 ἔφοςία
1501 1552 1548 1577 est
1564 1551 1677 1577 tractus
1693 1548 1810 1577 duabus

1096 1590 1231 1620 finitimis
1247 1591 1422 1630 regionibus
1442 1591 1620 1629 interjectus
1643 1595 1674 1620 et
1696 1600 1747 1620 eas
1764 1591 1812 1620 in-

1096 1638 1238 1663 terventu
1265 1644 1319 1663 suo
1337 1634 1422 1663 velut
1445 1634 1602 1672 copulans.
1628 1638 1730 1671 potest
1753 1644 1812 1672 pro

1094 1677 1247 1715 adjectivo
1263 1677 1377 1706 haberi.
1389 1676 1488 1706 malim
1506 1682 1603 1706 tamen
1617 1686 1675 1713 ego
1686 1677 1811 1715 quidem

1094 1730 1151 1758 pro
1172 1719 1363 1749 substantivo
1388 1720 1503 1749 haberi.
1530 1719 1601 1758 quia
1623 1719 1812 1757 adjectivum

1094 1764 1221 1793 duarum
1245 1764 1335 1792 modo
1357 1762 1612 1797 terminationum,
1634 1763 1647 1792 ὅ
1671 1767 1699 1792 et
1718 1764 1732 1793 ἡ
1749 1761 1813 1801 ἐφό-

1094 1817 1156 1846 ριος,
1183 1807 1260 1836 solet
1284 1805 1434 1845 usurpari.
1462 1806 1599 1844 adeoque
1629 1810 1713 1835 recte
1735 1811 1812 1845 puto

1095 1859 1211 1879 comma
1226 1849 1306 1878 inter
1321 1849 1423 1889 ἆγοςᾶς
1437 1853 1468 1878 et
1489 1846 1597 1888 ἐφοςίας
1612 1848 1764 1883 interseri,
1781 1852 1814 1878 et

1095 1892 1173 1922 infra
1188 1903 1220 1931 p.
1237 1894 1311 1923 632.
1329 1894 1360 1921 7.
1376 1896 1407 1922 et
1423 1894 1475 1922 26.
1499 1891 1564 1920 baec
1588 1891 1649 1921 duo
1665 1892 1814 1922 vocabula

1094 1946 1150 1974 per
1162 1935 1208 1964 καὶ
1226 1935 1373 1975 copulari.
1390 1934 1509 1964 tametsi
1523 1939 1628 1964 contra
1642 1945 1674 1974 p.
1691 1936 1765 1965 633.
1781 1937 1813 1966 2.

1095 1989 1151 2008 nec
1180 1978 1286 2019 ἐφορίαν
1311 1979 1412 2019 ἂγοςὲιν
1438 1978 1608 2017 improbem
1633 1988 1688 2018 pro
1705 1977 1813 2018 forum

1093 2022 1286 2052 limitaneum.

1139 2067 1213 2095 6:32.
1231 2069 1260 2095 1.
1277 2066 1387 2106 c‘brmg]
1405 2066 1480 2095 bene
1496 2065 1597 2095 habet.
1612 2061 1707 2104 οἷο-περ
1720 2063 1745 2093 si
1759 2074 1813 2093 vo-

1096 2107 1206 2138 luisset
1224 2113 1337 2143 matur,
1360 2109 1518 2138 debuisset
1537 2107 1562 2138 ἒν
1583 2104 1679 2147 οἷο-ντες
1697 2107 1812 2136 dicere.

1095 2149 1141 2180 τὸν
1154 2151 1288 2181 cohaeret
1299 2162 1366 2181 cum
1379 2151 1537 2186 κτείναντα,
1550 2161 1608 2180 non
1624 2160 1692 2179 cum
1708 2150 1814 2188 proxi-

1096 2204 1144 2223 mo
1155 2192 1307 2225 Ἀθηναῖον.
1320 2200 1369 2223 est
1381 2194 1461 2224 idem
1473 2204 1507 2222 ac
1519 2194 1545 2223 si
1556 2192 1706 2224 dixisset:
1717 2194 1815 2222 τοῦτον

1095 2235 1176 2270 δ’στις
1190 2236 1304 2267 ἔκτεινεν
1316 2236 1461 2268 Ἀθηναῖόν
1482 2247 1555 2266 τινα.
1572 2242 1608 2267 ut
1622 2237 1647 2266 si
1662 2236 1726 2276 quis
1740 2237 1815 2266 occi·

1097 2280 1180 2309 disset
1195 2280 1324 2320 aliquem
1339 2280 1550 2310 Atheniensem.

1137 2339 1181 2345 —-
1192 2326 1223 2354 3.
1247 2325 1311 2358 τοὺς
1331 2321 1451 2365 ἐφέτας]
1479 2323 1563 2353 Gitat
1576 2323 1608 2352 h.
1623 2322 1645 2352 l.
1660 2322 1814 2362 Harpocr.

1096 2377 1126 2396 v.
1142 2364 1254 2405 ἐφέται.

1138 2426 1181 2431 -
1198 2411 1248 2440 15.
1277 2411 1344 2444 τοὺς
1367 2408 1501 2450 {vigam-e]
1533 2408 1662 2439 subaudi
1688 2418 1706 2438 a
1731 2418 1814 2438 com-

1096 2452 1179 2482 muni
1196 2452 1386 2492 πεφευγότας.

1139 2513 1182 2517 --
1199 2499 1249 2527 17.
1264 2495 1333 2535 μόνη
1349 2495 1397 2525 καὶ
1413 2494 1515 2536 λοιπῆ]
1529 2494 1639 2525 inclusi
1655 2493 1742 2524 uncis
1759 2504 1815 2524 vo·

1097 2548 1163 2568 cem
1172 2538 1315 2574 mediam,
1325 2540 1361 2568 ab
1371 2539 1524 2578 aliquibus
1533 2537 1693 2568 codicibus
1706 2536 1814 2566 exclu-

1098 2592 1171 2616 sam,
1189 2582 1254 2612 sine
1277 2582 1372 2612 dubio
1400 2582 1450 2611 hic
1472 2581 1534 2612 loci
1557 2581 1760 2620 importunam
1784 2584 1815 2609 et

1098 2624 1210 2654 vitiose
1225 2626 1454 2661 redundantem,
1470 2624 1591 2654 tametsi
1606 2633 1624 2653 a
1639 2622 1743 2652 multis
1759 2622 1815 2652 bo-

1097 2677 1143 2696 nae
1170 2672 1250 2698 notae
1275 2668 1364 2698 codd.
1392 2671 1589 2698 sustentetur.
1633 2664 1668 2694 Si
1698 2665 1816 2695 servari

1097 2711 1220 2747 debeat,
1241 2716 1463 2749 transponatur,
1475 2710 1514 2739 ad
1532 2710 1609 2739 hunc
1632 2708 1775 2737 modum:
1799 2709 1814 2738 ἦ

1097 2753 1144 2782 καὶ
1159 2753 1227 2793 μόνη
1244 2755 1347 2785 λοισι-ἧ.
1372 2758 1440 2784 aute
1454 2751 1535 2792 μόνος
1549 2757 1580 2782 et
1594 2753 1652 2785 πᾶς
1666 2751 1745 2781 solet
1764 2750 1816 2780 καὶ

1098 2797 1253 2836 eleganter
1268 2797 1450 2826 redundare.

1139 2857 1183 2862 —-
1202 2842 1246 2871 19.
1267 2838 1480 2879 μεταστάντα]
1505 2837 1627 2867 correxi
1642 2836 1816 2876 μεταστάν-

1097 2893 1162 2917 τας.
1178 2883 1249 2922 quia
1265 2882 1424 2922 praecessit
1439 2882 1498 2914 τοῖς
1514 2881 1656 2921 ἀτυχοῦσι
1672 2881 1758 2910 πᾶσι.
1783 2883 1815 2909 et

1097 2926 1140 2955 sic
1156 2926 1271 2955 dudum
1289 2927 1477 2965 conjeceram
1492 2928 1573 2957 unte,
1588 2933 1676 2962 quam
1693 2933 1815 2952 nossem

1097 2968 1127 2997 in
1149 2970 1272 2999 Barocc.
1298 2968 1438 3007 siclegi.
1462 2966 1614 3006 vulgatam
1632 2965 1657 2995 si
1678 2966 1730 3005 qui
1749 2970 1816 2995 tue-

1096 3015 1175 3046 atur,
1189 3011 1217 3041 ei
1232 3021 1357 3042 necesse
1371 3011 1412 3041 sit
1427 3021 1491 3040 τινα
1507 3009 1682 3040 subaudire.
1723 3018 1732 3033 1
