1948 3322
477 213 563 254 AD
595 207 1044 252 OLYNTHIACAM
1079 208 1348 252 PRIMAM.

185 319 274 350 τέλει·
289 321 344 354 τὰς
358 318 383 349 δ’
405 316 460 348 ἐπ’
478 317 628 359 Ἰλλυριοὺς
642 317 690 347 καὶ
707 317 826 350 Παίονας
848 316 899 346 αὖ·

185 365 248 399 τοῦ,
261 363 309 393 καὶ
324 362 386 393 ὅποι
401 373 448 396 τις
468 360 501 391 ἂν
519 363 603 398 εἴποι,
620 359 791 401 παραλείπω
810 370 901 401 στρα-

185 405 275 440 τείας.
298 406 348 436 hic
365 405 510 445 Arymbae
533 406 618 436 nulla
639 405 721 434 facta
744 408 793 434 est
816 413 901 434 men-

185 450 238 480 tio.

227 509 270 514 -
285 493 316 522 5.
338 491 414 521 citat
426 491 457 521 h.
473 491 492 521 l.
511 491 667 530 Harpocr.
682 501 714 520 v.
730 487 879 530 Αρύμζας.

226 551 271 558 —-
285 537 315 566 9.
339 534 387 564 καὶ
405 536 454 566 τῆν
467 534 750 576 φιλοπραγμοσύνην]
768 531 902 563 subaudi

185 589 203 609 e
218 579 388 617 praemissis
404 580 440 612 ὡς
466 578 546 609 ’ἐστιν
573 579 642 617 ἡμῖν
665 576 840 610 ἀλυσιτελές
860 587 902 606 τι.

183 621 276 652 valde
291 626 391 652 tamen
408 632 529 657 vereor,
547 632 584 651 ne
599 621 684 651 desit
699 620 814 660 aliquid
832 620 861 650 h.
879 619 901 649 l.

183 665 221 699 ὡς
234 664 355 703 ἀγαθὸν,
370 665 420 695 vel
434 665 471 699 ὣς
485 663 682 705 πολυωφελὲς,
705 664 787 703 qnod
804 662 849 693 illi
866 663 902 697 ὡς

185 708 358 743 ἀλυσιτελὲς
369 719 386 737 e
403 709 560 738 contrario
574 707 773 747 respondeat.

229 769 272 774 —-·
286 755 339 783 22.
361 750 411 782 ἐπὶ
433 751 549 793 πολλῷ]
587 751 718 781 subaudi
742 749 829 789 τόκῳ,
851 748 902 779 vel

184 794 314 836 διαφόρῳ.
339 805 449 834 magno
471 796 599 825 foenore.
625 804 736 834 magno
763 793 902 824 intertri-

185 843 299 869 mento.
314 839 419 869 brevis
441 838 521 868 enirn
537 839 681 879 voluptas
702 838 758 868 otii
778 846 904 876 magna·

184 891 252 912 rnm
268 891 360 921 opum
377 886 409 912 et
424 883 578 912 sociorum
598 883 722 921 jactura
736 881 857 912 emitur.

227 927 337 957 -26.
359 924 394 955 τὸ
414 924 472 966 μὲν
496 923 539 955 οὖν
563 923 722 966 ἐπιτιμᾷν]
746 924 903 956 Lucianus

186 968 209 999 l.
223 968 255 998 h.
268 968 375 999 laudat
389 968 479 999 Jovis
495 969 642 1009 Tragoedi
657 980 684 998 c.
704 970 758 999 23.
779 979 814 1008 p.
829 969 903 998 668.

187 1017 220 1042 et
233 1011 350 1043 Pollux
366 1014 397 1043 9.
410 1014 486 1044 138.

231 1057 284 1086 14.
299 1058 331 1086 4.
356 1053 592 1086 ὑποστείλασθαι
614 1053 676 1094 περὶ
695 1065 733 1084 ων
749 1052 905 1094 συμφέρειν

187 1098 256 1138 ὑμῖν
282 1099 423 1139 ἡγοῦμαι]
444 1098 537 1127 latius
559 1101 592 1127 et
606 1097 730 1136 plenius
744 1096 789 1127 ita
805 1096 904 1126 dixis-

187 1146 256 1171 set.
273 1140 510 1172 ὑποστείλασθαι
528 1139 649 1180 λέγοντα
669 1139 732 1182 περὶ
752 1138 871 1176 τούτων,
885 1139 904 1169 ἃ

185 1183 342 1226 συμφέρειν
356 1185 381 1214 ὑ.
394 1185 529 1223 ἡγοῦμαι.

185 1255 187 1258 .
229 1245 274 1251 —-
289 1230 341 1258 10.
364 1226 568 1279 όλιγωρῆσετε]
604 1225 682 1257 citat
712 1226 742 1256 h.
770 1226 792 1256 Ι.
820 1226 904 1256 Har-

185 1281 273 1311 pocr.
288 1271 320 1301 in
335 1281 367 1301 v.
389 1268 606 1311 Ὀλιγοιρήσετε.
630 1269 694 1300 ἀντὶ
715 1270 766 1300 τοῦ
792 1269 905 1309 ἀμελή-

185 1325 265 1344 σετε.
313 1312 494 1355 Δημοσθένης
508 1314 717 1354 φιλιωωικοῖς.

229 1375 273 1381 -
288 1360 342 1388 11.
362 1360 457 1392 κακῶς
486 1357 655 1398 ποιούντων]
687 1357 727 1387 ad
757 1355 905 1388 ποιούντων

187 1405 240 1431 ant
263 1401 449 1436 addendum,
464 1406 518 1431 ant
544 1406 628 1431 certe
657 1400 904 1431 subaudiendum

187 1448 237 1475 est
250 1443 341 1484 μόνον,
350 1444 382 1474 id
394 1444 477 1484 quod
490 1445 522 1474 in
537 1445 635 1474 altero
651 1443 797 1485 opposito
809 1453 904 1473 mem·

187 1490 245 1519 bro
260 1498 354 1518 versu
372 1489 422 1518 13.
438 1498 618 1527 expressum
636 1494 694 1518 est.

230 1549 275 1555 --
291 1534 342 1563 18.
364 1531 528 1572 χρημάτων
549 1530 646 1572 πόρου]
677 1531 715 1560 ad
743 1528 825 1570 πόρου
850 1530 904 1559 ad-

188 1575 325 1605 dendum
351 1575 476 1604 videtur
499 1576 584 1612 ἀνῶς5
609 1573 739 1604 subaudi
766 1573 904 1611 γινώσκω.

189 1619 230 1649 de
244 1617 438 1648 adminiculis
453 1621 554 1648 antem
576 1617 718 1657 pecuniae
735 1618 904 1656 expedien-

187 1661 250 1698 dae,
265 1660 356 1701 eoqui
372 1661 422 1691 vel
438 1661 550 1701 ecquid
572 1661 696 1692 statuo?
719 1665 784 1690 tum
808 1661 905 1700 snbji-

187 1704 233 1735 eit
261 1703 495 1744 responsionem
525 1703 605 1735 ἐστὶν
625 1723 669 1728 -—-
692 1704 848 1743 vulgatam
877 1704 905 1733 si

188 1752 321 1784 tuemur,
333 1748 578 1778 subaudiendum
593 1748 654 1778 erit
668 1748 690 1778 εἰ
702 1749 747 1778 δεῖ
759 1746 862 1785 λέγειν,
878 1747 905 1777 si

189 1801 239 1822 me
255 1791 408 1822 disserere
423 1795 558 1831 oportet.

232 1852 276 1858 —-
293 1837 344 1866 19.
367 1833 488 1870 ἕστιν,ὡ’”
503 1834 533 1864 ἅ.
544 1833 588 1864 Ἀ.
601 1845 630 1864 κ.
643 1845 674 1865 τ.
687 1834 734 1876 λ.]
753 1832 828 1864 citat
841 1834 870 1864 h.
883 1833 904 1863 l.

189 1878 406 1917 Hermogenes
426 1889 458 1918 p.
481 1880 558 1908 414.
583 1878 639 1908 ult.
671 1877 719 1909 ἐπὶ
749 1876 833 1910 ἤθους
855 1877 904 1910 Βε-

190 1921 321 1955 Βαιώσει·
359 1920 440 1951 ἔστιν
466 1922 546 1961 ὑμῖν,
573 1919 598 1950 ὅ
621 1921 652 1951 ἄ.
678 1920 722 1951 Ἀ.
747 1921 905 1963 χρήματα,

189 1963 269 1995 ἔστιν
283 1963 337 1994 ὅσα
350 1964 431 1994 οὖδενῖ
443 1976 474 1994 τ.
490 1964 520 1994 ἆ.
533 1966 564 1994 ἆ..
579 1976 646 2005 στρ.

233 2024 277 2030 -
292 2010 346 2039 26.
365 2008 480 2048 ταῦτα]
509 2008 577 2037 scil.
593 2007 613 2037 ἃ
627 2008 710 2047 ὑμεῖς
724 2006 906 2046 λαμβάνετε,

192 2049 242 2091 [id
257 2055 306 2080 est
320 2049 507 2091 ἀναλίσκετε]
531 2051 566 2084 ὡς
582 2049 738 2083 Βούλεσθε.
759 2050 830 2079 illas
845 2050 917 2080 lar-'

191 2093 338 2134 gitiones‚
354 2104 430 2134 quas
452 2104 521 2130 vos,
545 2104 669 2133 quoquo
692 2093 800 2129 vultis,
822 2093 906 2124 insu-

190 2136 288 2173 mitis,
297 2148 367 2168 esse
381 2135 502 2179 ἀρχῆθεν
515 2137 564 2167 καὶ
578 2139 659 2168 κατὰ
672 2136 706 2167 τὸ
719 2135 784 2172 δέον,
799 2137 907 2176 primi-

191 2184 253 2216 tus,
269 2181 387 2220 origine
403 2185 492 2210 tenus
507 2185 540 2210 et
554 2185 648 2220 prout
661 2181 753 2211 etiam
776 2190 833 2220 par
847 2185 906 2217 est,

192 2223 348 2263 stipendia
361 2223 513 2254 militibus
528 2224 646 2254 debita.

233 2284 278 2290 -—
293 2269 345 2298 2⁷.
366 2265 438 2308 μίαν
452 2267 598 2308 σύνταξιν]
615 2271 689 2307 post
699 2265 770 2307 μίαν
784 2267 908 2297 videtur

193 2310 308 2341 πάντων
334 2309 454 2341 deesse.
484 2321 577 2341 unum
606 2311 686 2341 hune
716 2311 908 2350 eundemque

190 2363 314 2384 censum
331 2364 401 2384 esse
413 2354 557 2384 omnium.
573 2353 708 2394 σύνταξις
722 2359 771 2384 est
784 2365 909 2390 census,

194 2407 249 2427 seu
264 2396 439 2433 aestimatio,
454 2397 584 2434 taxatio,
608 2403 754 2438 quantum
778 2397 845 2428 sive
868 2398 908 2427 de

193 2450 250 2470 sno
266 2440 304 2470 ad
317 2440 518 2470 necessitates
531 2442 610 2480 reip.
622 2442 772 2477 conferre,
785 2441 852 2472 sive
869 2452 907 2471 ex

193 2483 303 2513 aerario
319 2493 377 2523 pro
391 2484 536 2514 mercede
558 2495 662 2524 operae
687 2485 767 2524 reip.
788 2490 909 2515 navatae

191 2527 308 2557 referre
332 2531 483 2566 oporteat.
509 2527 586 2558 citat
607 2529 639 2558 h.
660 2529 680 2559 Ι.
704 2529 861 2568 Harpocr.
879 2539 909 2558 v.

191 2569 338 2610 σύνταξις.

241 2614 293 2644 15.
310 2617 341 2644 1.
365 2612 430 2643 ἔστι
447 2612 474 2643 δὲ
491 2613 586 2644 λοιπὸν
601 2625 629 2643 κ.
645 2627 675 2645 τ.
691 2615 737 2656 λ.]
754 2614 829 2645 citat
843 2615 874 2645 h.
887 2615 909 2645 l.

193 2657 337 2687 Stobaeus
353 2657 485 2687 Gesneri
503 2667 533 2695 p.
550 2659 625 2688 504.
640 2661 673 2689 3.
689 2662 721 2688 et
735 2659 911 2689 Scholiasta

194 2700 407 2740 Hermogenis
422 2710 453 2739 p.
472 2702 547 2731 315.
565 2712 655 2739 quern
683 2703 765 2741 apud
791 2703 910 2732 Scholi-

194 2747 291 2774 astam
306 2743 449 2774 lectionis
463 2743 539 2773 hanc
554 2745 658 2784 reperi
671 2745 909 2785 discrepantiam

194 2786 310 2821 πάντως
325 2785 354 2817 δὲ
369 2787 414 2817 δεῖ
425 2787 597 2828 χρημάτων.

237 2843 281 2854 ··—·
295 2832 326 2861 9.
350 2830 514 2872 εὐτρεπῶς]
537 2831 613 2861 hanc
640 2831 804 2861 lectionem
820 2832 909 2863 alteri

195 2873 316 2913 vulgari
339 2873 499 2915 εὐπρεπῶς
523 2874 657 2913 praetuli.
675 2875 793 2910 nescio,
808 2886 843 2905 an
860 2886 910 2906 res

197 2916 336 2957 Philippi
352 2922 521 2956 praesentes
536 2918 636 2948 minus
646 2919 706 2948 sint
722 2919 761 2948 ad
774 2919 909 2949 subitum

196 2969 348 3000 quemque
365 2971 470 2992 casum
488 2961 531 2991 ita
547 2966 661 3001 paratae
682 2967 772 3002 atque
797 2963 908 2994 instru-

1650 181 1670 195 Q

1601 209 1651 250 15

934 319 1004 350 ctae,
1020 319 1055 344 ut
1076 315 1107 344 ei
1130 325 1218 353 pares
1243 315 1305 346 sint
1327 316 1518 348 sustinendo.
1541 315 1602 358 ἔχει
1619 316 1648 346 in

933 358 1102 390 indicativo
1115 358 1257 388 videatur
1271 358 1395 397 quidem
1412 360 1522 390 melius
1537 370 1649 391 conve-

934 402 1011 432 nire.
1028 412 1086 441 ego
1108 407 1210 431 tamen
1232 402 1461 440 conjunctivum
1479 405 1601 440 tenebo,
1617 410 1650 434 et

936 445 980 475 sic
996 445 1159 484 accipiam,
1173 454 1208 474 ae
1225 445 1252 475 si
1266 445 1416 483 seriptum
1431 451 1522 496 ess'et.
1533 446 1591 487 ἔρα,
1605 450 1648 485 μὴ

935 488 989 529 ἔχῃ
1005 490 1046 518 τοὶ
1069 486 1215 518 Φιλίππου
1235 488 1411 528 πράγματα
1427 487 1485 517 ουτ’
1500 490 1651 530 ευτρεπῶς,

936 530 999 563 οὔθ’
1012 533 1048 565 ὡς
1059 531 1092 561 ἂν
1106 531 1173 572 ἔχη,
1186 531 1208 561 εἰ
1224 532 1377 563 κάλλιστα
1394 530 1460 572 ’ἐχη-
1476 543 1574 571 neque
1595 545 1650 573 pa-

935 580 1021 610 ratae,
1034 576 1191 615 neqne'ita
1203 576 1397 615 eompositae,
1407 580 1442 604 nt
1457 575 1605 606 habiturae
1619 589 1651 607 se

935 619 1009 654 sint,
1036 619 1062 648 si
1087 618 1205 659 optime
1228 624 1321 658 atque
1351 618 1590 660 praeclarissime
1619 632 1651 650 se

935 663 1075 693 habeant.

977 724 1022 729 —-
1038 706 1090 736 15.
1113 706 1213 735 ταῦτα
1228 706 1283 745 γὰρ
1298 716 1328 734 κ.
1343 715 1375 734 τ.
1391 710 1420 734 λ.
1425 703 1438 744 ]
1461 705 1537 735 citat
1552 705 1652 736 Theo-

935 750 1039 790 philus
1054 749 1247 787 Corydaleus
1262 749 1456 788 p.66e.11.

977 811 1023 815 —
1039 795 1091 824 16.
1114 791 1175 834 ἀεὶ]
1220 796 1292 831 post
1328 791 1372 821 ἀεὶ
1405 791 1531 822 videtur
1567 790 1654 822 ἔσται

935 837 1056 866 deesse.
1101 835 1240 866 Thessali
1266 840 1374 866 natura
1405 840 1477 865 sunt
1505 834 1590 865 infidi
1623 841 1652 865 et

936 890 1057 920 semper
1081 884 1180 910 erunt.
1207 890 1238 909 v.
1264 879 1484 910 Hemsterhns.
1515 879 1554 909 ad
1580 879 1654 909 Ari-

937 923 1041 963 stoph.
1057 923 1144 953 Plut.
1159 933 1192 962 p.
1208 924 1279 953 153.

980 984 1023 990 --
1040 969 1092 997 18.
1115 965 1277 1006 Παγασὰς]
1300 965 1406 996 Innuit
1429 965 1462 995 h.
1479 965 1500 994 l.
1525 965 1652 1006 Harpo-

938 1014 1014 1040 crat.
1031 1021 1063 1039 v.
1079 1011 1230 1047 Παγασαί.

981 1070 1024 1076 —-
1039 1055 1092 1083 19.
1114 1053 1204 1084 ἤκουον
1215 1051 1253 1093 δ’]
1271 1052 1348 1083 citat
1360 1052 1391 1083 h.
1402 1052 1424 1082 l.
1439 1051 1596 1082 Aristides
1614 1052 1654 1083 de

938 1095 1075 1125 dictione
1091 1096 1176 1126 civili
1192 1108 1224 1137 p.
1245 1098 1319 1127 256.
1342 1094 1528 1136 ἀξιοπιστίας
1554 1094 1582 1125 δὲ
1605 1096 1653 1125 καὶ

938 1139 972 1174 εἶ,
987 1137 1042 1169 ὅσα
1056 1140 1100 1179 μη
1122 1139 1186 1181 ἔχει
1208 1139 1326 1169 ἄλλοθεν
1345 1140 1505 1173 συστῆσαι,
1525 1137 1557 1178 ἐξ
1572 1141 1655 1173 &mic

937 1184 1036 1212 ταῦτα
1052 1185 1224 1214 πιστοῦται.
1239 1183 1329 1213 ἤκουον
1345 1181 1370 1211 δ’
1384 1181 1474 1220 ἔγωγε
1499 1185 1577 1211 τινῶν
1593 1188 1654 1212 etc.

938 1226 1011 1256 item
1027 1227 1216 1256 scholiastes
1231 1226 1440 1261 Hermogenis
1453 1236 1483 1264 p.
1496 1227 1549 1255 45.
1561 1230 1590 1256 1.
1603 1227 1655 1265 τῆς

938 1271 994 1299 τῶν
1008 1269 1142 1311 ἀορίστων
1153 1269 1310 1309 ἐξετάσεως
1321 1270 1395 1310 τρεῖς
1410 1268 1589 1309 παραδέδωκε
1600 1280 1655 1309 με-

939 1313 1048 1347 θόδους.
1072 1313 1086 1345 ἢ
1106 1316 1162 1354 γὰρ
1177 1314 1465 1346 κατασκευαστικοὺς
1480 1312 1577 1347 αὐτοῖς
1595 1324 1654 1343 πα-

938 1355 1096 1397 ραθήσομεν
1117 1356 1286 1396 λογισμούς.
1308 1357 1344 1390 ὡς
1363 1355 1552 1394 Δημοσθένης
1566 1355 1591 1386 ἓν
1608 1363 1655 1386 Φι-

938 1403 1100 1436 λιππικοις·
1116 1412 1205 1431 ηκουον
1220 1398 1245 1430 δ’
1259 1398 1347 1439 εγωγὲ
1365 1410 1443 1429 τινων
1459 1400 1494 1432 ὡς
1509 1401 1564 1432 τὰς
1586 1401 1654 1437 ἆγο-

938 1445 988 1483 ρὰς
1003 1455 1050 1473 και
1063 1456 1128 1479 τους
1143 1442 1264 1483 λιμένας
1280 1443 1328 1474 οὐκ.
1343 1442 1460 1472 επιδοῖεν
1474 1442 1557 1484 [Sic]
1574 1444 1656 1474 αὐτᾱῖ

937 1486 1127 1528 καρπουσθαι.
1155 1500 1167 1516 ο
1191 1499 1239 1516 και
1268 1485 1494 1526 κατασκευαζων
1521 1485 1557 1526 [f.
1584 1499 1596 1516 ο
1625 1487 1654 1518 δη

937 1542 1006 1560 κατ.
1010 1531 1023 1572 ]
1043 1531 1089 1560 διὰ
1105 1543 1155 1565 της
1168 1543 1218 1560 του
1232 1528 1362 1571 ἀορίστου
1376 1529 1467 1569 σαωρε
1461 1529 1556 1564 ’τητος
1572 1530 1656 1571 [le-ge

939 1573 983 1604 διὰ
1000 1587 1050 1605 την
1064 1576 1114 1604 τοῦ
1130 1575 1158 1604 ἆ..
1176 1573 1362 1614 σαθρότητα]
1385 1572 1525 1612 λογισμόν
1540 1573 1654 1611 επίιγει.

939 1619 979 1647 τοὶ
993 1619 1047 1658 γὰρ
1062 1629 1093 1648 κο
1096 1619 1137 1647 ,να
1163 1620 1218 1646 τῶν
1241 1617 1397 1647 ἓετταλῶν
1412 1620 1471 1645 etc.
1489 1629 1503 1647 η
1520 1618 1568 1646 καὶ
1591 1615 1654 1646 ἐπι-

938 1660 1023 1713 Χρξσξί
1037 1660 1123 1700 Οἷκξίᾳ
1146 1672 1178 1690 ΤΟ
1190 1672 1319 1702 αθξίῖτῦν
1333 1659 1509 1695 συνίστησὶν,
1524 1672 1552 1690 T'l
1568 1673 1656 1700 ρητωξ

938 1716 978 1744 με
968 1703 994 1735 ἐν
1007 1703 1082 1744 μεθ’
1097 1703 1172 1743 ὅρκου
1188 1705 1383 1734 πιστώσεται.
1402 1700 1461 1733 οἷον·
1477 1714 1525 1731 και
1547 1716 1596 1742 μα
1610 1716 1643 1733 το
1645 1716 1656 1733 ν

940 1747 996 1779 Δία
1011 1747 1084 1778 οὐδὲν
1102 1748 1227 1778 ἄπιστον
1241 1747 1319 1781 ἴσως.
1336 1747 1348 1776 ὁ
1364 1746 1392 1776 δὲ
1408 1747 1531 1777 Πλάτων
1553 1747 1596 1785 τῷ
1617 1747 1656 1776 οῖ-

938 1791 1001 1830 netega
1026 1791 1188 1832 ἀξιώματι,
1214 1802 1272 1821 οιον·
1299 1802 1346 1820 και
1373 1789 1429 1828 ἐγω
1457 1789 1612 1830 πείθομαι.
1641 1804 1656 1820 η

939 1833 1041 1874 ἐπαίνῳ
1057 1838 1113 1865 τῶν
1128 1834 1282 1875 εἰρηκότων,
1297 1835 1333 1868 ὡς
1348 1833 1360 1863 ὅ
1377 1832 1568 1873 Δημοσθένης·
1585 1835 1621 1868 ὡς
1634 1832 1658 1864 δ’

939 1877 995 1917 ἐγὼ
1009 1880 1064 1908 τῶν
1075 1877 1101 1908 ἐν
1122 1878 1198 1919 αὐτῇ
1211 1879 1251 1920 τῇ
1263 1878 1344 1919 χώρα
1358 1876 1548 1917 γεγενημένων
1566 1876 1657 1907 ἤκουόν

939 1933 1022 1957 τινος,
1039 1920 1129 1964 ἀνδρὸς
1145 1922 1276 1962 οὐδαμῶς
1304 1921 1358 1951 οἷὀυ
1372 1931 1405 1951 τε
1422 1919 1596 1957 ψεύδεσθαι.
1612 1921 1656 1950 οὖ-

939 1964 1017 1995 δὲνων
1032 1965 1087 1995 εἶσὶ
1102 1964 1242 1999 Βελτίους.
1257 1966 1304 2006 [v.
1314 1964 1442 2003 Olynth.
1453 1967 1482 1994 2.
1494 1975 1526 2004 p.
1538 1966 1591 1995 23.
1606 1965 1657 2005 5.]

939 2007 983 2037 ἵνα
1000 2008 1082 2048 δείξῃ,
1097 2008 1141 2038 ἔτι
1157 2009 1186 2039 οὐ
1203 2011 1259 2040 τῶν
1283 2007 1451 2041 ἀκηκοότων,
1475 2006 1545 2036 ἀλλ’
1560 2006 1659 2040 αὐτοῖς

939 2052 1000 2084 τοῖς
1017 2050 1106 2091 ἔργοις
1119 2051 1353 2082 πεπιστευκότων
1369 2050 1536 2091 [sententia
1550 2055 1659 2089 postu-

939 2094 983 2124 lat
998 2094 1242 2135 παραγεγονότων]
1260 2095 1272 2124 ὁ
1287 2091 1475 2133 ἀπαγγείλας
1490 2092 1567 2124 ἔστί.

986 2140 1037 2168 16.
1054 2142 1084 2168 1.
1107 2137 1142 2168 τὸ
1156 2141 1210 2180 γὰρ
1225 2136 1255 2168 εὖ
1269 2138 1431 2179 πράττειν]
1447 2137 1580 2168 celebris
1594 2137 1660 2167 haee

940 2185 988 2211 est
1003 2183 1167 2217 sententia,
1178 2193 1195 2212 a
1205 2181 1310 2212 multis
1324 2182 1460 2211 laudata.
1475 2186 1510 2211 ut
1525 2182 1562 2211 ab
1576 2181 1661 2211 Her-

940 2234 1070 2265 mogene
1086 2236 1118 2265 p.
1134 2228 1209 2258 181.
1225 2226 1310 2255 τοῦτο
1326 2224 1354 2255 δὲ
1365 2225 1507 2264 μάλιστα
1522 2225 1660 2265 πάσχου-

941 2279 985 2297 σιν
1003 2268 1032 2298 αἱ
1056 2267 1209 2308 γνωμικαί.
1237 2268 1304 2299 ’ἐστι
1331 2268 1359 2298 δὲ
1384 2269 1513 2308 γνωμικῆ
1541 2268 1661 2308 περίοδος

940 2310 1024 2343 αὕτη.
1039 2311 1073 2342 τὸ
1089 2314 1144 2353 γὰρ
1158 2310 1188 2342 εὖ
1203 2313 1340 2354 πράττειν
1351 2330 1393 2334 -—-
1405 2312 1466 2346 τοῖς
1481 2311 1602 2345 ἀνοήτοις
1616 2310 1661 2349 γί-

941 2365 1029 2386 νεται.
1041 2360 1073 2386 et
1083 2356 1229 2391 Aristide,
1240 2356 1279 2385 de
1289 2355 1423 2385 dictione
1438 2355 1523 2384 civili
1528 2366 1579 2406 '’p.
1584 2357 1660 2385 186.

941 2398 990 2428 και
1008 2410 1042 2428 το
1055 2399 1243 2438 γνωμολογεῖν
1258 2398 1286 2429 δε
1303 2400 1354 2432 τῆς
1374 2398 1549 2438 σεμνότητός
1569 2396 1660 2433 ἔστιν,

943 2438 1001 2472 οιον·
1016 2454 1051 2471 το
1071 2445 1125 2484 γὰρ
1140 2441 1170 2473 εὑ
1185 2455 1234 2483 πρ.
1246 2461 1288 2465 -
1303 2443 1376 2472 item
1393 2443 1506 2472 ibidem
1535 2454 1563 2481 p.
1584 2444 1660 2472 310.

943 2483 1063 2526 περίοδος
1078 2485 1126 2516 δ’
1116 2498 1148 2516 εκ
1162 2486 1219 2526 μὲν
1234 2484 1288 2520 ἑνὸς
1309 2486 1400 2515 κώλου
1421 2484 1608 2521 συνίσταται,
1625 2486 1661 2520 ὡς

943 2528 1037 2559 τό·τό
1049 2531 1104 2570 γαρ
1115 2540 1144 2559 ευ
1157 2541 1204 2569 πρ.
1216 2547 1259 2552 ——
1270 2530 1343 2559 item
1358 2540 1389 2569 p.
1405 2531 1481 2560 599.
1497 2529 1549 2558 ubi
1568 2533 1662 2567 negat

943 2573 1111 2609 Aristides,
1135 2574 1206 2603 huic
1228 2573 1371 2608 dictioni,
1387 2583 1455 2612 quae
1470 2572 1592 2602 civilem
1610 2573 1660 2602 vel

943 2616 1077 2646 maxime
1100 2617 1220 2652 deceat,
1243 2617 1345 2646 locum
1367 2616 1398 2646 in
1425 2616 1562 2646 dictione
1587 2616 1660 2645 sim-

943 2660 1016 2699 plici
1032 2671 1112 2691 esse.
1129 2670 1147 2690 a
1162 2661 1287 2691 Stobaeo
1308 2660 1439 2690 Gesneri
1464 2670 1496 2699 p.
1515 2661 1590 2690 566.
1606 2662 1661 2690 520.

943 2714 962 2733 a
978 2703 1148 2734 Plutarcho
1163 2704 1277 2734 Mon-al.
1293 2714 1326 2743 p.
1341 2706 1414 2733 100.
1431 2705 1462 2732 7.

986 2764 1030 2770 ——
1043 2751 1074 2778 4.
1098 2747 1141 2777 δεῖ
1153 2745 1301 2789 τοίνυν-]
1316 2748 1389 2777 citat
1400 2746 1590 2787 Theophilus
1600 2746 1660 2776 Co-

943 2790 1043 2829 rydal.
1060 2802 1090 2831 p.
1106 2793 1181 2822 7⁶28.
1196 2791 1222 2831 ξ.
1237 2793 1290 2821 47.

986 2852 1029 2857 —
1045 2836 1076 2865 5.
1100 2833 1232 2876 ὑμέτερον
1241 2835 1298 2876 -]
1323 2834 1399 2864 citat
1416 2838 1505 2863 vetus
1523 2831 1660 2862 Lexicon

946 2878 1027 2917 apud
1042 2879 1213 2908 Momfauo.
1231 2879 1313 2908 Bibl.
1331 2877 1461 2908 Coislin.
1477 2887 1508 2915 p.
1522 2877 1595 2905 498.

986 2938 1029 2944 -—
1044 2921 1123 2951 ibid.
1138 2921 1310 2962 συνᾴρασθαι
1325 2923 1366 2951 τὰ
1380 2918 1571 2960 πράγματα]
1590 2920 1661 2949 sub-

945 2964 1018 2995 audi
1044 2966 1105 2999 τοῖς
1131 2964 1287 3007 ςίραμένοις.
1318 2964 1403 2999 belli,
1435 2968 1486 2993 aut
1517 2962 1661 2992 universe
