1931 3322
424 207 508 248 AD
543 203 916 247 ORATIONEM
954 205 1019 245 IN
1053 205 1352 250 SPUDIAM.

190 331 233 337 -
251 315 305 344 ult.
321 313 444 356 ἔχοντα]
465 315 539 344 dant
553 313 605 344 alii
621 312 699 343 ὄντα.
723 311 861 348 dubium,

147 361 247 388 utrum
261 357 376 387 verius.

190 401 286 431 1035.
310 402 342 430 4.
365 399 414 430 ὑπ’
425 400 518 430 αὐτῶν
527 399 649 440 τούτων]
667 409 685 429 a
700 396 817 438 Spudia
831 400 864 428 et

147 444 216 482 ejus
233 451 339 472 uxore.

188 487 220 514 7.
243 483 404 524 εἰώθαμεν]
416 484 517 514 malim
529 483 663 513 εἰώθασιν,
677 481 750 522 quia
761 481 863 520 sequi-

149 531 201 558 tur
217 525 395 557 ἀντιδικῶσιν
409 532 440 556 et
449 527 582 556 δοκοῦσιν.

187 586 230 592 -
247 571 300 600 14.
325 568 492 611 συνειδότες]
511 567 641 599 subaudi
655 566 719 597 τινί.

187 629 232 635 ——-
247 613 300 641 17.
322 612 464 652 ὡμολόγει
485 610 554 642 τότε
581 613 620 641 τὰ
644 609 771 651 σημεῖα]
796 619 864 640 cor-

144 655 213 686 rexi
235 654 414 695 ὦμολογεῖτό
435 666 469 685 τε
494 653 563 686 τότε
585 656 626 685 τὰ
650 654 773 693 σημεῖα.
826 653 864 682 Ιιι

144 699 326 738 Augustano
349 702 415 729 erat
437 697 617 740 ὡμολογεῖτό
629 707 674 727 τε.
691 701 727 727 ut
748 695 865 726 dudum

144 745 217 773 ante
231 751 438 778 correxeram,
470 751 562 781 quam
596 741 685 772 illum
722 739 865 769 codice-

147 783 297 815 viderem.
341 785 402 815 Sed
419 789 450 815 et
461 783 529 815 τότε
541 784 724 815 servandum
737 782 815 813 duxi
827 784 866 813 ob

145 827 313 867 insequens
324 828 379 858 νῦν.

189 888 235 893 -
247 871 305 901 ult.
326 872 425 902 πάντα
446 869 562 910 ταῦτα]
578 880 646 910 quae
661 868 796 910 Spudias
812 869 867 906 ait,

146 912 194 944 ait
213 923 247 943 se
271 914 380 944 decem
405 914 498 945 minis
518 914 619 944 minus
638 913 669 944 in
691 913 764 944 dote
778 922 867 943 acoe-

148 955 249 997 pisse,
260 967 351 996 qnam
361 968 421 988 me.

195 1001 290 1030 1036.
313 1003 344 1031 8.
366 999 491 1040 ἐξέδοτο]
508 999 642 1040 Spudias
653 1003 738 1040 puta.
754 998 867 1038 quibus

149 1042 208 1072 snb
220 1043 320 1082 pactis
333 1043 467 1083 Spudias
479 1053 591 1082 passus
607 1042 650 1072 sit
664 1043 758 1073 filiam
772 1041 867 1083 Poly-

145 1085 232 1116 eneti
245 1096 262 1116 a
279 1091 366 1125 patre
378 1086 438 1116 sibi
452 1086 483 1116 in
498 1086 726 1116 matrimonium
740 1084 866 1115 elocari.

146 1139 204 1169 pro
219 1128 326 1158 τούτων
337 1129 408 1159 libri
424 1129 546 1168 quidam
567 1129 642 1158 dant
656 1126 869 1168 vostcpsfluod

149 1171 177 1201 si
190 1172 347 1210 probatur,
373 1182 502 1202 neeesse
521 1178 571 1201 est
594 1170 728 1210 ἐξεδίδοτο
746 1171 821 1210 legi,
836 1170 867 1200 in

147 1213 271 1253 imperf.
296 1214 414 1254 passiv.
441 1215 546 1255 quibus
567 1214 620 1244 sub
651 1214 870 1245 conditionibus

145 1256 375 1297 Spudiaefuerit
388 1267 463 1288 uxor
477 1258 538 1297 ejus
552 1258 673 1288 elacata.

192 1302 246 1330 10.
269 1300 362 1342 ἔχειν]
387 1301 513 1331 correxi
535 1300 611 1343 ἔχει,
635 1301 704 1332 scil.
720 1299 867 1341 Spudias.

145 1344 200 1384 qui
214 1353 295 1384 ergo,
316 1344 394 1374 dicet
407 1345 527 1386 aliquis,
546 1345 674 1383 Spudias
692 1355 752 1375 non
772 1344 871 1374 minus

149 1386 237 1422 tulit,
251 1397 338 1427 quam
347 1387 405 1418 tu?

191 1445 237 1451 ——
260 1432 313 1460 12.
337 1429 527 1472 ἒωετιμᾶτο]
560 1429 685 1461 correxi
706 1429 868 1469 ἐνετιμᾶτο.

149 1470 203 1501 Sic
227 1472 308 1502 enim
329 1473 458 1503 exhibet
481 1474 640 1513 Harpocr.
656 1474 687 1504 h.
700 1484 732 1504 v.
745 1473 792 1503 sic
807 1472 870 1512 legi

144 1515 237 1553 jubet
260 1515 407 1547 Valesius
429 1516 470 1547 ad
490 1517 646 1556 Harpocr.
668 1516 760 1547 etsie
775 1520 823 1546 est
838 1515 869 1545 in

148 1559 330 1597 Augustane
346 1570 378 1590 v.
399 1561 451 1591 22.
467 1559 541 1590 item
557 1561 587 1590 in
610 1560 747 1600 margine
764 1560 870 1589 Lutet.

148 1599 183 1630 Si
200 1601 328 1641 spudias
340 1603 439 1634 siverit
457 1604 510 1634 sibi
529 1605 564 1634 in
585 1605 708 1643 acceptis
727 1602 872 1642 imputari

149 1653 220 1675 uasa
234 1654 340 1682 aurea,
350 1656 405 1686 pro
420 1646 518 1678 valore
536 1647 633 1678 decem
656 1647 821 1682 nu'narum,
833 1649 871 1674 ut

1533 208 1615 250 233

897 311 973 340 dotis
978 316 1105 349 partem.

939 370 983 376 ——-
1011 356 1061 384 1¹7.
1087 355 1310 396 προσασέτισε]
1337 357 1456 387 variant
1480 357 1509 388 iu
1531 358 1561 389 b.
1582 367 1614 388 v.

896 396 1035 427 codices.
1062 407 1121 436 ego
1140 389 1293 437 vulgatam
1318 410 1420 436 servo,
1437 402 1526 439 cnjus
1549 402 1614 431 lnaec

897 442 947 466 est
962 440 1129 469 sententia:
1154 451 1210 480 pro
1231 441 1344 480 quibus
1370 443 1454 472 vasis
1469 444 1568 474 aureis
1584 449 1616 474 et

896 480 1011 510 mundo
1028 481 1146 521 reliquo
1161 483 1303 513 muliebri
1330 485 1515 526 Polyeuctus
1540 488 1616 516 Leo-

897 523 974 552 crati
987 524 1138 562 persolvit
1151 526 1259 554 decem
1282 527 1390 563 minas,
1411 535 1520 566 praeter
1541 530 1617 565 alia,

898 576 965 605 qnae
978 570 1043 595 tum
1052 565 1080 595 ei
1091 566 1244 603 solvebat,
1254 568 1355 598 damni
1368 570 1473 600 luendi
1484 572 1616 608 nomine,

898 619 967 638 cum
983 608 1074 638 filiam
1086 618 1172 638 suam
1189 619 1207 638 a
1223 611 1372 640 Leocrate
1388 613 1541 648 aufferret,
1557 625 1617 653 quo

899 652 1026 692 Spudiae
1041 652 1168 682 eandem
1185 652 1281 682 daret.

940 713 983 719 --
996 697 1046 726 18.
1061 693 1116 734 ἐγὼ
1132 694 1160 726 δὲ
1176 712 1220 718 --
1233 694 1249 736 ]
1267 697 1363 726 verba
1376 697 1471 736 paulo
1479 695 1614 729 insolen-

900 738 962 768 tius
977 738 1107 777 trajecta
1121 738 1159 768 ad
1176 739 1257 769 hune
1277 739 1402 770 modum
1423 739 1455 769 in
1478 745 1617 771 constru-
1654 762 1658 767 -

901 781 1002 812 ctione
1017 781 1217 812 ordinenturt
1231 781 1279 812 ἐὰν
1290 781 1319 812 δέ
1335 793 1382 816 τις
1396 782 1480 823 τιθῇ,
1496 781 1551 812 ὅσα
1563 782 1619 822 ἐγὼ

899 822 1157 866 ἔχω,πὲμψαντος
1172 824 1359 862 Πολυεύκτου,
1371 825 1460 867 χωςὶς
1475 827 1527 860 τῆς
1541 837 1618 866 προι-

900 868 956 904 κὸς,
969 867 1036 908 πρὸς
1045 870 1088 898 τὰ.
1103 868 1195 908 τούτῳ
1210 867 1332 901 δοθέντα
1341 868 1428 910 χωρὶς
1437 870 1489 904 τῆς
1501 869 1621 909 προικός,

901 911 1005 951 εὑρήσει
1026 910 1116 941 ἐκεῖνα
1128 912 1211 951 μόνον
1223 913 1418 953 παραπλήσια
1433 912 1554 946 τούτοις.
1568 914 1620 943 ubi

901 954 981 994 μόνον
993 954 1071 984 illud
1084 955 1210 994 suincit
1221 955 1298 986 hanc
1314 956 1495 986 sententiam
1510 967 1517 985 :
1541 956 1624 995 μόνον

902 998 1106 1037 παραπλήσια,
1128 997 1200 1028 ἀλλ’
1226 999 1256 1030 οὔ
1288 1000 1362 1030 πολὺ
1392 998 1493 1035 πλείω,
1524 1000 1622 1040 ὥσπερ

901 1041 973 1080 φησὶ
991 1040 1139 1075 Σπουδίας.
1157 1051 1276 1077 eorum,
1293 1052 1360 1082 quae
1376 1042 1474 1073 habeo
1490 1053 1507 1072 a
1524 1043 1621 1082 Poly-

904 1089 995 1114 eucto
1011 1084 1087 1114 mihi
1102 1089 1216 1124 praeter
1232 1085 1335 1116 dotem
1349 1086 1457 1121 missa,
1473 1086 1621 1125 quicquid

903 1133 963 1163 est,
978 1126 1006 1157 si
1027 1127 1096 1167 quis
1116 1127 1148 1157 id
1169 1137 1237 1158 oum
1253 1129 1346 1159 rebus
1362 1129 1488 1168 Spudiae
1504 1134 1619 1168 praeter

901 1171 1005 1200 dotem
1025 1180 1044 1200 a
1067 1180 1176 1201 socero
1196 1171 1324 1202 donatis
1347 1177 1520 1211 comparet,
1536 1173 1624 1203 inve-

902 1213 964 1243 niat
979 1213 1042 1243 illis
1065 1213 1114 1244 his
1137 1214 1330 1246 solummodo
1347 1214 1474 1250 similia,
1493 1225 1552 1245 non
1569 1225 1622 1245 au-

903 1261 965 1286 tem
983 1256 1145 1296 ampliora,
1160 1267 1345 1298 quamquam
1369 1258 1624 1298 Spudiascontra

902 1309 972 1330 esse
991 1300 1159 1331 contendit.

945 1360 989 1366 —-
1003 1346 1056 1374 ΞΟ.
1067 1344 1154 1385 χωρὶς
1166 1346 1223 1374 τῶν
1234 1343 1271 1377 εἰς
1287 1345 1343 1378 τὰς
1357 1343 1458 1386 χιλίοις
1472 1344 1623 1382 ἀποτιμη-

903 1384 1018 1427 θέντων]
1037 1388 1176 1417 exclusis
1192 1388 1230 1417 ab
1250 1391 1378 1427 intraque
1395 1386 1469 1423 illis,
1484 1397 1552 1426 quae
1568 1387 1623 1416 de-

903 1430 951 1460 nis
970 1428 1062 1460 minis
1077 1430 1228 1461 aestimata
1241 1435 1273 1461 et
1288 1431 1410 1471 utrique
1424 1431 1456 1460 in
1473 1429 1622 1470 expensis

902 1472 1053 1513 imputata
1074 1473 1206 1510 fuerant,
1230 1474 1327 1504 actori
1353 1479 1429 1514 puta
1444 1474 1554 1503 domus
1569 1473 1624 1502 de-

904 1525 971 1546 cem
986 1516 1084 1547 minas
1100 1517 1220 1553 valens,
1230 1522 1261 1548 et
1270 1517 1398 1557 Spudiae
1410 1517 1543 1547 mundus
1556 1525 1623 1545 mu-

903 1559 1010 1590 liebris
1024 1560 1184 1591 tantidem.

947 1620 989 1626 ——-
1006 1605 1059 1633 27.
1074 1602 1196 1643 εἰδῶσιν]
1210 1602 1336 1641 judices
1352 1606 1439 1643 puta.

947 1644 1081 1674 -ibid.
1095 1644 1174 1686 ἔχει]
1192 1645 1341 1685 Spudias,

235 1776 324 1820 AD
357 1777 736 1820 ORATIONEM
769 1774 1096 1818 ADVERSUS
1130 1776 1538 1823 PHAENIPPUM.

196 1901 294 1932 1039.
324 1902 356 1932 2.
393 1901 556 1944 ἀπόφασιν]
589 1902 664 1932 dedi
701 1901 874 1942 ἀπόφανσιν.

153 1943 278 1974 tametsi
291 1954 350 1974 non
360 1944 483 1984 ignoro,
495 1946 562 1975 haec
578 1945 639 1975 duo
654 1945 805 1975 vocabula
815 1954 874 1974 sae-

154 1986 285 2026 pissime
298 1986 380 2018 inter
396 1997 429 2017 se
445 1988 623 2027 permutari,
633 1992 668 2018 ut
679 1988 807 2018 dubium
821 1987 874 2023 sit,

151 2033 258 2059 utrum
273 2030 412 2069 praeferri
422 2031 544 2061 debeat.
554 2031 633 2061 illud
644 2036 696 2062 est
708 2042 726 2061 a
735 2042 767 2061 v.
783 2031 873 2071 φημὶ,

155 2072 215 2102 hoc
229 2082 248 2102 a
260 2083 291 2103 v.
305 2072 403 2113 φαίνω.
416 2080 626 2105 verumtamen
642 2085 660 2105 a
676 2075 770 2106 verbo
785 2075 874 2114 φαίνω

150 2115 248 2146 etiam
273 2126 304 2146 v.
327 2118 418 2157 φάσις
433 2117 606 2148 derivatum
624 2122 682 2148 est.
707 2123 738 2148 et
759 2122 874 2148 utrum-

157 2168 230 2198 qne,
247 2163 309 2189 tam
324 2158 424 2200 φαίνω,
440 2171 530 2201 quam
547 2161 639 2202 φημὶ,
658 2161 743 2192 venit
758 2172 775 2192 a
790 2171 872 2192 oom-

152 2201 241 2233 muni
256 2202 341 2233 fonte
351 2205 428 2243 φάω.

199 2260 244 2269 -
259 2246 292 2276 5.
314 2246 415 2289 μηνὸς]
439 2253 513 2287 post
533 2247 619 2287 μηνὸς
634 2247 758 2278 videtur
771 2246 875 2287 φθίνον-

158 2298 210 2321 τος
223 2288 343 2321 deesse.
354 2301 385 2320 v.
401 2301 432 2330 p.
449 2294 545 2322 1049.
563 2295 616 2322 14.
633 2302 720 2321 nemo
736 2291 816 2322 enim
830 2291 874 2321 sio

157 2330 240 2360 nude
259 2332 338 2363 dicit
363 2332 433 2376 ἕκτῃ
456 2334 554 2374 μηνὸς,
569 2334 622 2365 sed
639 2339 692 2364 aut
715 2334 876 2374 ἱσταμένου

159 2373 259 2410 addit,
274 2381 326 2406 aut
342 2375 489 2416 φθίνοντος.
506 2379 586 2418 quod
601 2377 653 2408 hic
666 2378 732 2409 fieri
742 2383 875 2418 oportet.

159 2425 229 2446 nam
255 2423 343 2449 sexta
368 2420 437 2451 dies
451 2421 567 2452 mensis
583 2421 719 2452 ineuntis
745 2421 876 2452 multum

156 2460 256 2492 ,distat
270 2471 288 2491 a
303 2467 393 2493 sexto
408 2463 460 2494 die
474 2464 590 2495 mensis
605 2465 805 2504 exspirantis.

203 2519 246 2525 -
259 2507 312 2535 13.
327 2506 376 2536 καὶ
386 2506 503 2547 τᾶλλα]
521 2508 650 2538 subaudi
661 2506 800 2539 ἐποίησεν.

202 2564 250 2570 -
268 2550 320 2579 18.
343 2550 404 2584 τοῖς
425 2550 525 2584 ἄλλοις
547 2551 609 2585 τοῖς
632 2549 831 2591 ἒξγαζομένοις
850 2550 876 2582 ἐν

158 2591 221 2625 ’τοῖς
234 2590 336 2633 ἔργοις]
352 2593 484 2624 subaudi
500 2594 561 2627 τοῖς
569 2594 770 2634 μεταλλικοῖς.
784 2596 878 2626 verba

160 2635 222 2669 τοῖς
240 2632 433 2675 ἐργαζομένοις
461 2641 532 2667 sunt
554 2636 710 2676 expositio
725 2637 878 2677 praemissi

159 2678 222 2712 τοῖς
235 2677 345 2713 ἄλλοις.
366 2680 443 2711 alias
463 2684 607 2720 potuerat
626 2690 750 2720 quoque
771 2680 878 2712 dicere

157 2722 217 2753 ’νῦν
230 2718 432 2760 ἐργαζομένων.

205 2781 253 2788 -
268 2768 321 2797 19.
344 2763 384 2794 ταὶ
397 2764 492 2794 δίκαια
505 2766 670 2807 μεγάλαις]
697 2767 821 2797 correxi
837 2766 879 2797 *ra*

165 2806 190 2838 δ’
204 2808 261 2839 ἰδία
275 2808 434 2847 μεγάλαις.
449 2812 572 2848 poterat
589 2819 712 2849 quoque
726 2811 765 2840 τὰ
781 2809 805 2839 δ’
820 2810 877 2840 ἴδια

161 2861 234 2890 μεγ.
247 2851 372 2890 corrigi.
388 2861 456 2881 nam
471 2850 512 2881 τοὶ
536 2851 592 2891 μὲν
614 2853 806 2892 praemissum
822 2853 877 2884 fla-

164 2894 263 2932 gitnre
285 2893 459 2932 videbatur,
484 2899 518 2925 ut
541 2905 601 2925 non
616 2896 656 2925 τά
673 2907 718 2933 τε,
735 2897 816 2936 quod
831 2901 878 2926 est

164 2936 196 2966 in
213 2940 405 2977 Augustam,
418 2938 474 2968 sed
494 2937 534 2967 ταὶ
548 2938 577 2969 δὲ
591 2944 747 2978 sequatur,
759 2944 791 2969 ut
807 2949 875 2970 meo

163 2981 306 3019 periculo
330 2981 463 3012 restitui.
486 2982 544 3011 fuit
571 2992 640 3012 cnm
656 2984 829 3022 suspicarer
845 2983 875 3012 in

161 3021 205 3053 w*
220 3023 314 3053 δίκαια
326 3023 420 3055 latere
435 3026 496 3061 ’τοῖς
514 3027 699 3061 Δεκελεικοῖς,
717 3031 797 3059 notae
806 3031 874 3059 sunt

211 3077 287 3099 VOL,
304 3076 333 3096 V·

908 1899 958 1929 vel
976 1909 993 1929 e
1005 1900 1089 1932 bello
1104 1901 1372 1942 Peloponnesiaco
1388 1901 1546 1933 Decelicae
1562 1901 1628 1930 offi-

908 1942 995 1972 cinae.
1040 1945 1205 1976 Probabile
1223 1946 1350 1985 quidem
1367 1951 1415 1976 est
1430 1955 1538 1976 nomen
1555 1955 1627 1983 pro-

908 1985 1007 2026 prium
1022 1986 1072 2017 hio
1088 1988 1271 2021 desiderari.

953 2030 1050 2060 1040.
1073 2032 1105 2061 5.
1127 2031 1280 2074 διαμένειν]
1310 2032 1413 2062 malim
1443 2029 1628 2073 παραμένειν,

907 2071 980 2111 quia
1002 2074 1159 2115 vulgatum
1186 2086 1255 2106 eum
1282 2076 1441 2117 διευτυχεῖν
1464 2085 1523 2104 non
1553 2073 1629 2104 satis

908 2117 985 2146 bene
999 2118 1163 2149 convenire
1179 2119 1310 2149 videtur.

950 2177 998 2184 —
1013 2162 1066 2192 13.
1086 2160 1251 2204 ἐσχατιὰν]
1279 2162 1363 2192 Citat
1378 2161 1408 2192 h.
1424 2162 1446 2191 1.
1473 2161 1628 2199 Harpocr.

909 2213 939 2233 V·
957 2203 1101 2247 ἔσχατιᾶ..

953 2267 999 2273 —
1014 2252 1066 2280 14.
1089 2248 1193 2289 αὐτοῦ]
1223 2248 1310 2278 uncis
1338 2248 1464 2285 inclusi,
1490 2247 1560 2287 quia
1590 2247 1628 2274 ab

908 2292 1092 2336 Augustano
1115 2294 1238 2330 aberat5
1261 2291 1384 2322 correxi
1406 2296 1506 2322 tamen
1526 2290 1630 2322 αὐτοὺς

909 2349 979 2369 meo
994 2336 1147 2379 periculo,
1163 2336 1316 2376 quomodo
1333 2335 1358 2365 si
1369 2335 1501 2374 legatur,
1513 2331 1630 2364 servari

909 2382 1037 2422 poterit.
1052 2390 1120 2410 cum
1129 2379 1387 2410 circumduxissem
1398 2380 1408 2408 i
1412 2378 1474 2411 llos.
1485 2385 1629 2406 necessa-

910 2426 974 2456 rios
990 2427 1067 2466 puta
1081 2433 1166 2453 meos
1182 2423 1369 2461 amicosque.

954 2487 998 2492 —
1014 2469 1067 2499 ⁶23.
1085 2465 1179 2506 ἅλως]
1203 2465 1328 2496 videtur
1352 2465 1415 2504 leg.
1431 2473 1499 2494 esse
1515 2461 1578 2501 ἕλω
1599 2461 1628 2490 in

912 2510 1102 2542 nominativo
1115 2509 1237 2549 plurali.
1253 2519 1315 2547 quo
1330 2508 1422 2538 etiam
1438 2506 1534 2537 lectio
1549 2514 1629 2535 mar-

912 2555 992 2595 ginis
1010 2556 1112 2585 Latet.
1128 2552 1191 2582 ὅλοι
1217 2552 1316 2588 ducit,
1342 2551 1393 2591 qui
1414 2555 1463 2581 est
1485 2548 1632 2579 nominat.

910 2599 994 2638 plur.
1017 2596 1162 2629 secundae
1178 2595 1321 2626 declinat.
1340 2593 1487 2634 vulgariS,
1500 2592 1562 2629 ἶιλω
1579 2599 1631 2619 au-

911 2645 972 2671 tem
989 2640 1073 2672 idem
1090 2644 1149 2676 est,
1165 2639 1220 2669 sed
1234 2637 1426 2669 formationis
1450 2634 1574 2665 Atticae.
1602 2637 1631 2661 ct

910 2684 975 2714 ἅλω
989 2685 1062 2715 decii
1077 2683 1117 2713 de
1132 2691 1213 2712 meo.

954 2718 998 2751 2—-
1014 2730 1066 2759 24.
1082 2726 1202 2766 μικροῦ]
1218 2733 1307 2761 perne.
1319 2720 1501 2753 subauditur
1513 2718 1562 2754 δεῖ,
1579 2717 1627 2746 vel

913 2768 978 2800 δέον.

954 2830 997 2835 -
1012 2815 1065 2843 27.
1089 2809 1226 2840 ἀπειπὼν
1240 2807 1390 2849 κωλύσας]
1405 2803 1527 2837 correxi
1544 2803 1630 2832 ἄπει-

912 2857 971 2886 πῶν
985 2855 1033 2885 καὶ
1053 2853 1197 2889 κωλύσας,
1218 2863 1257 2883 ex
1276 2853 1467 2890 Augustano.
1485 2856 1552 2876 cum
1571 2856 1629 2874 non

910 2899 1014 2928 verbis
1026 2897 1217 2928 solummodo
1226 2895 1408 2928 vetuissem,
1422 2892 1475 2922 sed
1488 2890 1579 2919 etiam
1590 2899 1633 2918 re.

912 2942 969 2971 bus
982 2941 1059 2981 ipsis
1071 2939 1316 2980 impedivissem,
1336 2947 1374 2966 nc·
1396 2935 1467 2974 quid
1480 2934 1632 2972 lignorum

911 2986 949 3013 ab
967 2984 1150 3024 agasonibus
1163 2983 1316 3011 asinorum
1332 2981 1564 3017 exportaretur.
1582 2975 1633 3004 illa

911 3028 992 3058 enim
1011 3029 1103 3058 verba
1119 3027 1159 3063 μῆ
1173 3025 1279 3063 ἐξάγειν
1294 3025 1337 3051 τὺ.
1356 3023 1416 3051 {m
1434 3020 1634 3051 communiter

912 3074 930 3101 32
949 3082 970 3101 ιι
