1931 3323
309 207 394 248 300

304 313 376 344 mihi
392 314 487 343 videor
508 313 556 342 abs
576 317 602 342 te
620 317 780 343 contemtus
797 317 884 352 atque
903 311 1019 341 delusus

305 367 369 388 esse.

348 416 390 423 —-
403 401 455 429 ⁴32.
471 397 556 432 οὕτως
572 396 655 438 ἕξειν]
672 397 740 428 scil.
751 400 788 433 ὡς
802 395 857 435 ἐγώ
872 405 959 438 φημι.
977 397 1019 426 ita

306 453 368 473 rem
389 448 580 476 eventuram.
604 447 637 472 ut
653 441 713 478 aio,
728 441 796 471 scil.
812 441 944 470 animum
965 441 1019 470 abs

305 491 336 516 te
363 495 462 515 meum
490 485 692 516 abalienatum
718 484 768 519 iri,
796 484 915 515 etiamsi
939 483 1019 514 haud

307 530 337 558 id
353 539 418 568 prae
434 539 481 558 me
494 528 597 558 feram.

348 589 392 594 -—-
407 573 459 602 26.
477 571 510 601 τὸ
524 570 578 611 μὲν
592 573 646 613 γὰρ
661 569 690 602 εὖ
706 569 882 612 emesam]
899 570 1017 600 malim:

307 614 340 644 τό
362 613 419 655 μὲν
440 616 494 655 γὰρ
514 615 667 654 εὐδοκιμεῖν
685 613 847 645 &oukea-flac.
869 625 927 644 non
943 615 1020 644 enim

308 658 387 688 nobis
411 658 487 688 deest
517 658 653 689 voluntas
676 658 804 698 gloriam
829 657 1019 696 adipiscendi.

306 706 359 732 aut
369 699 444 732 alias
460 699 490 731 εὖ
499 701 589 741 plane
601 705 648 731 est
662 700 838 731 delendum.
851 701 932 732 haud
944 701 1021 730 enim

307 745 381 776 deest
394 745 529 775 voluntas
542 744 643 774 similis
655 745 702 773 tm'
716 743 868 774 evadendi.

350 790 447 820 1491.
463 790 493 818 2.
510 789 566 817 τῶν
585 784 614 816 εὖ
637 785 798 827 φρονούντων
819 786 924 827 χεῖρον]
947 785 1021 815 dedi

308 832 362 860 τῶν
374 832 424 861 σοῦ
436 832 593 873 φρονοῦντων
605 831 704 871 χεῖρον.
721 829 859 865 deterius,
876 838 964 869 quam
974 834 1020 865 tu,

307 875 504 904 sentientium.

350 935 392 940 -—
407 927 478 956 pen.
500 914 674 956 ἐπίστελλε]
698 913 880 945 ἐπιστέλλειν
895 914 945 945 hic
962 915 1021 944 looi

310 960 460 999 significat
474 959 617 989 mandare
634 958 751 994 verbis,
767 959 884 995 nuntio,
897 958 978 998 quod
995 957 1022 988 is

310 1003 412 1033 verbis
425 1003 499 1032 item
522 1001 550 1032 ei
572 1001 694 1038 reddat,
715 1003 754 1032 ad
775 1012 864 1041 quem
880 1001 1022 1038 mittitur,

307 1047 372 1076 sine
389 1045 529 1085 epistola.
575 1046 613 1075 In
629 1043 745 1085 γράψας
760 1045 943 1076 subauditur
957 1046 1022 1075 τοῦ·

306 1101 352 1120 τον
365 1087 411 1118 τὸν
420 1088 523 1131 χρόνον.
568 1088 725 1119 Sententia
741 1094 789 1119 est
801 1100 808 1119 :
832 1090 890 1119 hoc
901 1093 1022 1128 tempus

307 1138 339 1163 tu
355 1132 430 1162 mihi
446 1137 499 1162 aut
509 1142 566 1171 per
577 1131 682 1163 literas
691 1132 840 1172 significa,
854 1137 906 1163 aut
918 1132 1023 1169 etiam,

307 1176 333 1206 si
343 1176 441 1206 mavis
452 1175 645 1212 familiarius,
653 1181 687 1206 ut
698 1187 768 1207 cnm
778 1176 900 1207 homine
912 1176 1022 1213 amico,

306 1229 409 1259 agere,
429 1219 620 1250 solummodo
640 1230 696 1259 per
716 1220 868 1258 nuntium,
883 1220 1024 1250 mandata

311 1262 416 1293 verbis
431 1263 620 1294 referentem.

351 1306 453 1337 —Ad
471 1305 634 1346 epistolam
650 1310 781 1338 sextam.
798 1311 828 1338 1.
842 1305 938 1349 ἦλθεν]
957 1307 1025 1338 scil.

309 1349 499 1381 eThessalia
513 1360 532 1380 e
547 1350 658 1381 castris
677 1356 851 1382 nostrorum
867 1352 905 1382 ad
924 1351 1026 1382 Lami-

310 1403 369 1423 am.

349 1453 393 1459 ——-
408 1439 438 1468 3.
461 1436 617 1479 συνέδρους]
641 1437 695 1477 qui
719 1437 862 1468 videntur
880 1437 1027 1477 Delphis,

308 1485 360 1510 aut
372 1480 412 1510 ad
428 1480 537 1519 Pylas,
552 1481 583 1509 in
599 1486 752 1512 conventu
767 1481 1026 1521 Amphictyonico

309 1522 438 1553 sedisse.
464 1523 542 1553 unde
559 1523 614 1552 has
636 1534 758 1562 quoque
778 1524 886 1552 literas
911 1526 1025 1553 Demo-

308 1567 430 1596 sthenes
448 1565 572 1596 videtur
587 1565 724 1595 dedisse.

351 1627 394 1633 —
408 1609 485 1639 ibid.
508 1607 630 1649 ἀγαθὰ]
655 1607 742 1638 nobis
763 1611 850 1647 puta,
869 1608 950 1648 parti
972 1618 1026 1638 no-

309 1657 392 1689 strae,
404 1652 631 1682 Macedonibus
645 1651 833 1687 adversanti,
844 1655 876 1682 et
890 1651 1025 1682 libertati

309 1696 488 1726 Graecorum
505 1695 677 1726 asserendae
690 1694 838 1725 studenti.

350 1756 395 1762 -
407 1740 440 1770 5.
459 1738 673 1780 ἀπολείπουσα]
691 1738 722 1768 id
738 1742 798 1774 est,
813 1736 996 1779 παρέχουσέἱ.

351 1799 395 1805 —-
409 1783 440 1811 7.
465 1780 532 1823 πρὸς
546 1780 709 1824 Δείναρχον]
735 1782 908 1811 Dinarchus
932 1781 1026 1818 enim,

310 1825 536 1856 Macedonibus
547 1825 699 1861 addictus,
712 1829 775 1855 tum
783 1824 933 1861 Corinthi,
946 1825 1026 1856 unde

311 1874 377 1900 erat
391 1869 553 1906 oriundus,
568 1869 738 1900 exsulabat.

459 205 491 246 1.
522 204 556 245 Ι.
585 202 810 245 REISKE
843 200 1171 244 ANNOTATA
1205 202 1290 243 AD
1323 200 1665 245 EPISTOLAS.

1099 327 1141 332 -·
1158 313 1188 340 9.
1204 308 1263 339 οῖ’ων
1273 310 1330 351 —]
1349 310 1454 349 quales
1470 320 1610 340 rumores
1625 310 1654 340 in
1673 315 1765 349 capnt

1056 363 1159 383 eorum
1175 353 1378 392 detorqueant
1393 353 1448 389 dii,
1461 352 1482 383 i.
1497 363 1526 383 e.
1541 353 1652 384 faciant
1667 353 1722 388 (lii,
1733 358 1767 382 ut

1055 400 1116 426 tam
1132 396 1211 432 dira,
1226 400 1318 435 atque
1334 396 1378 426 illi
1400 397 1438 426 de
1459 395 1548 426 nobis
1570 406 1692 426 rumore
1708 396 1766 426 dif-

1056 440 1166 476 ferunt,
1180 439 1217 469 de
1232 439 1312 479 ipsis
1328 440 1533 479 praedicentur
1548 439 1692 470 invicem.

1097 501 1139 505 —
1160 486 1210 513 10.
1227 482 1414 524 ἀφικομένου]
1430 493 1556 512 reverso
1571 493 1588 512 e
1602 482 1713 512 castris
1729 482 1766 511 ad

1057 526 1204 563 Lamiam,
1218 527 1278 557 huo
1292 526 1331 556 ad
1344 537 1412 562 nos,
1426 525 1455 555 in
1470 525 1557 565 Pylis
1573 530 1710 564 agentes.

1098 587 1140 592 ——-
1156 570 1232 600 ibid.
1256 569 1381 611 ἥκοντος]
1409 569 1478 599 scil.
1499 567 1565 609 πρὸς
1585 569 1663 608 ὑμᾶς
1685 570 1767 609 μετὰ

1054 613 1104 643 τοῦ
1119 612 1226 644 ταύτην
1239 615 1289 644 τὴν
1303 613 1371 654 παρ’
1384 611 1454 652 ἐμοῦ
1469 611 1621 643 ἐπιστολὴν
1632 611 1767 652 φέροντος.

1053 657 1149 688 Juvat
1164 656 1393 696 perspicuitatis
1409 655 1509 696 gratia
1521 655 1620 692 illum,
1636 655 1688 694 qni
1706 655 1768 684 De-

1055 700 1222 730 mosthenis
1247 700 1353 730 literas
1373 699 1411 729 ad
1429 699 1461 730 S.
1477 700 1513 729 P.
1529 699 1570 735 Q.
1588 699 1624 728 A.
1642 698 1769 737 pertulit

1056 742 1203 779 Athenas,
1214 743 1446 782 Apollodorum,
1456 742 1598 772 comitem
1610 743 1678 781 ejus
1691 741 1768 771 Dio-

1055 786 1175 821 dorum,
1190 786 1358 825 appellare.
1381 785 1551 816 Diodorum
1567 785 1669 824 itaque
1684 795 1701 814 e
1718 794 1769 814 ca·

1057 827 1129 858 stris
1153 829 1191 858 ad
1221 828 1358 859 Lamiam
1381 839 1451 859 cum
1473 829 1679 858 Polemaestus
1702 828 1770 868 (aut

1058 871 1242 902 Ptolemaeus
1254 871 1375 913 potius)
1391 872 1429 902 ad
1442 872 1566 902 fratrem
1581 870 1770 911 Elpinicum,

1056 915 1087 944 in
1103 915 1192 955 Pylis
1208 919 1360 955 agentem,
1376 915 1430 945 nbi
1451 915 1673 945 Demosthenes
1694 913 1770 944 item

1058 963 1121 988 tum
1133 958 1255 998 agebat,
1267 958 1412 994 misisset,
1425 957 1588 997 Elpinicus
1599 957 1770 987 Diodorum

1056 1001 1095 1032 ad
1119 1002 1360 1032 Demosthenem
1381 1001 1522 1037 adduxit,
1550 1001 1640 1040 eique
1664 999 1772 1030 literas

1057 1044 1158 1075 fratris
1174 1045 1320 1081 ostendit,
1336 1045 1366 1075 in
1383 1044 1495 1085 quibus
1510 1054 1578 1075 cum
1594 1054 1665 1082 spes
1683 1044 1772 1073 dare-

1057 1092 1107 1118 tur
1123 1088 1361 1119 Atheniensibus
1379 1089 1425 1118 sic
1449 1088 1524 1118 satis
1543 1086 1711 1127 probabilis
1726 1086 1772 1116 vi-

1057 1132 1175 1168 ctoriae,
1193 1132 1349 1171 judicavit
1365 1132 1588 1163 Demosthenes
1607 1141 1624 1161 e
1639 1140 1674 1160 re
1691 1139 1772 1165 esse,

1057 1175 1143 1206 illum
1163 1175 1336 1207 Diodorum
1353 1186 1414 1206 una
1433 1185 1503 1206 cum
1523 1174 1714 1213 Apollodoro
1732 1173 1773 1202 A·

1057 1219 1164 1250 thenas
1179 1230 1198 1250 a
1213 1230 1247 1250 se
1262 1218 1355 1256 mitti,
1369 1228 1499 1260 quorum
1515 1218 1565 1248 hic
1580 1216 1705 1257 quidem
1719 1215 1773 1245 has

1060 1262 1280 1294 Demosthenis
1300 1262 1406 1293 literas
1426 1262 1466 1292 ad
1481 1262 1514 1292 S.
1529 1261 1569 1291 P.
1585 1262 1625 1300 Q.
1642 1260 1681 1290 A.
1704 1268 1774 1298 per·

1059 1307 1164 1343 ferret,
1178 1307 1233 1337 ille
1255 1316 1330 1338 vero
1350 1305 1389 1337 de
1414 1306 1525 1346 proelio
1545 1303 1690 1335 Lamiaco
1710 1312 1774 1332 rne-

1060 1349 1186 1381 moriter
1199 1351 1230 1380 in
1242 1349 1389 1381 concione
1405 1353 1588 1389 exponeret,
1601 1345 1691 1377 testis
1701 1354 1775 1375 ocu-

1060 1394 1151 1423 latus.

1104 1438 1200 1469 1492.
1217 1440 1248 1467 1.
1264 1433 1402 1477 κᾷκείνου]
1418 1434 1501 1465 redit
1514 1433 1553 1464 ad
1566 1431 1753 1473 Elpinicum.

1103 1498 1146 1502 —
1162 1482 1192 1510 2.
1216 1477 1387 1519 ἀγαγόντος]
1414 1478 1483 1508 seil.
1503 1477 1602 1507 τοῦτον
1624 1474 1672 1506 τὸν
1693 1485 1777 1514 πεμ-

1059 1518 1175 1562 φθέντα
1200 1523 1265 1562 πρὸς
1287 1519 1384 1552 {am-&v
1399 1523 1478 1562 wag&
1493 1520 1542 1550 τοῦ
1555 1518 1676 1559 ἀδελφοῦ
1692 1519 1776 1558 μετὰ.

1060 1563 1255 1605 γραμμάτων.

1102 1625 1144 1630 -
1159 1607 1236 1638 ibid.
1263 1606 1282 1637 ἃ
1304 1606 1413 1647 ἔλεγεν]
1438 1607 1492 1638 ille
1513 1617 1531 1637 a
1546 1606 1717 1637 Ptolemaeo
1737 1605 1774 1635 ad

1060 1651 1184 1681 fratrem
1200 1650 1376 1690 Elpinioum
1391 1650 1517 1681 missus.

1101 1712 1145 1718 --
1160 1697 1192 1725 4.
1205 1693 1409 1735 στρατοπέδῳ]
1430 1693 1497 1724 scil.
1513 1692 1557 1734 τῷ
1569 1691 1636 1734 πρὸς
1650 1690 1778 1732 Λαμίαν.

1103 1755 1145 1760 -
1161 1748 1233 1777 pen.
1256 1739 1313 1769 τῶν
1332 1736 1404 1768 θεῶν
1418 1736 1559 1768 θελόντων
1566 1736 1625 1777 —-]
1653 1734 1754 1765 malim
1769 1745 1775 1762 :

1059 1783 1115 1811 τῶν
1124 1780 1194 1811 θεῶν
1208 1779 1358 1816 θελόντων,
1369 1777 1387 1811 ἶΐ
1398 1780 1552 1816 βούλεσθε,
1563 1778 1641 1819 ἕξειν.
1657 1788 1777 1818 persua-

1060 1824 1123 1855 dete
1138 1825 1227 1861 vobis,
1247 1828 1351 1855 caetera
1366 1834 1486 1865 quoque,
1505 1824 1562 1854 diis
1573 1822 1717 1862 propitiis,
1733 1821 1777 1851 ila

1062 1867 1201 1899 habitura
1214 1868 1247 1898 in
1262 1874 1418 1907 posterum,
1434 1871 1470 1897 ut
1482 1867 1538 1906 ipsi
1552 1866 1652 1897 vultis.

924 2202 1169 2241 REISKII

559 2296 970 2333 ANNOTATORUM
997 2298 1069 2332 AD
1097 2297 1513 2333 DEMOSTHENEM

983 2387 1113 2418 Flle.
