1931 3323
309 188 393 229 514

320 295 426 326 sertim
440 297 533 326 verba
553 296 727 327 excellendi
745 301 776 327 et
791 296 951 336 superandi
968 298 1025 327 hoc

318 339 409 368 modo
434 339 517 375 fiunt,
532 344 564 369 ut
588 339 741 380 ὑπερέχειν,
768 339 905 382 προέχειν,
921 340 1025 380 προφέ-

317 391 380 420 ςειν,
397 381 544 422 ὑπεραίρειν
559 388 589 412 et
606 384 743 423 quaedam
762 384 821 413 alia
841 394 969 424 synon.;
986 384 1025 413 de

317 435 378 463 quo
411 426 475 455 haec
501 426 605 464 regula
637 427 837 456 observetur:
878 427 1025 476 Quaedam

318 469 414 497 verba
430 473 500 498 sunt
521 470 602 508 apud
619 470 672 499 Gr.
690 480 757 508 quae
780 470 808 499 in
826 469 961 509 simplici
984 470 1026 499 si-

318 510 903 553 gnificantferire,jaculari,percutere,
915 523 982 552 quae
996 513 1025 542 in

318 564 419 593 comp.
448 565 515 584 cum
540 565 674 595 praepos.
705 556 782 595 ὑπὲρ
807 557 963 594 eleganter
986 556 1026 585 si-

316 597 463 636 gnifieant
478 597 511 627 τὸ
525 597 609 639 νικᾷν,
627 598 771 634 excellere,
787 609 935 637 superare,
950 609 1028 629 exce-

318 641 396 670 dere.
439 640 513 670 Tria
535 652 598 680 prae
624 642 691 672 aliis
721 642 881 671 annotavi:
914 652 932 671 a
955 641 1027 671 παίω

313 684 459 723 percutio,
475 683 618 724 ὑπερπαίω
638 686 750 719 excedo,
769 684 891 714 eaecello:
915 695 931 713 a
952 683 1028 716 Βάλ-

316 731 358 754 λω
369 727 463 765 jacio,
479 728 651 768 ὑπερβάλλω
668 742 673 756 ;
696 729 734 756 ab
750 725 884 767 ἀκοντίζω
893 727 1029 766 jaculor,

317 769 519 810 ὑπεξακοντίζω
534 771 647 806 excello,
671 771 756 809 quasi
785 770 865 799 ultra
889 770 980 799 alium
998 776 1029 800 et

318 822 411 851 supra
434 813 525 842 alium
539 815 671 852 jaculor,
695 813 816 842 excello
832 813 1028 852 frequentiss.

317 855 439 892 Quibus
453 866 616 895 synonym.
631 855 798 896 περιβάλλω
813 866 868 895 pro
884 856 1028 897 ὑπεςίεῖιὶλ-

317 904 369 927 λου.
387 900 515 935 Longin.
532 899 594 939 ντεςὶ
614 897 666 936 '3⁴‘-
684 898 790 939 [§.1.]
817 899 864 928 καῖ
881 900 948 933 ταῖς
963 900 1029 930 ἑαυ-

317 943 373 971 τῶν
388 939 558 982 πεςιὲἔαλον.
573 943 634 981 leg.
650 942 787 975 εὐκλείαις
809 941 854 973 τὸν
871 942 954 972 αἰῶνα
975 953 1027 973 πε-

317 984 458 1024 ριέβαλον.
482 986 611 1015 seculum
633 990 684 1015 aut
700 987 787 1015 vitam
799 985 892 1026 foma
907 996 1028 1024 supera-

317 1033 400 1057 runt.
418 1028 469 1056 ubi
486 1028 604 1058 fallitur
620 1029 666 1058 vir
692 1028 901 1063 doctissimus,
923 1030 973 1068 qui
991 1039 1027 1059 eo

315 1070 348 1100 in
366 1070 435 1100 loco
457 1081 515 1110 pro
539 1069 700 1112 περιὲςαλον
720 1072 780 1112 leg.
801 1073 868 1102 vult
891 1071 1029 1111 ὑπερέβα-

317 1119 373 1143 λον.
397 1113 599 1155 ε’πεξιὲβαλον
617 1115 748 1156 (inquit)
771 1126 827 1154 pro
856 1115 1029 1155 ὑπεξὲβαλον

316 1156 423 1196 lapsus
447 1157 628 1196 pro‹:livis.'’
674 1158 741 1189 Imo
765 1169 822 1188 non
841 1159 962 1188 omnino
987 1160 1028 1188 la-

317 1210 391 1239 psus
407 1211 412 1228 :
429 1211 495 1230 nam
513 1199 691 1241 πεξιξάλλειν
706 1202 763 1231 hoc
783 1212 871 1231 sensu
886 1202 965 1231 idem
983 1209 1029 1231 est

317 1243 399 1282 quod
409 1244 606 1284 ὑπερβάλλειν,
618 1245 765 1281 excellere,
776 1254 922 1283 superare.
936 1245 1028 1275 Hom.

318 1287 435 1325 Odys5.
454 1288 617 1329 [o.17.]
607 1301 618 1317 ο
639 1289 692 1329 γὰρ
707 1287 875 1328 περιβάλλει
896 1288 1029 1321 ἅπαντας

316 1332 483 1368 Μνηστηξας
497 1330 615 1371 δώροισι.
639 1336 744 1361 auctor
765 1331 905 1361 brevium
922 1331 1027 1361 Schol.

318 1370 497 1412 πεξιξάλλει·
510 1375 584 1414 νικξί,
600 1373 785 1414 ὑπερβάλλει.

360 1433 404 1438 —
419 1419 472 1447 ⁶20.
493 1417 685 1458 διαλλακτοῦ]
712 1419 913 1452 Διαλλακτῆς,
933 1418 1028 1447 conci-

318 1458 415 1494 liator,
429 1460 608 1500 pacificator,
625 1461 797 1490 honorarius
808 1461 929 1496 arbiter,
943 1461 1029 1490 index

316 1504 588 1541 compromissorins,
618 1504 697 1533 idem
725 1504 775 1542 qui
797 1504 952 1540 διαιτητὴς,
981 1504 1026 1533 vel

317 1546 420 1584 potius
450 1546 667 1586 Riemann-{ignor
703 1548 860 1580 διαιτητής.
921 1547 1029 1576 Omnis

316 1588 396 1618 enim
413 1590 559 1624 διαιτητὴς
576 1601 633 1620 non
651 1595 718 1619 erat
734 1589 920 1624 διαλλακτής.
954 1591 1028 1619 Cer-

316 1636 364 1661 tus
375 1637 439 1662 erat
452 1643 594 1663 numerus
605 1635 659 1663 τῶν
671 1634 829 1664 διαιτητᾶν.
852 1634 912 1663 Sed
924 1633 1027 1672 quivis

316 1680 383 1705 erat.
413 1675 602 1711 διαλλακτῆς,
631 1687 841 1716 quemcunque
874 1676 1029 1716 litigantes

315 1718 465 1757 elegerint
491 1721 527 1748 ad
560 1720 852 1759 compromittendas
888 1720 967 1749 inter
996 1730 1028 1749 se

316 1761 399 1791 lites.
429 1762 612 1792 Διαλλάττω
645 1768 676 1792 et,
707 1763 914 1792 καταλλάττω
946 1762 1028 1791 idem

317 1809 400 1838 sunt,
421 1806 553 1840 concilio,
577 1806 736 1836 reconcilio.
785 1807 825 1835 Et
845 1811 945 1835 tamen
971 1816 1028 1834 non

317 1848 444 1882 dicitur,
462 1853 495 1877 ut
512 1848 619 1878 volunt
641 1850 791 1885 Gramm.‚
806 1850 1029 1885 καταλλακτῆς,

317 1892 371 1921 sed
388 1895 503 1920 tantum
520 1891 713 1925 διαλλακτήςε
739 1896 769 1921 et
783 1892 860 1921 ratio
882 1897 940 1926 est,
957 1892 1030 1930 quia

316 1934 390 1963 licet
405 1939 566 1974 utrumqne
577 1935 617 1964 sit
628 1934 796 1969 conciliare,
813 1940 872 1964 tam
887 1934 1028 1964 διαλλάτ-

316 1988 373 2007 τειν
393 1988 484 2017 quam
511 1978 742 2013 καταλλάττειν,
765 1984 864 2007 tamen
887 1977 1028 2007 διαλλάτ-

316 2031 374 2050 τειν
397 2020 519 2061 proprie
546 2026 593 2050 est
616 2022 654 2051 ad
683 2021 867 2051 concordiam
894 2023 1031 2051 reducere

315 2074 402 2103 opera
428 2065 558 2103 alicujus
582 2065 665 2094 tertii
690 2070 830 2103 tanquam
853 2064 1030 2100 mediatoris,

317 2107 540 2137 καταλλάττειν
567 2107 657 2137 etiam
691 2108 795 2147 absque
821 2107 885 2137 illa.
947 2107 1030 2146 Ergo

316 2151 391 2180 licet
413 2161 430 2180 a
455 2150 640 2180 διαλλάττειν
662 2151 702 2180 sit
720 2151 908 2185 διαλλακτὴς,
929 2154 1028 2180 tamen

317 2204 335 2223 a
353 2194 575 2223 καταλλάττειν
598 2204 656 2222 non
675 2194 789 2223 dicitur
808 2193 1030 2227 καταλλακτῆς.

318 2238 430 2276 Operae
445 2237 577 2276 pretium
592 2237 684 2266 fuerit
698 2241 802 2266 notare
814 2239 862 2267 τὴν
875 2235 1029 2267 ἐναντιοση-

317 2280 386 2319 μίαν
413 2280 501 2319 Ιιυ]ιι5
527 2280 612 2309 verbi
646 2279 841 2310 διαλλάττειν.
873 2280 1031 2318 Significat

318 2323 399 2353 enirn
423 2328 454 2352 et
475 2323 640 2362 discrepare
665 2334 718 2353 seu
745 2324 919 2357 discordare,
939 2328 1030 2362 atque

319 2368 408 2396 etiam
422 2366 612 2396 reconciliare
633 2366 831 2396 discordantes
856 2372 884 2396 et
904 2368 936 2395 in
958 2377 1031 2406 gru-

317 2411 389 2439 tiam
405 2410 553 2439 reducere.
603 2410 737 2439 Notetur
758 2419 831 2448 ergo
856 2409 1031 2439 discrimen.

320 2452 490 2481 διαλλάττον
505 2451 546 2493 (ἓν
566 2450 611 2487 αἷς
633 2451 877 2493 διαλλάττωμεν)
897 2453 936 2482 de
962 2463 1030 2493 per—

320 2495 402 2525 sonis
418 2496 559 2525 absolute
573 2496 637 2525 sine
653 2506 726 2525 casu
745 2506 809 2536 seq.
827 2501 876 2525 est
891 2496 1032 2535 discrepo,

597 189 645 230 T.
678 187 955 248 STANLEII
989 188 1465 233 ANNOTATIONES

1058 296 1175 339 differo,
1191 297 1320 328 discordo
1328 309 1339 335 ‚·
1364 303 1394 328 at
1403 309 1471 329 cum
1482 309 1585 330 accus.
1602 299 1681 338 plur.
1697 308 1769 338 per-

1060 351 1141 370 sonae
1157 346 1206 370 est
1225 342 1354 377 concilio,
1377 343 1531 372 reconcilio
1546 342 1695 383 litigantes
1713 352 1767 372 seu

1059 384 1238 420 dissidentes,
1256 388 1288 413 ut
1306 384 1460 424 διαλλάξαι
1476 388 1556 420 τινὰς
1570 385 1703 418 ἀλλήλοις
1718 385 1770 414 ve}

1060 426 1126 466 πρὸς
1139 427 1290 460 ἀλλήλους.

1102 488 1146 493 —
1157 473 1210 501 ⁴24.
1225 473 1268 510 μὴ
1281 471 1385 510 paug&
1404 470 1493 510 λέγων
1509 471 1568 500 λίαν
1589 470 1712 512 ἐνοχλῶ]
1733 480 1771 500 ne

1059 514 1194 543 sermonis
1214 514 1382 552 protizitnte
1400 515 1526 544 nimium
1540 515 1618 544 vobis
1639 515 1772 543 molestus

1060 557 1123 592 sim,
1141 557 1268 586 formula
1284 567 1343 596 qua
1356 561 1482 587 utuntur
1499 558 1650 587 Rlietores
1664 557 1694 586 in
1706 556 1772 597 epi-

1061 599 1140 638 logis
1163 599 1342 634 orationn=n‚
1369 611 1438 630 cum
1460 599 1584 630 taedium
1607 599 1769 639 deprecati

1063 642 1180 673 volunt.
1232 642 1356 684 Ἐνοχλῶ
1370 644 1527 673 molestiam
1542 652 1621 679 creo,
1637 642 1772 672 molestus

1062 695 1136 720 snm,
1154 687 1190 715 ab
1205 684 1292 725 οχλος
1303 687 1441 721 molestia,
1450 688 1577 728 ταραχὴ,
1590 686 1671 715 unde
1687 684 1771 736 ὄχλον

1062 727 1197 768 παςέχειν
1221 729 1301 758 idem
1328 730 1410 767 qnod
1433 731 1604 770 πςάγματα
1625 727 1773 769 παρέχειν,

1063 775 1094 799 et
1110 769 1144 799 δι’
1157 770 1245 812 ὄχλου
1261 769 1341 806 εἰναι,
1354 773 1502 802 molestum
1525 782 1592 803 esse.
1639 774 1773 802 Notetur

1063 812 1143 843 idem
1159 813 1362 844 vocabulum
1354 824 1386 844 1n
1403 815 1502 844 tribus
1518 814 1629 855 linguis
1641 815 1771 845 eruditis

1063 856 1234 895 significare
1257 862 1287 887 et
1309 857 1451 897 populum
1473 868 1529 887 seu
1550 858 1773 888 multitudinem

1063 904 1094 928 et
1109 900 1277 930 molestiam.
1325 901 1380 930 Est
1395 900 1473 930 enim
1486 901 1626 939 profecto
1638 901 1772 940 populus

1062 953 1112 972 res
1127 944 1267 973 molesta.
1313 942 1350 972 ln
1367 944 1451 973 Heb.
1471 952 1539 983 pun
1558 948 1605 974 est
1621 949 1652 973 et
1668 945 1771 974 multi-

1063 985 1134 1015 tudo
1145 992 1176 1016 et
1190 986 1359 1022 tumultus3
1386 987 1415 1016 in
1432 987 1485 1017 Gr.
1496 987 1583 1028 ὄχλος
1596 991 1643 1016 est
1659 987 1773 1021 πλῆθος

1063 1035 1092 1058 et
1109 1030 1244 1071 ταςαχήε
1270 1034 1301 1060 et
1316 1029 1361 1059 sic
1379 1029 1408 1059 in
1422 1031 1486 1060 Lat.
1503 1030 1600 1060 turba.
1645 1030 1706 1060 Sed
1720 1040 1772 1060 ve·

1062 1082 1131 1102 reor
1148 1075 1211 1112 jam
1229 1083 1265 1103 ne
1280 1077 1311 1102 et
1331 1083 1388 1112 ego
1405 1073 1511 1103 videar
1525 1073 1614 1103 vobis
1639 1071 1674 1103 δι’
1688 1073 1774 1115 ὄχλον

1062 1114 1140 1146 εἰναι.
1189 1116 1251 1145 Hic
1267 1115 1362 1154 igitur
1379 1117 1448 1146 vela
1462 1116 1635 1146 contraham
1653 1121 1684 1146 et
1699 1127 1773 1146 con-

1063 1159 1182 1188 cludam
1199 1159 1256 1189 hac
1276 1159 1417 1195 formula,
1432 1160 1507 1189 licet
1523 1169 1582 1189 non
1595 1165 1709 1195 orator,
1726 1165 1771 1189 la-

1063 1213 1128 1231 men
1148 1213 1230 1232 more
1243 1207 1408 1238 oratorum,
1431 1205 1473 1242 μὴ
1492 1205 1591 1242 paug&
1606 1202 1694 1241 λέγων
1709 1201 1772 1233 λίαν

1061 1243 1181 1286 ἐνοχλῶ.
1234 1245 1432 1275 solummodo
1453 1256 1573 1276 auream
1605 1246 1682 1276 lianc
1705 1257 1771 1276 sen-

1062 1289 1200 1324 tentiam,
1226 1299 1315 1328 quam
1337 1288 1385 1317 hio
1531 1289 1677 1318 orationis
1702 1299 1770 1328 quae

1063 1332 1155 1361 habet
1172 1331 1333 1361 Demosth.
1350 1331 1504 1361 coronidis
1526 1331 1595 1362 loco
1616 1342 1771 1371 apponere

1063 1375 1211 1414 vobisque
1226 1374 1450 1409 commendare,
1464 1379 1569 1413 utpote
1586 1376 1688 1405 aureis
1703 1375 1771 1405 lite-

1062 1417 1104 1447 ris
1118 1418 1250 1447 omnium
1266 1417 1420 1447 hominnm
1437 1418 1583 1448 cordibus
1598 1418 1724 1448 inscribi
1742 1423 1772 1448 et

1063 1460 1195 1500 insculpi
1221 1461 1357 1500 dignam,
1387 1460 1445 1491 viz.
1477 1460 1572 1502 ἄρχειν
1602 1460 1631 1491 δὲ
1657 1461 1772 1500 μηδενὸς

1063 1505 1139 1543 μήτε
1162 1503 1244 1542 λόγου
1269 1504 1348 1543 μήτε
1368 1502 1446 1544 ἔςγου
1468 1504 1573 1535 ἀδίκου.
1620 1504 1773 1535 Praeclara

1065 1557 1137 1576 vero
1151 1558 1213 1577 vox
1239 1557 1295 1576 nec
1318 1553 1378 1577 tam
1400 1547 1506 1577 Attico
1532 1550 1661 1578 Oratore
1683 1559 1772 1587 quam

1063 1591 1236 1620 Christiano
1251 1591 1409 1629 Tlieologo
1423 1591 1525 1630 digna.
1552 1590 1661 1630 Itaque
1673 1591 1701 1621 in
1718 1592 1775 1621 hae

1065 1644 1140 1663 voce
1169 1633 1287 1664 desino.
1331 1633 1435 1673 Atque
1467 1634 1533 1664 haec
1559 1635 1706 1664 hactenus
1732 1635 1769 1664 ad

1063 1677 1140 1706 hanc
1153 1677 1319 1706 orationem
1336 1687 1393 1716 pro
1412 1677 1537 1706 modulo
1559 1683 1663 1707 nostro
1680 1687 1773 1707 anno·

1064 1725 1125 1749 tata
1148 1720 1291 1758 dictaque
1313 1724 1412 1749 sunto.
1465 1720 1615 1758 Quoniam
1639 1731 1713 1750 vero
1733 1731 1773 1750 ex

1063 1762 1133 1792 loco
1157 1763 1287 1802 quodam
1311 1763 1405 1793 Hom.
1420 1761 1541 1803 χρυσέην
1558 1761 1581 1791 δ’
1597 1761 1713 1793 ἐπέθηκε
1728 1774 1774 1793 κο-

1064 1806 1150 1845 ρώνην,
1166 1804 1287 1846 χρυσέην
1302 1806 1412 1846 κορώνην
1426 1807 1474 1844 (h.
1490 1816 1518 1835 e.
1535 1805 1646 1844 ἀγαθὸν
1661 1806 1773 1847 τέλος),

1063 1859 1183 1878 auream
1211 1849 1387 1878 coronidem
1410 1848 1574 1888 unicuique
1603 1849 1690 1889 operi
1716 1850 1773 1879 im-

1064 1892 1234 1930 ponendam
1259 1902 1328 1921 esse
1353 1897 1476 1921 mouent
1492 1893 1545 1921 Gr.
1572 1891 1773 1931 Paroemiogr.

1062 1936 1112 1974 (ut
1137 1934 1236 1974 inquit
1262 1934 1435 1975 Eustath.),
1457 1935 1548 1966 liceat
1576 1935 1669 1974 igitur
1690 1937 1775 1967 mihi.

1065 1978 1179 2007 Statuit
1196 1978 1359 2017 (quantum
1398 1977 1523 2019 opinor)
1562 1980 1651 2009 Dem.
1669 1983 1774 2009 vester

1064 2022 1174 2051 iterum
1191 2022 1235 2062 (si
1254 2022 1341 2050 vobis
1365 2021 1408 2051 ita
1430 2020 1550 2062 placet)
1571 2022 1629 2052 hoc
1653 2023 1682 2052 in
1705 2022 1773 2052 loco

1065 2075 1121 2095 vos
1142 2064 1307 2094 convenire
1330 2068 1360 2093 et
1386 2064 1542 2094 vobiscum
1569 2065 1599 2094 in
1625 2065 1700 2095 hanc
1719 2076 1773 2104 pa-

1065 2108 1196 2137 laestram
1220 2107 1419 2138 descendere.
1462 2108 1524 2138 Sed
1548 2108 1687 2147 profecto
1713 2114 1774 2139 tam

1066 2151 1192 2180 timidus
1209 2156 1267 2186 est,
1284 2155 1318 2180 ut
1332 2160 1388 2180 non
1406 2151 1487 2181 ausit
1501 2152 1550 2182 τὴν
1564 2149 1654 2192 κυρίαν
1673 2151 1774 2191 τάξαι,

1066 2204 1121 2223 nec
1144 2199 1260 2223 certum
1286 2194 1367 2223 diem
1391 2194 1478 2224 vobis
1507 2196 1719 2234 praestituere3
1744 2200 1776 2225 et

1068 2237 1178 2267 vellem
1194 2237 1336 2277 equidem
1353 2238 1430 2267 actis
1449 2237 1596 2267 natalitiis
1612 2238 1649 2267 ad
1666 2248 1775 2268 munus

1066 2281 1202 2318 rediret;
1226 2280 1333 2310 saltem
1352 2280 1375 2309 si
1391 2280 1468 2309 inter
1485 2280 1639 2311 initiorum
1655 2281 1776 2311 termini

1067 2328 1098 2353 et
1113 2322 1336 2363 quadragesimi
1360 2322 1500 2363 ἀξιόλογον
1524 2324 1638 2363 aliquid
1655 2331 1776 2364 tempo-

1066 2367 1109 2396 ris
1139 2366 1272 2405 spatium
1304 2366 1531 2405 intercesserit;
1568 2367 1648 2406 quod
1674 2371 1775 2398 tamen

1067 2419 1187 2445 vereor,
1213 2419 1250 2438 ne
1269 2413 1321 2438 aut
1351 2409 1465 2439 nullum
1490 2410 1593 2446 fuerit,
1615 2414 1670 2440 aut
1694 2412 1777 2450 peri-

1067 2463 1171 2491 guum.
1196 2451 1322 2482 Interim
1334 2452 1371 2481 V.
1388 2452 1506 2483 clariss.
1517 2459 1607 2493 atque
1623 2454 1679 2483 buc
1690 2454 1775 2484 And.

1070 2496 1180 2526 valete.
1199 2494 1260 2535 [sic
1277 2495 1372 2525 multa
1387 2496 1486 2526 modis
1501 2497 1606 2527 multis
1621 2497 1776 2538 confusa-J

609 2631 690 2672 DE
722 2629 1111 2696 RHODIORUM
1144 2595 1500 2674 LIBERTATE.

364 2714 546 2753 Quanquam
569 2713 649 2743 bello
672 2713 935 2753 Peloponnesiaco
959 2715 1032 2744 insi·

321 2757 422 2796 gniter
438 2757 547 2787 accisae
572 2761 600 2786 et
614 2758 659 2786 am
674 2762 731 2786 clae
753 2763 856 2787 essent
872 2768 919 2787 res
936 2757 1033 2788 Albe-

319 2800 476 2835 niensium,
501 2805 609 2839 postea
629 2805 728 2829 tamen
757 2801 870 2830 virtute
897 2801 1032 2831 Cononis

321 2848 352 2873 et
367 2843 522 2873 Timothei
539 2849 569 2873 et
582 2843 749 2882 Iphicratis
766 2844 955 2882 aliorumque
975 2845 1031 2874 du-

320 2897 388 2916 eum
412 2887 733 2926 praestantissimorum
757 2887 905 2925 paulatim
928 2887 1031 2925 pristi-

320 2940 374 2959 nas
393 2930 471 2958 vires
494 2940 673 2968 recuperare
694 2934 876 2968 coeperunt:
902 2929 961 2958 imo
979 2940 1028 2960 us-

321 2983 379 3011 que
396 2973 472 3002 adeo
486 2973 697 3007 refloruerunt,
723 2979 754 3002 et
775 2973 804 3002 in
823 2982 888 3001 eam
913 2974 1029 3011 magni-

318 3015 455 3045 tudinem
475 3016 614 3047 excrevit
638 3021 668 3046 et
690 3021 836 3055 provecta
862 3020 907 3045 est
923 3026 1028 3046 eorum

1070 2715 1218 2754 potentia,
1234 2719 1268 2744 ut
1288 2714 1423 2745 finitimis
1441 2715 1583 2754 gentibus
1608 2717 1699 2753 atque
1721 2724 1777 2753 po·

1069 2759 1151 2797 pulis
1189 2758 1327 2797 suspecti
1364 2769 1432 2788 esse
1461 2758 1648 2796 inceperunt.
1694 2757 1777 2787 Hinc

1068 2802 1149 2835 Chii,
1167 2801 1295 2836 Rhodii,
1313 2801 1488 2841 szantinh
1502 2800 1617 2838 aliique
1632 2802 1777 2837 νησιῶται,

1067 2845 1119 2883 qui
1131 2845 1193 2883 jam
1210 2845 1263 2873 diu
1280 2845 1336 2873 sub
1351 2855 1455 2874 eorum
1473 2843 1600 2882 imperio
1617 2849 1646 2872 et
1661 2842 1777 2873 ditione

1067 2889 1198 2922 fuerant,
1213 2887 1289 2916 inita
1303 2887 1382 2916 inter
1394 2898 1428 2916 se
1444 2887 1591 2916 societate
1606 2889 1637 2916 et
1646 2896 1779 2916 excusso

1067 2931 1253 2970 priorijugo,
1265 2930 1376 2960 bellum
1389 2935 1494 2959 contra
1503 2928 1701 2959 Athenienses
1714 2939 1780 2959 sus-

1065 2981 1228 3012 ceperunt:
1253 2973 1335 3012 quod
1357 2977 1524 3012 propterea
1541 2972 1650 3002 bellum
1665 2973 1780 3007 sociale,

1069 3016 1196 3055 πόλεμος
1219 3014 1427 3057 συμμαχικὸς,
1450 3015 1622 3046 dicebatur.
1668 3014 1782 3045 Initum
