1931 3323
282 190 365 231 228

284 295 360 325 fieri.
372 305 438 325 nam
452 294 580 336 singulis
591 296 750 336 judicibus
767 297 896 338 singulae
906 296 996 328 modo

284 339 404 369 testulae
421 339 582 369 dabantur.

326 400 370 405 --
385 384 414 412 6.
431 383 510 412 waiva
522 383 569 424 γε]
586 389 663 413 recte
674 393 774 413 mones.
791 383 836 413 sic
852 383 997 422 loquitur,

286 425 349 463 qui,
367 436 434 454 cum
460 426 586 456 alterius
610 427 899 464 argumentationem
919 427 996 455 haud

286 468 450 504 inficietur,
479 479 544 498 earn
568 474 666 499 tamen
689 480 789 499 causae
820 480 882 499 suae
907 474 998 508 negat

284 512 447 550 quicquam
481 513 639 551 derogare.
669 514 780 542 deinde
805 513 997 548 subauditur,

286 554 355 584 ἀλλ’
371 555 442 585 οὐδὲν
457 554 522 591 δέος,
537 558 579 595 μὴ
595 557 678 586 τοῦτο
688 556 825 594 γίγνηται.
838 556 886 585 secl
900 566 997 586 veren-

286 597 358 627 dum
377 599 421 628 uit
434 603 484 634 est,
496 609 533 629 ne
549 598 659 639 idfiat.
674 609 725 629 nos
741 601 818 629 enim
835 599 865 628 id
880 598 998 638 nonfa-

286 642 403 671 ciemus.

329 702 373 707 —-
389 686 440 715 13.
456 683 520 725 εζη]
540 685 695 714 Menecles
712 690 796 723 puta.
809 689 838 713 et
855 695 926 714 sane
943 690 999 714 Με-

286 729 382 762 νεκλῆς
407 728 478 757 dant
497 728 567 757 libri
586 728 729 767 Dionysii
745 726 854 757 Halic.
870 732 891 756 t.
909 729 954 757 ΙΙ.
969 738 999 767 p.

287 770 360 800 117.
379 774 430 800 11.
447 771 496 800 ed.
523 771 611 810 Sylb.
632 771 682 800 ubi
696 770 784 800 locus
801 770 861 805 hic,
879 771 936 800 sed
957 771 1000 801 vi—

287 812 377 848 tiose,
393 813 512 843 citatur.
777 854 794 860 ..
825 853 835 864 ’
937 853 946 865 ³

286 904 350 930 λου.

330 961 373 965 -
390 945 441 974 Qfi.
464 939 706 983 ἐγγεγραμμένοι]
732 943 762 973 Ιι.
786 954 812 974 e.
836 942 1002 972 debitores.

287 995 345 1015 non
359 986 436 1015 enim
453 985 522 1024 ipsa
543 987 662 1016 nomina
675 986 853 1021 liberorum,
872 996 1001 1024 quorum

286 1034 373 1068 pater
388 1028 586 1064 decessisset,
603 1029 631 1059 in
643 1030 761 1060 tabulas
774 1028 1002 1059 aerariorumin-

285 1072 508 1108 scribebantur,
534 1073 587 1102 sed
613 1074 755 1103 manebat
778 1083 884 1102 nomen
904 1073 1001 1112 patris

288 1125 348 1144 non
364 1120 565 1154 expunctum,
590 1127 645 1156 pro
669 1127 728 1156 quo
752 1117 835 1147 luere
849 1116 941 1146 liberi
956 1120 1001 1146 te-

286 1159 445 1194 nebantur,
469 1164 520 1188 aut
532 1170 549 1188 a
560 1160 631 1198 jure
647 1159 731 1189 civili
745 1160 1000 1191 excludebantur.

286 1212 354 1231 nam
366 1202 393 1232 si
407 1202 823 1242 inscriptafuissentnomina
836 1203 1000 1232 liberorum

286 1245 404 1281 Boeoti,
421 1255 477 1284 pro
501 1247 595 1285 patris
608 1246 741 1281 nomine,
757 1250 791 1275 ut
812 1246 1000 1282 debentium,

282 1288 398 1318 nullum
409 1293 530 1328 poterat
542 1291 624 1319 nasci
636 1289 836 1325 dubium,nisi
849 1289 1000 1328 tingimus,

284 1331 315 1360 id
341 1333 422 1371 q'uod
448 1343 576 1371 prorsus
598 1334 752 1367 abhorret,
775 1333 901 1362 totidem
921 1333 1000 1363 filios

286 1376 404 1410 Booeto,
431 1380 506 1414 quot
522 1376 704 1411 Mantitbeo,
727 1375 834 1410 fuisse,
854 1380 884 1405 et
903 1375 1000 1405 omni-

282 1419 339 1447 bus
357 1419 462 1448 eadem
481 1419 613 1448 nomina.
632 1424 676 1454 ut,
694 1419 719 1448 si
733 1429 759 1448 e.
770 1429 797 1448 c.
814 1418 893 1447 filius
912 1419 1001 1448 Man-

284 1460 371 1491 tithei
390 1465 461 1490 natu
478 1463 574 1500 major
584 1462 756 1502 appelletur
770 1461 914 1496 Mantias,
926 1463 1000 1492 Boe-

284 1505 327 1534 oti
339 1515 461 1543 quoque
480 1504 560 1535 filius
574 1510 648 1535 natu
661 1507 758 1545 major
774 1505 855 1535 idem
873 1505 1001 1535 Mantiae

284 1556 393 1577 nomen
407 1548 548 1587 gesserit.

329 1593 402 1622 999.
418 1594 449 1620 1.
467 1589 676 1632 ἐγγεγράφθαι]
693 1591 765 1621 dedi
781 1592 819 1621 de
836 1602 905 1621 meo
922 1590 1002 1631 ἔγγε-

284 1634 377 1675 γςίιφῃ
392 1635 420 1663 in
434 1635 631 1674 conjunctivo
648 1635 776 1674 perfecti
795 1635 899 1665 activi.
916 1636 1003 1665 locus

284 1677 490 1716 perdifficilis.
529 1678 727 1708 consentiunt
757 1688 824 1707 cum
866 1678 1004 1718 vulgata,

285 1731 353 1759 quae
371 1721 482 1750 vitiosa
498 1725 556 1756 est,
582 1721 695 1762 reliqui
723 1722 781 1750 mei
809 1721 893 1751 libri.
938 1722 1002 1751 Au-

284 1763 494 1802 gustanusbic
508 1775 554 1793 me
568 1764 697 1800 deserit,
708 1764 756 1793 hic
772 1764 832 1794 loci
845 1764 1001 1795 deficiens.

285 1811 421 1845 optarem
437 1807 597 1837 lectionem
616 1807 773 1847 marginis,
785 1808 810 1837 si
827 1808 866 1837 de
878 1813 1003 1838 auctore

288 1850 361 1879 mihi
380 1854 541 1880 constaret.
568 1850 685 1891 optime
698 1851 779 1880 enim
797 1861 865 1880 cum
883 1857 1003 1881 sentcn-

287 1893 331 1922 tia
347 1892 408 1923 loci
425 1893 572 1923 convenit
587 1893 745 1935 ἐγγράψαι,
763 1895 814 1933 qui
827 1899 876 1924 est
892 1895 1003 1933 optati-

285 1946 352 1971 vus,
368 1946 426 1965 non
443 1936 619 1968 infinitivus.
643 1937 800 1967 Sententia
815 1937 1002 1978 caeteroquin

288 1979 364 2009 satis
380 1980 471 2019 plana
486 1985 545 2017 cst,
557 1980 623 2011 haec
646 1991 776 2020 nempe:
800 1980 848 2011 fac
866 1992 934 2011 esse
950 1981 1004 2011 ali-

290 2033 393 2062 quem,
407 2024 460 2062 qui
478 2029 586 2053 contra
602 2025 681 2054 huuc
701 2025 841 2055 Boeotum
855 2025 1006 2055 actionem

287 2064 400 2104 ἐξούλης
415 2066 564 2099 instituat.
581 2072 674 2106 neget
694 2068 749 2098 ille
766 2068 887 2107 quidem
904 2068 1004 2103 initio,

286 2108 343 2139 sibi
366 2120 484 2139 mecum
502 2120 568 2140 esse
583 2110 750 2151 negotium.
775 2122 880 2141 verum
904 2115 1004 2141 tamen

288 2152 441 2192 impedire
457 2152 498 2183 nit
512 2155 627 2192 poterit
650 2153 744 2190 idem,
768 2155 930 2194 quominus
947 2165 1005 2193 ego

286 2205 343 2235 pro
362 2197 472 2226 Boeoto
485 2197 614 2236 plectar.
660 2198 879 2237 Impetraverit
894 2197 974 2227 enim
988 2209 1006 2228 a

283 2239 455 2278 judicibus,
481 2245 514 2270 ut
534 2239 684 2270 actionem
711 2251 796 2270 suam
824 2241 1005 2279 legitimam,

286 2292 471 2322 causamque
495 2284 622 2323 probam
645 2284 862 2323 pronuncient.
910 2285 1004 2314 Boeo—

284 2330 336 2356 tus
351 2326 392 2355 nil
408 2327 646 2357 curetmulctam
659 2328 846 2366 dependere.
892 2328 1004 2357 Inscri-

286 2369 377 2398 batur
397 2369 512 2409 itaque.
537 2371 591 2400 sed
613 2370 687 2410 qui?
712 2381 769 2400 non
791 2371 930 2406 Boeotus,
949 2371 1004 2400 sed

287 2412 489 2443 Mantitheus.
512 2413 635 2443 affectat
662 2414 740 2444 enim
758 2424 867 2443 nomen
889 2424 1000 2443 meum.

287 2455 477 2485 Postulabor
494 2457 597 2496 itaque
615 2468 672 2495 ego
695 2457 733 2487 de
749 2458 866 2487 debito.
911 2458 1005 2487 Nunc

285 2498 421 2537 aperiam
438 2500 644 2538 suspicionem
668 2511 777 2536 meam,
798 2502 877 2530 unde
901 2505 1004 2530 natum

285 2541 338 2577 sit,
359 2543 441 2581 quod
464 2542 555 2572 hodie
574 2544 646 2573 libri
672 2544 901 2579 circumferunt,
927 2542 1004 2582 ἔγγε-

284 2584 428 2625 γρίιφὲαι.
453 2584 576 2615 videtur
587 2587 616 2615 h.
634 2588 655 2616 l.
673 2588 790 2625 duplex
810 2586 905 2617 fnisse
922 2587 952 2616 in
970 2587 1006 2616 li-

286 2627 350 2658 bris
367 2627 501 2666 antiquis
523 2629 773 2660 Demosthenicis
791 2631 894 2660 lectio.
912 2631 1007 2660 altera

286 2671 484 2710 ἀνοιησ-άμενος
504 2670 664 2712 ἔγγςάψαι,
685 2673 781 2704 altera
811 2674 1008 2712 ωοιησάμενος

284 2712 321 2754 ἐξ
336 2712 546 2755 ἔγγεγςάφθαι.
569 2715 666 2745 dictio
687 2716 828 2746 ποιεῖσθαι
848 2717 938 2758 κυρίαν
959 2722 1007 2747 est

286 2757 409 2787 efficere
432 2762 462 2786 et
478 2756 643 2798 impetrare
660 2769 677 2788 a
694 2760 866 2798 judicibus,
883 2765 917 2790 ut
932 2759 1006 2790 acti-

286 2811 374 2830 onem
393 2800 525 2840 aliquam
548 2801 707 2832 declarent
728 2804 841 2841 justam
858 2807 889 2833 et
905 2803 1007 2842 legiti-

285 2854 378 2880 mam,
402 2855 516 2884 reoque
536 2845 679 2874 mulctam
704 2846 830 2875 dictent.
878 2847 1008 2876 Meliora

286 2897 366 2917 nnnc
381 2897 437 2917 non
453 2892 656 2925 succurrunt3
679 2888 744 2923 det,
758 2889 811 2927 qui
829 2889 920 2918 norit.
965 2891 1008 2920 A·

669 189 704 231 Ι;
727 189 763 231 Ι.
785 186 1010 231 REISKE
1039 188 1365 232 ANNOTATA

1030 297 1184 335 dejectum
1201 306 1268 327 esse
1283 302 1352 335 3aut
1363 296 1672 338 deniquejndioatum
1682 308 1744 329 non

1032 340 1123 369 solvi.
1148 344 1299 379 postrema
1323 341 1502 381 significatio
1526 341 1556 372 h.
1573 341 1594 371 l.
1619 342 1744 372 videtur

1031 383 1181 412 obtinere.

1075 443 1118 448 -—
1133 427 1163 456 3.
1177 424 1254 465 πεξῖ]
1273 426 1375 456 malim
1393 426 1480 468 παρὰ,
1491 427 1524 456 ob
1541 437 1656 457 nomen.

1074 486 1117 492 -—-
1131 468 1206 499 ibid.
1221 468 1235 499 ἢ
1250 468 1343 511 λῆξις]
1360 472 1469 500 absunt
1480 470 1518 500 ad
1534 470 1669 500 editione
1683 470 1744 500 Fe-

1031 512 1081 543 lic.
1106 517 1136 542 et
1161 512 1250 542 Pauli
1275 513 1415 549 Manutii,
1442 518 1473 543 et
1495 513 1532 543 ad
1558 515 1624 553 ejus
1642 524 1746 544 exem-

1033 555 1127 594 plum,
1140 556 1178 585 ab
1196 555 1328 586 editione
1344 556 1456 586 Wolfli
1472 566 1604 595 quoque,
1626 557 1745 592 nescio,

1033 609 1157 633 casune,
1178 608 1215 629 an
1235 599 1374 629 consilio.
1399 599 1454 629 sed
1481 604 1601 638 poterat
1616 599 1696 640 pari,
1713 604 1746 630 et

1032 642 1111 671 haud
1126 642 1202 676 scio,
1218 652 1253 671 an
1267 642 1356 672 etiam
1374 642 1570 682 majorijure,
1587 642 1601 674 ἢ
1617 641 1675 673 δίκη
1691 643 1746 673 ab·

1034 695 1112 720 esse,
1124 690 1153 714 et
1166 685 1223 715 hoc
1238 695 1295 724 pro
1316 685 1432 716 scholio
1447 686 1530 715 illius
1546 686 1662 716 haberi.
1678 696 1747 716 nam

1034 737 1138 757 omnes
1155 728 1227 757 δίκαι
1248 734 1317 758 sent
1337 728 1426 759 etiam
1447 729 1548 769 λήξεις.
1565 739 1746 769 quamquam

1034 781 1093 800 non
1116 772 1188 801 item
1207 776 1321 808 contra,
1337 782 1443 802 omnes
1459 772 1551 811 λήξεις
1571 779 1642 802 sunt
1662 772 1750 807 δίκαι,

1035 819 1128 843 sensu
1153 814 1305 844 strictiore
1323 817 1367 844 sic
1385 815 1486 845 dictae.
1503 827 1604 846 causae
1619 815 1748 856 privatae

988 873 1001 879 -
1036 861 1106 886 sunt
1129 857 1212 893 δίκαι,
1233 857 1366 896 publicae
1386 857 1613 899 ypassai,ambae
1628 858 1749 888 nomine

1036 901 1190 930 communi
1206 901 1309 940 λήξεων
1323 903 1633 940 comprehenduntur.
1650 901 1751 941 possit

1036 943 1074 972 ad
1089 943 1168 973 hunc
1184 944 1411 974 modumlectio
1429 944 1552 984 vulgata
1565 945 1700 982 defendi,
1715 949 1751 974 ut

1035 985 1115 1026 λῆξις
1131 986 1251 1017 dicatur
1267 993 1446 1026 usurpatum
1462 998 1521 1028 pro
1535 988 1638 1028 γραφή.

1078 1047 1123 1052 ·—
1137 1032 1167 1061 9.
1182 1030 1247 1064 τοὺς
1262 1029 1349 1072 Χόας]
1368 1031 1450 1061 Citat
1465 1032 1494 1061 h.
1505 1031 1526 1061 l.
1544 1032 1698 1071 Harpocr.
1718 1042 1749 1061 v.

1035 1072 1110 1107 Χόες.
1123 1073 1192 1103 loco
1206 1073 1276 1103 huic
1289 1080 1336 1103 est
1352 1074 1380 1103 in
1392 1074 1530 1104 Midiana
1538 1074 1646 1104 similis
1662 1074 1751 1104 alius.

1078 1135 1120 1139 —
1138 1119 1188 1147 13.
1205 1116 1361 1158 πατρόθεν]
1385 1123 1490 1147 contra
1517 1128 1597 1153 enin,
1614 1118 1665 1157 qui
1688 1128 1751 1147 rne-

1035 1169 1104 1189 cum
1121 1170 1227 1189 nomen
1252 1159 1334 1190 idem
1359 1162 1549 1199 eundemque
1564 1166 1682 1199 patrem
1699 1161 1752 1191 ha-

1036 1203 1106 1232 bere
1133 1213 1202 1232 sese
1222 1203 1325 1233 ferret.
1351 1203 1427 1234 alias
1445 1204 1531 1233 multi
1553 1205 1674 1233 nomina
1697 1214 1751 1243 ge-

1034 1246 1140 1275 rebant
1154 1246 1271 1282 eadem,
1285 1247 1339 1276 sed
1357 1252 1476 1286 patrum
1493 1247 1613 1277 nomina
1627 1247 1752 1277 differe-

1036 1290 1118 1318 bant.

1077 1349 1119 1354 —-
1132 1332 1183 1361 17.
1208 1330 1394 1385 προκληθείη]
1409 1332 1534 1362 correxi
1549 1331 1752 1373 προσ-κληθείη,

1037 1374 1167 1404 subaudi
1181 1375 1256 1415 πρὸς
1268 1374 1314 1404 τδν
1324 1374 1519 1416 πολέμαρχον.
1537 1377 1625 1415 cujus
1641 1376 1752 1416 injure

1035 1422 1120 1448 erant
1133 1429 1235 1448 causae
1248 1419 1488 1458 peregrinitatis.

1080 1479 1124 1484 —
1135 1464 1186 1492 22.
1198 1460 1329 1502 γεγονὼς]
1345 1461 1413 1492 scil.
1431 1461 1484 1495 υῖός
1497 1462 1546 1491 τοῦ
1556 1457 1627 1501 ἐμοῦ
1636 1461 1753 1503 πατρός.

1081 1522 1123 1527 -
1139 1507 1192 1536 23.
1207 1503 1310 1547 λέγειν]
1332 1505 1463 1536 subaudi
1477 1505 1505 1535 οὗ
1521 1506 1639 1546 φάσκων
1655 1505 1757 1536 ἑαυτοῦ

1039 1545 1090 1578 υιδν
1105 1547 1135 1578 2?
1124 1554 1184 1577 ’.ναι

1081 1609 1123 1614 —
1134 1592 1187 1621 24.
1199 1589 1324 1633 ἒρανιζει]
1353 1592 1429 1622 citat
1455 1591 1526 1622 h.1.
1552 1591 1757 1632 Harpocr.v.

1037 1631 1208 1675 ἒρανίζοντες.
1237 1635 1289 1674 qui
1313 1636 1362 1665 hic
1385 1634 1597 1674 designatur*
1585 1646 1683 1675 ερανος,
1708 1640 1757 1665 est

1038 1687 1131 1717 opera
1147 1677 1177 1707 in
1201 1678 1279 1708 falso
1303 1678 1479 1708 testimonio
1505 1688 1561 1717 pro
1585 1678 1685 1709 amico
1709 1678 1757 1708 di-

1038 1721 1137 1750 cendo
1153 1726 1271 1752 navata.
1303 1721 1498 1752 Contributio
1513 1722 1579 1751 haec
1592 1726 1651 1757 est,
1664 1732 1755 1761 quam

1038 1764 1227 1795 Mantitheus
1240 1764 1282 1794 ait
1300 1766 1440 1795 Boeotum
1451 1764 1612 1795 sodalibus
1626 1775 1751 1795 suorum

1039 1808 1189 1838 scelerum
1205 1808 1343 1838 conferre
1361 1808 1486 1838 solitum
1502 1818 1582 1838 esse.

1082 1853 1177 1880 1000.
1204 1853 1234 1882 9.
1255 1850 1300 1891 zv]
1330 1862 1385 1890 pro
1405 1849 1435 1882 ’ἦν
1451 1851 1553 1882 malim
1569 1850 1696 1882 efranut
1713 1850 1755 1882 stt

1038 1894 1245 1924 constructio:
1269 1894 1291 1924 εἰ
1307 1892 1460 1925 concam
1481 1895 1548 1935 ἡμῖν
1568 1893 1658 1935 μηδὲν
1673 1893 1757 1930 ἀηδὲς

1039 1936 1071 1967 ἐκ
1080 1937 1199 1974 τούτων,
1209 1937 1285 1978 μηδὲ
1298 1938 1431 1968 ἀδύνατον
1445 1937 1524 1968 εῖναι.

1081 1998 1124 2003 -—-
1140 1983 1190 2011 17.
1210 1982 1259 2012 τὴν
1274 1979 1433 2022 ἐγγραφὴν]
1448 1980 1550 2011 malim
1566 1982 1616 2013 τῆν
1627 1979 1697 2021 ἔμῆν
1712 1979 1760 2020 ἐγω

1038 2026 1154 2064 γραφὴν.
1168 2030 1284 2063 patrem
1298 2034 1424 2061 curasse,
1448 2029 1482 2054 ut
1495 2024 1548 2054 sub
1562 2035 1604 2060 eo,
1625 2024 1701 2064 quod
1716 2031 1757 2054 te-

1039 2073 1092 2097 stes
1104 2068 1270 2104 ediderunt,
1280 2068 1406 2104 nomine,
1423 2067 1586 2098 Mantithei
1597 2072 1682 2108 puta,
1694 2068 1760 2099 albo

1036 2111 1211 2151 phi-almum
1223 2111 1407 2142 inscriberer.

1082 2156 1192 2185 -ΞἏ
1218 2154 1334 2194 τούτου]
1363 2154 1394 2184 id
1425 2158 1482 2190 est,
1502 2151 1582 2192 ὑπὲξ,
1607 2153 1653 2182 vel
1677 2151 1756 2183 ἕνεκα

1039 2197 1152 2227 τούτου.
1180 2198 1272 2237 hujus
1295 2198 1341 2228 rei
1364 2207 1467 2232 causa,
1490 2197 1572 2235 quod
1598 2195 1639 2231 is,
1666 2207 1757 2235 quem

1045 2242 1172 2270 ssoentus
1190 2251 1246 2279 pro
1261 2246 1347 2280 patre
1363 2251 1420 2270 suo
1435 2240 1589 2270 nolentem
1604 2244 1635 2269 et
1645 2249 1758 2277 negan-

1041 2289 1102 2313 tem
1122 2284 1308 2319 venditaret,
1325 2285 1468 2314 Boeotum
1493 2292 1552 2322 pro
1575 2282 1640 2312 filio
1663 2293 1758 2321 agno-

1040 2337 1138 2362 scere,
1159 2332 1250 2367 atque
1278 2327 1324 2357 sic
1347 2327 1380 2357 in
1400 2327 1540 2357 demutas
1569 2325 1681 2356 inferre
1710 2336 1758 2356 re-

1039 2375 1169 2399 cusaret.

1085 2416 1179 2444 1001.
1198 2416 1228 2443 1.
1250 2411 1338 2454 3225]
1355 2413 1442 2453 quasi
1456 2411 1593 2442 homines
1609 2416 1759 2442 terrarum

1041 2461 1071 2486 et
1088 2456 1223 2495 gentium
1247 2457 1381 2486 omniun:
1399 2459 1585 2486 convocaret
1598 2456 1637 2485 ad
1655 2459 1760 2485 conte-

1041 2500 1181 2530 standum
1198 2499 1289 2538 hujus
1305 2499 1505 2539 impudentiae
1522 2498 1745 2529 enormitatem.

1083 2560 1127 2566 --
1149 2544 1180 2573 5.
1210 2543 1335 2582 τοῦνομα
1354 2543 1454 2584 τοῦτο]
1478 2543 1549 2578 hoc,
1575 2552 1667 2582 super
1696 2552 1758 2581 quo

1041 2586 1250 2623 contenditur,
1268 2586 1429 2616 MantitheI
1443 2591 1529 2625 puta.

1085 2648 1129 2652 —
1144 2632 1173 2660 6.
1202 2630 1367 2672 μάρτυρας]
1393 2629 1527 2659 nominat
1542 2627 1599 2657 hos
1614 2630 1711 2656 testes
1725 2637 1758 2666 p.

1045 2675 1139 2703 1017.
1158 2678 1186 2703 1.

1085 2734 1128 2739 —-
1143 2718 1195 2747 19.
1219 2717 1258 2751 εἰς
1281 2714 1502 2746 Ἱπποθωντίδι
1528 2711 1630 2752 ἐφοίτα
1652 2711 1759 2753 φυλὴν]

1042 2760 1135 2791 itabat
1157 2760 1196 2790 αι]
1217 2759 1458 2800 ludimagistrum
1481 2757 1576 2787 tribus
1596 2755 1761 2796 Hippotho-

1041 2803 1160 2834 ontidis.

1085 2865 1127 2869 —
1143 2848 1196 2878 25.
1211 2843 1326 2885 ὁμοίως]
1344 2840 1503 2874 subaudi’
1492 2839 1565 2882 εμοί.
1576 2842 1698 2881 perinde
1711 2847 1759 2873 at—

1043 2899 1097 2928 que
1111 2900 1163 2930 ego
1189 2889 1431 2929 ludimagistrum
1446 2886 1541 2916 tribus
1557 2885 1761 2916 Acamantidis

285 2930 348 2960 ctio
367 2929 481 2970 ἔξουλης
496 2937 573 2966 erat,
589 2941 656 2961 cum
673 2936 759 2961 actor
775 2933 925 2971 queritur,
940 2943 973 2962 se
990 2943 1008 2963 a
1031 2931 1276 2972 jreqzzentabavn.
1290 2931 1388 2961 minus
1399 2929 1478 2960 enim
1496 2928 1655 2959 commode
1671 2928 1758 2959 vide-

285 2983 341 3003 reo
366 2974 403 3004 ad
430 2974 658 3013 possessionem
685 2980 716 3004 et
743 2986 830 3005 usum
859 2976 1006 3005 bonorum
1043 2981 1092 3005 tur
1109 2974 1280 3007 subaudiri.
1303 2974 1425 3013 perinde
1439 2978 1526 3013 atque
1542 2978 1575 3001 tu
1596 2971 1761 3011 ludimagi-

285 3027 410 3047 suorum
426 3028 485 3048 non
497 3017 628 3055 admitti,
643 3022 694 3049 ant
705 3019 797 3049 abiis
815 3018 844 3048 vi
861 3024 892 3049 et
916 3030 1004 3048 mann

1042 3024 1135 3049 strum
1152 3019 1245 3050 trihus
1260 3013 1737 3058 Hippothoontidisfrequentasti.
