1931 3323
340 195 425 236 402

341 300 449 341 [Tunc.
476 301 505 331 1.
530 312 558 333 0.
583 301 653 343 15]
691 301 827 332 “Licuit
849 311 918 332 esse
950 300 1049 331 otioso

339 343 550 380 Themistocli,
577 345 666 375 licuit
696 345 924 384 Epaminondae,
948 344 1050 380 licuit,

341 398 380 417 ne
404 393 435 419 et
458 393 564 418 vetera
590 393 622 418 et
648 392 773 419 externa
788 398 931 428 quaeram,
957 387 1047 417 mihi:

342 432 397 461 sed
415 432 520 461 nescio
535 442 595 470 quo
611 431 701 462 modo
715 432 842 461 inhaeret
858 432 888 461 in
901 430 1052 461 mentibus

340 474 429 513 quasi
445 475 616 505 seculorum
632 476 783 515 quoddam
796 474 955 514 augurium
971 473 1053 503 futu-

341 527 464 547 rorum:
488 518 581 557 idque
603 519 634 548 in
660 518 798 548 maximis
822 517 953 557 ingeniis
970 517 1055 547 altis·

343 560 490 599 simisque
506 561 616 591 animis
625 566 655 592 et
666 561 791 591 exsistit
800 562 943 596 maxime,
956 565 987 589 et
1002 570 1052 600 ap·

308 639 314 645 Ι
343 610 431 642 paret
450 605 624 634 facillime.'’
660 606 748 635 Idem
781 605 835 645 [de
872 607 989 633 senect.
1027 615 1056 633 c.

343 647 412 687 23]
436 651 456 665 “
473 648 558 687 quod
573 648 604 677 ni
627 648 669 678 ita
684 649 828 681 haberet,
844 651 877 676 ut
893 646 986 676 animi
1001 646 1058 676 im-

343 691 490 720 mortales
515 696 629 727 essent,
655 692 735 721 haud
767 689 876 729 optimi
908 690 1058 727 cujusque

343 733 460 763 animus
474 734 604 764 maxime
618 735 656 763 ad
672 731 916 763 immortalitatis
929 731 1058 770 gloriam

343 775 516 806 niteretur!
519 777 627 806 ’Plato
641 775 832 816 [Charmide,
849 786 881 814 p.
900 776 973 804 113.
986 779 1009 802 t.
1020 773 1059 801 V.

345 819 395 848 ed.
416 820 503 871 3513]
527 818 638 858 ἔμαθον
653 818 680 847 δὲ
696 829 743 848 την
754 816 882 855 ἐπῳδὴν
873 818 926 853 εγὼ
942 815 1001 845 ἐκεῖ
1013 813 1060 845 ἐπὶ

347 865 488 901 στρατιᾶς
498 863 577 901 παρά.
593 872 664 895 τινος
677 863 733 891 τῶν
743 861 855 898 Θρᾳκῶν
870 861 924 888 τῶν
938 857 1060 897 Ζαμόλ-

345 904 441 943 ξιδος’
434 906 542 945 ιατρῶν,
566 902 592 933 οἳ
612 902 742 941 λέγονται
757 902 804 931 καὶ
821 899 1062 941 ἀπαθανατίζειν.

353 948 433 977 forte
457 947 582 986 ἑταίρων.
608 947 664 976 sed
689 951 720 976 et
735 945 836 985 ἰατρῶν
858 945 930 975 ferri
946 949 1061 984 potest.

348 991 451 1029 agitur
466 989 546 1019 enim
563 989 602 1018 de
617 988 754 1019 remedio
770 988 912 1027 quodam.
957 988 1062 1017 Hero-

348 1033 443 1063 dotus
468 1033 507 1062 de
534 1032 631 1062 Dario
659 1032 731 1072 [lib.
748 1032 806 1062 IV.
822 1043 850 1061 c.
867 1033 920 1062 93.
940 1042 969 1070 p.
985 1033 1060 1061 323.

349 1075 461 1107 Wess.
464 1075 477 1115 ]
501 1076 626 1115 πρώτους
639 1073 721 1116 αἱρέει
738 1073 829 1108 Γέτας
842 1075 908 1108 τοὺς
929 1072 1062 1104 ἀθανατί

351 1117 460 1158 ζοντας.
500 1117 699 1159 ἀθανατίζουσι
727 1117 755 1148 δὲ
784 1117 859 1148 τόνδε
885 1116 932 1148 τᾶν
946 1116 1064 1170 Tpo'wov.

351 1162 415 1191 οὔτε
431 1161 641 1192 ἀποθνησκειν
633 1162 750 1194 εωῦτους
763 1160 953 1201 νομίζουσιν,’
946 1160 1013 1191 ιέναι
1030 1171 1064 1190 τε

349 1204 398 1234 τὸν
412 1204 606 1244 ἀπολλύμενον
625 1207 705 1244 «παρα
722 1203 879 1243 Ζάμολξιν.
900 1209 985 1234 erant
1006 1204 1065 1243 igi-

348 1252 400 1278 tur
426 1248 600 1287 philosophi
626 1250 675 1278 τὴν
699 1245 860 1277 ἀθανασίαν
886 1248 938 1280 τῆς
968 1245 1067 1288 ψυχης

349 1293 513 1332 φρονοῦντες.
552 1291 598 1331 [p.
631 1293 706 1321 142,
732 1292 781 1321 ed.
809 1290 866 1330 D.]
905 1291 1063 1320 Zamolxis

350 1334 432 1364 enim
460 1338 567 1364 auctor
597 1335 690 1373 hujus
720 1334 905 1373 disciplinae,
930 1333 1000 1369 fuit,
1031 1340 1066 1363 ut

351 1377 533 1408 Herodotus
553 1378 658 1412 tradit,
686 1378 869 1416 Pythagorae
890 1377 985 1407 Samii
1001 1387 1064 1407 ser-

354 1420 458 1455 vulus,
472 1431 490 1450 a
501 1431 560 1460 quo
572 1432 664 1460 quum
682 1421 820 1459 quaedam
831 1420 1006 1459 accepisset
1025 1420 1064 1449 de

351 1463 580 1494 immortalitate
610 1464 789 1500 animorum,
821 1469 852 1493 et
882 1463 973 1493 simul
996 1474 1064 1493 cum

353 1506 499 1537 libertate
524 1518 661 1546 magnam
677 1507 707 1536 in
724 1507 844 1537 Graecia
864 1511 955 1546 atque
976 1506 1066 1537 Ionia

353 1550 518 1589 pecuniam
533 1550 714 1586 invenisset,
729 1551 853 1580 domum
869 1552 906 1580 ad
920 1560 993 1580 suos
1010 1550 1064 1579 ho-

352 1603 403 1624 mo
427 1593 607 1633 magnificus
631 1594 736 1629 rediit,
763 1599 794 1624 et
813 1604 880 1633 quae
906 1592 1067 1623 didicisset

353 1636 465 1666 docere
481 1637 645 1667 instituens
669 1641 781 1667 sectam
806 1636 835 1666 in
853 1637 944 1667 Getis
959 1637 1066 1667 condi-

353 1679 412 1708 dit.
427 1681 609 1719 persuadere
626 1681 706 1711 enim
722 1680 947 1719 perseveravit,
963 1680 1015 1719 qui
1032 1691 1065 1710 se

353 1722 592 1760 eidedidissent,
608 1734 707 1762 neque
717 1724 802 1762 ipsos
813 1734 880 1754 esse
890 1723 1067 1760 morituros,

354 1775 455 1804 neque
468 1776 507 1797 ex
518 1766 598 1805 ipsis
610 1767 749 1806 genitos:
768 1768 821 1796 sed
838 1766 983 1796 inlocum
995 1777 1066 1806 per-

354 1814 516 1845 venturos,
532 1809 584 1839 ubi
610 1809 806 1849 sempiternis
833 1809 920 1839 bonis
945 1810 1066 1847 generis

354 1853 505 1891 cujusque
521 1853 704 1883 fruerentur.
737 1854 797 1883 Sed
815 1857 846 1882 et
860 1853 996 1883 Druidas
1013 1863 1066 1882 no-

355 1899 450 1932 stros,
470 1895 523 1934 qui
546 1895 803 1926 immortalitatem
820 1895 927 1926 animae
953 1896 1068 1934 pariter

355 1939 532 1968 asserebant
544 1938 632 1978 [vide
646 1940 799 1969 Caesarem
815 1939 853 1968 de
869 1939 899 1968 b.
916 1939 995 1968 Gall.
1012 1939 1067 1968 V1.

355 1981 425 2022 14.]
452 1982 667 2021 Pythagoreos
687 1982 783 2012 fuisse
798 1993 855 2021 ego
869 1992 929 2012 non
947 1982 1070 2018 dubito,

358 2024 414 2054 sed
432 2025 624 2063 disciplinam
649 2036 752 2056 eorum
769 2035 906 2055 manasse
921 2036 938 2054 a
954 2025 1069 2064 Pytha-

358 2077 432 2106 gora
465 2067 551 2107 [Non
586 2068 678 2097 facile
705 2068 896 2104 assentietur,
923 2068 975 2107 qui
1000 2068 1069 2097 Bri-

356 2110 468 2140 tanniae
492 2121 602 2140 nomen
626 2111 700 2141 alias
726 2112 838 2141 babere
869 2111 1016 2150 origines,
1040 2116 1072 2141 et

358 2152 536 2193 Pythagora
561 2155 767 2193 probabiliter
795 2154 981 2193 antiquiores
1004 2165 1072 2184 esse

357 2197 504 2232 Druidas,
526 2198 708 2228 meminerit.
735 2198 855 2238 Baete]
878 2198 996 2247 quippe
1020 2198 1072 2237 qui

356 2240 613 2278 permutationem
637 2251 759 2281 quoque
781 2240 949 2270 animorum
964 2241 996 2270 in
1013 2241 1073 2270 alia

357 2286 449 2321 atque
475 2283 536 2313 alia
564 2294 694 2324 corpora
730 2294 797 2314 curn
823 2284 1000 2323 Pythagora
1027 2288 1072 2314 te-

357 2327 480 2357 nebant.
516 2332 666 2366 praeterea
698 2327 773 2357 nihil
810 2327 983 2366 disciplinae
1009 2337 1071 2356 suae

355 2368 454 2399 literis
469 2371 663 2406 mandabant,
680 2371 762 2410 quod
779 2370 809 2399 in
832 2369 941 2409 primis
958 2371 1071 2409 Pytha-

358 2412 497 2450 goricum
516 2414 573 2444 fuit
597 2418 628 2443 et
650 2414 854 2444 Platonicum.
899 2417 920 2431 “
936 2413 975 2443 Id
998 2413 1071 2442 mihi

359 2454 477 2485 duabus
500 2456 539 2486 de
572 2456 673 2487 causis
697 2457 869 2487 instituisse
894 2456 1070 2492 videntur,'-’

358 2497 459 2537 inquit
474 2500 576 2529 Caesar
593 2500 664 2540 [lib.
677 2501 737 2530 VI.
754 2512 780 2530 c.
798 2499 868 2540 14.]
881 2503 902 2517 “
918 2500 1001 2539 quod
1018 2510 1071 2529 ne-

358 2550 418 2578 que
447 2542 478 2570 in
503 2543 616 2581 vulgus
631 2543 827 2583 disciplinam
843 2543 946 2573 efferri
963 2542 1071 2579 velint,

358 2593 459 2622 neque
484 2594 547 2620 eOS,
570 2586 622 2624 qui
647 2587 778 2623 discant,
803 2587 902 2616 literis
926 2586 1069 2622 confisos,

356 2626 457 2657 minus
476 2630 632 2658 memoriae
653 2631 796 2659 studere:
822 2631 904 2669 quod
924 2630 988 2659 fere
1006 2629 1070 2668 ple-

356 2669 461 2709 risque
478 2671 602 2708 accidit,
616 2676 648 2701 ut
665 2673 809 2712 praesidio
826 2674 984 2703 literarum
997 2673 1069 2702 dili-

358 2713 493 2752 gentiam
507 2713 539 2744 in
556 2715 773 2752 perdiscendo,
783 2726 818 2746 ac
829 2716 1008 2746 memoriam
1021 2727 1067 2746 re-

356 2756 489 2787 mittant.
493 2755 513 2770 ''
556 2758 691 2798 Suntque
704 2759 769 2789 haec
784 2759 859 2789 mihi
875 2759 997 2798 quidem
1012 2771 1069 2800 με·

357 2799 437 2835 γάλα
457 2799 612 2840 τεκμήρια,
637 2802 760 2831 venisse
783 2812 836 2831 eos
865 2813 906 2832 ex
929 2813 965 2832 ea
981 2808 1069 2842 parte

356 2842 471 2878 Italiae,
487 2843 539 2873 ubi
556 2844 749 2883 Pythagoras
765 2845 835 2880 fuit,
851 2850 883 2874 et
898 2846 1003 2876 multis
1020 2857 1068 2876 se-

357 2885 434 2915 culis
451 2887 716 2925 Pythagoreorum
731 2898 838 2917 nomen
853 2888 961 2926 viguit.
979 2899 1067 2927 quarn

356 2931 420 2958 tum
437 2930 636 2968 appellabant
650 2941 788 2969 magnam
805 2931 967 2967 Graeoiam,
988 2942 1067 2961 nunc

353 2980 482 3010 regnum
499 2978 546 3002 est
556 2974 806 3014 Neopolitanum.
820 2984 918 3013 neque
928 2974 958 3004 in
969 2980 1067 3005 totum

351 3015 543 3055 repudianda
552 3022 610 3054 est,
623 3022 656 3049 ut
669 3018 835 3059 plerosque
848 3017 942 3050 video
952 3018 1064 3054 facere,

688 193 944 238 DOUNAEI
978 194 1455 238 PRAELECTIONES

1084 301 1137 332 illa
1152 302 1190 332 de
1207 303 1304 333 Bruto
1326 302 1443 333 fabula.
1486 301 1567 332 Nam
1584 304 1615 331 et
1634 300 1664 330 in
1679 299 1734 330 illa
1751 310 1801 330 re-

1086 346 1176 384 gione
1208 345 1307 375 Italiae
1344 350 1415 375 sunt
1442 344 1556 380 Brutii,
1588 354 1664 383 quos
1698 341 1802 372 Graeci

1086 387 1232 428 Βρεττίους
1247 393 1369 424 vocant,
1381 388 1428 428 [p.
1446 390 1521 420 143.
1536 387 1586 418 ed.
1601 387 1657 428 D.]
1674 390 1705 415 et
1724 386 1802 415 Dio-

1087 432 1182 461 dorus
1199 431 1261 461 Sic.
1278 431 1385 471 [XVI.
1403 432 1454 461 15.
1457 432 1471 472 ]
1491 430 1664 470 significare
1680 429 1802 459 illorum

1089 485 1227 504 sermone
1254 477 1368 516 λῃστας
1399 474 1476 514 [imo
1494 472 1666 514 δραωέτας]
1694 472 1747 508 ait,
1769 471 1803 501 id

1088 523 1147 554 est,
1175 508 1341 557 praedoizes:
1363 528 1424 557 quo
1452 516 1575 547 facilius
1595 518 1652 546 huc
1679 514 1804 554 longius

1089 571 1170 591 mare
1198 561 1343 591 tentando
1373 561 1536 599 pervenire
1563 562 1747 598 potueruut:
1773 563 1805 587 et

1091 614 1144 633 nos
1156 604 1248 633 iidem
1264 604 1368 633 Graeci
1384 603 1577 643 Βρετταννους,
1599 602 1728 642 patriam
1750 610 1804 630 no-

1091 652 1183 677 stram
1200 644 1380 685 Βρετταννίαν
1392 647 1558 685 appellant.
1604 647 1635 675 M
1642 645 1704 674 ulta
1719 644 1806 673 fabu-

1091 691 1157 718 losa
1185 689 1216 718 in
1243 689 1357 719 nostris
1382 689 1554 727 originibus
1579 687 1721 727 reperiri,
1745 697 1805 716 non

1092 742 1182 769 nego.
1207 733 1261 762 sed
1277 732 1514 767 meminerimus,
1532 731 1670 761 omnibus
1684 731 1747 759 sere
1763 730 1807 759 sa·-

1093 774 1172 804 bulis
1189 777 1316 805 subesse
1333 775 1449 814 aliquid
1464 774 1619 809 veritatis,
1648 778 1680 803 ut
1696 773 1807 803 Strabo

1095 818 1196 846 docet.
1218 817 1287 857 [lib.
1304 819 1333 848 Ι.
1348 829 1382 857 p.
1399 820 1450 848 37.
1476 819 1522 847 X.
1539 829 1570 857 p.
1586 819 1661 848 7026.
1678 815 1806 855 AlmeL]

1095 861 1167 890 Huc
1192 860 1322 896 accedit,
1348 861 1430 900 quod
1447 860 1558 899 linguae
1574 865 1714 890 veterum
1736 859 1808 888 Bri-

1096 908 1266 939 tannorum,
1283 903 1335 943 qui
1351 908 1509 933 remanent
1524 902 1689 942 hodieque,
1712 902 1808 931 affinis

1096 951 1143 976 est
1160 947 1348 982 Brutiorum,
1362 947 1414 986 qui
1430 947 1564 978 fuerunt.
1581 946 1664 985 quod
1681 956 1720 974 ex
1739 945 1808 974 Ste-

1095 991 1196 1028 phano
1212 992 1376 1029 probamus
1393 990 1506 1022 citante
1529 990 1610 1019 hunc
1627 988 1808 1028 Aristopha—

1095 1044 1142 1063 ms
1157 1043 1163 1061 :

1139 1091 1266 1133 μέλαινα
1281 1093 1347 1123 δεινὴ
1362 1093 1488 1131 γλῶσσα
1499 1089 1622 1133 Βρεττία
1638 1092 1736 1132 παρῆν.

1097 1158 1237 1199 μέλαιναν
1272 1160 1353 1192 δεινῗιν
1380 1161 1519 1200 γλῶσσαν
1546 1158 1690 1199 appellat,
1720 1168 1810 1197 quam

1099 1204 1223 1234 difficile
1238 1208 1286 1234 est
1300 1204 1499 1243 pronuntiare
1513 1208 1566 1233 aut
1577 1202 1698 1233 omuino
1709 1202 1812 1231 litera-

1099 1257 1166 1276 rum
1193 1248 1272 1277 notis
1302 1247 1572 1287 comprehendere.
1617 1244 1759 1285 Ἀντίοχος
1782 1243 1810 1273 δέ

1099 1297 1170 1329 φησι
1196 1293 1245 1322 την
1273 1289 1399 1320 Ἰταλίαν
1421 1288 1559 1320 κληθηναι
1583 1286 1729 1328 Βρεττίαν,
1745 1287 1811 1317 εἰτα

1100 1333 1260 1375 οἶνωτρίαν.
1298 1333 1445 1373 quicquid
1473 1333 1527 1369 sit,
1549 1343 1589 1362 ex
1618 1332 1811 1371 Pythagorea

1099 1377 1266 1416 disciplina
1281 1377 1417 1406 Druidas
1432 1375 1592 1406 exstitisse
1608 1374 1811 1405 dubitandum

1099 1430 1158 1449 non
1174 1425 1232 1450 est.
1278 1421 1339 1450 Sed
1352 1419 1418 1454 άλις
1428 1418 1512 1471 δρυός.

1143 1480 1186 1485 -
1201 1465 1233 1494 3
1258 1462 1305 1493 διὰ
1327 1474 1376 1494 την
1401 1474 1467 1503 προς
1493 1459 1725 1500 Λακεδαιμονίους
1745 1460 1814 1500 ἧμιν

1100 1504 1291 1546 επικηξυκείαν
1310 1505 1424 1548 ἐχθρῶς
1448 1504 1637 1556 σχῆσουσιν]
1655 1504 1740 1533 Ordo
1765 1508 1813 1533 est

1101 1550 1168 1589 ἧμιν
1185 1549 1308 1591 ἐχθρῶς.
1354 1549 1604 1588 Harpocration:
1627 1544 1816 1587 ἒπικηρυκεία,

1101 1592 1135 1623 τὸ
1151 1594 1212 1634 περὶ
1227 1592 1327 1632 φιλίας
1341 1592 1388 1623 καὶ
1411 1592 1572 1630 διαλλαγῶν
1592 1591 1712 1631 κήρυκας
1734 1588 1815 1629 πέμ-

1102 1647 1174 1672 πειν,
1194 1635 1381 1677 Δημοσθένης
1396 1636 1566 1666 Φιλιππικᾱῖ
1578 1633 1729 1674 πέμπτῳ.
1746 1643 1815 1673 quae

1103 1684 1150 1710 est
1165 1680 1255 1709 haec'
1248 1690 1316 1718 ipsa
1332 1679 1442 1709 oratio.
1473 1670 1564 1709 Deru.
1581 1678 1634 1718 [ad
1651 1676 1815 1715 Leptinem

1102 1733 1134 1775 p.
1148 1726 1224 1753 472.
1248 1724 1297 1753 ed.
1314 1723 1424 1752 Reisk.
1445 1732 1477 1760 p
1493 1722 1546 1753 55.
1562 1721 1611 1751 ed.
1627 1720 1743 1760 Wolfi]
1759 1722 1815 1748 ’τῶν

1103 1766 1130 1796 ἒν
1143 1765 1181 1805 τῖί
1194 1765 1277 1797 πόλει
1293 1763 1523 1804 βουλευσαμένων
1547 1765 1629 1804 μετα
1649 1764 1697 1794 τὴν
1712 1763 1816 1803 μάχην

1102 1811 1144 1849 μῆ
1162 1808 1297 1850 δέχεσθαι
1308 1809 1351 1848 τῷ
1364 1808 1444 1849 ’τείχε
1434 1819 1456 1837 ι
1471 1819 1536 1841 τους
1550 1806 1745 1846 στρατιώτας,
1761 1806 1815 1834 ἀλ-

1103 1854 1142 1882 λα
1152 1852 1216 1892 πρὸς
1228 1850 1458 1890 Λακεδαιμονιους
1465 1848 1721 1890 επικηρυκευεσθαι
1734 1850 1816 1878 Pau-

1104 1896 1225 1925 sanias:
1248 1895 1392 1946 προϊούσης
1410 1905 1461 1928 ’της
1485 1893 1593 1934 ἧμὲρας
1614 1891 1683 1931 ὑπὲρ
1710 1890 1814 1932 ἀναιρέ-

1104 1949 1175 1972 σεως
1196 1941 1251 1968 τῶν
1264 1940 1357 1979 νεκρῶν
1380 1936 1618 1976 ἐπεκηρυκεύοντο.
1663 1937 1742 1965 Post
1758 1946 1815 1974 pu·

1105 1991 1193 2020 guam
1205 1982 1339 2012 victores
1352 1981 1490 2010 solebant
1499 1991 1566 2010 curn
1577 1978 1669 2009 victis
1680 1978 1816 2017 aliquan-

1104 2025 1157 2054 diu
1173 2025 1272 2054 facere
1288 2024 1440 2060 inducias,
1457 2028 1490 2053 ut
1512 2023 1688 2053 interfectos
1706 2023 1742 2051 ad
1765 2032 1814 2050 se-

1104 2068 1257 2106 pulturam
1272 2068 1427 2098 tollerent.
1449 2067 1521 2096 binc
1536 2065 1670 2106 πόλεμος
1681 2064 1817 2098 ἄσπονδος

1103 2110 1152 2140 καὶ
1167 2110 1334 2151 ἀκήρυκτος,
1350 2109 1645 2148 bellumineoepiabite‚
1661 2109 1737 2149 quod
1746 2109 1815 2138 nul-

1105 2154 1136 2184 la
1160 2164 1232 2193 pace
1253 2159 1309 2184 aut
1329 2154 1459 2184 induciis
1479 2153 1581 2182 dirimi
1603 2156 1693 2191 potest
1716 2151 1816 2182 velud

1105 2202 1227 2236 tempus.
1252 2202 1283 2227 et
1301 2196 1445 2237 κηρύκειον,
1471 2196 1626 2226 caduceus.
1662 2194 1709 2234 [p.
1742 2197 1816 2225 144.

1105 2241 1153 2269 ed.
1169 2241 1208 2270 D.
1211 2240 1227 2281 ]
1239 2244 1273 2270 ut
1283 2241 1460 2270 Chaldaeum
1475 2246 1555 2277 ΕἾἹΡ
1566 2237 1683 2267 Latinis
1700 2241 1748 2267 est
1762 2237 1817 2267 Co-

1103 2294 1180 2313 ‘1·.am
1197 2283 1396 2323 Thucydides
1414 2282 1462 2322 [1.
1475 2282 1544 2322 53.]
1560 2279 1646 2320 ἔδοξεν
1664 2277 1705 2309 οὐν
1719 2280 1817 2316 αὐτοις

1104 2325 1232 2365 ἄνδρας’
1222 2338 1250 2360 ες
1272 2326 1396 2356 κελητιον
1394 2324 1647 2377 “effississciaavssaffi
1661 2322 1723 2353 ἄνευ
1737 2334 1817 2363 κηρυ-

1105 2369 1162 2398 κίου
1172 2367 1347 2410 προπέμψαι
1361 2381 1421 2403 τοις
1435 2367 1602 2402 Ἀθηναίοις.
1615 2368 1653 2397 ad
1666 2377 1760 2420 quem
1770 2368 1818 2396 lo-

1105 2423 1174 2442 cum
1199 2413 1387 2442 scholiastes
1412 2411 1590 2451 insigniter:
1615 2410 1732 2449 κηρύκιόν
1751 2409 1816 2440 ἔστι

1104 2455 1186 2494 ξύλον
1197 2454 1310 2495 ὅρθον,
1303 2455 1367 2497 έχον
1383 2453 1558 2495 ἑκατέρωθεν
1580 2453 1625 2483 δύο
1648 2452 1708 2492 οφε·
1699 2465 1723 2487 ς
1738 2464 1817 2492 περι-

1105 2499 1321 2553 πεπλὲγμένους
1342 2499 1391 2528 και
1409 2497 1657 2537 ἀντιπροσώπους,
1672 2495 1737 2536 δ’περ
1757 2497 1817 2526 εἰώ-

1104 2541 1180 2573 θασι
1197 2542 1285 2582 φέρειν
1299 2543 1322 2594 32
1346 2543 1471 2583 κήρυκες,
1498 2540 1546 2570 και
1567 2540 1616 2570 οὐκ
1635 2538 1696 2579 ἐξῆν
1715 2539 1818 2569 ἀδικεῖν

1104 2586 1217 2620 αὐτοὺς,
1238 2584 1307 2627 παρ’
1321 2585 1365 2620 οὓς
1380 2584 1564 2637 ἀπέρχονται
1579 2582 1726 2622 σύμβολον
1741 2580 1800 2611 δὲ’*
1785 2593 1814 2612 ην

1104 2628 1137 2658 ‘rb
1149 2628 1205 2668 μὲν
1219 2628 1291 2669 ὅρθόν
1309 2628 1391 2667 ξύλον
1405 2630 1455 2659 τοῦ
1470 2625 1543 2668 ὀρθοῦ
1559 2625 1652 2665 λόγου,
1667 2624 1700 2654 τὸ
1715 2623 1744 2654 δὲ
1758 2626 1816 2655 τῶν

1103 2671 1188 2712 ὄφεων
1210 2672 1291 2706 εἶδος,
1314 2674 1355 2702 τὰ
1368 2669 1607 2709 ἀντιτασσόμενοι
1622 2667 1819 2708 στρατόπεδα.

1102 2715 1115 2745 ὁ
1127 2718 1182 2756 γαρ
1197 2714 1267 2756 ὅρθός
1281 2714 1362 2753 λόγος
1378 2714 1412 2744 δι’
1425 2712 1598 2755 ἀμφοτέρων
1611 2721 1708 2752 χωρει.
1735 2711 1815 2741 unde

1103 2759 1187 2799 εἷρηνη
1211 2759 1294 2789 dicta
1313 2762 1374 2794 est,
1388 2762 1422 2788 ut
1444 2767 1539 2797 supra
1561 2755 1734 2784 docuimus,
1757 2754 1816 2784 hoc

1105 2803 1278 2841 symbolum
1295 2801 1403 2832 videre
1429 2805 1478 2830 est
1502 2800 1533 2829 in
1548 2797 1721 2832 codicibus,
1737 2807 1816 2836 quos

1103 2845 1277 2875 Frobenius
1293 2844 1433 2874 excudit.
1477 2843 1546 2881 Itaq
1550 2851 1588 2870 ue
1598 2840 1816 2871 biccaduceus

1102 2889 1260 2919 Mercurio
1275 2887 1432 2918 tribuitur.
1458 2885 1525 2915 baec
1529 2853 1642 2923 qhujus
1659 2883 1815 2923 hierogly-

1103 2932 1186 2971 phici
1212 2931 1292 2961 ratio
1320 2940 1392 2960 sane
1420 2927 1593 2969 probabilis
1619 2931 1686 2957 est:
1724 2936 1816 2965 quam

1102 2974 1281 3005 Macrobius
1304 2973 1384 3014 [Sat.
1400 2973 1429 3003 I.
1445 2982 1504 3011 cap
1509 2969 1654 3010 ΧΙΧ.]
1675 2969 1815 3004 tradidit,

1102 3019 1192 3057 plane
1222 3016 1331 3048 futilis.
1377 3016 1424 3047 M.
1455 2982 1576 3046 Tullius
1609 3013 1676 3054 [De
1708 3012 1814 3052 Orat-J
