1931 3323
347 202 431 244 412

345 316 462 347 tionem
472 316 562 357 hujus
578 318 665 348 verbi
679 318 812 349 Zenonis
822 329 988 359 exponere
1012 321 1056 351 Ut

346 359 439 396 enim,
455 361 566 400 inquit,
587 372 676 391 nemo
697 362 773 392 dicit
796 363 825 392 in
850 364 934 403 regia
952 374 1055 403 regem

343 402 448 443 ipsum
479 405 564 442 quasi
591 406 774 444 productum
798 416 866 436 esse
893 408 930 436 ad
957 406 1057 446 digni-

343 448 451 496 tatem,
468 447 516 488 (id
539 447 620 477 enim
640 455 687 478 est
709 448 894 491 πξοηγμενον)
915 450 968 479 sed
992 460 1057 485 eos,

346 489 446 528 quiin
470 490 573 529 atiquo
594 496 665 520 sunt
683 492 810 529 honore,
831 503 959 532 quorum
981 494 1057 523 ordo

344 533 489 571 proxime
514 534 646 570 accedit,
662 540 695 565 ut
715 536 867 565 secundus
891 536 930 565 sit
949 536 987 566 ad
1009 547 1057 566 re-

343 576 428 614 giam
449 576 674 616 principatum:
698 578 744 608 sic
772 579 804 608 in
832 580 894 609 vita
924 590 980 609 non
1010 590 1056 615 ea,

347 628 416 658 quae
432 620 579 659 primario
605 626 674 651 sunt
689 621 768 656 loen,
785 622 838 651 sed
862 632 930 661 quae
947 633 1054 652 secun-

348 663 424 691 dum
438 664 538 694 locum
562 665 711 700 obtinent,
735 664 909 704 πξοηγμένα,
937 666 968 695 id
998 672 1057 701 est,

343 705 496 744 producta
522 707 722 737 nominentur.
740 718 807 746 quae
831 709 878 738 vel
896 708 939 738 ita
954 710 1059 748 appel-

345 749 444 778 lemus
464 750 538 780 licet
552 750 601 791 (id
618 751 678 780 erit
699 753 824 780 verbum
842 762 858 780 e
881 751 993 790 verbo)
1010 752 1057 781 vel

344 799 485 832 promota
510 793 597 833 [hinc
619 794 850 832 provectionem
866 795 904 823 ad
927 794 1058 823 honores

344 837 617 874 nospromotz'onem
626 837 775 877 dicimus]
790 837 838 877 [p.
853 839 924 866 174.
936 837 986 865 ed.
1001 837 1057 876 D.]

345 878 434 907 velut
454 879 507 908 illa
533 885 661 916 remota,
692 890 802 918 nempe
823 877 1055 917 ἄποπςοηγμένα.

344 921 407 957 vel,
431 927 465 951 ut
489 921 605 951 dudum
631 903 778 956 diximus,
803 921 983 960 praeposita,
1007 921 1056 950 vel

344 964 520 1003 praecipua:
546 971 575 993 et
600 965 652 994 illa
676 967 797 1002 rejecta.
813 973 846 992 re
870 963 950 993 enim
965 964 1056 993 intel-

342 1006 424 1036 lecta
439 1008 469 1036 in
488 1009 650 1037 verborum
676 1017 732 1036 usu
752 1006 860 1036 faciles
878 1017 946 1036 esse
968 1007 1058 1037 debe-

343 1049 446 1079 mus.'¹
470 1051 535 1079 liaeo
559 1051 653 1079 altera
674 1055 720 1079 est
734 1050 823 1089 liujus
841 1050 926 1079 verbi
942 1050 1057 1090 signifi-

343 1092 437 1130 catio,
453 1093 545 1132 digna
573 1093 789 1122 observatione
810 1093 841 1122 in
859 1097 984 1133 utraque
1000 1094 1058 1123 lin-

345 1145 416 1175 gua,
441 1135 580 1174 quamvis
611 1147 667 1165 non
694 1136 734 1165 sit
759 1137 849 1176 hujus
872 1137 944 1167 loci.
991 1138 1056 1167 Cic.

344 1179 416 1218 [pro
438 1179 541 1214 domo,
557 1189 584 1209 e.
601 1179 649 1220 9.]
675 1183 695 1196 ‘¹
710 1190 799 1219 quem
817 1184 849 1209 tu
866 1190 924 1209 non
948 1191 1004 1219 pro
1021 1181 1057 1210 il-

342 1222 402 1251 lius
426 1222 576 1261 dignitate
602 1223 806 1261 produxeras,
834 1224 888 1253 sed
919 1234 975 1263 pro
1005 1229 1056 1253 tuo

343 1265 460 1295 scelere
484 1265 709 1296 subduxeras.”
732 1267 770 1296 de
794 1267 908 1297 Catone
930 1267 987 1296 1100
1010 1268 1055 1297 di-

340 1309 433 1345 citur,
454 1319 546 1348 quem
562 1309 689 1339 Clodius
706 1309 736 1339 in
760 1310 896 1349 Cyprum
913 1320 970 1348 per
988 1321 1058 1349 spe-

340 1351 419 1381 ciem
448 1352 569 1381 lionoris
592 1358 808 1389 summoverat,
833 1359 864 1383 et
895 1353 1058 1383 Ptolemaei

342 1395 426 1434 regis
454 1395 550 1434 Cypri
570 1396 708 1434 pecuniae
733 1397 931 1436 deportandae
948 1398 1057 1436 praefe-

343 1444 438 1474 cerat,
452 1439 504 1477 qui
518 1439 555 1468 P.
568 1439 608 1468 R.
622 1440 773 1469 haeredem
789 1440 916 1470 fecerat.
959 1441 1057 1472 Juve-

340 1481 421 1511 nalis
437 1482 475 1511 de
492 1482 613 1511 fortuna
629 1481 708 1522 [Sat.
724 1482 767 1522 L]
787 1488 807 1501 ‘¹
821 1488 911 1522 atque
925 1494 996 1513 suos
1013 1484 1055 1514 ri-

341 1525 418 1555 dens
435 1525 579 1564 producit
594 1526 766 1556 alumnos
795 1526 957 1566 interpres,
979 1527 1057 1558 emal-

341 1574 396 1598 tat.
442 1569 539 1598 Arist.
558 1569 702 1607 Philippo
719 1569 837 1610 [Epist.
856 1570 899 1610 Ι]
925 1570 980 1612 οὐχ
1002 1570 1056 1601 ὑπὸ

341 1623 393 1645 ’της
408 1611 512 1653 τύχης,
527 1611 596 1642 ἀλλ’
622 1611 675 1642 οὐδ’
698 1612 757 1642 ἀπὸ
771 1625 822 1648 της
839 1613 949 1652 φύσεως
971 1625 1056 1654 vrgo„-

339 1654 449 1693 γμένοι.
463 1666 513 1684 ex
512 1660 566 1685 *tat
581 1656 771 1695 epigramma
783 1657 936 1696 quoddam
954 1657 991 1690 εἰς
1006 1657 1055 1697 ἅς-

341 1708 436 1738 χοντα
458 1698 565 1736 ἀνάξιον
595 1700 646 1732 τῗις
671 1699 805 1734 τοιαύτης
824 1710 992 1739 προαγωγης
1018 1700 1055 1740 [t.

339 1742 405 1770 ΠΙ.
424 1751 455 1780 p.
473 1744 545 1771 168.
568 1743 656 1771 Anat.
680 1744 799 1773 Brunk.
820 1748 844 1773 t.
861 1744 916 1773 IV.
933 1746 1055 1783 p.135.

339 1794 369 1814 11.
384 1787 436 1814 88.
452 1785 576 1814 Anthol.
592 1785 736 1826 Jacobs]

359 1844 420 1874 Οὐκ
442 1843 586 1875 ἐθέλουσα.
610 1845 689 1887 τύχη
710 1857 743 1876 σε
769 1846 937 1887 mosyen-yar,
963 1848 1035 1878 ἀλλ’

516 1887 559 1918 {ta
583 1888 666 1939 δείξῃ,

384 1931 421 1965 ὡς
435 1929 480 1962 ὅτι
491 1931 540 1961 καὶ
551 1930 643 1973 μέχξι
660 1933 711 1962 σοῦ
722 1934 818 1963 πάντα.
835 1934 922 1963 ποιεῖν
931 1933 1057 1965 δύναται.

338 1998 397 2028 1100
413 1998 512 2028 Gattis
528 2009 661 2029 auancer.
709 2000 835 2030 Curtius
850 1999 920 2040 [tib.
934 2000 1010 2030 VII.
1028 2012 1056 2031 c.

339 2041 388 2082 1.]
425 2046 446 2059 “
459 2042 604 2072 Omnium
622 2042 754 2073 Philotae
772 2044 940 2074 amicorum
956 2044 986 2073 hi
1005 2055 1055 2074 ca-

338 2084 455 2114 rissimi
467 2086 596 2122 fuerant,
611 2086 648 2116 ad
672 2097 778 2125 ma⁴⁷na
788 2092 819 2117 et
835 2088 981 2117 honorata
997 2089 1054 2118 rni-

335 2127 466 2158 nisteria
476 2129 770 2169 ejussuffragatione
787 2131 941 2170 producti.
944 2129 964 2143 ’⁹
984 2131 1054 2161 hinc

337 2172 536 2201 emendamus
551 2172 584 2201 C
579 2174 685 2202 esaris
701 2173 800 2203 locum
818 2174 904 2204 initio
918 2174 1052 2213 positum

338 2212 438 2253 [Belli
452 2215 533 2245 Gall
548 2216 621 2245 VH.
644 2226 672 2245 0.
690 2217 761 2257 39]
793 2218 922 2255 “Quem
948 2218 1054 2248 Caesar

335 2259 376 2286 ab
395 2258 552 2287 Divitiaco
570 2259 726 2295 traditum,
752 2270 791 2289 ex
809 2260 917 2289 humili
933 2261 1001 2290 loco
1015 2262 1052 2290 ad

337 2310 485 2330 summam
498 2301 678 2339 dignitatem
695 2302 918 2341 produxerat.’
932 2314 1002 2338 11011,
1019 2309 1053 2334 ut

335 2344 460 2381 legitur,
485 2346 673 2383 perduxerat.
698 2347 864 2376 Atlienaeus
890 2345 1050 2388 [tib.X1.

336 2397 370 2424 p.
401 2387 492 2427 506]
518 2390 686 2440 καικολογειΝ
693 2390 807 2422 πάντας
829 2401 892 2423 τους
921 2392 1052 2427 ποιητὰς,

336 2428 441 2459 ἕπὲίτᾱ
469 2442 532 2463 ΤΟυς
555 2431 608 2461 {vro
637 2443 686 2460 'TOU
716 2432 806 2471 δΠΙΙΟυ
836 2444 1051 2473 πξῦαγθμὲνους

334 2472 401 2501 brec
418 2474 456 2502 de
482 2474 622 2504 Platone.
641 2475 844 2505 Plutarchus'
836 2486 866 2505 ln
884 2477 982 2505 Mario
1008 2476 1051 2516 [c.

336 2517 368 2545 3.
383 2516 432 2544 ubi
452 2521 551 2546 tamen
569 2518 652 2557 vulg.
670 2518 854 2560 πρε-ἤγετο]
877 2518 915 2548 διδ
930 2532 979 2549 τα.
984 2531 996 2552 ς
1018 2531 1051 2550 τε

335 2558 467 2592 ἄλλαις]
457 2570 556 2598 πξοηγε
559 2571 591 2589 το
608 2563 713 2600 τιμαῖς
728 2561 776 2591 ὑπ’
792 2562 891 2597 αὐτοῦ,
906 2561 954 2590 καί
969 2573 1050 2592 ποτε.

334 2602 465 2631 1(10111111
482 2603 629 2642 Pompeio
648 2604 691 2645 [c.
710 2606 1048 2647 9.p.7¹1.t.111.R]

334 2645 346 2673 ὅ
365 2644 478 2678 Συλλας
500 2645 660 2686 (δικτάτωξ
687 2647 854 2686 ἀναγοξευθεῖ
858 2649 885 2688 ς)
910 2660 974 2681 τους
987 2660 1050 2686 ἥγε-

333 2688 424 2727 μόνας
456 2688 505 2717 καὶ
529 2691 706 2727 στξατηγοίς
729 2690 875 2729 ἠμείβετο,
902 2691 1051 2726 πλουσίους

335 2734 418 2761 ποιῶν
438 2731 487 2760 καὶ
511 2732 637 2771 προάγων
662 2731 709 2761 ἐπ
738 2735 842 2774 82ng.
897 2735 1048 2765 Siracides

335 2774 420 2814 [can.
439 2774 534 2815 ΧΧ.]
556 2775 641 2814 σοφὸς
655 2773 681 2804 ἓν
696 2774 788 2813 λόγοις
809 2777 911 2816 πξοάξε
915 2790 922 2807 ι
941 2777 1048 2808 ἑαυτόν.

332 2822 354 2835 “
368 2818 517 2857 Sapiens'
510 2828 541 2846 111
557 2820 749 2848 sermonibus
766 2830 798 2848 se
815 2821 914 2858 ipsum
934 2823 1046 2859 produ-

331 2860 415 2890 cet.''
426 2861 470 2890 510
488 2861 623 2890 habim.
649 2862 818 2891 Senecaz‘
824 2863 1046 2894 ‘Alitlivorem

331 2904 442 2934 infelix
458 2904 578 2939 inertia,
595 2903 709 2944 [Livor
721 2904 803 2934 iners
815 2906 936 2935 vitium.
952 2907 1045 2938 Ovid.

333 2948 398 2977 ΙΙΙ.
428 2958 466 2976 ex
493 2948 593 2976 Ponto
622 2958 671 2987 ep.
698 2949 730 2977 3
765 2951 838 2978 101.
867 2947 984 2991 Doum]
1016 2955 1047 2979 et

333 3000 438 3020 omnes
466 2990 585 3020 destrui
601 2991 736 3030 capiunt,
762 2991 810 3032 [p.
830 2992 901 3024 175.
919 2993 968 3022 ed.
988 2993 1046 3034 D.]

332 3033 404 3071 quia
420 3043 452 3063 se
477 3043 534 3063 uon
565 3040 731 3073 potuerunt
746 3036 934 3074 provehere.
957 3040 987 3066 et
1005 3047 1044 3066 ex

688 202 771 244 DO
782 200 942 244 UNAEI
977 199 1458 243 PRAELECTIONES

1090 319 1147 349 hac
1163 319 1273 349 deinde
1287 317 1481 349 aversatione
1495 317 1662 350 alienorum
1678 326 1803 358 prooes-

1091 373 1190 398 suum,
1209 367 1238 392 et
1255 372 1379 392 suorum
1390 363 1615 402 desperatione,
1626 361 1803 391 obirascens

1090 406 1219 435 fortunae
1244 404 1373 441 animus,
1402 409 1434 435 et
1463 406 1501 435 de
1528 405 1632 436 seculo
1659 413 1803 444 querens.

1093 448 1148 489 [de
1171 448 1380 488 tranquillitat.
1406 459 1433 478 c.
1464 451 1495 479 2.
1517 448 1543 488 ξ.
1570 449 1616 490 9.]
1642 446 1806 480 Juvenalis

1092 493 1266 522 mordacius
1281 491 1362 532 [Sat.
1377 492 1405 521 I.
1420 493 1473 522 38.
1488 492 1533 533 5.]

1346 556 1367 570 “
1380 551 1506 591 Optima
1521 551 1632 582 summi

1157 596 1187 626 N
1194 606 1250 626 unc
1285 595 1334 626 via
1371 606 1535 634 processus
1561 594 1672 626 vetulae
1699 593 1805 626 vesica

1266 638 1395 669 beutae‚''

1092 706 1160 736 Has
1186 708 1263 737 duas
1287 706 1527 747 significationes
1550 706 1697 737 habemus
1713 706 1805 746 hujus

1092 750 1193 784 verbi,
1209 761 1276 788 quae
1293 750 1425 779 maxime
1437 754 1504 779 sunt
1521 750 1551 779 in
1565 761 1632 780 usu.
1647 750 1739 780 tertia
1754 753 1804 780 est

1092 791 1289 820 Aristotelis:
1313 791 1526 829 legumlatores
1541 793 1675 831 quidam,
1693 793 1805 832 inquit,

1091 838 1218 863 censent
1239 834 1291 862 δεῖν
1306 832 1361 872 μὲν
1383 836 1560 873 πιξακοιλεῖν
1574 834 1620 865 ἐπὶ
1635 838 1684 867 τήν
1696 837 1807 876 ἆξετῆν,

1091 887 1140 904 και
1156 874 1364 915 πςοτξὲπεσθαιι
1388 878 1438 906 ’τοῦ
1461 879 1549 907 καλοῦ
1565 879 1660 918 χάςιν,
1677 880 1713 912 ὡς
1727 880 1803 909 ὑπα-

1090 917 1262 958 κουσομένων
1277 921 1331 948 τῶν
1345 918 1473 949 ἐπιεικῶν
1487 921 1547 954 τοῖς
1568 920 1651 951 ἔθεσι
1671 932 1804 962 προηγου-

1090 960 1190 1000 μένως.
1217 962 1336 1003 [Ethic.
1351 963 1396 992 X.
1414 974 1483 1002 cap.
1500 966 1551 994 10.
1573 973 1605 1003 p.
1624 967 1696 996 105.
1716 969 1738 995 t.
1757 965 1807 995 11.

1092 1005 1141 1034 ed.
1158 1007 1277 1036 Genev.
1294 1017 1319 1035 5.
1335 1016 1366 1044 p.
1387 1008 1462 1037 342.
1489 1008 1538 1036 ed.
1556 1007 1698 1049 Rachel]
1721 1007 1804 1047 quod

1093 1048 1183 1078 Plato
1198 1049 1271 1078 facit
1281 1049 1475 1087 diligenter*
1467 1060 1495 1079 m
1510 1050 1573 1080 suis
1584 1051 1686 1090 legum
1701 1061 1804 1090 prooe-

1091 1091 1169 1122 miis.
1186 1092 1241 1121 sed
1257 1092 1306 1122 hic
1323 1093 1407 1122 locus
1424 1093 1525 1123 mendi
1547 1094 1727 1124 manifestus
1744 1100 1803 1125 est.

1090 1135 1160 1174 lego
1180 1136 1239 1169 τοῖς
1253 1134 1327 1166 ἔθεσι
1341 1135 1528 1176 προηγμένων.
1545 1137 1688 1172 firmabit,
1703 1137 1748 1167 sio
1761 1138 1807 1168 le-

1091 1178 1223 1228 gend-um
1241 1189 1321 1216 esse,
1338 1180 1418 1209 idem
1441 1180 1650 1219 Philosophus
1665 1181 1804 1220 ejusdem

1091 1222 1195 1260 operis
1218 1222 1298 1252 libro
1322 1223 1421 1262 primo
1446 1222 1529 1263 [cap.
1556 1224 1613 1254 IV.
1638 1235 1670 1264 p.
1697 1226 1728 1253 ’7.
1753 1224 1804 1254 ed.

1092 1264 1222 1295 Rachel.
1250 1276 1275 1296 s.
1293 1277 1319 1295 0.
1337 1270 1365 1297 ⁶2.
1383 1276 1415 1305 p.
1429 1269 1461 1296 4.
1481 1267 1531 1296 ed.
1547 1268 1664 1297 Genev.
1669 1267 1684 1308 ]
1707 1266 1746 1297 διὸ
1762 1267 1806 1297 δεῖ

1090 1310 1152 1342 τοῖς
1170 1308 1265 1338 ἔθεε-ιν
1275 1307 1373 1349 ἦχθαι
1385 1311 1491 1344 καλῶς,
1506 1308 1553 1340 τὸν
1568 1309 1630 1350 πεςι
1641 1313 1697 1341 τῶν
1711 1313 1806 1339 καλῶν

1090 1351 1139 1381 καὶ
1156 1350 1268 1381 δικαίων
1285 1363 1332 1381 και
1350 1350 1421 1385 δ’λως
1442 1354 1596 1383 πολιτικῶν
1620 1353 1805 1393 ἀκουσόμενον

1090 1394 1199 1429 ἱκανῶς.
1223 1393 1332 1437 ἦχθαι,
1353 1396 1440 1433 probe
1465 1395 1624 1426 educatum
1645 1406 1709 1427 esse.
1732 1396 1805 1427 inde

1091 1438 1198 1477 ἀγωγή.
1216 1438 1281 1468 11110
1296 1438 1391 1478 igitur
1401 1439 1614 1478 reponendum
1629 1445 1676 1469 est
1689 1439 1806 1470 Demo-

1091 1481 1207 1511 sthenis
1223 1483 1350 1512 verbum
1372 1480 1406 1511 τὸ
1430 1480 1631 1522 προηγμένους,
1658 1483 1737 1522 quod
1764 1484 1806 1513 si-

1091 1525 1248 1564 gnificabit
1263 1529 1350 1555 antea
1366 1525 1435 1556 bene
1449 1526 1595 1561 educatos,
1620 1531 1650 1556 et
1675 1524 1708 1555 τό
1724 1536 1808 1566 ‘ngen-

1091 1567 1242 1608 γουμὲνως,
1267 1569 1349 1608 quod
1366 1569 1527 1599 manifeste
1552 1569 1732 1600 mendosum
1758 1576 1808 1600 est

1091 1613 1172 1650 apud
1203 1611 1416 1648 Aristotelem,
1450 1612 1519 1651 lege
1550 1611 1717 1647 ἀντιδόσεως
1743 1613 1804 1643 hue

1089 1654 1218 1709 majoris
1243 1655 1406 1685 evidentiae
1431 1656 1529 1694 gratia
1551 1657 1806 1692 transferendum,

1089 1702 1125 1728 ὠν
1141 1697 1212 1728 οὐδὲν
1235 1697 1378 1733 ἐβούλοντο
1403 1698 1510 1738 στςὲἰξαι
1534 1699 1756 1740 προηγουμένως,
1779 1699 1808 1730 si

1093 1741 1165 1781 quid
1182 1743 1338 1781 praecipue
1354 1741 1484 1781 quisque
1500 1741 1603 1777 vellet,
1618 1743 1735 1772 liceret.

1136 1785 1189 1824 [Ρ.
1205 1787 1278 1816 177.
1292 1786 1341 1815 ed.
1359 1783 1417 1824 D.]
1430 1803 1473 1808 ——-
1486 1795 1556 1824 pen.
1581 1786 1622 1815 τὰ
1636 1784 1805 1826 κελευόμενα

1091 1827 1169 1866 ἧμᾶς
1184 1827 1238 1867 ἄρα
1253 1828 1296 1858 δεῖ
1308 1829 1410 1865 ποιεῖν,
1433 1828 1481 1857 καὶ
1496 1829 1533 1857 σὺ
1544 1829 1640 1857 ταῦτα
1652 1829 1805 1870 ›celsum-3]

1092 1871 1275 1910 Occupatio‚
1298 1881 1386 1910 quam
1410 1872 1523 1901 Orator
1547 1870 1718 1911 anticipans
1744 1872 1805 1902 sibi

1091 1914 1233 1952 opponit.
1258 1915 1330 1944 ideo
1352 1918 1463 1944 vocant
1489 1914 1578 1944 etiam
1594 1913 1740 1947 ἀντίθεσιν
1754 1916 1805 1945 καὶ

1091 1955 1243 1996 πρόληψιν,
1264 1957 1362 1997 qualis
1386 1963 1434 1988 est
1449 1957 1503 1987 illa
1518 1958 1691 1995 Ciceronis,
1713 1962 1804 1997 atque

1090 1999 1163 2030 huic
1181 2011 1309 2040 prorsus
1326 2001 1435 2031 similis
1461 1999 1533 2041 [pro
1553 2001 1664 2038 Caelio,
1691 2012 1718 2031 c.
1735 2002 1804 2043 17.]

1089 2044 1206 2074 “Haec
1227 2045 1322 2084 igitur
1347 2049 1399 2074 tua
1423 2049 1471 2074 est
1495 2044 1675 2084 disciplina?
1699 2044 1744 2075 sie
1769 2050 1804 2075 tu

1089 2086 1226 2117 instituis
1248 2085 1506 2118 adolescentes?''
1525 2087 1573 2129 [p.
1587 2089 1661 2119 1⁷8.
1677 2088 1727 2118 ed.
1744 2087 1804 2128 D.]

1088 2130 1165 2160 Cum
1181 2131 1320 2161 omnibus
1331 2136 1432 2161 autem
1449 2131 1555 2160 liberis
1570 2130 1693 2171 populis
1716 2131 1806 2170 jussa

1088 2174 1229 2212 accipere
1253 2179 1284 2204 et
1307 2174 1409 2204 facere
1433 2174 1578 2204 miserum
1603 2179 1650 2204 est
1671 2177 1702 2203 et
1723 2174 1803 2204 indi-

1087 2227 1190 2255 gnum,
1203 2222 1263 2247 turn
1274 2217 1407 2247 maxime
1418 2216 1664 2252 Atheniensibus,
1674 2227 1803 2256 quor-um

1085 2261 1226 2298 ingentes
1243 2265 1328 2290 erant
1344 2260 1472 2300 spiritus
1485 2264 1579 2300 atque
1594 2260 1699 2296 animi,
1717 2261 1802 2300 quod

1085 2303 1213 2343 φρόνημα
1228 2303 1412 2342 perhibetur.

1129 2363 1172 2368 ———
1188 2346 1242 2375 ult.
1259 2347 1368 2376 πολλοῢ
1383 2356 1414 2385 γε
1431 2345 1479 2375 καὶ
1497 2344 1563 2386 δέω]
1582 2346 1671 2380 Λύσις
1681 2356 1739 2386 per
1748 2357 1800 2377 ne-

1086 2389 1247 2427 gationem.
1295 2389 1461 2429 AESCltleS
1488 2389 1702 2430 [Promethe0‚
1727 2391 1804 2422 969.

1086 2433 1197 2472 1014]
1222 2434 1329 2462 πολλοῦ
1345 2443 1378 2470 γε
1398 2432 1446 2461 καὶ
1471 2433 1521 2462 τοῦ
1541 2432 1648 2466 παντὸς
1662 2431 1802 2464 ἐλλείπω.

1084 2480 1155 2512 post
1171 2476 1294 2505 alteram
1312 2476 1464 2515 paginam,
1480 2476 1530 2504 ’τοῦ
1546 2475 1653 2510 παντὸς
1667 2473 1729 2506 δέω.
1745 2476 1800 2506 sed

1086 2519 1279 2556 frequentius
1293 2524 1341 2548 est
1354 2519 1463 2549 πολλοῦ
1476 2529 1508 2556 γε
1518 2519 1566 2548 καὶ
1583 2519 1635 2554 δεῖ,
1651 2518 1802 2558 imperso-

1086 2562 1205 2591 naliter.

1132 2605 1166 2634 P.
1182 2607 1254 2635 143.
1279 2608 1309 2634 1.
1331 2605 1402 2633 ἀλλ’
1418 2605 1453 2639 ὡς
1474 2603 1538 2635 οὔτε
1562 2603 1709 2644 πράξομεν
1727 2604 1802 2635 οὐδὲν

1084 2647 1192 2686 ἀνάξων
1216 2649 1293 2687 ἡμῶν
1308 2646 1415 2687 αὐτῶν]
1440 2648 1495 2677 Sic
1516 2648 1666 2686 agendum
1683 2652 1742 2684 est,
1766 2653 1800 2678 ut

1085 2696 1115 2719 et
1130 2691 1263 2729 dignitas
1278 2695 1490 2726 conservetur,
1509 2700 1606 2729 neque
1625 2690 1690 2719 utto
1708 2692 1799 2721 modo

1085 2734 1272 2764 existimatio
1285 2738 1390 2763 nostra
1400 2735 1565 2768 minuatur,
1575 2733 1657 2772 quod
1667 2732 1800 2770 facietis,

1085 2776 1197 2816 inquit,
1221 2777 1247 2806 si
1273 2777 1344 2806 mihi
1372 2775 1633 2816 obtemperabitis.
1651 2776 1725 2805 nihil
1747 2787 1802 2807 au-

1084 2824 1144 2849 tem
1161 2819 1351 2859 indignitatis
1369 2819 1472 2850 habuit
1489 2829 1597 2859 parere
1613 2819 1799 2861 Amphicty-

1083 2873 1173 2892 onum
1190 2863 1326 2892 decreto.

1126 2923 1167 2928 --
1181 2906 1258 2936 ibid.
1272 2904 1332 2935 οὔτ’
1352 2904 1437 2935 ἔσται
1460 2903 1604 2944 πόλεμος]
1629 2904 1702 2935 Hoc
1720 2905 1797 2936 illud

1081 2953 1141 2986 est,
1157 2959 1218 2988 quo
1240 2949 1311 2978 nibil
1330 2947 1498 2987 optabilius
1511 2952 1564 2976 aut
1583 2948 1711 2984 beatius,
1727 2959 1798 2979 cum

1081 2992 1230 3030 dignitate
1253 2992 1358 3022 otium.
1382 2990 1572 3020 existimatio
1589 2990 1691 3030 posita
1706 2997 1753 3021 est
1764 2992 1809 3032 in,

1081 3035 1231 3074 sapientia
1243 3034 1438 3074 justitiaque,
1452 3038 1486 3065 ut
1501 3034 1671 3071 videamur,
1681 3034 1794 3076 inquit,
