1948 3322
394 210 478 252 AD
511 188 876 250 ORATIoNEM
911 206 1032 247 PRO
1067 207 1333 249 CORONA.

148 319 196 350 (1ἰο
210 323 238 348 ct
253 318 354 354 recita,
365 325 556 355 concoquere
575 313 851 353 nequeunt.U1i-

149 372 209 402 que
224 361 360 391 recitatio
373 359 438 389 sine
453 357 705 398 pronunciatione
721 357 785 386 fieri
800 367 851 386 ue-

148 406 224 445 quit.
237 414 338 434 verum
349 413 405 432 nou
418 412 517 436 omne,
529 402 612 440 quod
624 400 851 440 pronunciatur,

148 448 181 478 id
195 447 274 477 idem
290 456 409 485 quoqne
428 445 582 480 recitatur,
599 445 654 474 sed
672 443 764 473 multa
779 453 850 482 pos-

149 494 219 521 sunt
235 489 409 520 memoriter
423 489 497 518 dici.
512 498 603 527 quare
625 488 702 517 bene
725 486 805 515 inter
817 497 851 515 se

147 537 283 562 constare
297 537 424 572 possunt
445 530 512 569 λέγε
531 531 579 560 καὶ
605 527 749 569 ἀνάγνωθι,
765 529 851 558 dum-

144 575 234 605 modo
240 574 285 604 sic
293 575 426 614 accipias
436 579 526 614 atque
537 572 766 612 interpreteris:
781 582 851 611 pro-

145 617 254 648 nuncia
264 617 350 647 istaec
366 619 404 647 de
421 617 537 656 scripto
554 616 722 646 recitanda.

184 678 227 683 --
242 662 292 691 18.
307 658 434 699 αἶγῗίκαῖ
445 659 520 701 θεοὶ]
533 659 715 690 exclamatio
730 669 787 688 non
801 669 851 688 su-

144 713 341 744 pervacanea,
353 715 419 743 quae
436 704 501 734 visa
516 704 573 733 t'uit
595 703 755 741 Obsopoeo
772 712 853 738 esse,

143 746 198 776 sed
223 746 371 786 imprimis
396 747 498 787 gravis
522 751 552 777 et
576 746 754 776 affectuosa.
799 744 852 775 Sic

143 789 294 820 exclamat
307 790 415 820 dolens
425 795 457 820 et
468 790 616 830 quiritans
632 793 663 818 et
677 788 851 828 indignans,

142 836 204 862 tam
219 833 342 873 egregia
356 838 458 873 coepta
478 838 539 863 tam
555 832 711 862 sinistrum
734 831 852 861 exitum

144 875 252 906 sortita
275 886 355 912 esse,
377 883 560 917 optansque,
585 875 674 905 aliter
698 875 852 912 evenisse,

143 924 234 958 atque
249 920 361 950 evenit.

190 979 228 985 --
243 964 296 994 25.
306 965 362 993 τῶν
374 964 425 996 τῆς
437 960 584 1003 πατςίδος]
606 971 675 991 cum
692 966 744 991 aut
762 971 853 992 versu

144 1004 296 1044 superiori
322 1008 374 1036 24.
401 1005 472 1046 ὑπὲρ
501 1011 584 1035 esset
603 1005 777 1040 delendum,
802 1009 854 1034 aut

143 1049 224 1079 idem
246 1049 296 1079 hic
315 1049 377 1079 loci
399 1049 583 1084 addendum,
606 1048 727 1086 praetuli
748 1052 853 1087 poste-

142 1092 217 1128 rius,
232 1092 390 1122 codicibus
404 1093 447 1122 ita
460 1091 721 1131 praecipientibus,
734 1090 860 1120 tametsi*

144 1139 274 1173 utroque
307 1136 375 1165 loco
409 1134 591 1175 praepositio
621 1138 706 1163 recte
743 1134 853 1163 abesse

142 1178 252 1217 possit.

185 1222 260 1251 328.
274 1223 325 1250 10.
344 1218 446 1261 ἐφάνη]
471 1219 592 1250 correxi
613 1219 740 1259 ἀνεφάνη.
761 1220 852 1258 Toup

142 1273 261 1303 qnoque
287 1264 446 1294 Emendat.
469 1263 508 1293 ad
533 1262 657 1292 Suidam
681 1263 716 1293 T.
732 1263 798 1292 ΙΙΙ.
819 1273 850 1302 p.

145 1309 216 1337 105.
228 1306 272 1336 sic
287 1305 423 1345 corrigit.

185 1367 227 1372 —
239 1352 291 1380 ⁶24.
306 1348 332 1379 ἐν
343 1346 395 1390 οἷς]
420 1349 488 1379 scil.
509 1349 623 1389 ἆνδςάσι
638 1349 736 1381 καλοῖς
758 1346 850 1388 κᾴγα-

143 1391 208 1426 Θοις.
225 1392 255 1422 id
277 1393 358 1442 quod
373 1403 389 1422 e
404 1392 547 1431 proximo
567 1391 639 1432 ἀνδξὶ
655 1391 736 1430 καλῷ
749 1402 784 1421 τε
799 1389 850 1431 κᾴ-

144 1434 222 1476 γαθῷ
236 1435 327 1466 tacite
327 1435 571 1490 excipiendum.

186 1497 230 1501 —
244 1480 295 1509 26.
312 1478 400 1509 οὔκουν
414 1477 486 1509 {wel
494 1488 527 1517 γε
542 1489 589 1507 και
615 1478 629 1508 ἦ
643 1476 748 1518 πατςῖς
765 1475 852 1515 ηὐξά-

144 1522 219 1562 νετο]
248 1523 370 1552 correxi
393 1522 484 1552 οὔκουν
504 1520 554 1552 ἐπί
572 1531 606 1559 γε
630 1519 667 1554 οις
689 1522 703 1551 ἦ
728 1531 769 1550 mr.
789 1518 851 1558 ηὖξ.

145 1565 251 1595 Saltim
267 1575 325 1595 non
338 1565 424 1596 illis·
414 1576 445 1595 ιιι
463 1566 566 1601 rebus,
581 1564 634 1594 ubi
651 1564 733 1593 salus
752 1567 783 1592 et
799 1564 852 1592 de·

143 1617 197 1638 cus
220 1609 326 1647 patriae
340 1608 589 1648 amplificabatur.
604 1613 784 1646 quamquam
801 1605 852 1636 ubi

145 1661 193 1680 res
207 1653 384 1691 agebantur,
400 1652 480 1681 unde
495 1651 634 1691 potentia
648 1649 781 1679 bostium
797 1658 851 1688 pa-

143 1693 208 1723 triae
229 1700 392 1731 cresceret,
410 1695 454 1725 ibi
479 1695 597 1734 primus
621 1703 744 1731 semper
768 1696 799 1722 et
822 1692 851 1721 in

142 1737 248 1775 primis
271 1739 355 1768 visus
376 1749 410 1768 es
437 1738 615 1777 negotiosus
637 1741 669 1767 et
689 1736 851 1766 clamosus.

141 1780 216 1810 citat
229 1781 260 1811 h.
276 1781 297 1813 l.
312 1782 444 1811 Thomas
455 1782 502 1811 Μ.
519 1792 551 1811 v.
565 1780 667 1819 αὔξειν.

183 1842 226 1846 —
244 1826 296 1854 ⁶27.
311 1823 355 1858 τίς
376 1827 431 1864 γὰρ
450 1823 634 1865 συμμαχία]
664 1822 760 1852 citans
784 1823 811 1851 h.
830 1822 850 1852 l.

142 1866 317 1897 Alexander
336 1869 456 1898 Rhetor
481 1879 511 1908 p.
532 1870 587 1897 78.
615 1868 662 1896 16.
687 1865 849 1895 lectionem

141 1909 231 1946 hanc,
248 1921 307 1940 uon
322 1911 430 1941 malam
445 1911 597 1950 profecto,
621 1910 685 1944 dat,
709 1914 740 1938 et
762 1919 850 1948 quam

142 1953 225 1991 quod
241 1953 328 1992 prius
343 1964 403 1983 non
419 1953 632 1992 compererim,
644 1951 716 1982 etin
732 1956 851 1981 textum

140 1997 321 2035 receperim,
342 2007 390 2026 me
410 2006 488 2026 nunc
509 1996 597 2035 piget
617 1996 789 2032 taedetque:
809 1992 853 2027 τίς

141 2038 169 2069 δὲ
188 2038 306 2073 Βοῆθεια
321 2039 353 2069 ἐκ
371 2042 422 2074 τῆς
443 2041 495 2074 σῆς
516 2038 614 2072 εὐνοίας
628 2038 676 2067 καὶ
693 2036 786 2076 δόξης;
802 2047 852 2066 ec-

142 2092 210 2121 quae
235 2082 333 2122 copiae
361 2083 514 2113 sociorum
544 2080 664 2112 civitati
694 2090 853 2110 succurre-

141 2130 223 2160 runt,
240 2125 340 2155 ductae
360 2131 413 2156 tna
433 2126 500 2155 sive
517 2124 630 2164 gratia,
649 2123 716 2153 sive
734 2122 852 2162 gloria?

141 2167 221 2199 idem
238 2179 270 2208 p.
281 2170 398 2200 3221.
415 2167 584 2208 ἐνδοξοτέρα,
595 2172 627 2196 et
641 2165 672 2196 τί
687 2165 852 2197 τῶνἙλλη-

140 2265 185 2285 σε.
201 2265 293 2285 versu
311 2259 341 2286 4
363 2256 477 2297 τειχῶν
495 2253 510 2286 ἢ
532 2252 747 2284 ποῖονῖππικόν.
763 2251 778 2283 ἢ
795 2255 852 2282 τῶν

140 2299 280 2329 ἁπάντων
294 2296 326 2328 τί
343 2299 494 2352 χρήσιμον.
519 2296 534 2329 ἢ
553 2298 615 2331 τοῖς
637 2296 748 2337 ἀπόςοις
768 2301 852 2326 πολι-

140 2344 203 2374 τικῆ
218 2341 368 2377 Bostram*
357 2355 372 2373 η
386 2341 546 2384 χρημάτων
559 2339 688 2381 εὐπορία.
733 2339 786 2369 Sic
800 2339 852 2369 Al-

142 2385 224 2416 dina.
239 2396 307 2415 narn
324 2386 528 2420 Normannus,
551 2384 629 2414 hanc
649 2382 812 2413 lectionem
835 2394 853 2412 e

142 2429 267 2468 vulgata
301 2428 500 2468 interpolans,
526 2432 666 2457 neutram
698 2425 853 2462 exhibuit,

141 2481 240 2512 neque
252 2471 408 2507 Aldinam‚
425 2481 523 2511 neque
538 2470 704 2509 vulgatam,
725 2469 780 2499 sed
796 2469 853 2498 mi-

141 2521 226 2546 xtam
252 2515 356 2545 nescio
382 2524 472 2554 quam
499 2514 538 2543 de
565 2523 621 2543 suo
653 2517 854 2542 commentus.

141 2558 397 2598 quemadmodum
424 2558 538 2588 Portus
564 2566 684 2595 quoque
708 2565 788 2596 saepe
808 2555 853 2585 lo-

141 2612 245 2632 corum
262 2601 294 2632 in
310 2601 508 2640 Hermogene
527 2599 711 2636 fecit,'rualo
735 2603 767 2629 et
788 2609 853 2628 me-

142 2646 256 2676 tuendo
273 2644 428 2684 exemplo.

186 2690 259 2721 3²9.
277 2690 307 2719 6.
329 2687 374 2722 τίς
391 2687 450 2721 τοῖς
469 2685 596 2727 ἀπόροις]
616 2684 685 2724 lege
706 2684 853 2725 imposte-

143 2742 209 2762 rum
229 2742 268 2762 ex
295 2730 480 2765 Alexandro.
504 2730 660 2768 pudetque
690 2738 737 2758 me
762 2739 852 2762 nunc,

143 2785 200 2805 non
210 2776 275 2814 jam
291 2774 404 2804 dudum
421 2773 568 2806 sensisse,
588 2771 681 2801 verba
695 2771 756 2804 τοῖς
770 2771 852 2802 εὖπό-

145 2829 196 2858 gon,-
214 2817 230 2849 ἢ
252 2827 364 2848 meram
388 2827 457 2847 esse
483 2816 623 2846 vitiosam
653 2814 852 2853 scriptionem

148 2871 226 2891 vera:
254 2859 395 2891 lectionis
420 2859 480 2893 τοῖς
508 2857 626 2899 απόροις.
671 2858 853 2888 Extermiua

147 2912 220 2942 ergo
233 2903 430 2943 imposterum
446 2902 498 2933 illa
512 2902 696 2942 importuna.

189 2963 230 2970 —-
244 2948 293 2978 13.
310 2946 369 2978 οὐδὲ
389 2945 456 2976 τότε
481 2946 544 2977 οὔτε
565 2943 727 2986 παρηλθες]
750 2943 853 2975 delevi

1538 209 1589 248 87

888 312 1041 352 posterius
1066 313 1139 348 οὔτε,
1162 324 1200 343 ne
1226 320 1271 344 tot
1296 314 1445 354 negativae
1469 314 1594 345 taedium

885 362 1032 386 crearent.
1077 357 1140 385 Sed
1158 357 1269 386 nollem
1293 368 1371 387 nunc
1389 359 1512 395 sactum,
1535 368 1594 387 non

885 410 920 429 ea
945 403 1010 429 erat
1033 403 1081 428 sat
1103 399 1204 438 gravis
1220 410 1320 429 causa.
1337 411 1371 429 ue
1386 406 1450 430 tum
1466 402 1594 440 quidem,

884 452 982 481 neque
1007 442 1151 482 prodisti,
1173 453 1271 481 neque
1298 442 1428 482 largitus
1451 454 1484 473 es
1508 444 1596 483 quic-

885 496 984 524 quam.

927 546 970 551 —
981 531 1033 559 15.
1050 526 1178 558 πλειόνων
1193 527 1207 558 ἢ
1223 527 1308 558 πέντε
1323 527 1486 568 ταλάντων]
1505 529 1595 559 vitio-

886 581 947 601 sam
963 572 1040 601 hano
1057 582 1125 601 esse
1140 571 1304 601 lectionem
1319 575 1416 609 paret.
1433 577 1486 600 aut
1502 575 1597 602 πλεῖον

885 614 900 645 ἢ
915 613 1008 645 πέντε
1024 615 1172 644 ταλάντων
1194 614 1254 654 leg.
1279 619 1337 649 est,
1360 613 1430 653 plus
1455 624 1544 652 quam
1566 617 1596 645 5.

886 658 1080 692 talentorum,
1100 662 1150 687 aut
1173 658 1235 687 duo
1262 657 1411 687 vocabula
1436 655 1520 686 πέντε
1544 670 1598 686 τα-

886 701 993 731 λάντων
1006 701 1036 731 in
1048 711 1140 730 unum
1153 706 1223 731 sunt
1237 700 1444 730 contrahenda
1459 709 1599 730 πεντετα-

886 744 1004 774 λάντων.
1032 744 1114 783 quod
1137 749 1201 773 tum
1225 745 1283 774 erit
1307 743 1505 782 adjectivum.
1528 743 1598 784 χρή-

885 799 973 827 ματα
998 787 1226 818 ’ωεντετάλαντα
1253 790 1322 817 sunt
1350 787 1522 822 facultates,
1544 796 1599 825 ‚va-

886 832 951 860 lore
963 830 1097 870 quinque
1110 830 1232 860 talentis
1247 829 1480 869 aequiparandae.
1492 834 1525 859 ut
1537 835 1600 859 sta-

886 874 940 903 tim
957 874 987 903 in
1004 874 1171 904 continenti
1186 873 1302 909 legitur
1322 873 1489 902 διτάλαντον
1504 871 1599 913 ἔρανον.

929 934 972 940 -
986 919 1038 948 93.
1059 916 1084 946 ἐν
1107 915 1181 946 τίσιν
1201 914 1242 946 οἶῖν
1265 915 1372 956 σὺ-]
1397 916 1497 945 locum
1518 916 1599 945 hunc

888 960 962 990 citat
979 959 1174 990 Herodianus
1186 970 1218 999 p.
1229 961 1304 990 438.
1314 959 1344 988 in
1357 959 1442 988 calce
1454 959 1600 989 Moeridis

888 1013 906 1033 a
920 1003 1071 1033 Piersono
1088 1003 1175 1033 editi.

930 1064 973 1069 -
988 1046 1040 1077 25.
1062 1044 1357 1086 λαμπςοφωνότατος]
1377 1045 1462 1075 Citat
1486 1044 1598 1075 Pollux

887 1092 919 1125 3,
936 1092 1011 1119 111.
1029 1100 1059 1119 v.
1076 1088 1370 1129 λαμπροφωνότατος.

929 1150 973 1154 -
987 1132 1043 1162 ult.
1058 1131 1274 1172 προσλαβόντα]
1290 1130 1413 1161 detraxi
1428 1131 1600 1167 5,abusum

887 1175 998 1205 callide
1014 1175 1044 1204 in
1060 1185 1124 1206 rem
1137 1185 1232 1211 suam,
1246 1179 1349 1205 vestro
1366 1175 1498 1214 quodam
1514 1175 1601 1204 velut

885 1218 1078 1258 praejudicio.

929 1264 1003 1293 330.
1021 1265 1052 1293 4.
1067 1262 1131 1296 τοὺς
1144 1260 1174 1291 δὲ
1189 1258 1343 1294 τεθνεῶτας
1358 1259 1416 1300 -—]
1431 1259 1513 1290 Citat
1528 1260 1558 1289 h.
1575 1259 1598 1289 l.

886 1306 1028 1335 Stobaeus
1050 1317 1080 1345 p.
1100 1307 1173 1336 603.
1190 1306 1243 1335 32.
1265 1305 1352 1343 eujus
1376 1303 1488 1333 vitiosa
1507 1303 1599 1333 lectio

885 1347 969 1382 οὐδεὶς
988 1348 1163 1388 ἀτιμήσειε
1184 1348 1298 1377 nostris
1324 1346 1414 1376 libris
1437 1347 1599 1376 Demosth.

886 1396 934 1421 est
949 1391 1143 1431 corrigenda.

928 1452 970 1457 —
985 1437 1017 1465 ¹7.
1031 1433 1156 1475 κξίνομαι
1168 1433 1216 1463 καὶ
1232 1431 1403 1473 Θεωροῧμαι]
1430 1433 1552 1471 praetuli
1569 1432 1599 1462 in

885 1478 1081 1517 conjunctivo
1103 1476 1240 1517 κρίνωμαι
1254 1475 1302 1506 καὶ
1318 1476 1480 1516 θεωρῶμαι.
1503 1486 1600 1516 egone

886 1521 1087 1556 committam,
1102 1526 1136 1551 ut
1152 1520 1307 1558 explorer,
1322 1525 1356 1549 ut
1372 1520 1512 1558 specter?

928 1581 971 1586 —-
987 1566 1037 1595 15.
1053 1563 1126 1604 μετ’
1140 1561 1254 1603 εὐνοίας]
1270 1562 1353 1592 Citat
1367 1562 1397 1591 h.
1413 1562 1434 1592 1.
1448 1562 1600 1593 Aristides

886 1607 971 1647 Opp.
987 1609 1025 1638 Τ.
1043 1608 1089 1637 ΙΙ.
1103 1618 1136 1646 p.
1152 1608 1293 1637 26214.

992 1653 1045 1681 (ΖΞ).
1069 1648 1095 1679 οἳ
1116 1648 1290 1689 διασύροντες
1318 1659 1383 1681 τους
1413 1646 1495 1681 ὄντας
1521 1645 1600 1682 τότε,

885 1693 951 1727 τοὺς
965 1693 993 1724 δὲ
1010 1691 1135 1733 πρότερον
1148 1690 1343 1731 γεγενημένους
1353 1689 1485 1732 ἐωίνουν]
1502 1689 1601 1731 possit

887 1736 950 1766 haee
966 1737 1058 1767 lectio
1073 1737 1158 1772 ferri,
1174 1735 1339 1765 dummodo
1356 1733 1384 1763 δὲ
1400 1734 1535 1764 tollatur.
1547 1743 1600 1763 ve-

885 1789 951 1809 rum
969 1780 1092 1820 proetuli
1109 1779 1270 1809 lectionem
1288 1778 1472 1816 Augustani.

928 1841 972 1846 —-
987 1824 1040 1854 25.
1055 1824 1092 1853 σὺ
1109 1821 1132 1852 δ“
1147 1821 1254 1862 δ’μοιος]
1277 1822 1362 1851 Citat
1377 1821 1407 1850 h.
1422 1820 1444 1850 1.
1464 1820 1600 1850 referens

885 1865 964 1896 inter
983 1866 1108 1907 σφοδρῶς
1132 1866 1215 1895 dicta
1239 1864 1454 1903 Hermogenes
1477 1874 1509 1903 p.
1525 1864 1600 1893 265.

885 1914 917 1939 et
931 1920 963 1949 p.
975 1912 1049 1941 351.

928 1970 972 1974 —
987 1954 1041 1984 ult.
1059 1952 1152 1991 ὥσπερ
1167 1950 1269 1981 τᾶλλα
1283 1950 1395 1991 πάντα]
1413 1949 1480 1980 scil.
1495 1948 1600 1979 εἰώθα-

885 2006 940 2034 μεν
954 1994 997 2050 ἔξε
999 1995 1105 2034 ταζειν.

929 2034 1003 2069 331.
1022 2042 1052 2068 1.
1070 2035 1245 2076 ἀγωνισταί]
1260 2036 1343 2066 Citat
1358 2035 1387 2064 h.
1404 2036 1425 2065 l.
1441 2035 1587 2065 Pollux‘·
1567 2048 1601 2070 ο,

887 2084 960 2112 141.
977 2093 1008 2111 v.
1023 2080 1189 2120 ἀγωνισταὶ,
1206 2085 1237 2109 et
1252 2080 1408 2118 Harpocr.
1431 2089 1463 2108 v.
1484 2078 1601 2118 Φιλάμ·

885 2136 958 2164 μων.

927 2185 971 2190 -
987 2169 1016 2197 8.
1033 2166 1114 2197 οὐδενὶ
1130 2165 1308 2207 ἐξίσταμαι]
1326 2164 1436 2195 fortius
1451 2163 1557 2203 utique
1570 2169 1602 2194 et

885 2210 1050 2241 nervosius
1062 2215 1109 2240 est
1125 2211 1190 2240 sine
1202 2211 1266 2250 γὰρ,
1280 2209 1458 2248 asyndetos.
1479 2207 1602 2237 mollio-

885 2264 948 2284 rem
964 2259 1065 2283 tamen
1079 2253 1188 2284 reddas
1199 2253 1364 2283 orationem
1378 2251 1484 2291 legens
1497 2262 1503 2280 :
1520 2250 1602 2280 οὖδενῖ

885 2309 938 2337 yae
951 2294 1123 2337 ἐξω-νημαι.

927 2357 971 2362 -—
988 2342 1039 2371 24.
1055 2342 1104 2370 τοῦ
1120 2336 1254 2379 γενναίου]
1281 2339 1313 2368 id
1338 2343 1398 2374 est,
1415 2348 1467 2371 της
1484 2335 1599 2375 γενναιό-

886 2395 984 2417 τητος.

928 2444 972 2449 --
994 2429 1046 2458 25.
1067 2425 1286 2466 διαφυλάττειν]
1310 2423 1411 2454 malim
1440 2423 1482 2453 δεῖ
1501 2422 1600 2462 διαφυ-

886 2470 1014 2501 λάττειν.
1029 2480 1096 2499 nam
1117 2470 1142 2498 si
1159 2469 1202 2497 δεῖ
1214 2468 1383 2503 omittatur,
1404 2468 1462 2497 hoc
1489 2471 1549 2503 est,
1573 2467 1601 2496 si

887 2513 1038 2544 sententia
1060 2512 1086 2542 ἐν
1105 2511 1160 2551 μὲν
1179 2512 1246 2544 ταῖς
1265 2509 1404 2549 ἐξουσίαις
1426 2520 1495 2539 eum
1521 2520 1600 2548 prae-

886 2557 990 2586 missis
1003 2556 1078 2598 ἔχειν
1094 2556 1137 2584 δεῖ·
1148 2555 1323 2593 copuletur,
1338 2564 1437 2593 neque
1452 2553 1490 2583 ab
1506 2551 1532 2582 ἐν
1545 2551 1602 2592 μὲν

887 2610 966 2630 nova
980 2599 1133 2629 sententia
1155 2598 1325 2633 inchoetur,
1341 2606 1602 2637 supervacaneum

887 2653 1007 2683 quoque
1023 2643 1082 2672 erit
1097 2647 1188 2680 atque
1200 2641 1368 2671 tollendum
1385 2639 1601 2680 διαφυλάττειν,

887 2697 954 2716 cum
968 2685 1043 2727 ἔχειν
1058 2685 1197 2715 sufficere
1211 2684 1321 2724 possit

928 2747 970 2751 —
985 2731 1036 2759 27.
1060 2727 1158 2769 ἒτὲςᾳ]
1178 2728 1300 2767 praetuli
1323 2726 1416 2766 ἕτερα,
1439 2726 1469 2755 in
1493 2729 1600 2755 neutro

886 2772 1008 2812 plurali.
1033 2772 1092 2802 alia
1109 2777 1189 2806 sunt,
1211 2781 1277 2809 quae
1301 2770 1466 2810 potentiam
1491 2768 1601 2798 etvini

888 2817 1031 2846 tribuant.
1049 2815 1157 2845 ταύτην
1172 2813 1252 2844 redit
1266 2814 1305 2843 ad
1318 2811 1490 2860 ωξοαίξεσιν.

929 2861 1044 2890 3321.
1061 2856 1338 2897 απαγγελλομὲνων]
1355 2855 1476 2885 correxi
1491 2853 1602 2891 ἐπαῃ.

887 2913 933 2933 me
949 2903 987 2932 ad
1004 2901 1188 2941 supplicium
1204 2900 1450 2938 deposcentibus.

929 2964 972 2970 -
988 2947 1016 2976 6.
1029 2944 1134 2986 αὔξειν]
1149 2944 1230 2974 Citat
1245 2943 1377 2973 Thomas
1396 2941 1439 2971 Μ.
1453 2950 1484 2969 v.
1498 2938 1601 2976 αὔξειν.
