1931 3323
327 189 412 232 444

374 296 412 327 B.
429 296 591 337 Pergimus
606 297 645 327 ad
660 296 788 328 alteram
797 296 1040 328 Iun-odunttonis

329 344 460 379 partem.

374 383 535 420 Quodnam
546 383 864 414 sueritDemosthenis
877 383 1040 413 consilium

329 426 408 456 hanc
424 427 599 457 Orationem
617 427 764 461 habentis,
780 426 848 466 ipse
862 427 894 456 in
907 427 1041 465 Epilogo

329 470 438 508 paucis
448 470 549 500 verbis
561 470 718 500 indicavit.
763 470 969 500 Athenienses
987 480 1042 499 vo—

327 513 387 542 luit
402 523 537 547 mouere,
559 517 592 543 ut
613 513 727 543 bellum
750 514 924 554 apparando
946 513 1042 543 omni-

329 556 388 585 bus
412 556 531 586 Graecis
555 562 646 596 atque
671 556 808 587 barbaris
832 557 1041 592 ostenderent,

330 608 391 628 non
413 610 467 629 eos
493 609 525 629 se
549 610 628 636 esse,
657 610 733 639 quos
760 599 884 639 impune
913 600 1043 639 aggredi

329 642 473 681 cuiquam
491 642 617 673 liceret:
641 643 779 673 viderent
801 647 913 679 autem,
939 653 976 673 ne
993 653 1041 672 su-

329 686 439 724 perbia
454 686 610 725 copiarum
627 696 747 716 suarum
760 686 832 715 elati
848 686 959 725 injuste
969 686 1043 725 quid

330 733 469 768 agerent,
490 731 699 769 majorumque
720 729 846 767 gloriam
863 739 922 759 non
939 729 1044 758 verbis

331 771 410 808 suis,
439 772 494 802 sed
518 773 608 803 sactis
627 776 793 811 aequarent.
838 772 915 801 Haec
942 776 1043 802 autem

330 816 484 854 quomodo
502 815 691 854 exposuerit,
708 825 764 853 age
781 815 951 845 videamus.

374 858 594 894 Athenienses,
604 869 695 897 quum
708 857 856 895 incertus,
866 864 900 888 ut
912 858 1044 894 videtur,

330 911 436 931 rumor
462 902 498 930 ad
527 911 580 931 eos
608 901 798 941 pervenisset
818 903 856 932 de
878 902 1045 932 Persarum

330 954 404 983 rege
420 944 534 974 bellum
547 944 696 974 adversus
709 955 741 974 se
750 945 926 981 meditante,
939 945 1046 975 faciles

331 997 420 1017 aures
443 988 641 1026 praebuerunt
665 988 795 1018 vocibus
817 989 940 1018 illorum
971 989 1047 1018 Ora·

331 1034 444 1066 torum,
457 1030 520 1069 qui,
533 1042 624 1071 quum
639 1031 688 1061 vel
705 1031 903 1062 consiliorum
920 1032 1048 1061 audacia

331 1083 368 1102 ae
377 1073 549 1103 temeritate
565 1074 729 1104 fortudinis
742 1075 862 1105 laudem
876 1075 934 1105 sibi
946 1075 1047 1105 vindi·

331 1126 403 1146 care
429 1117 599 1153 studerent,
620 1118 670 1148 vel
691 1118 879 1148 celebrando
899 1119 1046 1156 majorum

331 1158 461 1198 gloriam
483 1161 652 1200 populique
684 1162 836 1200 superbiae
861 1161 1046 1191 blandiendo

331 1202 370 1231 ad
390 1203 569 1242 ampliorem
584 1203 617 1233 in
633 1204 761 1234 civitate
779 1204 878 1233 locum
894 1202 1046 1230 eniteren-

330 1249 393 1281 tur,
410 1246 541 1285 patriam
567 1247 680 1286 saepius
709 1247 739 1276 in
767 1254 908 1281 magnum
940 1243 1047 1273 salutis

331 1288 499 1319 discrimen
529 1289 732 1319 deduxerant.
792 1288 861 1317 Hos
892 1286 986 1327 igitur
1015 1287 1046 1316 in

331 1332 466 1362 maximo
496 1332 604 1370 populi
638 1334 789 1359 conventu
826 1329 980 1359 Miltiadis
1016 1335 1047 1360 et

332 1374 549 1405 Themistoclis
579 1373 688 1402 laudes
718 1373 910 1403 celebrantes
940 1373 1046 1402 barba-

331 1417 420 1456 rique
443 1417 595 1456 ignaviam
614 1417 825 1455 vituperantes
848 1427 939 1455 quum
960 1416 1047 1446 audi-

331 1465 412 1496 rent,
427 1460 517 1490 facile
534 1470 570 1489 eo
587 1459 829 1496 adducebantur,
843 1464 876 1490 ut
891 1459 944 1489 vix
962 1459 1047 1499 cogi-

331 1507 445 1539 tantes,
460 1504 499 1533 de
524 1506 635 1543 quanta
654 1513 688 1532 re
710 1507 862 1542 ageretur,
883 1504 1046 1533 Persarum

331 1546 509 1586 snperbiam
544 1557 602 1576 non
634 1546 790 1576 ferendam
818 1557 885 1576 esse
916 1556 1047 1586 pronun-

331 1589 457 1627 tiarent,
490 1590 543 1619 sed
579 1590 753 1620 evocandos
789 1600 857 1619 esse
894 1591 932 1620 ad
965 1601 1048 1619 com-

331 1643 423 1663 mune
453 1638 560 1663 contra
580 1634 727 1663 barbaros
756 1633 870 1662 bellum
897 1633 1047 1663 universae

333 1676 461 1706 Graeciae
475 1676 594 1706 incolas
619 1682 802 1716 veteresque
819 1675 947 1715 injurias
971 1676 1048 1706 ulci-

333 1720 472 1749 scendas.
517 1720 740 1750 Demosthenes
763 1724 876 1755 autem,
898 1721 985 1759 cujus
1002 1720 1047 1749 in-

334 1762 470 1801 genium,
488 1763 628 1802 quamvis
651 1773 728 1792 nunc
749 1763 878 1803 primum
900 1764 938 1792 ad
951 1774 1046 1804 remp.

333 1806 511 1842 accedebat,
530 1806 695 1845 multiplici
722 1811 820 1836 tamen
849 1806 1046 1836 meditatione

332 1852 365 1878 et
386 1848 557 1879 studiorum
587 1849 767 1879 assiduitate
784 1851 847 1888 jam
875 1855 938 1879 erat
958 1851 1046 1879 suba-

330 1896 427 1928 ctum,
442 1893 479 1922 ab
495 1892 577 1923 omni
587 1892 759 1923 temeritate
774 1893 966 1929 abhorrebat,
978 1893 1046 1922 sive

331 1935 509 1975 conjiciens,
528 1946 586 1966 non
610 1936 687 1966 illud
706 1936 866 1966 consilium
883 1947 952 1966 esse
965 1936 1047 1966 Ochi

332 1977 397 2008 suis
421 1980 514 2009 rebus
543 1979 711 2019 satagentis
736 1990 771 2009 ac
793 1980 952 2019 perpetuis
976 1990 1046 2009 cum

332 2022 464 2061 satrapis
480 2023 570 2052 bellis
586 2027 689 2059 vexat,
714 2022 811 2063 (hunc
829 2033 932 2062 regem
950 2023 1046 2053 Diod.

331 2064 384 2095 Sic
401 2065 498 2095 XVI.
515 2069 567 2096 40.
586 2066 663 2096 dicit
677 2066 761 2096 αὐτὸν
776 2066 831 2106 μὲν
847 2067 894 2096 οὐκ
915 2065 981 2096 ὅντα
997 2074 1045 2106 φι-

330 2107 522 2148 λοπόλεμον,)
550 2115 582 2139 ut
609 2110 774 2139 maximnm
808 2110 922 2139 bellum
953 2110 1044 2140 etiam

331 2151 483 2182 adversus
496 2153 623 2182 Graecos
636 2153 820 2192 susciperet,
834 2154 900 2183 sive
911 2163 1044 2192 praesen-

330 2194 394 2224 tius
412 2195 578 2235 periculum
603 2196 633 2226 in
651 2196 790 2226 discidiis
806 2207 873 2226 cum
890 2197 1044 2227 Thebanis

330 2248 496 2278 eorumque
527 2239 621 2268 sociis
646 2239 752 2278 patriae
776 2240 890 2269 instare
911 2241 1045 2271 animad-

329 2285 468 2318 vertens,
490 2281 534 2311 ita
558 2282 789 2312 Atheniensium
814 2283 970 2313 audaciam
996 2295 1043 2313 re-

329 2324 437 2362 primit
446 2330 642 2365 coercetque,
654 2336 711 2355 non
727 2331 758 2356 ut
771 2337 823 2356 eos
835 2337 960 2356 securos
972 2337 1043 2356 esse

326 2369 450 2405 juberet
476 2370 515 2398 ab
544 2370 624 2399 omni
647 2371 806 2399 Persarum
833 2370 961 2408 impetu,
991 2381 1041 2399 ve-

329 2420 396 2440 rum
408 2416 440 2440 ut
452 2422 505 2441 eos
516 2417 663 2448 moneret,
678 2413 703 2442 si
722 2423 797 2452 opes
810 2413 968 2452 copiaeque
982 2413 1040 2443 rei-

329 2454 462 2492 publicze
481 2455 538 2485 rite
557 2461 671 2495 paratae
689 2456 910 2495 dispositaeque
927 2463 1042 2492 essent,

328 2496 403 2526 nihil
419 2497 551 2536 periculi
568 2499 618 2528 vel
633 2499 755 2528 externi
771 2500 820 2529 vel
837 2500 972 2529 intestini
989 2510 1041 2538 pa-

329 2539 396 2568 triae
420 2540 591 2571 imminere.
637 2543 744 2581 Itaque
771 2553 870 2581 pauca
896 2543 1041 2582 praefatus

328 2582 368 2612 de
381 2583 531 2621 ejusmodi
546 2589 700 2615 oratorum
717 2587 795 2615 malo
810 2596 893 2615 more
911 2588 1040 2625 majores

327 2630 480 2665 perpetuo
491 2627 679 2657 laudantium
697 2639 752 2658 nec
767 2629 928 2668 quiequam
941 2633 1040 2659 tamen

329 2669 395 2698 sani
415 2669 619 2705 suadentium,
641 2671 710 2709 ipse
733 2673 871 2711 quaedam
897 2682 930 2702 se
954 2673 1042 2702 inve—

328 2712 412 2741 nisse
427 2713 566 2743 modeste
584 2714 754 2752 profitetur,
775 2715 886 2754 quibus
909 2716 1041 2755 peractis

327 2755 437 2793 patriae
452 2757 613 2786 commodo
628 2756 738 2786 melius
754 2760 940 2788 consulatur.
976 2760 1041 2789 Ne-

328 2808 389 2837 que
413 2804 512 2828 tamen
539 2799 569 2828 in
591 2800 734 2839 praesenti
760 2801 898 2840 periculo
923 2803 977 2831 abs
1008 2813 1040 2832 re

328 2851 399 2872 esse
414 2842 571 2872 existimat
590 2842 842 2882 disputationem,
863 2855 922 2884 qua
938 2850 1040 2875 osten-

531 189 588 231 H.
620 187 1131 231 AMERSFOORDTII
1166 187 1586 234 INTRODUCTIO

1073 296 1169 334 ditur,
1191 308 1250 337 quo
1267 297 1368 328 anlmo
1388 309 1462 338 erga
1481 299 1643 329 universos
1660 298 1790 329 Grecos

1075 340 1115 370 sit
1129 350 1184 370 rex
1198 342 1374 377 Persarum,
1389 352 1511 381 quoque
1529 341 1560 371 hi
1575 341 1654 371 iuter
1670 352 1702 371 se
1717 341 1787 381 ipsi.

1074 384 1171 414 Persa
1198 384 1321 424 quidem
1347 385 1500 415 universae
1531 384 1661 415 Graeciae
1691 383 1790 413 hostis

1075 431 1134 463 est,
1149 437 1247 467 neque
1264 428 1341 457 adeo
1358 429 1395 457 ad
1413 428 1548 467 singulas
1564 428 1718 462 civitates,
1734 436 1790 456 ve-

1075 481 1141 500 rum
1156 471 1194 500 ad
1211 471 1370 501 universas
1381 472 1498 501 bellum
1511 481 1580 501 cum
1595 481 1633 501 eo
1643 470 1789 511 pertinet.

1077 514 1193 543 Harum
1218 525 1290 544 vero
1306 514 1473 553 pleraeque,
1489 514 1643 553 publicam
1660 513 1790 543 salutem

1075 557 1279 596 negligentes,
1304 557 1425 597 privata
1449 562 1548 587 autem
1564 557 1722 587 commoda
1737 565 1791 585 cn-

1075 604 1187 636 rantes,
1205 612 1241 630 eo
1254 600 1380 631 insaniae
1396 604 1624 640 processerunt,
1638 603 1671 629 ut:
1681 598 1791 628 barba-

1076 654 1128 673 ros
1149 643 1312 674 amiciores
1336 644 1394 674 sibi
1419 645 1532 674 ducere
1555 642 1706 683 coeperint
1727 641 1792 671 illis

1076 686 1166 725 ipsis,
1186 686 1368 725 quibuscum
1388 687 1558 716 communis
1578 684 1705 725 originis
1727 694 1793 714 ser-

1077 730 1236 768 monisque
1248 740 1282 759 ac
1293 740 1411 760 morum
1427 730 1552 760 vinculo
1567 726 1792 767 essentjuncti.

1079 773 1277 802 Metuendum
1288 773 1391 812 igitur
1413 777 1489 808 erat,
1511 784 1548 802 ne
1564 772 1606 808 hi,
1623 771 1704 801 bello
1721 780 1791 799 cum

1078 815 1182 845 Persis
1198 821 1315 851 coorto,
1338 816 1367 845 in
1385 815 1554 845 communis
1569 815 1676 854 patriae
1693 818 1792 843 certa-

1079 859 1158 888 mine
1185 859 1233 889 vel
1257 859 1373 888 auxilia
1393 868 1452 887 non
1479 858 1604 893 ferrent,
1627 857 1677 887 vel
1700 856 1792 886 etiam

1080 902 1187 931 Persis
1202 913 1237 932 ea
1249 906 1354 932 contra
1366 906 1495 931 caeteros
1506 902 1632 931 Graecos
1645 900 1794 929 locarent.

1079 945 1130 975 Sic
1158 946 1334 984 periculum
1358 949 1436 980 erat,
1465 954 1503 974 ne
1528 944 1566 973 ad
1589 942 1793 973 Athenienses

1081 988 1164 1018 solos
1180 993 1275 1018 totum
1298 987 1462 1018 discrimen
1487 986 1677 1027 perveniret,
1700 990 1792 1025 atque

1081 1033 1120 1062 de
1143 1032 1182 1061 iis
1206 1031 1344 1070 suspicio
1367 1030 1511 1066 oriretur,
1542 1041 1578 1059 ac
1603 1029 1630 1059 si
1656 1033 1791 1059 veterem

1082 1085 1166 1105 suam
1183 1074 1213 1103 in
1233 1075 1361 1103 Graecos
1377 1073 1614 1102 dominationem
1632 1071 1793 1101 instaurari

1081 1122 1238 1155 cuperent.
1284 1115 1406 1153 Quibus
1430 1115 1570 1144 omnibus
1589 1124 1627 1144 ne
1648 1115 1723 1144 fides
1738 1114 1792 1144 ad-

1080 1159 1178 1189 hiberi
1194 1165 1310 1198 posset,
1323 1168 1401 1196 opus
1418 1162 1483 1187 erat
1496 1158 1596 1197 copiis
1612 1158 1690 1197 reip.
1707 1162 1792 1188 recte

1080 1201 1229 1229 ordinatis
1259 1205 1288 1229 et
1307 1201 1430 1239 justitia
1452 1201 1661 1236 consiliorum,
1682 1201 1793 1240 quibus

1080 1246 1112 1273 et
1134 1242 1299 1272 auctoritas
1321 1248 1351 1273 et
1375 1244 1452 1273 fides
1475 1244 1611 1274 civitatis
1627 1249 1793 1275 cresceret.

1081 1287 1127 1315 Ne
1145 1297 1218 1316 vero
1232 1286 1409 1326 praecipites
1425 1287 1455 1317 in
1470 1287 1663 1317 manifestum
1678 1287 1793 1317 bellum

1079 1335 1179 1370 ruant,
1193 1330 1282 1369 jubet
1297 1340 1350 1359 eos
1365 1330 1559 1360 considerare
1576 1335 1713 1360 naturam
1730 1330 1795 1360 bel-

1079 1373 1190 1410 lorum,
1205 1384 1272 1412 quae
1288 1383 1357 1403 cum
1380 1373 1486 1403 Persis
1502 1373 1726 1413 suscipiantur:
1749 1373 1794 1403 fa-

1080 1416 1170 1446 cilem
1188 1417 1310 1456 quidem
1324 1427 1391 1446 esse
1404 1416 1578 1453 victoriam,
1594 1417 1620 1447 si
1637 1417 1675 1446 ad
1690 1417 1793 1456 ipsum

1081 1459 1244 1490 discrimen
1276 1459 1410 1490 acierum
1440 1464 1620 1499 perventum
1654 1461 1706 1496 sit,
1737 1460 1793 1490 sed

1080 1503 1222 1533 difficiles
1247 1503 1488 1543 praeparationes
1525 1503 1607 1533 omni
1643 1503 1793 1533 bellorum

1082 1546 1184 1585 generi
1210 1557 1404 1577 communes:
1436 1557 1529 1586 quum
1561 1557 1635 1576 vero
1664 1547 1793 1576 Athenae

1081 1590 1136 1619 has
1152 1591 1205 1620 vix
1223 1590 1393 1620 sustineant
1409 1596 1516 1620 contra
1535 1590 1598 1628 jam
1614 1589 1792 1620 manifestos

1082 1633 1198 1673 hostes,
1213 1634 1263 1673 qui
1279 1634 1399 1663 tandem
1416 1633 1577 1673 prudentis
1594 1638 1676 1663 esset
1692 1633 1793 1663 consi—

1080 1677 1126 1712 tii,
1140 1677 1284 1716 praesenti
1301 1677 1441 1716 periculo
1457 1677 1611 1716 neglecto,
1626 1676 1657 1706 in
1679 1687 1790 1706 novum

1080 1720 1290 1759 incertumque
1321 1721 1420 1749 adhuc
1450 1731 1522 1750 suas
1546 1730 1621 1760 opes
1650 1721 1793 1758 perdere.

1080 1764 1189 1802 Neque
1205 1774 1279 1793 vero
1301 1768 1429 1793 caeteros
1450 1764 1589 1798 Graecos,
1605 1773 1680 1802 quos
1696 1764 1792 1801 major

1082 1806 1312 1836 Atheniensium
1344 1807 1481 1846 suspicio
1511 1816 1600 1846 qnam
1631 1807 1789 1835 Persarum

1080 1854 1179 1880 metus
1207 1849 1389 1885 incesserat,
1427 1849 1512 1889 prius
1533 1859 1601 1879 cnm
1628 1849 1676 1879 his
1704 1849 1792 1887 signa

1080 1893 1246 1923 collaturos
1284 1903 1352 1922 esse
1389 1892 1550 1932 probabile
1588 1896 1663 1928 erat,
1701 1902 1789 1931 quam

1080 1941 1188 1975 sponte
1206 1936 1444 1972 intellexissent,
1459 1937 1497 1967 ad
1519 1935 1678 1966 universos
1696 1946 1791 1974 seque

1080 1980 1156 2009 adeo
1180 1980 1266 2020 ipsos
1292 1980 1466 2010 amittendae
1492 1979 1642 2009 libertatis
1668 1979 1792 2018 pericu-

1079 2022 1140 2052 lum
1165 2024 1336 2062 pertinere:
1360 2028 1422 2053 tum
1448 2033 1521 2054 vero
1541 2023 1681 2052 lubentes
1696 2022 1791 2052 Athe-

1079 2067 1235 2096 niensibus
1251 2078 1283 2096 se
1305 2068 1465 2106 juncturos
1486 2066 1598 2106 opibus
1619 2067 1655 2095 ad
1674 2065 1789 2095 bellum

1079 2110 1327 2150 praevalentibuS.
1352 2111 1418 2140 lllae
1431 2114 1531 2140 autem
1548 2119 1625 2148 opes
1636 2109 1790 2148 quomodo

1078 2154 1265 2184 instruendae
1296 2154 1368 2189 sint,
1401 2155 1462 2193 jam
1494 2153 1650 2191 dispicere
1680 2151 1790 2191 incipit

1079 2203 1192 2234 orator,
1216 2197 1378 2237 praemissa
1403 2202 1501 2227 tamen
1521 2195 1739 2230 admonitione,
1757 2199 1790 2224 ut

1078 2246 1147 2271 ante
1175 2240 1276 2270 omnia
1308 2242 1388 2270 bono
1417 2250 1487 2270 esse
1520 2238 1619 2268 animo
1646 2239 1790 2268 studeant

1078 2288 1169 2323 atque
1186 2285 1228 2314 ita
1246 2283 1356 2323 parati,
1378 2287 1410 2313 ut
1432 2283 1495 2322 ipsi
1515 2283 1608 2311 rebus
1633 2282 1697 2312 suis
1715 2291 1789 2321 ope-

1077 2337 1140 2357 ram
1165 2328 1236 2357 dare
1261 2337 1320 2357 non
1343 2331 1519 2356 vereantur.
1564 2326 1671 2364 Itaque
1696 2335 1787 2364 quum

1077 2369 1308 2400 Atheniensium
1339 2371 1476 2409 potentia
1513 2369 1668 2408 praecipue
1697 2368 1791 2397 maris

1075 2413 1201 2453 imperio
1225 2418 1316 2453 atque
1340 2413 1497 2452 copiarum
1522 2412 1674 2442 navalium
1695 2412 1790 2440 abun-

1077 2457 1179 2486 dantia
1193 2457 1354 2493 niteretur,
1364 2457 1462 2496 legem
1477 2467 1508 2485 se
1521 2455 1649 2485 laturum
1661 2454 1787 2491 indicat,

1076 2511 1134 2539 qua
1156 2501 1260 2530 harum
1286 2499 1537 2530 instituendarum
1558 2498 1638 2528 ratio
1656 2502 1719 2527 tota
1735 2499 1787 2526 ab·

1077 2544 1223 2573 solvatur.
1242 2543 1312 2585 (Sic
1324 2548 1407 2573 recte
1419 2545 1458 2573 G.
1477 2544 1508 2572 F.
1524 2542 1733 2571 801161nannus
1749 2541 1787 2570 de

1076 2587 1209 2616 comitiis
1260 2586 1508 2621 Atheniensium,
1560 2583 1788 2623 Gryphiswald.

1077 2632 1173 2661 1819.
1189 2641 1220 2670 p.
1235 2632 1308 2661 n291.
1323 2633 1344 2647 “
1356 2629 1462 2659 Oratio
1477 2629 1518 2657 de
1533 2626 1715 2676 Symmpriis
1727 2636 1787 2656 non

1076 2673 1173 2712 ipsam
1192 2674 1290 2712 legem
1308 2683 1343 2702 ac
1366 2672 1551 2711 rogationem
1569 2669 1712 2701 continet.
1730 2671 1785 2699 sed

1077 2716 1205 2746 consilia
1238 2720 1364 2751 tantum,
1390 2696 1501 2754 (leuibus
1527 2718 1644 2743 tentare
1672 2712 1788 2742 civium

1076 2759 1191 2789 animos
1230 2765 1259 2788 et
1297 2769 1469 2798 praeparare
1498 2757 1634 2787 voluisse
1670 2757 1787 2785 Demo-

1076 2803 1198 2832 sthenes
1214 2802 1338 2832 videtur
1356 2802 1395 2832 ad
1411 2802 1509 2839 legem
1523 2804 1633 2839 postea
1648 2798 1788 2828 fortassis

1065 2846 1113 2875 'ad
1141 2856 1173 2876 se
1194 2846 1364 2880 ferendam,
1396 2845 1451 2874 sed
1480 2853 1632 2881 nunquam
1662 2840 1788 2872 latam.''

329 2928 359 2953 et
373 2934 405 2954 se
420 2928 450 2954 et
464 2925 597 2957 lectores
613 2927 719 2956 eodem
736 2927 757 2956 l.
770 2927 910 2968 pluribus
927 2928 1081 2959 erroribus
1094 2928 1256 2968 implicuit,
1272 2933 1392 2967 tempus
1410 2938 1467 2957 nou
1485 2931 1630 2962 tenemus,
1647 2925 1788 2965 quamvis

329 2968 513 3008 caeteroquin
525 2979 594 3000 eum
610 2980 668 3000 non
681 2971 838 3010 negligere
854 2971 1018 3003 didicimus
1034 2983 1050 3003 a
1062 2972 1286 3004 Valckenaerio
1301 2971 1339 3002 ad
1356 2972 1442 3002 Orat.
1459 2971 1498 3001 de
1513 2969 1654 3012 Philippi
1664 2971 1788 3008 Amyut.

328 3009 525 3047 indole,eaet.
541 3023 572 3053 p
590 3016 664 3046 228.
683 3016 755 3045 244.
771 3014 853 3046 alibi.
