1931 3322
338 200 422 242 AD
454 194 820 241 ORATIONEM
855 195 920 238 IN
953 195 1338 239 APATURIUM.

112 309 197 349 plum
211 305 342 338 occurrit
359 304 447 335 verbi
462 304 566 335 ἀδικεῖν
587 313 655 333 eum
678 303 824 332 ἀντιδικεῖν

114 350 287 391 permutati.
302 359 406 379 verum
416 348 454 377 ab
466 348 523 377 boc
531 346 656 387 quidem
672 346 740 375 loco
756 356 823 375 ver-

115 395 187 424 bum
199 392 344 423 ἀντιδικεῖν
358 396 405 421 est
415 390 555 420 alienum.
573 400 639 419 narn
657 388 824 418 creditores

113 435 254 476 Apaturii
261 445 319 465 uon
327 431 472 466 ἦντιδίκουν
477 432 567 472 αὐτῷ,
575 433 630 462 sed
639 431 770 471 ἐξεδίκουν
776 430 826 459 αὖ·

113 479 171 509 τόν.
180 489 239 509 non
248 488 317 508 cum
328 488 377 513 eo,
390 482 423 507 nt
431 476 476 506 rei
487 486 556 506 cum
568 480 671 505 actore
683 476 825 514 agebant,

115 522 171 552 sed
183 529 216 551 ut
231 520 399 551 creditores
410 530 479 549 cum
491 519 629 549 debitore
646 520 737 548 leuto.
754 517 824 546 illo-

114 574 182 594 rum
197 568 246 594 est
260 564 417 598 ἀντιδικεῖν,
428 573 549 605 cansam
562 573 647 592 suam
659 561 826 590 defendere

115 617 218 637 coram
230 607 360 646 judicio,
378 607 485 636 horum
506 603 630 641 ἐκδικεῖν,
644 605 676 634 in
692 604 758 633 foro
773 613 824 633 res

116 660 187 680 suas
201 658 352 689 repetere,
375 654 406 680 et
427 659 487 688 ope
502 647 619 690 judicis
642 647 766 687 exigere
780 651 825 676 at-

116 703 177 733 que
193 697 375 732 extorquere
391 692 502 722 invito.

157 753 200 759 —-
222 738 274 767 26.
302 734 597 776 ἀνθομολογησάμενος
623 732 688 776 πρὸς
713 732 825 774 τοῦτον]

114 788 184 808 011111
197 778 243 809 ita
256 782 492 819 comparassem,
507 783 542 808 ut
563 777 731 818 Apaturius
757 776 827 806 illas

114 821 314 862 quadraginta.
333 822 430 852 minas
451 821 648 861 profiteretur
670 819 732 850 sibi
748 829 767 849 a
779 830 828 850 me

113 870 220 895 mutuo
241 866 328 896 datas
344 876 425 902 esse,
442 865 655 904 reciperetque
669 862 745 894 mihi
758 863 828 893 red-

114 907 247 938 diturum
255 920 265 949 3
287 913 320 938 et
336 919 407 939 cum
422 918 481 947 ego
503 918 610 938 rursus
631 907 679 938 illi
692 916 828 946 spopon-

114 951 242 988 dissem,
270 962 319 982 me
342 962 451 982 navem
475 951 523 981 illi
547 951 771 986 restituturum,
801 949 829 979 si

115 994 316 1035 quadragInta
329 995 398 1025 illas
409 995 506 1025 minas
514 994 587 1024 mihi
603 994 756 1024 redderet.
772 1003 829 1023 nos

114 1039 304 1077 appellamus
322 1039 406 1069 einen
424 1036 633 1078 Wiederkauff
645 1037 680 1078 [a
699 1037 829 1074 redemp-

117 1083 178 1111 tion
198 1103 208 1112 .

157 1080 231 1155 8235.
259 1124 290 1155 5.
327 1122 602 1164 ἀνασκευασθείσης]
634 1122 719 1153 Citat
747 1123 777 1153 h.
805 1122 825 1152 l.

115 1167 304 1207 Harpocrat.
321 1178 350 1197 v.
365 1166 587 1198 ἄνεσκευάσοιτο.

157 1227 202 1233 --
217 1212 270 1240 22.
294 1209 395 1250 ἔνδεια]
411 1209 555 1239 Valesius
570 1209 607 1239 ad
625 1208 780 1248 Harpocr.
794 1218 828 1248 p.

114 1255 167 1285 54.
184 1253 300 1283 mavult
313 1252 414 1283 ἔκδεια.
459 1253 575 1282 Verum
589 1262 687 1291 neque
703 1252 828 1282 codices

113 1296 320 1331 consentiunt,
341 1300 373 1326 et
392 1296 575 1326 vocabulum
596 1295 727 1326 alienum
752 1295 784 1325 11.
805 1295 826 1324 l.

113 1344 173 1370 est.
197 1349 267 1370 nam
297 1338 389 1370 ἔκδεια.
413 1343 461 1369 est
486 1338 605 1378 reliqua
630 1349 703 1378 pars
730 1337 827 1368 debiti

114 1382 246 1413 nondum
264 1382 410 1423 depensa.
454 1383 570 1413 Verum
591 1381 760 1421 Apaturius
783 1381 828 1411 ni-

115 1425 159 1455 hil
184 1426 274 1465 plane
288 1426 494 1465 dependerat;
519 1430 550 1456 et
564 1426 604 1456 de
618 1425 759 1465 reliquiis
781 1424 829 1455 lu-

115 1468 204 1499 endis
219 1469 268 1499 bic
282 1469 373 1509 plane
390 1479 449 1499 non
464 1468 574 1509 agitur.
619 1469 682 1499 Sed
701 1468 728 1498 si
741 1468 829 1498 navis

115 1511 243 1542 minoris
266 1513 463 1549 venderetur,
499 1522 589 1552 quam
626 1511 829 1552 quadraginta

114 1554 217 1591 minis,
231 1556 313 1586 unde
325 1555 443 1596 reliqua
455 1554 546 1586 luitio
561 1554 670 1585 fieret?
688 1555 732 1591 id,
747 1555 827 1594 quod

113 1598 238 1629 deesset
257 1609 382 1629 summae
399 1599 454 1630 isti
471 1598 673 1639 integrandae.
693 1599 760 1628 haec
782 1602 830 1628 est

114 1640 212 1677 ἔνδεια,
227 1652 287 1673 non
302 1640 404 1673 ἔκδεια.

156 1687 230 1716 897.
251 1687 283 1717 3.
312 1684 420 1726 αὐτῶν]
452 1684 511 1716 fuit
534 1683 630 1725 igitur
661 1685 831 1724 Apaturius

113 1738 235 1769 quoque
250 1729 432 1767 Byzantius,
447 1727 578 1768 perinde
589 1732 624 1758 ut
638 1728 801 1758 Parmeno.

156 1789 200 1795 —·
215 1774 245 1803 9.
261 1770 340 1806 οὗτος
353 1770 410 1812 μὲν
421 1770 626 1814 (Apaturius)
637 1769 728 1811 ἐκείνῳ
738 1771 830 1813 (Par-

113 1815 276 1855 menonti).

158 1874 202 1881 —-
212 1860 266 1889 25.
277 1855 357 1889 ἦλθεν
367 1855 416 1888 ἐπὶ
426 1855 468 1897 τῷ
477 1856 693 1897 ἀμφισβητεῖν]
706 1856 831 1887 correxi

114 1898 194 1930 ἶλθεν
220 1899 278 1930 ἐπὶ
303 1898 336 1931 τὸ
365 1899 597 1940 διαμφισβητεῖν.
639 1900 713 1930 Fuit
740 1901 830 1930 etiam

114 1944 291 1983 aliquando,
306 1953 374 1974 cum
397 1942 572 1982 suspicarer
594 1943 657 1973 duo
680 1943 831 1973 vocabula

115 1986 196 2027 αὐτῷ
207 1986 352 2020 &mmm-²34·
366 1997 398 2016 v.
415 1987 467 2017 26.
491 1986 524 2016 in
545 1996 636 2016 unum
652 1986 831 2017 αὖτοδιοιιτη·

115 2031 168 2064 τὴς
196 2040 265 2060 esse
294 2029 543 2060 contrahendum.

117 2073 200 2113 quod
214 2073 245 2103 in
260 2073 363 2103 medio
378 2073 529 2111 relinquo.

160 2117 236 2147 898.
252 2118 305 2147 12.
325 2114 551 2156 ἀπολωλεκέναι]
565 2119 636 2155 post
650 2115 831 2146 ἀπολωλεκέ-

115 2171 168 2196 ναι,
183 2159 235 2190 vel
255 2158 360 2199 potius
381 2157 570 2194 ἀπολωλέναι,
593 2163 627 2188 ut
649 2165 697 2189 est
715 2159 747 2189 in
766 2160 830 2190 Au-

115 2206 258 2243 gustam,
275 2202 407 2243 periisse
427 2200 461 2232 τδ
477 2203 689 2242 γραμματεῖον,
706 2203 756 2232 vel
771 2203 831 2233 tale

116 2246 202 2286 quid,
223 2246 303 2276 haud
326 2245 572 2286 improbabiliter
592 2245 766 2285 suspicatus
784 2251 832 2276 est

116 2288 292 2320 Lambinus.

160 2350 204 2356 --
219 2335 272 2365 18.
286 2331 388 2373 ἀξιῶν]
403 2336 477 2372 post
491 2330 585 2371 ἀξιῶν,
599 2336 652 2363 aut
666 2332 696 2362 in
713 2333 769 2363 hac
783 2343 831 2363 re-

598 2029 682 2060 Solus
710 2030 830 2060 arbiter.

1489 200 1572 241 207

860 302 961 343 gione,
987 305 1097 333 deesse
1124 305 1246 335 videtur
1273 305 1399 345 aliquid,
1422 317 1449 336 e.
1475 316 1502 337 c.
1528 306 1575 336 ἕνα.

858 346 938 386 μόνον
958 345 1037 386 αὑτῷ
1061 347 1204 377 διαιτητῆν
1226 348 1304 378 εῖναι.
1327 360 1357 379 v.
1375 360 1407 389 p.
1424 352 1497 380 902.
1522 353 1572 381 15.

859 394 911 419 aut
926 388 1130 429 ἀποφαίνεσθαι
1144 392 1193 420 τῆν
1208 389 1326 420 δίαιταν.

903 434 978 463 899.
992 436 1023 462 1.
1038 431 1186 474 Ὀφξυνίῳ]
1201 433 1285 463 citat
1300 434 1363 463 11.1.
1379 436 1530 476 Harpocr.
1543 447 1573 466 v.

860 475 986 515 ὂφξύνιον.

902 536 946 541 -
961 520 992 547 7.
1017 517 1088 547 καθ’
1112 517 1215 558 αὑτοῦ]
1239 519 1319 549 foret
1340 520 1397 548 hoc
1419 526 1519 550 contra
1535 532 1574 558 se,

860 562 1102 591 Parmenontem.
1140 562 1253 591 Verum
1271 562 1422 592 sententia
1437 565 1573 602 postulat

858 603 929 634 καθ’
946 604 1039 634 αὑτόν.
1052 614 1105 644 per
1115 614 1154 640 se,
1164 614 1220 643 pro
1231 615 1269 642 se,
1281 611 1398 635 suamet
1410 605 1508 644 ipsius
1522 617 1576 637 au-

859 647 1012 683 ctoritate,
1040 652 1069 676 et
1091 648 1172 677 redit
1200 648 1239 678 ad
1265 648 1461 679 Aristoclem.
1485 660 1516 680 v.
1542 660 1573 689 p.

861 693 937 723 90‘2.
953 694 1006 720 21.
1024 692 1098 721 903.
1115 692 1167 721 15.

903 752 946 756 -
961 736 990 765 9.
1010 732 1199 775 ἐπεφῇνιιντο]
1217 734 1339 764 correxi
1355 733 1528 776 ἄπεφῇνατο.
1544 736 1575 765 in

862 776 1019 817 singulari.
1075 777 1167 806 Solus
1193 777 1366 807 Aristocles
1396 779 1575 809 sententiam

861 820 1079 861 pronunciavit
1090 820 1121 850 in
1134 821 1378 851 Parmenontem.

904 881 947 886 —
956 866 1008 895 23.
1024 863 1135 904 ὥσπεξ]
1149 869 1216 894 ante
1229 864 1335 905 ὥσπερ,
1347 869 1399 894 aut
1411 864 1441 894 in
1456 865 1512 895 hac
1528 875 1577 894 re-

862 906 966 946 gione,
983 907 1092 937 deesse
1110 907 1235 937 videtur
1256 907 1431 948 βουλόμενος,
1453 913 1505 938 aut
1524 907 1578 938 θέ-

862 956 929 987 λων,
942 955 994 981 aut
1007 949 1101 989 ἀξιῶν,
1117 954 1169 980 aut
1184 950 1245 980 tale
1263 952 1348 990 quid.

906 996 979 1025 900.
989 996 1019 1025 4.
1028 992 1166 1034 ἔμμηνοι]
1178 994 1280 1024 malim
1294 992 1417 1036 ἕκμηνοι,
1425 1002 1578 1026 semestres.

862 1046 963 1067 causae
979 1037 1112 1067 nauticae
1127 1047 1182 1067 seu
1193 1038 1384 1068 mereatoriae
1399 1043 1531 1078 aguntur
1546 1039 1577 1068 iu

862 1080 928 1109 foro
956 1079 1064 1110 Attico
1091 1090 1148 1119 per
1180 1091 1235 1111 sex
1264 1091 1384 1111 menses
1421 1081 1578 1113 hibernos.

862 1123 1021 1153 Sententia
1037 1123 1202 1153 exsisteret
1224 1135 1241 1154 e
1258 1125 1380 1163 vulgata
1395 1124 1480 1154 haee:
1509 1125 1577 1155 illas

862 1176 1044 1206 quocunque
1071 1177 1175 1197 mense
1200 1168 1330 1206 agitatas
1355 1178 1435 1204 esse,
1463 1173 1493 1198 et
1517 1179 1576 1198 non

861 1209 942 1239 ultra
956 1220 1091 1239 mensem
1113 1215 1296 1249 protractas,
1317 1211 1371 1240 sed
1392 1211 1470 1241 intra
1493 1222 1578 1242 men-

863 1262 926 1282 sem
942 1253 1107 1284 absolutas.
1121 1253 1153 1283 id
1170 1254 1251 1293 quod
1267 1264 1284 1283 a
1300 1264 1374 1284 vero
1390 1255 1543 1285 abhorret.

904 1314 947 1319 —
962 1298 994 1325 7.
1018 1295 1088 1337 μὲν]
1109 1296 1180 1326 huic
1202 1298 1369 1336 respondet
1384 1297 1413 1328 δὲ
1430 1308 1460 1327 ν.
1476 1300 1529 1328 21.
1546 1298 1577 1328 in

862 1338 926 1369 illis
941 1339 964 1368 εἶ
980 1337 1003 1368 δ’
1017 1340 1072 1380 εἶξα
1086 1338 1216 1380 ἐμποδών
1230 1352 1321 1370 ‘rt—n

905 1399 947 1405 —
961 1385 1013 1413 14.
1038 1382 1094 1413 ἐπὶ
1109 1385 1158 1415 τὴν
1171 1383 1330 1425 τράπεζαν]
1356 1384 1488 1414 subaudi
1506 1384 1579 1424 ὄφει-

862 1424 985 1466 λὸμενον.

905 1487 949 1492 --
964 1471 1017 1499 27.
1041 1470 1064 1500 εἰ
1086 1471 1131 1511 μὴ
1157 1469 1383 1511 πξοπέςυσιν-]
1407 1471 1477 1501 fort.
1499 1472 1522 1501 εἰ
1537 1473 1580 1510 μὴ

863 1511 1039 1553 πξοπέξυσιν,
1059 1511 1128 1543 ἀλλ’
1141 1511 1168 1543 ἐν
1181 1514 1224 1553 τῷ
1239 1513 1377 1553 ἐξελθόντι
1391 1512 1507 1553 ἐνιαυτῷ
1529 1514 1580 1555 (id

863 1560 924 1593 est,
950 1555 1096 1598 Ινῑνὲρυσιν).
1120 1567 1154 1587 v.
1170 1566 1202 1597 p.
1226 1558 1300 1588 901.
1325 1559 1356 1588 3.
1380 1556 1395 1588 ἢ
1415 1556 1540 1597 πέρυσιν,
1565 1557 1580 1588 ἦ

863 1598 1052 1640 προπέρυσιν.

908 1644 982 1673 901.
992 1644 1044 1672 10.
1061 1643 1141 1673 ἀλλὰ.
1152 1642 1338 1684 paga-&popm
1350 1642 1397 1674 τὶν
1404 1642 1484 1682 νόμον
1494 1642 1579 1684 εῖναι]

862 1685 958 1715 lectio
982 1685 1047 1716 haeo
1068 1685 1094 1715 si
1119 1691 1271 1722 servatur,
1296 1686 1362 1716 tolli
1387 1687 1479 1716 debet
1503 1685 1581 1717 εῖνειι.

864 1729 928 1759 Sed
953 1729 1058 1768 recepi
1081 1740 1098 1759 e
1121 1729 1208 1759 libris
1231 1731 1320 1759 bonae
1343 1734 1424 1760 notae-
1447 1730 1580 1772 μάρτυρά

863 1770 916 1812 μοι’
929 1779 1009 1812 φημι
1025 1771 1072 1803 τὸν
1086 1771 1164 1812 νόμον
1179 1771 1257 1803 εῖναι.

907 1832 951 1838 —-
973 1818 1025 1846 16.
1056 1815 1225 1858 συνέβαινεν]
1250 1814 1373 1846 correxi
1395 1815 1579 1850 συνέβαλλεν.

864 1868 933 1899 quae
947 1859 1099 1889 Parmeno
1115 1869 1184 1889 cum
1199 1860 1348 1899 Apaturio
1372 1864 1578 1890 contraxerat.

865 1902 902 1931 ad
918 1912 1009 1941 quem
1029 1902 1132 1941 ipsum
1149 1903 1382 1932 Parmenontem
1400 1903 1492 1933 etiam
1508 1904 1580 1932 ἀπο-

865 1945 913 1974 λεῖ
925 1945 1020 1981 redit,
1035 1946 1108 1975 item
1123 1943 1213 1985 ἐκείνῳ
1229 1956 1259 1976 v.
1273 1948 1326 1976 QO.

907 2005 951 2011 —
965 1991 1019 2019 21.
1046 1990 1095 2020 τὴν
1117 1988 1155 2022 εἰς
1177 1990 1226 2020 τὴν
1247 1987 1414 2030 τςάπεζαν]
1447 1988 1579 2019 subaudi

864 2030 1055 2071 γεγενημένην.

907 2092 951 2097 ·——
966 2077 1018 2106 26.
1034 2075 1083 2105 την
1098 2072 1210 2114 ἐγγύην]
1228 2079 1299 2114 post
1313 2077 1363 2106 τὴν
1377 2073 1478 2114 ἐγγύην
1494 2076 1583 2106 vide-

865 2122 915 2147 tur
930 2117 979 2148 καὶ
994 2116 1132 2148 κελεύοντι
1149 2118 1268 2147 deesse.

909 2163 983 2192 902.
997 2163 1028 2191 ’7.
1052 2160 1106 2191 ὑπὸ
1129 2160 1251 2202 τούτων]
1276 2161 1428 2201 Apaturio
1454 2166 1485 2192 et
1510 2159 1580 2193 Ari-

866 2204 974 2234 stocle.

909 2249 982 2278 903.
999 2250 1052 2278 21.
1082 2246 1190 2287 τούτῳ]
1216 2249 1339 2277 correxi
1362 2247 1472 2278 τούτου.
1495 2260 1581 2290 quam

865 2291 1042 2330 Apaturius.
1064 2290 1166 2330 possit
1191 2300 1313 2330 quoque
1339 2292 1446 2322 τούτων
1469 2303 1583 2322 conve-

867 2334 943 2365 nire.
958 2345 1047 2374 quam
1065 2335 1229 2373 Apaturius
1244 2339 1331 2374 utque
1347 2335 1513 2366 Aristocles.

179 2473 263 2515 AD
296 2474 667 2522 ORATIONEM
701 2480 1024 2524 ADVERSUS
1059 2478 1511 2522 PHORMIONEM.

159 2582 283 2622 Scripta
297 2584 364 2614 haec
373 2590 422 2616 est
433 2586 534 2617 oratio
544 2588 665 2619 nomine
680 2589 831 2629 Chrysip-

116 2624 160 2666 pi.
180 2635 211 2656 v.
230 2629 305 2659 911.
321 2630 374 2659 18.
397 2639 458 2668 qno
478 2630 524 2665 fit,
543 2634 578 2660 ut
599 2631 630 2661 in
651 2632 832 2671 Augustano

117 2667 246 2709 aliisque
259 2670 420 2702 codicibus
435 2672 585 2712 inscripta
605 2673 646 2704 sit
663 2673 740 2715 ὑπὲρ
761 2681 831 2715 Χςυ-

117 2708 227 2742 eim-mv
239 2711 314 2753 σρός
332 2715 382 2745 τὴν
396 2715 544 2756 Φορμίωνος
560 2718 756 2758 παραγραφήν.
771 2728 831 2758 quo

117 2754 206 2804 ti-tulo
235 2765 302 2786 eam
332 2757 488 2798 Harpocr.
516 2770 638 2800 quoque
669 2761 774 2791 laudat
801 2772 831 2791 v.

117 2795 268 2833 επιθέτους
289 2797 396 2840 ἑορτάς.
423 2801 511 2837 alter,
527 2803 582 2842 qui
604 2814 636 2842 p.
662 2807 735 2835 918.
762 2815 830 2844 pen.

116 2839 260 2879 loquendi
275 2842 362 2874 vices
373 2845 514 2885 suscipit,
526 2845 651 2877 videtur
662 2847 832 2888 Chrysippi

118 2882 213 2912 frater
227 2894 306 2916 esse.

161 2927 238 2977 907.ι
245 2928 276 2958 5.
290 2927 522 2974 συμβάλλοντες]
536 2933 656 2963 correxi
670 2931 833 2973 συμὲαλόν-

118 2978 176 3003 τες.
188 2979 240 3018 qui
253 2980 376 3003 causam
386 2974 462 3004 hanc
472 2981 576 3015 agunt,
586 2976 686 3006 videri
701 2977 833 3016 possint,

118 3020 178 3041 non
192 3021 280 3044 cives
295 3014 500 3049 Athenienses
516 3030 600 3057 esse,
612 3021 665 3050 sed
682 3027 832 3051 mercato-

865 2600 915 2619 res
932 2589 1099 2629 peregrini,
1114 2589 1230 2629 quippe
1254 2589 1307 2628 qni
1326 2600 1360 2620 se
1377 2591 1457 2620 aiant
1472 2590 1587 2630 saepius

865 2632 897 2662 in
909 2637 1032 2671 portum
1049 2633 1187 2663 Atticum
1203 2633 1322 2663 venire.
1366 2634 1584 2664 Verumtamen

866 2686 925 2705 nou
941 2675 1068 2706 videtur
1092 2676 1150 2706 hoc
1171 2682 1384 2716 argumentum
1409 2687 1472 2707 rem
1494 2678 1586 2706 conti-

867 2729 949 2748 cere.
971 2724 1077 2758 potest
1092 2719 1172 2749 enim
1187 2720 1253 2749 haec
1270 2720 1585 2760 dictio,f1·eqnem‹1re

865 2768 985 2800 portum
1006 2763 1151 2798 Atticum,
1175 2762 1266 2793 etiam
1289 2763 1328 2792 de
1350 2764 1470 2792 ciuibus
1494 2763 1586 2791 Athe-

869 2805 1026 2835 niensibus
1050 2806 1201 2845 usurpari,
1222 2806 1438 2836 naviculariam
1459 2805 1587 2835 Athenis

869 2848 1097 2886 exercentibus,
1111 2849 1231 2879 tametsi
1248 2849 1322 2879 alibi
1344 2850 1478 2879 locorum
1496 2849 1586 2877 sedes

869 2891 1059 2922 fortunarum
1092 2897 1191 2923 certas
1223 2892 1350 2921 habeant
1385 2891 1471 2920 fixas.
1529 2891 1586 2920 Vel

868 2935 959 2964 etiam
984 2939 1089 2975 potest
1114 2935 1169 2965 illa
1196 2935 1292 2964 dictio
1324 2937 1378 2963 linc
1404 2934 1587 2972 significare,

864 2979 928 3016 jam
941 2989 958 3007 a
969 2979 1061 3017 longo
1072 2984 1209 3018 tempore
1223 2979 1333 3007 fratrc>
1348 2978 1428 3012 illos,
1439 2978 1590 3016 Chrysip-

870 3031 943 3060 pum
960 3026 1045 3061 puta,
1068 3022 1256 3060 alterumque
1281 3021 1418 3055 fratrem,
1434 3021 1522 3057 cujus
1541 3031 1592 3049 no-
