1931 3323
332 184 419 226 414

329 291 384 330 γὰρ
408 291 472 324 τοὺς
500 291 578 331 ὑμᾶς
597 290 653 331 μὲν
673 290 862 332 ἐκβαλόντας,
880 294 940 325 ὑοῦ-ὂ
956 301 1048 326 Λακε-

330 332 478 373 δαιμονίων
489 333 518 364 δὲ
542 335 797 373 κατοικισθέντας,
819 337 920 371 ἔλαβον
933 338 966 368 τὸ
984 350 1047 381 χω-

329 374 391 415 glor.
415 376 536 418 dejure
549 378 776 410 Atheniensium
793 380 881 412 initio
897 381 1045 413 diximus.

329 419 515 450 AEschines:
539 419 553 452 ἢ
569 421 642 452 οὕτω
657 422 783 454 ποιητέον
801 423 814 455 ἢ
828 423 1047 466 παραχωρητέον

328 463 380 496 τῆς
395 461 553 498 πολιτείας.
577 469 632 495 aut
645 467 685 496 sic
689 465 872 507 faciendum
882 475 934 498 aut
945 470 1046 499 ceden-

329 506 401 535 dum
417 507 521 545 repub.
537 507 603 538 Cic.
621 509 731 549 [epist.
746 511 784 540 ad
797 512 960 543 Oot.inter
970 522 1046 552 epp.

329 548 369 578 ad
384 549 471 580 Brut.
489 561 537 590 ep.
555 551 602 592 8.]
627 556 647 569 ‘⁴
659 553 773 583 Cedam
793 554 849 584 tibi
866 555 896 584 in
913 566 1046 594 praesen-

327 591 371 622 tia
387 593 463 629 foro,
482 593 577 630 curia,
589 600 620 624 et
633 596 836 627 sanctissimis
848 598 976 628 deorum
990 599 1046 629 im-

327 636 501 666 mortalium
517 637 677 678 templis.”
720 640 808 669 Idem
826 640 901 681 [pro
915 641 1045 678 Milone,

323 688 352 707 o.
369 680 420 709 ⁶27.
437 681 535 721 extr.]
555 685 575 699 “
593 681 679 720 Quid
697 682 779 712 enim
802 683 842 713 de
862 684 1045 715 muliercula

326 721 470 752 Scantia?
508 723 580 762 quid
613 725 653 754 de
686 725 882 756 adolescente
907 727 1045 767 Apronio

325 764 426 795 dicam
440 765 451 795 ?
475 777 602 805 quorum
620 767 741 808 utrique
756 774 885 799 mortem
897 777 944 800 est
958 771 1045 801 mini-

325 811 418 844 tatus,
433 809 492 838 nisi
511 809 569 839 sibi
585 810 741 841 hortorum
762 813 959 851 possessione
978 825 1042 844 ces·

328 850 452 881 sisset.''
474 853 554 882 Hor.
578 853 627 883 II.
643 854 698 885 lib.
723 856 770 886 11.
789 856 850 885 Od.
869 867 900 886 v.
914 859 969 887 17.
985 858 1045 899 ss.]

371 923 392 936 ‘¹
404 919 505 949 Cedes
523 921 675 959 coemptis
690 922 831 958 saltibus,
848 927 878 952 et
894 923 1000 960 domo,

367 962 522 1035 Vilgaqu’e'
541 964 639 993 flavus
653 974 742 1003 quam
758 965 882 1000 Tiberis
900 967 988 1003 lavit,

368 1005 413 1034 Ce
438 1016 482 1035 es.
497 1008 506 1021 '

367 1081 410 1086 ——
419 1075 491 1103 pen.
507 1064 555 1094 καὶ
568 1066 633 1099 τοὺς
644 1066 806 1106 Καξδιανοὺς
821 1065 911 1107 ἐῶμεν
924 1067 977 1107 ἔξω
989 1070 1045 1099 τῶν

322 1107 521 1148 Χεῤῥονησιτῶν
535 1111 590 1137 τῶν
604 1109 701 1139 ἄλλων
724 1110 896 1152 τετάχθαι]
923 1112 1042 1141 Diodo-

322 1160 376 1180 rus
398 1151 462 1180 Sic.
487 1150 558 1191 [lib.
574 1152 671 1183 XVI.
687 1164 715 1182 c.
731 1153 802 1193 34]
827 1153 1043 1193 Κερσοζλέπτου

323 1191 353 1223 δὲ
369 1194 418 1223 τοῦ
440 1193 554 1230 Κότυος,
576 1194 621 1224 διά
637 1205 669 1225 τε
685 1198 735 1227 τὴν
750 1196 817 1235 werig-
832 1197 972 1228 Φίλιππον
988 1199 1042 1227 ἀλ-

322 1235 506 1276 λοτριότητα,
531 1237 581 1267 καὶ
596 1238 647 1269 τὴν
663 1238 730 1277 πξός
751 1238 913 1275 Ἀθηναίους
936 1240 1043 1281 φιλίαν,

323 1278 535 1321 ἐγχειρίσαντος
544 1281 603 1314 τοῖς
618 1280 773 1316 Ἀθηναίοις
786 1284 841 1317 τὰς
854 1282 878 1313 ἑν
890 1284 1042 1325 Χεῤῥονήσῳ

321 1323 430 1357 πόλεις,
462 1326 536 1355 ’πλὴν
563 1323 693 1364 Καρδίας,
723 1325 898 1356 ἀπέστειλεν
922 1328 933 1357 ὁ
957 1328 1044 1368 δῆμος

322 1365 493 1407 κληρούχους
507 1367 546 1400 εἷς
559 1369 616 1402 τὰς
630 1367 742 1402 πόλεις.
769 1370 815 1410 [p.
829 1373 902 1401 139.
916 1372 965 1400 ed.
983 1372 1041 1412 D‚]

321 1408 373 1440 Ex
391 1411 446 1440 hac
463 1410 626 1440 donatione
649 1412 859 1453 Cersobleptae
874 1418 983 1453 postea
998 1420 1042 1445 te—

320 1458 455 1483 nuerunt
487 1454 691 1484 Athenienses
724 1455 801 1486 hanc
838 1457 1043 1495 peninsulam,

324 1497 431 1536 eisque
449 1496 487 1526 ad
503 1497 601 1527 multa
616 1497 700 1529 utilis
714 1499 771 1529 fuit
787 1505 913 1539 propter
931 1501 1043 1531 vicini-

321 1544 429 1576 tatem,
446 1545 581 1580 excepta
596 1541 720 1578 Cardia,
736 1554 803 1582 quae
820 1544 918 1574 libera
935 1544 966 1574 in
980 1555 1043 1575 me>-

322 1583 376 1613 dio
392 1584 499 1614 relicta
513 1588 570 1614 est.
587 1584 658 1614 inde
674 1586 752 1615 enim
769 1597 890 1623 nomen,
906 1593 940 1617 ut
956 1588 1043 1618 vide-

321 1629 384 1663 tur,
400 1627 483 1666 quod
494 1632 560 1657 erat
571 1628 704 1667 regionis
720 1629 804 1659 illius
815 1631 1020 1662 meditullium
1034 1643 1040 1661 ε

321 1680 412 1709 quam
429 1681 497 1700 cum
511 1681 593 1710 saepe
610 1676 780 1703 tentassent
792 1674 996 1705 Athenienses
1009 1674 1042 1705 in

322 1723 409 1743 suam
435 1713 583 1743 ditionem
610 1725 735 1755 cogere,
758 1726 852 1752 nunc,
869 1723 902 1748 ut
917 1728 975 1756 pax
993 1729 1041 1748 es-

321 1761 381 1794 set,
402 1756 480 1786 illud
505 1757 661 1796 inceptum
687 1759 867 1790 omiserunt.
914 1761 972 1791 Est
988 1772 1042 1792 au·

320 1803 383 1830 tem
407 1800 472 1830 haec
497 1800 706 1831 Cherronesus
723 1802 863 1833 Thraciae
879 1814 952 1843 pars
985 1815 1040 1834 ex-

321 1846 430 1878 trema,
446 1843 477 1873 in
494 1853 576 1873 mare
590 1844 733 1884 AEgaeum
750 1846 940 1884 prominens.
955 1848 1040 1878 Stra-

321 1885 383 1915 bo:
405 1887 453 1917 καὶ
481 1886 495 1916 ἦ
519 1885 627 1926 Θρᾳκία
654 1888 814 1930 Χεῤῥόνησος
837 1889 1041 1929 ἀπολαμβάνει

321 1927 397 1968 πρὸς
415 1929 449 1959 τδ
469 1929 570 1959 Σούνιον
592 1929 639 1960 τόν
661 1941 695 1960 τε
720 1931 837 1971 μέλανα
863 1932 978 1971 κόλπον,
993 1935 1043 1965 καὶ

320 1973 387 2006 τοὺς
410 1971 511 2013 ἐφεξῆς
535 1973 601 2006 τοὺς
617 1974 825 2010 Μακεδονικούς.
851 1975 922 2016 [lib.
948 1978 995 2008 ΙΙ.
1012 1990 1042 2019 p.

320 2017 396 2047 148.
413 2017 462 2046 ed.
480 2017 577 2057 Alm.]
603 2017 661 2047 Est
681 2017 775 2057 igitur
797 2021 1042 2059 promontorium

319 2063 355 2089 ut
370 2060 510 2098 Sunium,
527 2065 558 2089 et
569 2059 639 2089 κατ’
653 2059 752 2103 ἔξοχῆν
763 2063 902 2093 absolute
916 2064 1042 2101 dicitur,

319 2105 356 2132 ut
368 2102 583 2133 Cherronesus
600 2104 733 2134 Taurica
749 2107 786 2136 ad
804 2107 949 2138 Pontum.
973 2107 1042 2150 >Cig—

319 2156 369 2179 σος
380 2151 480 2176 autem
498 2157 555 2186 pro
572 2152 651 2177 terra
664 2149 790 2187 ponitur
799 2151 976 2186 continente,
987 2153 1041 2181 sed

319 2189 447 2229 proprie
460 2194 507 2219 est
519 2191 635 2221 inculta
648 2195 740 2221 terra.
756 2196 778 2210 “
793 2203 849 2231 per
864 2204 970 2232 agrum
987 2195 1040 2224 ho-

320 2232 413 2262 minis
429 2232 512 2272 pigri
530 2233 695 2270 transivi,''
709 2235 808 2274 inquit
824 2236 980 2273 Salomon,
993 2238 1042 2267 καὶ

320 2274 374 2305 ἰδοὺ
389 2275 449 2310 δ’λος
466 2274 630 2317 ἐχεξσοῧτο.
666 2277 778 2317 [Prov.
805 2279 939 2309 XXIV.
969 2281 1040 2321 31.]

318 2318 389 2349 hinc
411 2321 537 2360 χεξσαῖα
555 2320 626 2361 ζῶα,
645 2323 796 2351 terrestria
809 2323 966 2352 animaliu-
991 2323 1042 2353 Ci-

319 2362 367 2391 vis
391 2361 595 2404 Χεῤῥονησίτης.
620 2369 650 2394 at
666 2364 845 2404 Xenophon
861 2365 953 2395 habe-t
973 2367 1040 2407 Χεῤ-

317 2404 497 2445 ῥονησιώτας,
513 2411 546 2436 ut
561 2408 709 2443 νησιώτας,
726 2408 907 2446 pleonasmo
922 2419 1040 2448 magnae

318 2449 448 2479 vocalis.
471 2450 517 2479 sic
533 2451 679 2481 dicimus:
704 2449 772 2490 πξός
785 2450 864 2489 ὄγκον
879 2451 927 2481 καὶ
948 2451 1038 2491 μέγε-

319 2489 375 2526 θος,
389 2493 549 2527 ἡλικιώτης,
563 2493 757 2534 στξατιώτης,
771 2495 952 2530 Σικελιώτης,
963 2493 1040 2525 Ἰτα-

319 2534 435 2569 λιώτης,
453 2546 512 2565 non
534 2536 672 2573 ἦλικίτης,
689 2535 860 2577 στξατίτης,
880 2537 1040 2577 Σικελίτης,

318 2576 377 2606 ἀπὸ
402 2578 452 2607 τοῦ
477 2578 582 2615 ἡλικία,
615 2583 756 2620 στρατιᾶ,
796 2580 923 2612 Σικελίιί.
949 2582 1039 2613 nimis

318 2620 399 2651 enim
416 2620 540 2651 exiliter
553 2623 618 2652 haec
636 2629 758 2654 sonant.

362 2664 420 2694 ult.
432 2663 481 2693 καὶ
498 2663 544 2694 τὸν
559 2667 636 2706 Κᾶρα
649 2669 705 2700 τὰς
719 2667 813 2702 νήσους
828 2667 1035 2709 καταλαμβά-

316 2706 382 2747 νειν]
403 2706 526 2745 Αὔξησ-ις
539 2709 576 2738 ab
590 2709 772 2749 indignitate
788 2721 940 2750 personae.
962 2711 1038 2742 nihil

314 2750 398 2780 ,enim
415 2751 545 2782 Caribus
561 2752 666 2789 vilius,
691 2753 742 2791 qui
759 2755 942 2785 mercenarii
959 2755 1038 2785 mili-

317 2797 366 2823 tes
392 2799 494 2830 erant,
525 2799 557 2824 et
584 2796 706 2826 venales
729 2797 844 2827 animas
874 2798 1037 2829 habebant.

315 2836 413 2867 Hom.
437 2836 545 2877 [Iliad.
566 2839 630 2869 IX.
646 2849 679 2869 v.
704 2840 796 2881 378]
829 2839 881 2870 τίω
898 2839 926 2871 δέ
940 2853 992 2881 μιν
1011 2841 1038 2873 ἓν

318 2879 407 2920 Καςδς
417 2881 496 2922 αἴσῃ.
521 2876 658 2913 Achilles
670 2882 729 2912 hoc
742 2883 780 2913 de
795 2885 1036 2925 Agamemnone,

316 2934 406 2962 quem
423 2924 542 2963 sprevit
555 2935 624 2955 cnm
640 2926 826 2957 muneribus.
850 2927 897 2957 M.
913 2928 1035 2959 Tullius

680 186 936 229 DOUNAE1
971 187 1449 235 PRAELECTIONES

1080 296 1177 333 bium,
1193 298 1349 339 Phrygem
1374 300 1473 341 plagis
1493 301 1558 332 fieri
1580 302 1681 333 solere
1702 301 1793 332 meti-

1081 340 1181 370 orem?
1211 342 1286 381 quid
1315 344 1354 372 de
1384 349 1450 374 tota
1476 345 1584 376 Caria?
1608 356 1707 375 nonne
1730 345 1792 376 hoo

1081 388 1184 413 vestra
1193 395 1269 415 voce
1284 386 1442 425 vulgatum
1450 393 1510 425 est,
1523 388 1571 430 [p.
1587 391 1662 420 183.
1673 389 1722 418 ed.
1732 387 1793 429 D.]

1082 426 1106 455 si
1131 427 1206 466 quid
1230 439 1299 459 cum
1321 430 1456 469 periculo
1479 428 1615 471 experiri
1643 431 1735 469 velis,
1760 431 1793 461 in

1080 469 1157 501 Care
1173 470 1207 501 id
1231 472 1425 510 potissimum
1446 485 1516 505 esse
1538 474 1743 506 faciundum.”
1765 472 1793 504 ἓν

1079 512 1148 553 Καςῖ
1180 515 1192 544 ὃ
1216 514 1340 551 κίνδυνος.
1387 517 1491 547 Carem
1517 524 1616 548 autem
1644 528 1702 548 non
1732 527 1791 557 pro

1080 562 1170 596 gente
1182 558 1274 595 dixit,
1291 564 1323 589 ut
1335 559 1442 590 Livius
1457 561 1594 598 Poenum,
1616 560 1794 597 Romanum,

1079 601 1134 630 sed
1166 601 1232 632 vult
1259 603 1391 642 intelligi
1420 605 1609 640 Mausolum,
1638 608 1671 634 ut
1698 614 1792 642 quum

1080 642 1260 684 Philippum
1276 651 1431 686 nuncupat
1452 646 1499 678 τόν
1521 646 1724 683 Μακεδόνα,-εῐ
1739 647 1792 676 Li-

1080 687 1150 717 vius
1166 689 1356 726 Annibalem,
1372 689 1509 721 Poenum.
1526 697 1558 721 et
1584 701 1639 730 per
1659 695 1794 720 contem-

1080 734 1177 768 ptum,
1197 733 1308 770 geum,
1335 743 1394 762 non
1421 745 1476 764 suo
1501 734 1623 764 nomine
1645 733 1794 773 appellat.

1079 770 1239 804 Diodorus
1264 775 1327 806 Sic.
1356 775 1426 816 [lib.
1444 777 1539 808 XVI.
1564 788 1591 807 c.
1605 777 1674 818 36.]
1695 775 1748 807 ὑπὸ
1765 775 1795 806 δὲ

1079 817 1144 850 τοὺς
1165 817 1265 851 αὐτοὺς
1278 820 1397 858 καιροὺς,
1412 819 1573 855 Μαύσωλος
1599 821 1611 850 ὅ
1627 822 1677 854 τῆς
1692 817 1795 859 Καρίας

1079 859 1216 895 δυνάστης
1226 860 1420 899 ἐτελεύτησεν,
1433 863 1520 902 ἄρξας
1530 862 1579 894 ’ἐτη
1594 861 1796 894 εἰκοσιτέσσα-

1079 914 1124 943 ρα.
1145 905 1193 934 τὴν
1214 904 1243 934 δὲ
1259 906 1346 946 ἀρχὴν
1371 905 1552 946 διαδεξαμένη
1576 905 1762 946 ’Agame-,rim
1779 907 1794 936 ἣ

1078 947 1185 986 ἀδελφὴ
1201 948 1249 978 καὶ
1265 950 1342 987 γυνὴ,
1365 947 1563 980 ἐδυνάστευσεν
1582 949 1631 980 ἐ’τη
1648 949 1703 980 δύο.
1724 959 1794 989 quae

1077 990 1271 1029 magnificum
1279 993 1433 1023 exstruxit
1439 997 1665 1023 monumentum
1674 993 1795 1028 marito,

1078 1033 1158 1070 quod
1183 1035 1373 1073 appellatum
1399 1041 1445 1066 est
1469 1037 1507 1065 ab
1533 1047 1570 1066 eo
1587 1036 1794 1071 Mausoleum,

1077 1080 1331 1116 numeratumque
1355 1080 1434 1109 inter
1459 1084 1577 1118 septem
1593 1079 1675 1109 orbis
1699 1084 1794 1108 terra·

1076 1127 1143 1147 rum
1157 1118 1314 1149 miracula·
1338 1122 1493 1152 Martialis
1508 1122 1579 1163 [lib.
1595 1122 1635 1152 de
1649 1123 1792 1162 Speotac.

1077 1171 1170 1191 carm.
1187 1161 1234 1203 1.]

1121 1222 1283 1251 “Barbara
1307 1222 1511 1262 Pyramidum
1540 1223 1631 1254 sileat
1647 1224 1794 1255 miracula

1248 1266 1415 1305 Memphis,

1149 1307 1410 1348 Assiduusjactet
1420 1320 1477 1340 nec
1490 1310 1794 1349 Babylonalabor.——-

1124 1353 1206 1381 Aere
1222 1362 1278 1381 nec
1292 1362 1389 1382 vacuo
1404 1354 1567 1392 pendentia
1582 1353 1744 1383 Mausolea

1146 1430 1148 1432 v
1163 1395 1322 1425 Laudibus
1338 1396 1513 1426 immodicis
1529 1398 1622 1427 Cares
1634 1397 1662 1426 in
1681 1402 1764 1427 astra

1252 1439 1266 1467 f
1299 1459 1307 1468 ι
1354 1462 1362 1470 .

1121 1481 1230 1511 Omnis
1246 1443 1388 1512 Cezgsgiieo
1405 1482 1495 1513 cedat
1508 1482 1596 1513 labor
1612 1483 1740 1523 Amphi-

1252 1526 1382 1556 theatro.

1164 1569 1269 1642 Unum)
1297 1579 1362 1627 pro,
1382 1569 1503 1600 cunctis
1531 1570 1610 1601 fama
1638 1570 1782 1610 loquatur

1271 1623 1340 1652 pus.

1079 1671 1162 1702 Hinc
1179 1683 1294 1712 magnae
1318 1673 1417 1703 moles
1433 1674 1644 1713 sepulcrorum
1667 1674 1795 1704 Mauso-

1076 1715 1125 1744 lea
1150 1715 1254 1745 diotae.
1278 1717 1443 1747 Suetonius
1470 1717 1640 1757 [Galignla‚
1667 1728 1696 1747 c.
1725 1716 1793 1757 15]

1075 1758 1284 1788 “Germanici
1309 1760 1428 1790 cineres
1452 1761 1612 1790 Mausoleo
1637 1761 1793 1791 caesarum

1075 1800 1188 1832 illati.''
1225 1812 1282 1832 nec
1310 1813 1369 1833 non
1402 1803 1535 1843 quodvis
1560 1804 1793 1834 monimentum.

1075 1845 1164 1875 Idem
1196 1845 1244 1885 [in
1277 1845 1418 1883 Vitellio,
1450 1858 1478 1876 c.
1510 1846 1578 1887 10.]
1609 1850 1630 1864 “
1644 1847 1795 1886 Lapidem

1076 1889 1232 1919 memoriae
1246 1889 1378 1919 Othonis
1394 1890 1576 1929 inscriptum
1596 1889 1733 1929 intuens,
1747 1890 1795 1920 di-

1076 1942 1171 1970 gnum
1189 1943 1225 1963 eo
1247 1933 1409 1963 Mausoleo
1435 1932 1509 1963 ait.''
1535 1934 1630 1968 νήσους
1653 1933 1794 1971 intellige

1076 1977 1132 2009 τὰς
1142 1976 1294 2011 Κυκλάδας
1309 1976 1358 2006 καὶ
1369 1977 1527 2018 Σποράδάς,
1554 1987 1678 2017 sparsas
1692 1977 1725 2007 in
1737 1976 1794 2007 AE-

1076 2028 1145 2057 gaeo
1159 2020 1247 2050 mari.

1120 2063 1157 2092 P.
1178 2065 1252 2094 149.
1283 2067 1311 2093 1.
1334 2062 1384 2093 καὶ
1409 2061 1574 2102 Βυζαντίους
1593 2063 1731 2100 κατάγειν
1751 2063 1792 2092 τοὶ

1077 2106 1181 2146 πλοῖα]
1212 2106 1422 2136 Athenienses
1451 2106 1585 2145 plurimo
1614 2108 1793 2136 Graecorum

1077 2149 1213 2178 omnium
1240 2150 1405 2179 utebantur
1442 2149 1607 2188 importato
1640 2150 1792 2179 frumento

1076 2196 1204 2231 propter
1220 2192 1278 2221 soli
1295 2191 1501 2222 sterilitatem.
1526 2193 1728 2231 deportabant
1739 2202 1793 2222 au-

1077 2239 1138 2264 tem
1155 2236 1294 2270 ePonto,
1319 2233 1412 2275 atque
1437 2236 1476 2265 de
1503 2235 1635 2265 Taurica
1661 2235 1793 2265 Cherro-

1076 2287 1164 2313 neso,
1175 2289 1242 2317 quae
1256 2278 1446 2309 fertilissima
1456 2282 1522 2309 erat
1534 2278 1668 2317 frugum.
1683 2278 1791 2318 [Dem.

1076 2321 1113 2350 ad
1131 2322 1305 2360 Leptinem,
1318 2332 1344 2352 c.
1365 2323 1417 2351 27.
1444 2332 1471 2350 s.
1494 2332 1528 2361 p.
1543 2323 1596 2352 38.
1619 2332 1656 2351 ss.
1672 2322 1791 2363 Wolfi]

1076 2374 1136 2402 quo
1152 2374 1233 2403 saepe
1248 2365 1349 2400 fiebat,
1367 2369 1398 2394 ut
1414 2364 1568 2402 Byzantii,
1590 2363 1637 2404 [ρ.
1652 2367 1723 2396 184.
1741 2365 1791 2395 ed.

1077 2407 1135 2448 D.]
1151 2418 1278 2445 quorum
1298 2410 1369 2438 urbs
1386 2407 1465 2438 scita
1490 2413 1538 2438 est
1553 2409 1592 2438 ad
1615 2409 1792 2449 Bosporum

1074 2450 1251 2487 Thracium,
1267 2452 1350 2490 quod
1365 2451 1475 2481 fretum
1493 2456 1712 2491 perangustum
1730 2457 1791 2486 est,

1073 2491 1413 2534 interciperentuaves.
1437 2496 1532 2526 πλοῖον
1557 2495 1792 2525 enimmercato-

1074 2538 1121 2567 ria
1138 2539 1222 2567 navis
1237 2542 1284 2568 est
1297 2537 1363 2568 sive
1376 2539 1521 2568 oneraria.
1536 2548 1593 2568 nec
1608 2538 1707 2568 solum
1727 2543 1793 2567 erat

1073 2580 1242 2619 piratarum
1266 2582 1406 2620 κατάγειν
1427 2583 1468 2612 τὰ,
1486 2583 1588 2616 πλοῖα,
1609 2582 1665 2611 sed
1688 2581 1791 2620 pacati

1073 2630 1194 2664 quoque
1219 2625 1361 2655 solebant
1388 2635 1501 2664 cogere
1527 2624 1558 2654 in
1579 2624 1680 2654 medio
1697 2635 1789 2654 cursu

1072 2677 1167 2698 naves
1190 2669 1343 2698 frumento
1359 2673 1484 2698 onustas
1510 2668 1547 2697 ad
1571 2677 1604 2700 se
1621 2667 1788 2707 appellere,

1071 2710 1411 2749 frumentumssvendere.
1423 2712 1512 2741 Dem.
1531 2709 1613 2752 [πρὸς
1626 2708 1789 2746 Πολυκλέα,

1071 2764 1103 2792 p.
1122 2755 1234 2796 1202]
1247 2753 1290 2785 ’ἐτι
1308 2754 1336 2785 δὲ
1358 2757 1413 2785 τῶν
1427 2751 1557 2794 ἐμπόρων
1573 2753 1622 2782 καὶ
1649 2755 1704 2783 τῶν
1725 2765 1789 2785 γαυ-

1069 2796 1175 2838 κλήρων
1190 2797 1258 2838 ’ωερῖ
1272 2797 1320 2828 τὸν
1334 2797 1454 2837 ’ἔκπλουν
1468 2796 1551 2826 ὄντων
1565 2795 1597 2826 ἐκ
1612 2797 1661 2826 τοῦ
1673 2796 1789 2834 Πόντου,

1069 2842 1118 2870 καὶ
1142 2839 1296 2880 Βυζαντίων
1312 2841 1360 2872 καῖ
1384 2839 1535 2881 Κυζικηνῶν
1550 2838 1734 2878 καταγόντων
1746 2842 1788 2871 τὸ,

1069 2885 1160 2914 πλοῖα
1173 2887 1224 2918 τῆς
1239 2883 1310 2918 ἰδίας
1325 2883 1404 2914 ἕνεκα
1426 2881 1524 2924 χρείας
1550 2881 1645 2913 σίτου.
1670 2893 1787 2913 merca-

1069 2931 1152 2958 tores
1176 2927 1350 2966 intelligere
1374 2927 1523 2957 debemus
1553 2936 1621 2964 eos,
1647 2925 1701 2967 qui
1724 2926 1786 2956 sru-

312 2965 390 3006 [pro
408 2968 530 3005 Flacco,
555 2980 582 2999 c.
599 2969 669 3010 ΞΖ]
698 2973 719 2987 “
731 2975 830 3000 utrum
857 2969 954 3010 igitur
975 2981 1029 3002 no·
1066 2974 1199 3001 mentum
1227 2971 1422 3001 advehebant
1439 2969 1593 3009 Athenas.
1636 2968 1727 2999 Idem
1752 2969 1783 2998 in

308 3015 411 3050 ²sti-aim
425 3015 483 3049 est,
505 3022 541 3042 au
559 3016 695 3044 vestrum
719 3013 776 3050 hoc
792 3019 885 3045 vetus
901 3023 1029 3054 prover·
1066 3015 1174 3045 eadem
1189 3014 1237 3057 [p.
1251 3016 1346 3046 1217.
1361 3013 1405 3055 s.]
1424 3011 1666 3066 εἶσαγγελθέντυν
1679 3011 1721 3049 δὲ,
1738 3011 1785 3042 ἔτι

1927 2124 1931 2194 l
