1931 3322
476 207 541 249 IN
575 207 752 249 ORAT.
786 207 868 248 DE
901 205 1272 250 SYMMORIIS.

142 312 177 344 ⁰³3
193 313 242 344 ηδὺ
258 313 306 343 καὶ
322 313 356 343 ‘ria
378 325 451 354 προς
466 315 550 356 χάριν
565 314 664 350 εἰωθὼς
680 313 856 354 ὑποκρέκειν,

141 356 206 387 οὔτε
221 355 295 397 ἔργον
308 357 403 387 οἰδεν
389 360 575 394 αντιτεῖνον,ο
563 358 626 388 ου’τε
642 359 720 400 ῥημα
735 359 858 397 λυωοῖν,

142 400 225 432 ἀλλὰ.
237 400 312 440 μόνω
325 400 487 440 παρέπεται
501 403 544 432 τῶ
558 401 726 441 ἔουλομένῳ,
740 400 859 440 συνᾴδων

142 443 185 473 ἀεὶ
196 454 243 472 και
235 443 524 484 συμψθεγγόμενες.
533 446 760 485 adulatorquasi
770 445 858 473 unica

144 490 263 516 tantum
289 489 370 518 nervi
394 489 555 519 intentione
576 489 734 519 identidem
758 488 859 517 solitus

142 530 264 559 eandem
278 540 371 561 vocem
389 532 523 562 reddere.
548 533 591 561 ita
609 531 703 561 vertit
719 530 857 569 Xyland.

143 577 173 601 at
183 572 358 613 διάγραμμα
369 585 428 604 non
437 580 484 605 est
494 575 616 605 intentio
626 575 718 610 nervi,
728 572 860 606 ἐπίτασις

144 616 195 649 τῆς
210 616 321 656 χορδῆς,
341 618 396 648 sed
417 618 448 648 id
466 618 547 657 quod
563 617 706 652 diximus,
728 616 788 646 viz.
803 617 857 646 de-

143 659 273 698 scriptio
452 661 482 690 in
497 661 611 690 tabula.
790 659 858 690 Jam

145 701 324 742 διάγραμμα
344 703 374 733 in
396 714 486 733 sensu
504 703 633 743 politico
654 703 778 733 duobus
796 704 859 733 sere

144 746 244 775 modis
261 756 278 775 a
295 747 349 776 Gr.
370 751 546 786 usurpatur.
590 747 765 786 Aliquando
779 747 858 776 enim

144 788 321 829 διάγραμμα
335 789 418 819 idem
436 795 484 820 est
500 797 530 820 et
546 790 742 830 πρόγραμμα,
757 789 859 819 διάτα-

143 842 224 870 γμα,
240 833 380 869 edictum,
394 844 447 864 seu
462 834 621 868 decretum,
638 834 792 872 principis,
808 839 861 862 aut

145 876 346 916 magistratus,
361 877 437 917 quod
453 877 513 907 viz.
530 879 560 907 in
575 878 682 915 scripto
695 877 796 916 aliquo
812 877 859 906 vel

145 918 253 949 tabella
268 921 456 958 proponitur.
481 920 562 950 Plut.
579 920 701 950 anull.
722 920 767 962 [c.
790 922 845 950 36
847 920 860 961 ]

145 960 216 990 ἀλλ’
234 960 352 992 ἐκώλυεν
365 962 490 998 ἐκτιθεὶς
506 964 733 1004 διαγράμματα.
748 964 862 993 vetabat

143 1005 302 1044 publicatis
323 1007 436 1037 edictis.
482 1008 530 1037 Id.
555 1007 620 1036 Cic.
642 1006 686 1047 [c.
708 1009 760 1037 3Q.
765 1005 778 1046 ]
802 1006 862 1036 διά-

145 1059 277 1088 γρημμα,
288 1048 432 1088 προῦθηκεν
444 1049 539 1090 εἴργειν
553 1061 635 1089 πυρος
646 1049 694 1080 καὶ
706 1048 806 1084 ὕδατος
815 1049 863 1079 τᾶν

146 1091 241 1132 ἄνδρα.
262 1093 392 1123 edictum
409 1094 609 1134 promulgavit
623 1094 800 1124 interdicere
812 1093 863 1123 ho-

114 1134 117 1138 *
145 1136 253 1165 minem
266 1146 349 1176 uquae
362 1142 390 1166 et
404 1137 480 1177 igni.
495 1138 627 1176 Appian.
644 1136 755 1176 ἐμφυλ.
772 1148 804 1167 v.
819 1137 862 1178 [c.

146 1180 198 1208 67.
200 1178 214 1219 ]
238 1179 400 1220 χρημάτων
423 1179 475 1210 δὲ’
465 1191 494 1215 ες
508 1178 590 1210 αὗτδν
607 1179 656 1209 οὒκ
672 1179 766 1216 ὄντων,
782 1181 861 1220 προῦ-

145 1220 213 1253 τέθη
229 1222 420 1264 διάγραμμα,
433 1223 568 1263 εἰσφέρειν
576 1222 631 1253 ew)
642 1224 702 1257 τοῖς
712 1222 863 1265 θεράπουσι

146 1264 212 1300 τοὺς
233 1265 427 1305 κεκτημένους.
449 1267 698 1308 promulgabatur
719 1268 862 1303 edictum,

146 1313 207 1338 etc.
230 1309 374 1349 Denique
389 1309 567 1351 διαγραμμα
579 1315 626 1340 est
641 1311 767 1340 tabula
759 1322 788 1341 ιη
802 1321 862 1351 qua

145 1361 256 1382 census
268 1352 382 1383 civium
395 1353 642 1389 describuntur,'
634 1365 665 1383 xn
678 1365 737 1394 qua
752 1365 797 1384 sc.
809 1356 862 1385 de-

145 1395 308 1433 scribitur,
332 1402 478 1435 quantum
507 1398 637 1437 quisque
662 1397 808 1438 εἷσφέρειν,
830 1399 861 1428 in

143 1438 296 1477 publicum
309 1439 453 1481 conferre,
470 1440 575 1477 debet,
591 1441 686 1480 vulgo
700 1452 719 1470 a
734 1442 811 1472 table
831 1440 868 1482 ‘f

145 1487 242 1519 πάθε,-
269 1488 361 1522 atque
388 1483 431 1513 ita
459 1483 491 1513 in
520 1485 577 1514 hoc
605 1484 675 1514 loco
701 1486 861 1514 Demostli.

146 1525 248 1565 Igitur
258 1523 290 1555 ἔκ
298 1528 348 1556 τοῦ
358 1526 586 1568 διαγράμματος
592 1528 688 1567 νεῖμαι
700 1533 748 1558 est
756 1539 795 1558 ex
807 1529 862 1558 hu-

142 1569 280 1607 jusmodi
291 1570 418 1610 scripto,
427 1581 484 1601 seu
494 1571 618 1607 tabella,
628 1582 682 1601 seu
695 1571 862 1607 breviario,

146 1622 260 1642 census
288 1613 521 1645 distributiones
546 1615 659 1650 facere,
685 1619 717 1644 et
744 1615 862 1645 unicui-

145 1666 207 1695 que
215 1666 271 1695 pro
284 1657 348 1687 suis
359 1657 556 1688 facultatibus
567 1663 660 1687 ratam
673 1658 782 1688 tributi
793 1669 863 1698 por-

145 1699 261 1729 tionem
274 1700 443 1739 assignare.
466 1701 553 1731 Suid.
569 1706 600 1731 et
615 1701 769 1740 Harpocr.
792 1702 863 1732 Διά-

144 1754 290 1783 γραμμα,
304 1743 338 1774 τὸ
352 1743 517 1782 ταττόμενο
507 1756 531 1774 ν
550 1743 576 1774 ἓν
590 1756 659 1778 ταις
674 1744 864 1784 συμμορίαις,

144 1786 246 1816 ὁπόσον
263 1785 385 1817 §aanor
399 1787 481 1828 ἄνδρα
496 1788 535 1817 εἶ
523 1786 630 1827 φέρειν
646 1788 697 1818 δεῖ·
719 1787 863 1818 ἐτάττετο

147 1829 175 1860 δὲ
191 1830 220 1860 οὗ
236 1830 270 1860 -ra
284 1829 355 1860 αὐτο
369 1832 472 1866 πᾶσιν,
493 1831 575 1861 ἀλλὰ
597 1829 664 1871 πρός
678 1832 727 1862 τῆν
744 1830 864 1871 τίμησιν

146 1875 198 1908 τῆς
212 1870 317 1908 οὐσίας.
333 1874 524 1915 Διάγραμμοι
540 1885 614 1914 ergo
629 1875 788 1904 dicebatur
803 1886 862 1905 non

145 1921 264 1947 tantum
279 1917 382 1948 tabula
397 1919 453 1947 τῶν
456 1918 658 1958 τιμημάτων,
670 1919 865 1955 tributorum,

147 1961 203 1992 sed
219 1960 312 1991 etiam
334 1960 404 2000 ipsa
420 1961 559 1999 pecuniae
576 1972 704 1996 summa,
726 1972 781 1991 seu
797 1967 863 1992 rata

145 2004 259 2044 portio,
275 2009 416 2044 quantam
432 2004 502 2044 quis
517 2005 642 2044 publico
658 2005 794 2044 pendere
809 2006 863 2036 de-

147 2048 240 2078 bebat
261 2058 319 2087 pro
335 2048 451 2078 ratione
471 2048 668 2086 facultatu1n3
692 2054 784 2089 atque
802 2049 861 2079 hoc

145 2090 258 2121 clarius
273 2095 383 2144 ppstea
397 2090 514 2121 indicat
534 2092 623 2122 Suid.
641 2092 710 2122 ὅταν
729 2092 863 2132 εἰσφορᾶς

145 2133 262 2165 δεήσειεν
277 2134 317 2169 εἷς
330 2133 364 2164 τὸ
381 2134 473 2170 κοινὸν,
489 2134 626 2176 πολέμου
642 2147 727 2172 οντος,
746 2135 780 2166 τὸ
795 2135 861 2166 ἑκά-

145 2189 210 2218 στῳ
231 2176 451 2219 ἐπιγραφόμενον
475 2177 596 2220 ἀργύριον
619 2179 796 2220 διάγραμμα
810 2191 862 2209 κα-

142 2223 249 2252 λεῖται.

186 2282 228 2288 ——
246 2267 278 2296 9.
293 2264 453 2306 πλήρωσις]
479 2267 559 2295 Gen.
582 2270 631 2296 est
653 2266 795 2305 impletio,
815 2277 861 2297 re-

143 2308 244 2346 pletio,
259 2319 461 2348 quaecunqne3
477 2309 532 2339 sed
550 2309 598 2339 hic
613 2309 790 2349 specialiter
805 2321 860 2349 pro

145 2352 311 2390 repletione
341 2352 476 2388 navium,
510 2353 700 2383 triremium:
735 2355 860 2384 modum

144 2396 226 2425 enim
239 2395 288 2426 hic
304 2395 455 2426 describit
468 2397 559 2426 Dem.
572 2407 634 2436 quo
649 2397 790 2427 triremes
806 2408 860 2428 na-

146 2438 269 2469 valibus
284 2438 383 2478 copiis
404 2439 630 2479 classiariisque
645 2440 799 2472 militibus
815 2441 858 2471 in-

143 2487 308 2518 struantur,
333 2489 423 2522 atque
447 2482 490 2513 ita
516 2484 662 2524 πλήρωσις
682 2484 858 2524 frequenter

143 2524 408 2566 αὐτονομαστικῶς,
437 2525 490 2556 ubi
515 2527 553 2556 de
583 2538 616 2557 re
646 2529 786 2566 nautica3
811 2529 858 2558 sic

143 2568 303 2609 πλήρωμα,
325 2570 407 2609 quod
423 2581 492 2609 gen.
509 2575 557 2600 est
572 2571 708 2609 quodvis
722 2572 857 2612 comple-

142 2618 276 2644 mentum
299 2618 353 2643 aut
378 2614 639 2653 supplementum,
658 2615 786 2654 speciali
811 2626 857 2645 ra-

142 2656 226 2686 tione
242 2667 260 2686 a
276 2655 333 2687 Gr.
349 2657 546 2694 restringitur
561 2658 601 2687 ad
616 2659 858 2698 complementum

141 2700 274 2733 navium,
291 2705 323 2730 et
342 2700 529 2740 πληρώματα
551 2702 690 2732 absolute
713 2703 858 2733 dicuntur

143 2748 255 2780 nantae,
273 2744 322 2774 vel
346 2746 479 2784 remiges,
506 2745 554 2774 vel
576 2745 682 2776 milites
705 2747 858 2780 classiarii,

144 2786 255 2821 quibus
279 2787 448 2828 πληροῦνται
475 2798 581 2824 naves,
606 2789 858 2827 complementum.

145 2827 192 2858 Ita
205 2830 320 2868 passim
336 2830 419 2870 apud
434 2831 574 2870 puriores
590 2832 643 2862 Gr.
658 2836 690 2862 ut
705 2842 765 2861 non
781 2843 858 2871 opus

142 2873 183 2901 sit
196 2873 339 2912 exempla
350 2874 512 2904 adducere.
535 2875 724 2915 Πληρώματα
737 2876 765 2905 iu
779 2877 859 2914 plur.

142 2917 244 2951 ἁπλῶς
254 2921 283 2946 et
298 2927 353 2956 per
368 2927 402 2947 se
418 2918 562 2956 positum,
573 2929 694 2958 semper
707 2918 861 2957 significat

141 2960 239 2997 copias
261 2960 391 2997 navales,
410 2971 464 2991 seu
489 2963 594 2993 milites
618 2963 790 2999 classiarios,
815 2963 861 2992 sic

143 3003 224 3041 apud
246 3003 390 3035 Thucvd.
413 3004 560 3045 Xenopli.
582 3006 693 3046 Polyb.
721 3007 860 3046 aliosque

142 3047 199 3078 Gr.
213 3045 299 3078 Hist.
311 3053 436 3088 utraque
451 3058 522 3088 pag.

1520 210 1604 252 493

933 331 976 336 —
991 315 1045 344 13.
1064 315 1364 356 νεώσοικοι-νεώρια]
1392 316 1440 346 De
1456 316 1503 346 his
1520 317 1607 346 voci-

891 357 950 386 bus
967 356 1356 389 vid.a111‚i.Pr01uisoue
1373 359 1445 400 poni
1465 361 1529 389 baeo
1545 360 1607 389 duo

893 399 1041 429 vocabula
1064 402 1145 440 apud
1165 407 1308 432 auctores
1323 404 1472 433 observo.
1497 414 1552 433 nec
1567 404 1608 432 de

894 453 999 473 eorum
1031 443 1208 474 discrimine
1241 447 1316 475 satis
1354 447 1498 476 convenit
1526 446 1609 477 inter

893 487 1059 515 Grammat·
1087 488 1176 517 Eust.
1195 488 1241 527 [p.
1262 490 1372 541 3652]
1392 490 1535 519 confundi
1552 490 1608 525 ait,

892 528 986 568 idque
1002 529 1085 568 apud
1104 531 1241 560 Atticos:
1263 532 1351 566 Ἴωνες
1366 532 1421 571 μὲν
1435 535 1529 566 νεῶνας
1547 540 1607 571 φα-

893 570 948 601 σίν·
968 570 1096 602 Ἀττικοι
1111 573 1140 603 δὲ
1156 573 1310 609 νεωσοίκους
1326 576 1372 605 και
1389 576 1493 615 νεώρια.
1515 576 1610 606 etiam

895 617 1033 654 Hesych.
1052 626 1109 655 pro
1135 617 1242 646 eodem
1267 619 1379 647 sumit:
1403 620 1546 648 Νεώσ-οικοι
1567 621 1610 648 τὰ,

1548 662 1612 692 Alii

894 702 940 732 sic
955 702 1149 742 distinguunt
1160 705 1240 734 inter
1253 705 1346 744 νεώρια
1357 710 1389 734 et
1400 704 1565 740 νεωσοίκους,
1577 712 1611 736 ut

894 747 984 775 ambo
995 746 1116 785 quidem
1129 747 1327 782 sintnavatia,
1338 758 1389 777 seu
1399 748 1460 777 loci
1474 748 1504 777 in
1518 749 1611 778 litore

894 790 1016 819 navium
1033 800 1179 829 capaces:
1197 792 1251 821 sed
1267 796 1297 820 et
1312 791 1403 830 νεώρια
1419 791 1479 820 sint
1490 792 1612 821 navalia

894 833 947 862 ubi
966 832 1167 873 fabricantur
1204 845 1309 871 nace35
1343 834 1477 864 νεώσοικοι
1508 840 1611 864 autem

895 876 1016 906 navalia
1028 876 1078 907 ubi
1090 887 1179 908 naves
1193 878 1412 913 subducuntur,
1424 888 1491 917 quae
1507 882 1538 906 et
1551 878 1612 907 alio

897 920 1017 949 nomine
1037 920 1153 950 νεώλκια
1177 921 1234 951 Gr.
1258 925 1415 951 vocantur.
1460 921 1521 951 Sed
1540 931 1613 959 pro-

896 962 977 992 fecto
990 963 1047 993 hoc
1063 964 1229 994 discrimen
1247 975 1305 994 non
1322 970 1370 994 est
1383 964 1485 1004 magni
1497 965 1613 994 facien-

896 1006 982 1040 dum.
998 1007 1149 1046 siquidem
1173 1008 1272 1047 νεώριον
1287 1008 1470 1046 generaliter
1486 1012 1534 1037 est
1549 1006 1612 1037 ναύ-

896 1048 1043 1088 σταθμος,
1062 1051 1148 1081 locus
1166 1051 1234 1081 sive
1249 1051 1435 1081 fabricandis
1452 1050 1518 1080 sive
1537 1052 1613 1080 snb-

895 1093 1048 1122 ducendis
1067 1095 1196 1124 navibus
1220 1093 1370 1132 idoneus;
1396 1094 1508 1124 deinde
1528 1094 1613 1125 idem

896 1136 959 1165 fere
974 1136 1062 1166 locus
1078 1138 1108 1167 in
1129 1138 1221 1168 litore
1235 1143 1266 1168 et
1283 1137 1469 1168 fabricandis
1480 1138 1612 1168 navibus

897 1184 928 1208 et
943 1180 1152 1211 subducendis
1167 1181 1318 1212 inservire
1332 1182 1422 1216 solet,
1437 1181 1542 1220 utique
1559 1181 1615 1211 ho-

896 1223 1009 1262 dieque
1021 1225 1104 1263 apud
1117 1235 1171 1254 nos
1184 1225 1336 1254 videmus.
1374 1224 1500 1255 Mallem
1519 1224 1615 1264 igitur

895 1265 940 1296 ita
959 1267 1025 1296 baec
1039 1268 1102 1298 duo
1117 1269 1269 1298 vocabula
1281 1267 1483 1307 distinguere,
1499 1273 1531 1298 ut
1551 1269 1614 1299 νεώ-

895 1320 947 1349 ριον
964 1310 992 1339 in
1009 1320 1042 1340 se
1061 1312 1165 1352 plures
1187 1312 1344 1341 contineat
1361 1311 1524 1346 νεωσοίκους.
1550 1312 1613 1342 νεώ·

895 1364 947 1392 ρισν
969 1352 1052 1384 idem
1079 1355 1137 1384 erit
1163 1356 1246 1394 quod
1269 1354 1468 1394 ναύσταθμος,
1495 1355 1614 1392 navale,

896 1401 981 1426 totus
1004 1397 1056 1427 ille
1075 1398 1210 1428 ambitus
1232 1399 1368 1438 plurium
1391 1399 1512 1428 navium
1530 1404 1613 1429 tecta

896 1446 928 1470 et
951 1440 1100 1471 stationes
1116 1442 1145 1471 in
1165 1452 1199 1471 se
1220 1442 1399 1472 continens:
1425 1447 1456 1472 at
1474 1443 1615 1476 νεώσοικοι·

897 1483 957 1512 erit
971 1483 1059 1514 unius
1076 1490 1193 1515 tantum
1210 1485 1295 1516 navis
1306 1485 1412 1520 statio,
1426 1486 1513 1525 quasi
1526 1486 1614 1515 navis

896 1531 1010 1557 tectum
1023 1533 1076 1558 aut
1089 1529 1297 1567 domicilium3
1308 1529 1351 1558 ita
1362 1534 1394 1558 ut
1407 1529 1436 1558 in
1450 1539 1510 1558 uno
1522 1528 1616 1570 νεωρίῳ

897 1569 959 1600 sint
984 1571 1089 1610 plures
1110 1572 1257 1602 νεώσοικοι.
1312 1573 1353 1602 Et
1377 1573 1455 1602 forte
1482 1572 1538 1602 boc
1565 1577 1614 1602 est

897 1614 979 1652 quod
1004 1615 1070 1644 vult
1094 1616 1249 1655 Harpocr.
1274 1615 1359 1646 hisce
1383 1615 1487 1646 verbis
1510 1616 1615 1646 dubiis

896 1657 1032 1697 alioquin
1047 1663 1077 1688 et
1088 1659 1301 1689 subobscuris:
1325 1659 1428 1700 Νεώρια
1442 1659 1491 1688 και
1505 1660 1614 1689 νεώσοι-

896 1711 948 1730 κοι.
961 1701 1078 1740 μήποτε
1093 1703 1188 1742 νεώρια
1203 1702 1322 1740 λέγεται
1339 1704 1351 1733 o‘
1366 1702 1460 1737 τόωος
1472 1702 1560 1737 ἄπας
1573 1714 1614 1737 εις

895 1755 921 1772 ον
936 1743 1100 1775 ἀνέλκονται
1117 1747 1146 1775 αῖ
1164 1746 1291 1787 τριήρεις,
1305 1746 1353 1775 καὶ
1374 1746 1463 1776 πάλιν
1477 1744 1509 1784 ἐξ
1523 1747 1613 1776 αυτοῦ

896 1786 963 1816 καθέ
954 1794 1093 1820 ελκονται
1118 1794 1150 1819 et
1174 1791 1292 1819 Auctor
1316 1789 1420 1829 Etym.
1453 1791 1521 1819 loco
1546 1791 1611 1829 jam

895 1830 979 1860 laud.
989 1833 1123 1862 νεώσοικοι
1133 1833 1305 1871 καταγώγιίι
1317 1833 1385 1862 εἰσιν
1397 1831 1444 1864 ἐπι
1455 1833 1615 1868 θαλάσσης

893 1872 1097 1914 ᾤκοδομημὲνα,
1118 1875 1184 1915 *πρὸς
1199 1876 1342 1928 ἀποδοχην
1355 1879 1410 1906 τῶν
1423 1879 1495 1906 νεῶν·
1521 1877 1615 1916 νεώρια

896 1916 951 1946 δὲ
943 1930 956 1947 η
972 1920 1027 1947 τῶν
1042 1918 1106 1959 ὅρων
1128 1919 1198 1960 (vel
1218 1918 1326 1960 ὅρμων)
1349 1919 1492 1959 περιβολη.
1540 1922 1612 1950 Huc

895 1961 1028 1996 accedit,
1044 1963 1126 2002 quod
1141 1963 1288 1998 νεώσοικοι,
1300 1968 1415 1993 tantum
1433 1963 1462 1992 in
1479 1964 1557 2002 plur.
1570 1963 1614 1994 le-

896 2004 988 2043 gitur,
1005 2015 1064 2035 non
1081 2012 1181 2036 autern
1197 2007 1338 2041 νεώσοικος
1353 2007 1383 2036 in
1401 2006 1479 2046 sing.
1502 2012 1535 2038 ut
1550 2008 1612 2037 νεώ-

896 2058 957 2087 ριον,
984 2049 1058 2088 quia
1079 2060 1123 2079 sc.
1151 2050 1181 2079 in
1209 2061 1394 2090 unoquoque
1419 2049 1513 2090 νεωρίῳ
1541 2050 1610 2081 sive

895 2092 996 2121 navali
1013 2093 1116 2131 plures
1131 2098 1217 2123 erant
1230 2095 1378 2130 νεώσοικοι,
1399 2096 1522 2124 nauium
1538 2099 1615 2125 tecta

896 2146 950 2164 seu
966 2135 1131 2166 domicilia.-
1146 2147 1246 2176 neque
1267 2138 1354 2168 aliter
1368 2138 1468 2176 accipi
1484 2143 1615 2177 possunt

896 2178 942 2207 hae
952 2178 1020 2209 duae
1032 2191 1125 2210 voces
1135 2180 1165 2210 in
1173 2180 1309 2211 hocloco
1322 2182 1502 2212 Damasum
1521 2183 1614 2221 juxta

895 2223 985 2261 cujus
1001 2224 1182 2253 sententiam
1198 2224 1305 2255 decem
1321 2225 1434 2255 fuerint
1447 2226 1542 2265 νεώρια
1555 2236 1613 2265 pro

895 2276 1020 2296 numero
1035 2267 1169 2297 tribuum
1187 2268 1360 2299 Atticarum
1381 2273 1413 2298 et.
1435 2268 1465 2298 in
1482 2270 1614 2309 singulis

894 2312 948 2338 τῶν
969 2310 1076 2350 νεωρίων
1090 2314 1132 2342 30
1147 2313 1294 2346 νεώσοικοι,
1320 2313 1361 2342 ita
1383 2318 1415 2341 ut
1433 2314 1523 2342 tertia
1540 2323 1613 2352 pars

893 2354 943 2382 τοῦ
958 2353 1070 2394 νεωρίου,
1090 2356 1118 2384 h.
1134 2366 1161 2385 e.
1178 2359 1217 2385 10
1233 2357 1368 2386 νεώσοικοι
1381 2366 1462 2395 resp.
1476 2357 1513 2397 τῇ
1528 2368 1611 2397 τριτ·

893 2397 952 2432 τινὶ,
963 2399 991 2427 h.
1007 2409 1035 2427 e.
1045 2399 1144 2428 tertiae
1156 2399 1236 2438 parii
1250 2400 1420 2434 tribus‚-r›3;
1431 2402 1536 2438 φυλῆς-ι
1555 2411 1611 2430 seu

894 2451 1083 2480 unaquaeqnc
1098 2442 1196 2472 tribus
1207 2453 1298 2472 unum
1314 2444 1423 2482 νεώριον,
1439 2448 1470 2472 et
1484 2444 1611 2483 triginta

893 2494 997 2519 naves,
1024 2490 1053 2514 ct
1071 2486 1198 2515 totidem
1216 2485 1373 2520 νεωσοίκους
1389 2497 1537 2525 apparare
1554 2489 1608 2517 de-

892 2528 1016 2558 bebant.
1063 2529 1139 2558 Cum
1157 2530 1259 2568 itaque
1275 2530 1382 2560 docem
1398 2536 1483 2560 erant
1499 2531 1613 2567 tribus,

891 2571 1008 2601 exinde
1019 2578 1184 2610 consurget
1197 2584 1341 2603 numerus
1353 2576 1417 2604 300
1430 2574 1566 2609 navium,
1578 2579 1610 2604 et

892 2615 1020 2644 totidem
1033 2614 1199 2645 νεωσοίκωνε
1217 2617 1321 2646 decies
1339 2617 1419 2647 enim
1436 2619 1478 2647 :30
1496 2619 1610 2647 faciunt

891 2661 966 2689 300.
999 2661 1101 2698 Atque
1118 2661 1167 2689 hio
1185 2660 1233 2701 (ni
1247 2660 1352 2695 fallor)
1371 2672 1478 2690 sensus
1495 2667 1542 2689 est
1556 2662 1609 2689 ho-

891 2712 957 2731 rum
976 2704 1156 2733 verborum
1181 2704 1258 2742 φημι
1275 2717 1341 2739 τους
1354 2705 1532 2743 στρατηγοίς
1553 2704 1596 2733 δεῗ
1595 2716 1607 2732 ν

892 2745 1034 2783 διαιεῗμαι
1051 2746 1154 2780 τόπους
1169 2747 1195 2777 δέ
1186 2759 1234 2776 xa
1248 2751 1304 2778 τὶν
1317 2759 1389 2787 νεωρ.
1382 2747 1436 2780 ξων,
1450 2758 1501 2777 σκε
1506 2747 1592 2787 «ιεάμ
1597 2765 1609 2770 -

890 2799 947 2822 νους
962 2790 1039 2824 ὅπως
1054 2791 1089 2824 ὣς
1106 2790 1259 2829 ἐγγύτατα
1276 2792 1408 2820 ἀλληλων
1428 2792 1508 2820 κατα
1529 2791 1608 2831 τριά-

891 2844 979 2862 κοντα
1007 2832 1063 2863 ὠσι
1084 2835 1231 2864 νεώσοικοι.
1257 2835 1298 2864 ita
1325 2834 1403 2864 enini
1428 2844 1512 2863 sumo
1541 2835 1608 2865 haeo

894 2887 962 2906 voc.
974 2876 1077 2911 τόπους
1089 2876 1156 2907 δεκα
1171 2881 1226 2907 τῶν
1238 2888 1308 2917 ’temps
1301 2876 1344 2906 ἀν
1354 2887 1409 2916 pro
1421 2876 1487 2906 δέκα
1500 2878 1610 2918 νεώριάι

894 2930 951 2950 neo
966 2921 1045 2951 enim
1061 2922 1155 2961 νεώρια
1178 2921 1257 2950 idem
1277 2921 1360 2960 qnod
1378 2926 1486 2959 postea
1501 2923 1609 2951 νεώσοι-

894 2974 954 2994 κοι;
978 2974 1034 2994 nec
1050 2964 1128 2994 enim
1151 2964 1203 2993 illo
1226 2965 1317 2993 modo
1334 2964 1499 2993 verisimile
1515 2970 1562 2994 est
1580 2967 1610 2995 in

895 3008 999 3037 eadem
1029 3008 1177 3037 sententia
1197 3008 1275 3037 adeo
1301 3008 1443 3036 lascivire
1464 3014 1494 3037 ct
1519 3009 1608 3039 luxu-

895 3051 973 3080 riare
991 3051 1080 3090 copia
1099 3052 1260 3080 verborum
1286 3052 1533 3088 Demostlimcm,
1549 3064 1610 3092 quo

892 669 985 698 νεωρια
999 658 1085 689 {veo-¹
1077 672 1090 690 η
1105 671 1170 695 ναυς
1183 663 1324 702 χειμῶνος
1337 660 1508 701 εἰσφέρεται.
