1964 3323
345 197 424 237 1723
716 195 750 237 I.
776 195 810 237 I.
833 194 1059 237 REISKE

387 320 429 324 —-
447 305 499 333 21.
521 301 588 332 ὅταν
599 304 692 354 γᾶς
687 315 700 333 ν,
725 301 767 332 ὅτι
785 304 839 344 χρὴ
849 302 908 342 -]
931 302 1055 332 correxi

342 346 412 375 ὅταν
420 348 502 397 Νγεὶξ
497 344 514 377 ἡ
529 345 562 376 τό
576 343 605 376 τί
619 347 686 387 χρὴ,
709 345 837 375 subaudi
860 344 1055 384 γεγξαμμὲνον

346 388 373 419 ἐν
388 400 446 423 τοις
459 389 561 429 νόμοις.
576 389 630 419 ubi
646 389 724 420 enim
741 389 770 418 in
785 388 907 428 legibus
922 388 1057 418 occuirit

345 433 413 462 baec
429 433 569 468 formula,
584 431 614 462 τί
627 434 681 473 χρὴ
694 431 824 461 παθεῖν
814 444 827 462 η
844 430 997 466 ἀποτῖσαι,
1013 430 1056 460 ibi

343 476 431 519 leges
455 486 556 515 poenae
579 477 743 505 mulctaeve
768 474 939 514 irrogandae
963 474 1059 504 facul-

345 499 440 549 tatem
452 519 609 558 judicibus
624 519 707 549 facit.

388 564 409 592 7
413 561 610 603 38.1.ἒςεῖ]
632 562 823 591 Timocrates
845 564 930 599 puta.
954 570 1059 599 quam-

345 616 434 644 quam
451 605 553 636 nescio
569 617 606 635 an
622 604 734 635 melius
746 604 787 634 sit
800 602 867 644 ἒςεῖς
881 604 911 633 in
926 604 1060 634 secunda

345 659 489 688 persona.

389 710 432 715 —-
449 695 480 723 8.
495 691 602 734 αὐτῶν]
619 692 757 727 istorum,
772 689 970 721 Androtionis
984 694 1060 730 puta

346 735 573 774 sociorumque.

388 797 432 802 -—
448 781 477 809 9.
502 780 556 807 τῶν
573 776 682 816 ἄλλων]
706 776 808 806 malim
824 777 875 810 τῆς
888 777 944 805 τῶν
954 775 1061 811 ἄλλων,

344 820 594 861 εοί1.ἱεςοσυλίας.
617 825 703 849 tanto
725 819 858 849 atrocius
883 824 931 849 est
952 819 1060 849 horum

343 864 500 894 homiuum
531 863 737 902 sacrilegium,
771 873 861 902 quam
897 862 1061 901 sacrilegia

345 908 484 937 aliorum.
509 917 692 946 quamquam
714 916 763 936 me
786 916 846 936 non
868 905 949 945 fugit
967 915 1060 944 posse

343 951 497 991 ῖεροσυλιῶν
514 949 685 979 subaudiri.

390 1011 432 1015 --
449 994 499 1023 15.
524 993 605 1022 αὐτοὶ
622 992 733 1032 αὐτοῖς]
757 991 810 1031 qui
833 991 956 1020 codices
981 989 1063 1020 αὐτοὶ

343 1035 370 1065 ἐν
386 1036 483 1069 αὐτοῖς
500 1035 585 1072 dant,
609 1035 755 1065 videntur
769 1034 815 1064 illi
831 1033 965 1064 voluisse
982 1032 1063 1063 αὐτοὶ

348 1079 460 1112 ἑαυτοῖς
475 1078 559 1108 dare.

389 1139 430 1144 -
446 1125 499 1152 ⁰27.
515 1121 632 1162 ἀφεῖλε]
654 1120 785 1150 offendit
802 1119 949 1149 Wolfium
967 1129 1062 1158 copu-

344 1165 420 1194 latio
444 1165 532 1194 verbi
555 1165 679 1204 ἀφαιρεῖν
704 1173 773 1193 cum
796 1163 914 1193 dativo.
949 1172 1063 1201 negans

348 1209 492 1238 Graecum
509 1219 576 1238 esse
593 1207 717 1246 ἀφαιρεῖν
731 1206 784 1236 τινὶ
806 1205 852 1235 τὸν
866 1205 978 1245 δεσμὸν,
996 1204 1064 1234 vult

347 1251 491 1281 Latinum
511 1261 627 1281 morem
651 1249 775 1280 imitari.
797 1259 868 1288 ego,
891 1259 961 1279 cum
981 1248 1062 1278 haud

346 1295 508 1334 desperem
525 1305 590 1324 eam
607 1293 732 1323 defendi
744 1302 839 1332 posse
853 1292 1004 1322 similibus
1020 1292 1064 1321 lo-

347 1337 393 1366 cis
409 1343 565 1367 auctorum
583 1337 793 1376 probatorum,
816 1336 898 1374 quod
916 1335 946 1365 in
963 1335 1065 1365 medio

346 1380 531 1419 relinquam,
542 1385 618 1415 tum,
629 1380 655 1409 si
668 1384 790 1409 constet
800 1378 956 1418 indignam
965 1378 1065 1408 nitore

348 1425 591 1454 Demosthenico
607 1433 689 1458 esse,
702 1423 872 1451 molliorem
886 1421 956 1452 iniri
972 1432 1064 1460 posse

348 1467 430 1496 viani
448 1467 539 1506 liujus
555 1467 616 1496 loci
631 1465 769 1502 sanandi,
784 1470 920 1501 autumo,
933 1465 1065 1504 legendo

351 1511 464 1550 ἀφεῖκε.

392 1571 435 1575 ——
451 1564 522 1593 pen.
539 1552 668 1593 τούτους]
688 1551 913 1582 Androtionem
929 1561 997 1580 cum
1015 1561 1066 1580 so-

350 1606 418 1625 cns.

391 1657 435 1662 —
449 1638 528 1669 ibid.
551 1637 667 1678 ἐκείνων]
690 1649 779 1678 quam
797 1636 955 1678 publicani
971 1636 1068 1667 delin-

353 1688 460 1721 quuuh

395 1727 471 1756 739.
489 1727 518 1754 1.
536 1723 625 1754 ἐκεῖνα
640 1723 848 1765 τάδικήματα]
867 1723 1066 1753 Androtionis

353 1774 438 1807 puta,
455 1768 684 1807 sociorumque.
706 1768 743 1797 ad
761 1778 839 1806 quos
853 1768 944 1797 etiam
959 1766 1068 1800 τούτοις

351 1822 383 1841 v.
402 1814 434 1842 3.

394 1872 438 1877 —
455 1857 485 1885 8.
508 1852 648 1895 κωλύετε]
673 1852 795 1883 correxi
816 1853 909 1888 λύετε,
928 1853 1067 1883 detracta

349 1897 450 1937 prima
473 1897 603 1936 syllaba.
628 1897 757 1927 subaudi
775 1897 840 1931 τοὺς
863 1895 1003 1935 κειμένους
1027 1897 1066 1926 νό-

349 1952 431 1980 μους.
456 1951 516 1970 non
531 1940 686 1979 abrogatis
702 1941 773 1969 ideo
789 1940 873 1979 leges
892 1940 1007 1969 dudum
1025 1940 1067 1968 la-

353 1990 413 2019 tas,
424 1995 439 2014 a
453 1984 565 2023 quibus
578 1994 676 2023 poenae
690 1983 876 2022 irrogantur,
887 1983 973 2022 siqui
986 1984 1067 2021 ejus-

352 2027 437 2057 modi
453 2026 527 2066 quid
542 2031 674 2065 patrent.

396 2089 439 2092 —
467 2073 518 2099 11.
540 2069 653 2110 αὖτοῖς]
678 2068 764 2099 uncis
787 2068 912 2104 inclusi,
935 2079 994 2098 non
1016 2078 1068 2098 ne-

353 2113 436 2143 scius
454 2113 607 2152 vulgatam
622 2114 666 2142 sic
683 2122 776 2151 posse
788 2112 921 2146 defendi,
937 2118 972 2142 ut
985 2112 1068 2141 dica-

352 2162 415 2193 tur,
440 2156 561 2185 tametsi
582 2155 744 2194 singularis
767 2155 988 2193 praecesserito'
1005 2155 1068 2184 τού-

353 2210 409 2228 των
424 2211 454 2228 τι
471 2201 563 2228 ποιῶν.
579 2205 663 2228 recte
683 2203 784 2228 tamen
802 2199 948 2237 pluralem
965 2208 1067 2227 nume-

352 2252 421 2272 rum
448 2242 588 2281 potuisse
616 2241 739 2280 subjici,
773 2241 846 2280 quia
874 2241 979 2281 plures
1008 2241 1070 2270 sint

354 2285 505 2324 ejusmodi
520 2284 657 2314 facinora
670 2285 829 2320 audentes,
852 2290 882 2314 et
899 2295 960 2313 rem
980 2285 1019 2314 ad
1036 2281 1070 2313 τό

353 2327 489 2367 νοούμενον
502 2328 623 2357 referri.

397 2389 441 2394 ——
458 2373 509 2401 12.
533 2369 607 2401 οὗτοι
623 2368 669 2410 δὲ]
686 2370 752 2400 scil.
764 2369 876 2401 τιθέασι
891 2370 967 2410 (non
983 2368 1070 2400 τίθεν-

356 2414 423 2454 ται)
437 2414 545 2453 νόμους.
576 2415 607 2444 1ιὶ
623 2419 722 2444 antem
739 2413 813 2454 leges
818 2411 942 2454 ferunt,
957 2418 990 2443 ut
1003 2429 1056 2443 --.

397 2473 441 2479 —
457 2459 509 2487 333.
534 2456 672 2496 ἕκαστος]
691 2457 811 2487 correxi
829 2456 971 2492 ἑκάστοις.
994 2457 1070 2496 quod

350 2500 478 2538 populus
502 2502 591 2535 norit,
616 2510 679 2541 quae
707 2500 847 2530 dedecora
873 2500 1071 2540 wmsquisque

352 2553 452 2572 eorum
466 2542 633 2582 [viatorum
647 2543 737 2584 puta]
753 2549 816 2573 tum
826 2544 966 2582 patrarit,
979 2553 1070 2583 quum

353 2585 452 2615 adhuc
463 2596 580 2624 pauper
594 2592 662 2617 esset
676 2592 764 2626 atque
778 2587 947 2616 miserabilis
960 2592 989 2616 et
1002 2596 1070 2616 con-

355 2628 534 2658 temnendus.
552 2629 678 2659 videtur
691 2629 770 2659 enim
787 2639 843 2668 pro
859 2629 991 2660 δεινότητι
1007 2630 1069 2669 leg.

354 2681 423 2701 esse
437 2670 615 2708 ἐλεεινότνιτι,
628 2673 661 2701 in
672 2673 728 2702 ista
738 2683 838 2703 eorum
849 2679 973 2713 egestate
983 2677 1071 2712 atque

353 2714 482 2744 vilitate.
506 2719 537 2744 et
553 2715 598 2744 sic
615 2715 688 2744 dedi
708 2715 747 2744 de
763 2726 842 2745 meo.
865 2716 938 2745 boni
953 2715 1070 2755 aliquot

355 2757 480 2787 codices
496 2757 570 2787 dant
583 2757 632 2787 καὶ
653 2757 691 2797 τῇ
709 2757 825 2789 νεότητι.
849 2769 940 2798 quam
962 2759 1068 2789 lectio-

353 2810 423 2830 nem
450 2800 584 2839 vulgatae
611 2800 711 2831 saltim
739 2803 912 2840 praeferam,
940 2802 967 2832 si
994 2812 1069 2832 vera

355 2843 456 2873 minus
473 2843 525 2873 sit.
541 2853 600 2883 qua
614 2844 652 2874 de
664 2854 697 2873 re
711 2843 791 2874 haud
805 2845 977 2876 decernam.
994 2846 1068 2875 ado-

353 2886 517 2922 lescentes,
540 2897 642 2917 rerum
665 2887 770 2922 rudem
792 2888 918 2917 levitate
941 2888 1068 2928 ingenii,

351 2928 559 2968 imprudentia
586 2935 616 2960 et
645 2930 818 2960 temeritate
844 2931 941 2965 ducti,
972 2931 1067 2961 multa

352 2973 455 3009 stulta,
483 2974 610 3010 atrocia,
636 2974 767 3003 nefanda
791 2974 914 3008 audent,
937 2984 1065 3013 quorum

352 3016 470 3046 veniam
488 3017 588 3048 aetatis
602 3017 708 3048 vitium
722 3017 875 3058 impetrat.
898 3018 1064 3048 Confirmat

1091 194 1420 236 ANNOTATA

1090 301 1179 331 etiam
1195 312 1226 340 p.
1243 304 1318 332 740.
1335 304 1366 332 4.
1388 303 1466 332 hanc
1480 300 1644 332 lectionem
1662 302 1704 332 τὲ
1724 300 1749 332 ἓν
1766 301 1804 343 τξΐ

1091 343 1194 384 ηλικίᾳ.
1240 344 1442 384 Acquiescam
1456 349 1557 376 tamen
1569 345 1600 375 in
1616 345 1741 384 vulgata
1754 344 1808 376 ass-

1091 387 1194 423 νότητι,
1209 397 1277 417 cum
1293 388 1419 418 dubium
1434 389 1532 419 adhuc
1553 388 1606 424 sit,
1622 398 1722 418 annon
1739 398 1809 418 ora-

1096 435 1144 460 tor
1164 441 1273 460 vocem
1290 430 1405 467 δεινότης
1425 431 1687 472 liicusurpaverit
1703 441 1808 468 sensu,

1092 484 1198 514 pai-um
1221 475 1344 513 quidem
1362 474 1417 504 illo
1441 475 1565 511 usitato,
1590 485 1679 514 quem
1704 479 1807 504 tamen

1092 517 1171 547 ratio
1194 517 1308 557 linguae
1324 518 1441 548 Graecae
1462 518 1585 553 toleret,
1600 529 1656 557 pro
1671 518 1810 554 miseria,

1094 560 1156 590 vita
1172 561 1299 591 molesta
1309 567 1340 591 et
1357 571 1541 597 aerumnosa,
1552 561 1606 590 nbi
1618 571 1688 591 cum
1702 560 1809 600 inopia

1092 614 1192 634 rerum
1205 604 1338 634 omnium
1353 605 1392 634 sit
1401 604 1648 634 conflictandum.
1673 605 1809 634 Demon-

1094 646 1184 677 strati
1201 648 1323 687 quidem
1339 648 1432 678 cei-tis
1453 652 1484 678 et
1506 647 1705 677 evidentibus
1721 656 1812 686 argu·

1093 690 1204 720 mentis
1219 691 1336 730 nequit,
1349 691 1534 722 vocabulum
1548 690 1627 720 illud
1643 691 1701 719 hoc
1717 700 1810 719 sensu

1094 744 1111 763 a
1121 735 1239 764 Graecis
1256 734 1458 765 Demostheni
1467 733 1636 774 aequalibus
1645 743 1705 763 non
1714 733 1810 763 fuisse

1093 783 1286 816 usurpatum.
1332 777 1495 807 Silentium
1515 776 1597 808 enim
1614 775 1811 815 scriptorum,

1094 819 1146 858 qui
1158 820 1247 850 nobis
1263 821 1356 851 hodie
1371 824 1548 859 supersunt,
1560 830 1618 850 non
1632 819 1707 849 satis
1720 819 1812 850 valde

1095 862 1207 901 arguit.

1138 907 1213 935 ¹740.
1229 908 1260 936 3.
1282 903 1379 944 ἀλλὰ]
1401 904 1531 935 subaudi
1554 916 1572 935 e
1595 905 1759 946 praemissis
1784 905 1813 934 οὖ

1097 948 1226 987 πξοσῆκει
1240 945 1414 988 Ἀνδροτίωνα
1430 947 1575 978 δεδέσθαι.

1141 1007 1183 1012 »-
1206 992 1236 1020 8.
1261 991 1342 1020 ἀλλά
1366 990 1414 1020 και
1436 991 1492 1032 M.]
1516 990 1564 1021 και
1587 990 1702 1027 delevi,
1725 992 1813 1030 cujus

1098 1032 1167 1062 loco
1192 1034 1294 1063 malim
1318 1043 1362 1072 γε,
1384 1038 1418 1064 ut
1441 1034 1481 1065 sit
1498 1034 1580 1065 ἀλλιὶ
1599 1033 1768 1068 Μελανοοπός
1782 1044 1816 1072 γε

1098 1075 1285 1107 δεινὸν-ειη
1302 1079 1366 1117 γὰρ,
1389 1081 1423 1107 ut
1446 1077 1486 1107 sit
1509 1078 1591 1108 ἄλλα
1612 1079 1666 1118 γᾶς
1682 1083 1815 1108 Μελανω-

1098 1118 1150 1153 ‘mic
1164 1120 1189 1149 3.

1140 1181 1183 1184 —
1201 1165 1230 1193 9.
1236 1162 1389 1215 ἔμελλεν]
1413 1167 1486 1203 post
1503 1163 1626 1204 ἔμελλεν
1640 1163 1750 1194 deesse
1768 1163 1816 1193 vi-

1098 1204 1190 1235 detur
1213 1217 1258 1235 τον
1279 1206 1403 1237 τοιούτου
1428 1217 1536 1248 wan-poc
1562 1205 1736 1245 ἔκγεγονότα.
1764 1207 1816 1236 vel

1099 1248 1198 1278 simile
1212 1250 1297 1291 quid.
1312 1251 1395 1290 quod
1410 1250 1439 1280 ni
1457 1250 1630 1280 addendum
1647 1254 1704 1285 est,
1720 1249 1815 1280 tacite

1099 1292 1224 1330 quidem
1252 1303 1320 1323 esse
1347 1293 1591 1323 subaudiendum
1623 1293 1817 1332 insequentia

1100 1336 1225 1365 docent.

1142 1396 1185 1401 —
1209 1380 1259 1409 17.
1284 1378 1491 1419 δεκαπλάσιον]
1518 1378 1643 1409 correxi
1669 1379 1817 1409 δεκαπλα-

1100 1420 1175 1458 σίαν,
1192 1422 1259 1452 scil.
1276 1420 1390 1463 ζημίαν.

1143 1482 1187 1487 -—
1210 1467 1262 1495 20.
1283 1463 1328 1506 ἦν]
1353 1466 1469 1495 malunt
1495 1464 1590 1505 aliqui
1617 1463 1705 1494 irc-lv.
1736 1465 1817 1494 liaud

1101 1508 1306 1547 respicientes
1322 1507 1366 1538 illi
1383 1508 1421 1538 ad
1437 1508 1556 1538 initium
1577 1508 1700 1548 periodi
1715 1508 1818 1547 hujus,

1101 1562 1200 1589 neque
1217 1552 1255 1581 ad
1271 1551 1324 1581 ἔδει
1339 1551 1527 1591 proximum.

1144 1596 1219 1625 ¹741.
1237 1595 1267 1625 5.
1292 1594 1409 1636 ἔλαβεν]
1435 1595 1502 1624 scil.
1520 1595 1534 1625 ἦ
1550 1593 1642 1628 πόλις.

1144 1655 1187 1659 -—
1204 1639 1232 1668 9.
1256 1639 1338 1667 ἀλλὰ
1352 1637 1454 1668 τᾶλλα.
1472 1638 1500 1667 οὖ
1517 1635 1606 1672 Βίαιος
1623 1638 1657 1671 ὣς
1673 1636 1757 1672 οὐδεὶς
1771 1637 1819 1666 ἀν·-

1101 1679 1256 1721 8ςώπων5]
1287 1681 1444 1720 distingue
1468 1681 1530 1711 sic:
1562 1681 1641 1711 ἀλλά
1664 1680 1766 1711 τᾶλλα
1790 1680 1819 1710 οὐ

1102 1723 1191 1758 βίαιος
1202 1735 1210 1761 3
1226 1728 1273 1754 est
1285 1725 1430 1763 objectio,
1442 1723 1638 1764 hypophora,
1647 1733 1735 1762 quam
1749 1724 1818 1763 ipse

1102 1770 1206 1796 orator
1223 1767 1282 1797 sibi
1299 1766 1439 1807 opponit,
1462 1768 1528 1803 sed,
1551 1770 1586 1796 ut
1611 1766 1713 1797 statim
1736 1776 1818 1796 amo-

1103 1814 1183 1840 veat.
1205 1811 1288 1850 atqui
1308 1814 1417 1846 tantem,
1439 1810 1501 1840 aiet
1517 1810 1638 1849 aliquis,
1657 1811 1690 1840 ‘in
1711 1810 1820 1839 σιτίον-ιε

1102 1858 1179 1883 certe
1194 1854 1337 1883 violentus
1359 1859 1387 1884 et
1408 1855 1567 1893 injuriosus
1587 1863 1645 1883 non
1663 1858 1704 1883 est
1720 1851 1819 1883 Glau-

1102 1898 1198 1926 cetes?
1213 1897 1381 1936 respondet
1397 1903 1508 1927 orator.
1549 1895 1603 1926 Est
1618 1897 1771 1932 enimvero,
1784 1901 1820 1926 ut

1103 1949 1185 1969 nemo
1200 1939 1278 1970 alius
1291 1941 1395 1980 magis.
1413 1941 1448 1973 ὡς
1463 1938 1544 1973 οὐδείς
1559 1938 1587 1977 γ’
1604 1937 1761 1979 ἀνθρώπων.

1146 2000 1189 2006 -—-
1215 1985 1267 2013 13.
1296 1981 1534 2024 τιμωρήσασθαι]
1563 1983 1686 2013 correxi
1716 1981 1821 2012 addita

1104 2025 1279 2065 negatione,
1288 2028 1331 2065 μὴ
1343 2025 1574 2066 τιμωρήσασθαι.
1586 2026 1643 2055 nisi
1655 2026 1820 2065 insequen-

1104 2069 1148 2099 tia
1166 2070 1347 2107 particulam
1368 2070 1549 2100 infitiantem
1570 2068 1620 2098 hic
1642 2069 1817 2109 exigerent,

1103 2117 1211 2151 posset
1228 2112 1351 2152 vulgata
1366 2112 1451 2149 ferri,
1468 2117 1499 2142 et
1516 2112 1561 2142 sic
1577 2111 1696 2152 accipi:
1713 2122 1753 2141 an
1766 2122 1819 2150 po-

1104 2157 1164 2185 tius
1178 2155 1258 2186 decet
1278 2165 1345 2186 eum
1359 2157 1476 2196 punire,
1497 2156 1548 2195 qui
1563 2160 1684 2185 conetur
1700 2154 1748 2184 hos
1761 2164 1820 2184 ser-

1104 2209 1185 2228 vare.

1146 2258 1189 2264 —
1206 2241 1257 2272 15.
1281 2239 1457 2282 διὲιταῢτα]
1482 2241 1550 2272 scil.
1565 2243 1606 2271 τὰ
1625 2240 1719 2271 αὐτῶν
1739 2250 1819 2271 πονη-

1103 2284 1246 2325 ρεύματα.
1279 2284 1399 2324 planius
1424 2289 1524 2315 tamen
1549 2284 1628 2314 foret
1654 2283 1700 2313 διὰ.
1722 2285 1820 2320 τοῦτο,

1104 2327 1235 2358 5οἰ1.διὰ
1250 2326 1283 2358 τὸ
1297 2329 1422 2369 πονηςους
1435 2326 1514 2358 εἰναι.

1146 2388 1190 2394 -
1206 2373 1257 2401 16.
1281 2371 1447 2412 διδάσκετε]
1472 2371 1539 2401 scil.
1551 2369 1585 2400 τὸ
1599 2369 1726 2411 πονηροὺς
1739 2368 1819 2400 εῖναι.

1148 2432 1190 2438 --
1206 2416 1259 2444 20.
1281 2413 1390 2455 τούτῳ]
1414 2419 1479 2444 erat
1494 2424 1526 2444 er
1529 2424 1578 2453 go,
1596 2413 1680 2452 quod
1697 2413 1818 2443 videtur

1105 2467 1145 2487 ex
1166 2457 1195 2487 h.
1214 2458 1233 2487 l.
1256 2457 1362 2496 colligi
1386 2468 1491 2497 posse,
1513 2466 1619 2487 carcer
1640 2456 1671 2486 in
1688 2456 1767 2492 foro,
1783 2460 1820 2486 ut

1104 2500 1191 2530 velut
1206 2500 1303 2540 digito
1313 2500 1516 2532 demonstrari
1525 2503 1644 2541 posset.
1654 2510 1684 2530 v.
1696 2509 1729 2538 p.
1740 2500 1819 2530 ¹742.

1105 2546 1157 2574 21.
1171 2548 1203 2574 et
1217 2546 1235 2574 ’7
1240 2546 1292 2575 43.
1309 2546 1340 2575 3.

1148 2605 1190 2610 —
1201 2589 1252 2618 223.
1270 2586 1480 2628 διακρουσθῆναι
1495 2586 1546 2621 τ’νῖς
1556 2583 1710 2626 τιμωρίας]
1727 2594 1817 2624 argu-

1104 2629 1144 2659 tis
1161 2630 1296 2669 strophis
1307 2630 1446 2667 avocari,
1457 2629 1557 2660 arceri
1568 2635 1598 2659 et
1612 2628 1727 2668 depelli
1738 2639 1755 2658 a
1766 2638 1818 2658 su-

1103 2676 1213 2704 menda
1226 2684 1328 2714 poena.

1146 2718 1221 2747 742
1240 2720 1291 2747 12.
1314 2713 1479 2756 Κολυττὲα]
1499 2714 1757 2744 Hemsterhusius
1778 2715 1817 2744 ad

1104 2758 1321 2799 Aristophanis
1346 2760 1507 2789 Plutonem
1533 2769 1565 2797 p.
1585 2759 1657 2788 166.
1682 2758 1721 2787 dc
1743 2758 1820 2788 scii-

1102 2803 1209 2841 ptione
1229 2803 1319 2841 hujus
1341 2801 1472 2832 nominis
1496 2801 1643 2841 disputat,
1660 2806 1692 2830 et
1708 2806 1817 2831 Κυλλη-

1102 2846 1177 2881 τεὺς,
1202 2846 1283 2886 quod
1307 2847 1337 2875 in
1362 2844 1579 2883 manuscriptis
1602 2843 1763 2873 codicibus
1786 2848 1818 2874 et

1102 2889 1186 2919 saxis
1216 2887 1379 2928 Sponianis
1409 2887 1591 2927 reperiatur,
1619 2887 1662 2917 ait
1685 2887 1816 2926 probum

1101 2942 1181 2962 esse.

1142 2993 1185 2998 —-
1209 2977 1261 3006 23.
1285 2973 1445 3015 δυνάμενος]
1471 2972 1602 3004 subaudi
1625 2971 1708 3012 μέγα
1730 2970 1757 3002 ἐν
1779 2971 1819 3013 'cfr'

1100 3017 1190 3049 πόλει.
1212 3028 1281 3049 cum
1299 3018 1511 3057 plurimnnrin
1531 3027 1594 3057 rep.
1608 3017 1728 3047 valeret.
1747 3015 1815 3055 pari
