1997 3323
401 223 455 262 90
779 218 814 261 I.
838 220 871 261 I.
896 218 1121 261 REISKE
1155 217 1482 261 ANNOTATA

393 335 488 363 genes
506 334 536 363 p.
553 323 626 354 275.
649 322 766 354 Μέὲοδοι
779 323 807 354 δὲ
821 324 968 364 περιβολὴν
978 325 1109 354 ποιοῦσιν

392 366 466 396 αἵδε.
491 367 523 396 τὸ
539 366 722 407 ἀναστςέφειν
743 369 783 397 τοὶ
799 368 972 407 πράγματα
996 367 1045 396 καῖ
1069 368 1109 397 τά

395 409 507 450 δεύτερα
520 413 621 450 πξῶτα
635 409 735 448 λέγειν,
748 410 814 441 εἶτα
824 409 1033 450 ἀναγκάζεσθαι
1046 409 1108 439 ἐπι-

394 452 514 484 Βάλλειν
527 456 567 483 τὰ
582 456 695 493 πξῶτα,
706 455 754 483 καὶ
768 454 810 493 τῷ
823 455 964 494 σχήματι
979 452 1109 494 χξῆσθαι

395 496 440 535 τῷ
460 494 530 525 κατ’
543 495 715 535 ἐπεμβολήν.
736 496 793 527 οῖον·
817 496 884 526 ἀλλ’
907 495 998 527 ἐπειδὴ
1024 496 1111 526 πάλιν

396 538 499 578 ἳόκομεν
514 538 545 568 ἐκ
560 541 611 574 τῆς
625 539 785 579 πρεσβείας
798 540 907 573 ταύτης
920 541 970 572 τῆς
986 539 1032 569 ἐπὶ
1046 540 1110 572 τοὺς

396 580 499 622 ἕρκους,
515 580 605 622 ἷσπεξ
621 583 689 612 εἰσὶν
705 583 733 611 αἱ
748 585 791 612 νῦν
809 582 925 613 εὑθῧνοιι.
942 581 997 613 εἶτ’
1011 580 1111 612 ἐπενέ-

396 624 470 658 βαλε
489 627 528 655 τά
552 628 662 665 πξῶτα·
687 625 749 655 οὔτε
765 626 873 666 μικςόν,
895 625 956 655 οὔτε
970 624 1052 665 μέγα
1067 625 1109 654 οὑ-

396 668 501 699 δοτιοῧν
513 668 650 708 εὑρημένοι
671 671 725 698 τῶν
745 669 798 699 ὑπὸ
816 668 927 704 τούτου,
949 667 994 697 ὅτε
1010 670 1058 698 τὴν
1074 667 1111 696 εἶ-

395 711 466 751 ρῆνην
482 710 632 747 ἐποιεισθε,
656 711 819 752 λεχθέντων
840 712 889 742 καὶ
911 710 1112 750 προσδοκηθέν·

395 765 462 784 Των.
484 755 532 784 καί
557 767 596 785 Τά
616 754 690 793 ἑξῆς.
713 766 805 796 μὲχξῑ
824 765 884 784 'tou‘
908 763 1060 795 ’ω’ξθσῆμέν
1074 764 1110 782 Τῆ

397 795 493 827 eoum.

437 857 481 863 —-—
492 841 542 870 15.
559 840 606 870 καὶ
623 840 726 870 τούτων
742 839 765 870 ε’.
778 853 808 869 α.
825 837 860 868 αὖ
871 849 905 868 π.
920 838 968 866 καῖ
980 849 1036 878 παρ
1039 836 1110 877 ’—-]

394 883 443 912 καὶ
471 883 558 922 prius
584 884 704 914 videtur
725 892 848 922 prorsus
877 880 1057 916 tollendum,
1081 885 1112 910 et

394 927 551 965 posterius
576 926 664 955 aliam
687 925 718 954 in
742 925 858 957 sedem,
884 923 1111 953 convenientio-

395 979 460 998 rem
484 969 567 997 illam
591 968 715 1007 quidem
741 967 993 1001 transferendum,
1015 971 1046 996 ut
1066 966 1111 996 sic

395 1012 514 1046 legatur
538 1012 643 1040 locus:
674 1008 900 1050 ἐξηπατημένοι,
922 1008 1028 1039 τούτων
1042 1008 1113 1050 ἕτερ’

394 1051 473 1088 αὖθις
487 1051 524 1083 αἶ’]
540 1053 730 1094 πεπραχότων
750 1052 818 1093 παρ’
831 1053 900 1083 αὐτὸ
916 1051 949 1082 τὸ
965 1051 1111 1092 ψήφισμα

395 1096 564 1136 [adversus
588 1097 704 1126 diserta
726 1102 757 1126 et
778 1097 859 1126 clara
876 1097 969 1126 verba
992 1096 1110 1126 decreti

395 1140 505 1178 legatis
523 1139 632 1176 additi,
656 1139 685 1169 in
706 1139 892 1179 legationem
914 1139 1111 1179 proticiscen-

394 1183 490 1217 tibus,
521 1183 609 1221 cujus
644 1184 858 1221 praescriptum
889 1184 1108 1224 sequerentur]

393 1225 442 1255 καὶ
457 1224 719 1266 πεπρεσβευκότων.
747 1227 809 1255 Sed
822 1226 938 1261 nescio,
955 1226 1109 1264 quomodo

393 1268 439 1298 καὶ
456 1268 720 1309 πεπρεσβευκότων
744 1275 813 1308 post
835 1268 1028 1310 πεπραχότων
1052 1279 1109 1298 non

393 1312 506 1351 placet.
533 1319 566 1342 ut
581 1323 668 1351 paene
685 1313 826 1352 suspicer
844 1314 934 1342 etiam
961 1313 1025 1341 haec
1049 1312 1109 1342 duo

393 1356 546 1385 vocabula
564 1367 632 1384 esse
645 1356 791 1389 tollenda,
808 1366 937 1395 quorum
954 1356 1110 1394 posterius

394 1398 646 1438 πεπρεσβευκότων
662 1399 750 1428 facile
767 1399 866 1437 potuit
884 1398 1001 1428 varians
1018 1399 1110 1428 lectio

393 1440 424 1470 iu
440 1442 622 1479 quibusdam
637 1443 797 1471 codicibus
809 1442 916 1471 fuisse.
931 1452 987 1480 pro
1001 1452 1111 1482 πεπρα-

395 1482 501 1525 χότων,
518 1490 570 1514 aut
586 1490 619 1514 ut
636 1485 665 1514 in
682 1485 750 1514 aliis
767 1490 825 1519 est,
843 1484 1043 1525 πεπρακότων.

438 1544 480 1549 -—-
496 1530 548 1558 25.
572 1528 633 1568 πεξῖ
649 1530 703 1559 τῶν
719 1526 898 1568 ὑπολοίπων]
917 1527 1047 1558 subaudi
1063 1526 1111 1557 λέ-

397 1580 462 1607 γων.

429 1630 471 1635 -—
485 1615 537 1644 26.
553 1616 595 1653 μὴ
609 1613 765 1655 πξοέσθαι]
779 1615 877 1644 ταῦτα
892 1614 1032 1644 subaudi.
1044 1615 1110 1645 haec

393 1655 472 1691 loca,
492 1658 664 1687 Phocenses
678 1663 708 1688 et
727 1659 831 1697 Pylas.

437 1717 480 1722 -—-
495 1699 569 1729 ibid.
586 1700 699 1740 ταῦτα]
719 1701 840 1739 praeluli
856 1700 964 1730 ταύτά.
978 1701 1032 1730 sed
1048 1706 1109 1730 lum

391 1741 482 1771 deest
495 1741 513 1770 ἃ
529 1743 666 1783 πρότεξον,
683 1745 750 1773 scil.
768 1742 908 1774 ἐπάθετε.
931 1754 1029 1782 neque
1047 1754 1111 1773 rur-

394 1795 446 1814 sus
458 1785 489 1814 in
507 1786 587 1815 idem
601 1788 709 1816 malurn
727 1787 873 1822 incidere,
886 1788 915 1816 in
930 1787 1010 1825 quod
1022 1792 1111 1816 antea

395 1826 585 1864 incideratis,
611 1834 643 1858 ut
670 1829 738 1860 scil.
764 1830 904 1860 sineretis
931 1829 1109 1869 Philippum

394 1870 506 1900 multos
522 1872 625 1901 socios
643 1877 775 1908 vestros,
797 1873 951 1911 multaque
971 1872 1040 1902 loca
1057 1883 1108 1903 vo-

395 1913 443 1943 bis
459 1915 566 1951 amica,
579 1920 629 1944 ant
648 1919 759 1944 vestrae
777 1916 916 1950 ditionis,
934 1926 1051 1955 rapere.

436 1974 479 1979 —
496 1960 546 1987 27.
570 1958 618 1987 καὶ
641 1957 849 1999 ὑποσχέσεσιν]
876 1959 992 1994 nescio,
1017 1969 1055 1988 an
1079 1957 1110 1997 ἐξ

392 1999 577 2041 ὑποσχέσεων
599 2001 771 2031 addendum
801 2002 851 2031 sit.
880 2002 949 2032 aliis
972 2012 1013 2031 ex
1040 2001 1109 2032 aliis

392 2052 567 2081 promissis.

435 2103 478 2108 ——
495 2087 548 2116 ult.
574 2084 667 2117 ἐπειδη
684 2086 712 2117 δε
724 2085 806 2140 ηκεν]
832 2088 988 2118 Aristides
1013 2088 1051 2118 de
1071 2089 1109 2118 D.

391 2128 428 2157 C.
447 2139 518 2168 pag.
535 2131 609 2160 218.
627 2130 675 2158 καῖ
692 2131 777 2159 πάλιν
792 2130 818 2159 ἐν
837 2131 880 2169 τῷ
899 2133 950 2165 τῆς
963 2142 1109 2172 παραπρε-

391 2170 502 2205 σβείας.
525 2171 616 2203 ἐπειδὴ
633 2171 691 2202 δὲ
677 2175 737 2202 ἡκεν
752 2174 765 2203 ἦ
787 2172 937 2209 ἐκκλησία,
958 2174 1110 2214 παξελθὼν

392 2214 527 2267 Αἰσχίνης
539 2218 648 2266 virga-rof
663 2216 739 2267 ἡμῶν
749 2217 892 2246 ἁπάντων.
906 2217 953 2246 καὶ
970 2217 1017 2246 οὑκ
1032 2215 1110 2252 εὐθυς

391 2256 424 2286 τὸ
449 2258 601 2287 ἀκόλουθον
627 2257 790 2296 ἐπηνεγκεν.
820 2259 889 2288 τάδε
919 2260 1107 2297 ἀπήγγειλεν.

391 2301 472 2330 ἀλλὰ
488 2301 614 2341 πρότερον
634 2304 714 2332 κατὰ
732 2300 846 2332 ἐναντίον
863 2302 912 2331 τοῦ
933 2302 1105 2336 ἀκολούθως·

389 2342 409 2372 ἃ
420 2343 475 2373 δέον
488 2344 704 2382 ἀπαγγέλλειν,
720 2356 768 2374 ουκ
779 2345 947 2383 ἀπήγγειλε.
963 2345 1025 2376 τίνα
1041 2344 1094 2374 δ’
1080 2350 1108 2376 ἠν

390 2387 507 2425 ταῦτα;
530 2390 638 2428 πρῶτον
652 2399 702 2417 του
717 2399 773 2426 μεν
789 2388 987 2426 ἀπαγγέλλειν
1002 2401 1031 2418 τι
1046 2389 1106 2430 περὶ

389 2431 444 2458 τῶν
460 2429 757 2470 πεπρεσξευμένων,
746 2444 771 2466 η,
784 2432 843 2471 περὶ
860 2434 915 2461 τῶν
927 2430 952 2462 ἐν
966 2432 1004 2473 τῇ
1019 2431 1108 2474 Βουλῇ

389 2471 531 2513 ῥηθέντων,
552 2473 574 2502 εἰ
596 2474 649 2514 ἄρα
665 2473 842 2514 ἦμφισξητει
861 2477 903 2514 μὴ
928 2475 1046 2506 τάληθῆ
1059 2475 1106 2505 λέ-

388 2525 444 2552 γειν
466 2515 532 2554 ἐμὲ,
551 2516 725 2556 μνησθηναι,
747 2518 941 2556 πάμπληθες
963 2517 1106 2560 ἀπέσχεν.

388 2557 451 2588 εἶτα
466 2560 508 2588 νῖν
523 2562 601 2589 κατὰ
616 2559 650 2588 τδ
664 2560 844 2590 ἀκόλουθον
829 2574 848 2590 α
867 2560 958 2591 ἐποίει
976 2561 1024 2590 και
1046 2562 1105 2593 ἐδη-

388 2600 514 2642 μηγόρει.
530 2602 578 2631 και
593 2602 732 2636 τοιούτους
746 2603 808 2634 ειπε
824 2603 933 2642 λόγους.

433 2647 508 2675 347.
525 2646 554 2675 3.
579 2645 635 2685 τὰ]
655 2647 808 2684 posterius
826 2647 943 2677 addidi.
960 2649 1000 2677 τοὶ
1018 2647 1104 2685 prius

388 2691 436 2717 est
460 2687 678 2724 nominativus,
709 2690 865 2727 posterius
896 2691 1103 2721 accusativus.

384 2731 422 2760 In
437 2730 551 2760 Aldina
566 2731 678 2770 legitur
692 2734 732 2761 τὰ
745 2734 799 2773 γὰρ
814 2733 981 2773 πράγματα
994 2734 1100 2763 πάντα.

385 2783 453 2812 quae
478 2773 571 2803 lectio
596 2775 686 2805 etiam
715 2785 772 2805 non
797 2777 877 2805 mala
903 2781 962 2806 est.
987 2777 1037 2806 nbi
1062 2779 1101 2806 τοὶ

383 2817 518 2847 cohaeret
533 2827 599 2847 cum
618 2818 818 2858 λυμῃνάμενα,
843 2820 896 2857 qui
920 2824 991 2848 sunt
1008 2820 1103 2849 nomi-

383 2860 491 2889 nativi.
508 2861 676 2901 πράγματα
692 2862 789 2891 πάντα
806 2867 907 2891 autem
926 2867 996 2892 sunt
1013 2873 1102 2893 accu-

384 2902 492 2933 sativi.

423 2963 468 2970 ·--
483 2946 514 2977 5.
537 2945 625 2976 ταῦτ’
639 2945 788 2988 ἐστὶιῖἥδη]
805 2947 871 2977 scil.
889 2947 908 2977 ἃ
924 2949 966 2977 νῦν
980 2946 1041 2987 ἐςῶ.

423 3007 468 3013 —-
484 2992 534 3019 10.
551 2991 630 3030 ὑμᾶς
651 2989 744 3020 λαζών
762 2990 872 3032 ᾤχετο]
895 3001 962 3025 vos,
990 2991 1021 3021 id
1051 2997 1099 3021 est

380 3039 498 3063 mentes
517 3037 649 3071 vestras,
664 3034 785 3065 delusas
802 3044 820 3064 a
839 3045 872 3065 se
889 3038 979 3074 atque
994 3045 1096 3066 occoe-

1143 328 1238 359 catas,
1253 333 1356 353 secum
1371 324 1509 360 abstulit,
1520 323 1606 364 quasi
1621 323 1708 355 vobis
1722 327 1856 365 ereptas,

1144 372 1175 395 et
1191 376 1293 395 secum
1307 367 1381 396 illuc
1401 368 1514 406 rapuit,
1527 379 1587 407 quo
1605 367 1715 398 voluit.

1187 426 1230 431 --
1245 410 1297 441 15.
1320 409 1522 452 ἀπελογίζετο]
1536 410 1685 441 calculum
1702 410 1856 440 subduce-

1146 453 1207 487 bat,
1222 454 1417 482 enumerabat
1430 465 1446 482 e
1459 453 1579 492 digitis,
1601 455 1746 488 futurum,
1761 463 1801 483 ex
1816 453 1856 483 iis

1144 500 1240 531 certe,
1264 506 1332 534 quae
1359 496 1417 525 sibi
1442 506 1510 526 cum
1526 497 1670 536 Philippo
1695 495 1857 527 convenis-

1146 542 1225 574 sent,
1251 544 1284 568 ut
1303 541 1382 568 intra
1406 539 1533 569 biduum
1553 540 1739 570 triduumve.
1793 539 1856 568 Ne-

1145 591 1232 611 cesse
1253 585 1310 616 est,
1334 582 1469 618 dicebat,
1491 593 1532 612 ex
1547 582 1597 618 iis,
1617 593 1685 621 quae
1701 593 1768 612 cum
1786 581 1858 612 Phi-

1144 624 1231 663 lippo
1248 624 1321 654 milii
1341 625 1508 654 constituta
1530 628 1611 658 sunt.
1633 629 1666 655 ut
1683 625 1857 664 Philippus,

1146 667 1170 695 si
1187 672 1316 696 mentem
1335 678 1393 697 non
1413 668 1553 703 mutavit,
1578 668 1632 697 sed
1648 668 1751 697 verbis
1769 668 1859 697 fidem

1144 710 1237 739 rebus
1259 709 1343 745 fecit,
1355 711 1418 749 jam
1435 710 1526 740 hodie
1539 711 1659 740 Thebas
1680 720 1858 750 oppugnare

1145 753 1284 791 coeperit.
1334 753 1402 783 Jam
1419 763 1488 783 cum
1500 754 1587 783 bidui
1604 753 1735 783 triduive
1748 753 1857 783 itinere

1145 795 1258 825 Thebae
1267 795 1398 825 Athenis
1410 796 1520 833 absint,
1534 797 1615 827 intra
1628 798 1722 826 breve
1738 801 1860 836 tempus

1145 838 1231 868 istaec
1244 838 1386 868 audietis.

1187 898 1230 904 -—
1246 884 1297 911 17.
1321 881 1458 921 μένοντας
1472 881 1553 923 οἴκοι]
1581 881 1647 912 sine
1673 882 1733 912 ullo
1754 886 1858 912 vestro

1145 924 1260 954 labore.
1278 925 1399 954 videtur
1410 935 1476 954 esse
1489 925 1691 964 proverbialis
1708 925 1834 955 locutio.

1188 968 1262 997 348.
1277 969 1314 997 ,5.
1337 967 1414 1007 που]
1439 968 1656 1006 quodammodo,
1683 972 1736 997 aut
1756 968 1859 1007 procul

1144 1009 1329 1039 omnidubio.
1348 1009 1516 1051 ὑπῃνίττετο
1526 1009 1653 1049 perinde
1669 1015 1761 1050 atque
1777 1022 1859 1051 παρ-

1145 1052 1241 1082 εδήλου
1264 1053 1398 1092 pertinet
1418 1053 1457 1082 ad
1479 1052 1614 1094 Ὠξωπόν.
1636 1058 1739 1083 orator
1763 1054 1790 1083 si
1810 1054 1856 1084 di-

1145 1106 1214 1125 cere
1228 1097 1390 1132 voluisset,
1411 1097 1514 1126 verbis
1531 1097 1622 1135 longe
1638 1097 1859 1127 circumductis

1145 1143 1177 1168 et
1192 1139 1330 1169 obscuris
1346 1138 1464 1170 eminus
1483 1150 1530 1169 me
1553 1140 1776 1176 subindicabat,
1799 1150 1858 1170 non

1143 1194 1202 1221 μου
1225 1183 1368 1217 dixisset,
1393 1183 1474 1221 quod
1499 1183 1612 1223 linguae
1637 1184 1753 1213 Graecae
1779 1184 1858 1214 ratio

1144 1235 1202 1255 non
1220 1225 1289 1261 fert,
1311 1227 1365 1255 sed
1382 1237 1424 1264 με
1440 1225 1469 1254 ἰη
1487 1225 1674 1256 accusativo.

1169 1286 1229 1303 ,—-
1246 1272 1296 1299 10.
1321 1269 1368 1298 οὐκ
1390 1269 1456 1308 ἔφην
1475 1268 1587 1309 εἰδέναι]
1617 1270 1694 1298 bene
1716 1270 1858 1299 Graecum

1145 1316 1204 1348 est,
1227 1313 1374 1351 negabam
1391 1322 1438 1342 me
1455 1312 1543 1342 scire.
1560 1313 1763 1342 soloecismum
1780 1313 1858 1342 foret

1144 1355 1335 1385 committere
1350 1359 1441 1393 atque
1455 1366 1495 1394 με
1512 1356 1635 1385 addere.

1187 1415 1231 1420 —
1248 1402 1298 1430 15.
1321 1398 1369 1427 καὶ
1383 1397 1436 1428 οὐδ’
1450 1398 1572 1438 ἀκούειν]
1601 1408 1637 1427 ne
1660 1398 1767 1428 audire
1790 1398 1859 1438 qui-

1145 1442 1214 1470 dem
1232 1452 1340 1472 vocem
1363 1451 1460 1471 meam
1485 1441 1648 1478 volebatis,
1676 1442 1786 1471 nedum
1810 1452 1858 1472 as-

1145 1485 1262 1514 sentiri.

1187 1545 1230 1550 -—-
1246 1531 1296 1559 17.
1321 1526 1417 1567 ’ἔμοιγ’
1432 1527 1569 1568 ἐδοκεῖτε]
1591 1526 1683 1557 malui
1703 1527 1801 1567 ἔμοιγε
1817 1527 1859 1557 δο-

1145 1571 1233 1600 κεῖτε.
1256 1582 1319 1600 ren]
1346 1571 1493 1601 memoria
1517 1575 1548 1601 et
1576 1575 1678 1600 mente
1707 1571 1860 1610 repetenti

1145 1614 1218 1643 mihi
1236 1615 1382 1644 videmini
1401 1625 1490 1649 nunc,
1506 1619 1710 1644 consentanee
1733 1620 1804 1644 tunc
1828 1618 1859 1644 et

1146 1668 1227 1687 inore
1245 1657 1376 1687 humano
1393 1657 1508 1696 egisse,
1523 1662 1615 1696 prout
1631 1658 1668 1686 ab
1685 1657 1858 1687 hominibus

1144 1700 1174 1729 in
1205 1701 1356 1738 ejusmodi
1383 1701 1452 1730 loco
1478 1700 1655 1730 constitutis
1685 1701 1859 1740 exspectari

1145 1748 1279 1782 poterat.

1186 1804 1230 1809 —
1245 1790 1298 1817 22.
1320 1785 1522 1827 ὑποκειμένων]
1542 1797 1670 1825 prorsus
1694 1785 1776 1816 idem
1799 1791 1859 1822 est,

1145 1834 1234 1868 atque
1251 1840 1384 1870 πςοκειμ.
1407 1830 1643 1869 propositarum.
1658 1840 1725 1868 quae
1740 1831 1860 1869 profer-

1145 1877 1194 1902 tur
1218 1873 1322 1909 lectio‚
1351 1871 1573 1912 ὑποκριναμένων,
1602 1872 1724 1902 tametsi
1753 1876 1860 1912 aperte

1144 1926 1240 1955 prava
1255 1920 1314 1950 est,
1330 1915 1481 1945 sententia
1503 1921 1600 1945 tamen
1625 1915 1775 1945 tolerabili
1800 1926 1859 1946 non

1144 1963 1236 1994 caret,
1254 1959 1320 1988 scil.
1335 1958 1589 1992 assimulatarum,
1601 1959 1827 1988 ementitarnm.

1187 2020 1230 2024 —
1246 2004 1297 2032 23.
1321 2000 1406 2043 όχλος
1421 2001 1517 2035 ἄλλως
1536 2000 1584 2030 καὶ
1608 2000 1749 2034 βασκανία
1772 2012 1861 2032 κατε-

1144 2043 1272 2085 φαίνετο]
1292 2046 1389 2074 nodus
1405 2054 1550 2084 perquam
1567 2045 1671 2075 durus.
1717 2047 1792 2076 Sunt
1807 2045 1860 2084 qui

1143 2089 1340 2128 κατεφαίνοντο
1371 2088 1400 2117 in
1427 2087 1538 2126 plurali
1567 2088 1740 2126 subjiciant.
1797 2088 1860 2118 Sed

1145 2130 1318 2161 Dorvillius
1338 2131 1378 2160 ad
1398 2130 1592 2160 Charitonem
1611 2142 1638 2170 p.
1658 2132 1733 2162 595.
1752 2131 1859 2170 vulga-

1144 2178 1203 2203 tam
1228 2178 1342 2209 tuetur,
1364 2183 1477 2213 negans
1497 2183 1617 2202 causam
1644 2184 1724 2209 esse,
1750 2184 1805 2203 cur
1820 2176 1858 2204 ab

1144 2227 1179 2246 ea
1195 2217 1382 2251 discedatur,
1405 2221 1435 2246 et
1457 2216 1587 2246 afferens
1609 2217 1753 2256 exempla
1771 2218 1859 2247 verbi

1142 2259 1172 2288 in
1197 2259 1342 2298 singulari
1366 2259 1473 2298 positi,
1496 2270 1564 2289 cum
1594 2260 1721 2300 pluralis
1745 2271 1858 2300 exspe-

1143 2307 1288 2339 ctaretur,
1310 2303 1478 2332 secundum
1504 2303 1650 2341 pluralem
1666 2303 1859 2333 substantivi.

1142 2349 1176 2374 ut
1199 2346 1278 2375 illud
1305 2346 1516 2375 Herodoteum
1544 2346 1573 2375 αἱ
1595 2345 1687 2379 Θῆβαι
1710 2346 1858 2385 Αἴγυπτος

1141 2386 1286 2423 ἐκαλέετο,
1309 2399 1365 2428 pro
1377 2387 1535 2419 ἐκαλοῦντο.
1582 2390 1649 2428 Ego
1666 2392 1739 2431 vero
1755 2390 1860 2419 admo-

1141 2432 1213 2461 dum
1243 2443 1362 2468 vereor,
1389 2443 1426 2461 ne
1455 2433 1679 2462 Demosthenes
1704 2432 1857 2471 ejusmodi

1141 2475 1341 2510 irchaisinos,
1364 2480 1396 2505 ut
1417 2485 1472 2505 suo
1489 2475 1586 2504 nitore
1610 2475 1763 2513 indignos,
1784 2476 1856 2505 dili-

1141 2524 1248 2556 genter
1263 2519 1420 2548 devitarit.
1465 2519 1617 2558 Equidem
1637 2518 1737 2548 nullus
1750 2519 1859 2548 dubito

1140 2562 1177 2590 ad
1206 2560 1292 2601 ὄχλος
1319 2562 1416 2595 ἄλλως
1445 2572 1503 2591 non
1529 2562 1643 2591 debere
1669 2559 1858 2600 κατεφαίνετο

1140 2605 1257 2639 referri,
1271 2605 1324 2635 sed
1342 2605 1418 2634 illud
1432 2615 1487 2644 per
1503 2615 1536 2634 se
1551 2609 1643 2639 stare,
1656 2609 1685 2633 et
1698 2605 1857 2635 subaudiri

1139 2657 1156 2675 a
1177 2647 1289 2677 callido
1317 2649 1430 2678 lectore
1457 2648 1572 2677 debere
1595 2646 1677 2682 ἦσαν,
1701 2648 1784 2686 qnod
1809 2647 1859 2677 hio

1138 2689 1221 2720 idem
1239 2691 1318 2720 valet
1343 2696 1432 2730 atque
1456 2688 1569 2725 ἐδόκουν,
1593 2690 1642 2719 vel
1667 2688 1806 2728 ἐλέγοντο.
1827 2696 1859 2720 et

1138 2734 1321 2774 caeteroquin
1339 2738 1440 2769 erant,
1465 2733 1494 2763 h.
1513 2743 1541 2762 e.
1558 2733 1733 2768 audiebant,
1750 2733 1858 2773 appel-

1139 2776 1290 2813 labantur,
1311 2778 1542 2807 declarabantur
1557 2776 1758 2815 obloquentes
1778 2786 1859 2812 esse,

1137 2821 1292 2858 popellus,
1322 2825 1353 2850 et
1383 2823 1535 2859 praeterea
1563 2828 1685 2858 quoque
1715 2819 1858 2858 ipsorum

1136 2863 1305 2893 invidentia
1317 2869 1409 2902 atque
1426 2861 1564 2892 simultas
1579 2863 1757 2902 apparebat,
1781 2862 1812 2892 h.
1830 2872 1859 2892 e.

1135 2906 1225 2944 plebs
1242 2906 1404 2941 clamabat,
1420 2909 1452 2935 et
1468 2909 1618 2944 praeterea
1633 2914 1755 2944 quoque
1773 2905 1858 2944 ipso-

1135 2959 1198 2978 rum
1217 2949 1416 2979 invidentiam
1435 2948 1625 2978 elucescere.
1671 2947 1745 2977 Hoc
1762 2948 1789 2977 si
1804 2948 1858 2977 ad-

1133 2992 1247 3028 mittas,
1263 2992 1343 3031 quod
1364 2992 1440 3022 dare
1458 2991 1642 3021 facillimum
1658 2991 1710 3026 sit,
1730 2991 1857 3030 quoties

1132 3035 1211 3066 enim
1226 3036 1351 3067 verbum
1364 3034 1594 3066 substantivum
1609 3034 1858 3065 subaudiendum
