1931 3323
303 185 386 225 304

300 297 392 328 tetur,
404 292 461 321 nisi
474 293 542 331 quis
557 303 573 321 a
589 292 651 327 θεὸς
668 294 790 324 formari
807 299 906 334 putet,
930 295 1011 334 quod

301 336 348 365 vel
365 335 430 365 ἇωό
445 337 494 365 τοῦ
509 335 651 373 θεᾶσθαι,
677 337 725 367 vel
742 335 799 367 ἀπὸ
814 338 864 366 τοῦ
876 337 955 367 θεῖνε
980 342 1012 367 ut

301 384 331 408 et
346 378 460 419 αἰθέρα,
478 389 536 409 non
553 381 639 420 παρὰ
651 379 683 409 τὸ
700 380 802 416 αἴθειν,
818 381 873 411 sed
886 382 961 420 παρὰ
979 379 1012 410 τὸ

299 422 340 451 Ξιεὶ
356 420 420 458 een,
437 422 499 452 dici
516 428 634 462 putant.
681 423 758 453 Haec
771 429 801 453 et
812 425 902 463 liujus
920 433 1011 462 gene-

299 465 342 494 ris
358 465 428 501 alia,
446 465 471 495 si
497 467 566 505 quis
588 476 824 506 supervacaneae
841 466 1011 506 diligentiae

300 518 366 538 esse
391 511 490 548 putat,
513 519 580 539 cum
602 519 638 539 eo
663 519 720 548 ego
743 520 802 540 non
823 520 1010 549 magnopere

299 552 496 581 contendam:
526 553 581 582 sed
602 552 682 583 idem
709 558 811 583 tamen
837 553 1011 584 meminerit

299 595 403 631 velim,
422 595 579 626 Platonem
601 601 632 626 et
648 596 858 633 Aristotelem,
873 595 1010 636 pbiloso—

300 639 429 677 phorum
445 638 620 678 principes:
645 639 826 678 Euripidem
847 646 879 670 et
894 639 1010 678 Sopho-

298 681 389 717 clem,
420 681 664 721 sapientissimos
680 687 808 722 poetas:
842 684 1010 712 Varronem

299 729 331 754 et
343 725 520 755 Ciceronem
533 725 741 755 Romanorum
754 726 882 756 atterum
898 725 1011 755 doctis-

297 768 420 804 simum,
434 768 561 798 alterum
576 767 856 807 eloquentissimum
869 768 923 808 (ne
935 767 1010 798 alios

300 810 552 851 commemorem)
567 822 574 840 z
599 812 637 840 ab
653 812 709 840 hac
725 811 842 841 ratione
858 812 936 841 adeo
951 821 1011 841 non

297 854 504 889 abhorruisse,
530 859 564 884 ut
587 864 653 884 eam
676 854 761 884 laudi
778 854 836 884 sibi
852 855 1012 888 ducerent,

299 903 331 927 et
347 897 376 926 in
389 898 534 936 gravibus
550 897 698 937 operibus
708 902 908 928 ostentarent.
932 899 1010 927 Nam

299 939 428 971 Hebraei
462 940 598 979 quidem,
631 951 758 980 quorum
803 940 1014 970 vetustissima

299 994 368 1013 esse
382 983 485 1022 lingua
500 982 646 1020 creditur,
663 984 779 1014 nullum
795 993 873 1023 pene
887 985 1013 1014 verbnm

298 1027 423 1062 liabent,
446 1025 535 1067 cujus
560 1026 707 1056 rationem
732 1027 862 1057 reddere
886 1037 945 1056 non
965 1037 1015 1056 so-

295 1070 390 1099 leant.
436 1069 527 1105 Quod
545 1069 571 1099 si
593 1069 642 1100 cui
659 1070 734 1100 tanti
751 1070 810 1100 viri
826 1069 939 1100 alicubi
961 1070 1014 1100 sri-

300 1123 371 1152 gere
389 1112 546 1142 videntur:
561 1114 586 1143 is
598 1113 731 1153 primum
747 1114 863 1151 videat,
879 1124 916 1143 ne
929 1124 1013 1143 suam

301 1155 477 1195 opinionem
494 1155 617 1187 illorum
634 1156 754 1196 judicio
771 1162 947 1197 arroganter
963 1166 1014 1185 an-

298 1203 438 1238 teponat.
484 1200 618 1236 Deinde,
648 1205 701 1230 aut
722 1200 853 1230 calidius
876 1200 943 1240 ipse
960 1200 1014 1229 ali-

300 1241 374 1281 quid
395 1242 542 1282 proferat‚
564 1249 616 1273 aut
632 1253 686 1272 nos
710 1243 777 1272 lusu
800 1244 859 1272 hoc
875 1254 931 1272 nec
949 1244 1014 1272 ina-

300 1295 414 1321 moen0‚
425 1295 482 1315 nec
494 1285 608 1322 inutili,
620 1286 680 1315 frui
695 1286 839 1325 patiatur.
872 1286 1015 1325 Denique

300 1333 441 1369 perstare
457 1333 556 1368 putet,
573 1329 696 1359 invitari
718 1339 832 1368 pueros
854 1329 894 1358 ad
918 1328 1015 1359 medi-

299 1371 426 1403 tationis
452 1372 657 1411 diligentiam,
681 1382 771 1411 quam
797 1373 836 1402 ad
865 1372 1016 1402 socordias

298 1415 467 1451 licentiam,
490 1416 528 1445 ad
551 1426 640 1454 quam
670 1415 784 1455 alioqui
809 1425 915 1446 sumus
945 1425 1017 1455 pro-

301 1458 472 1499 pensiores.
534 1459 601 1489 Illae
636 1463 719 1488 certe
751 1458 1017 1498 grammaticorum

301 1502 517 1541 perceptiones
561 1502 600 1532 de
642 1502 807 1541 speciebus
837 1506 869 1532 et
898 1502 1016 1541 figuris,

301 1555 490 1585 nequaquam
523 1544 589 1575 sine
619 1545 858 1585 reprehensione
887 1549 1018 1585 possunt

302 1588 429 1628 negligi.
474 1589 586 1625 Nemo,
606 1589 657 1627 qui
674 1589 842 1629 periculum
858 1599 918 1618 non
931 1589 1018 1624 fecit,

302 1632 414 1668 credit,
432 1636 574 1671 quantum
584 1632 650 1662 haec
662 1642 723 1668 reS,
736 1632 764 1662 in
784 1631 920 1672 speciem
935 1631 1016 1663 levis

255 1697 262 1703 2
305 1686 340 1705 ac
364 1675 507 1715 puerilis,
527 1680 559 1705 et
581 1675 813 1715 intelligentiam
842 1685 959 1711 veram,
988 1680 1020 1706 et

305 1718 494 1753 memoriam,
525 1723 557 1748 et
582 1719 703 1758 copiam
735 1720 897 1749 verborum
919 1720 1021 1757 juvet.

305 1764 383 1801 Quae
399 1761 523 1791 tametsi
540 1761 631 1791 tironi
648 1761 735 1791 initio
755 1762 848 1801 paulo
866 1761 1021 1792 difficilior

304 1804 481 1835 videbitur:
505 1805 574 1844 ipso
597 1810 696 1835 tamen
714 1816 768 1837 usu
789 1804 932 1835 facillima
948 1805 1018 1835 fiet:

305 1848 476 1888 praesertim
501 1847 529 1878 si
552 1848 748 1888 grammatica
771 1852 927 1889 praecepta
952 1858 1021 1888 per-

305 1891 471 1921 didicerit:
496 1902 647 1930 quaecum
670 1891 723 1922 alii
744 1892 932 1931 complures,
959 1897 1022 1922 tum

308 1945 380 1965 vero
393 1935 543 1965 Nicolaus
556 1935 726 1965 Clenardns
748 1935 834 1976 (cum
855 1945 915 1974 quo
932 1934 1022 1964 Ioan-

307 1978 355 2008 nis
384 1977 533 2008 Varennii
560 1977 703 2018 syntaxin
729 1979 873 2018 conjungi
903 1976 1024 2017 velim),

308 2031 418 2061 magno
428 2021 554 2060 ingenio
568 2022 703 2052 breviter
715 2027 917 2062 accurateque
930 2021 1024 2052 tradi-

308 2065 429 2095 derunt.
454 2065 600 2095 Subsidio
617 2064 690 2095 item
704 2069 776 2095 sunt
788 2065 1025 2095 Graeco-Latina

308 2108 434 2144 Lexica,
445 2113 477 2139 et
485 2113 550 2138 tota
559 2109 678 2145 Graeca,
689 2113 722 2138 ut
733 2108 899 2148 Hesychii,
910 2108 1026 2144 Suidae,

308 2151 489 2187 Phavorini,
516 2152 751 2191 Etymologicon
775 2162 929 2190 magnum,
952 2151 1027 2182 alia-

309 2205 368 2233 que
384 2195 600 2225 commentaria
610 2196 788 2225 Graecorum
803 2206 809 2224 :
833 2205 902 2234 quae
910 2195 1025 2225 utinam

312 2238 352 2267 ab
381 2237 504 2268 homine
527 2237 620 2268 docto
647 2243 677 2268 et
702 2238 847 2277 diligenti
879 2238 907 2267 in
934 2249 1024 2268 unum

310 2282 400 2320 Opus
427 2281 535 2311 ordine
563 2281 756 2320 alphabetico
779 2281 861 2322 (qui,
885 2281 944 2311 etsi
966 2292 1025 2311 non

311 2324 551 2361 eruditissimus,
573 2324 829 2363 expeditissimus
846 2328 946 2355 tamen
962 2324 1027 2364 est)

312 2369 529 2404 conflarentur,
553 2371 586 2397 ut
602 2372 633 2397 et
649 2368 789 2398 tenuitati
808 2373 839 2398 et
854 2368 1025 2398 commodis

312 2411 521 2441 studiosorum
546 2411 770 2441 consuleretur.
816 2412 907 2449 Quod
923 2411 949 2441 si
966 2421 1025 2441 non

312 2454 434 2493 singula
473 2455 570 2484 verba
606 2455 766 2491 duntaxat,
796 2455 850 2484 sed
882 2454 1026 2494 loquendi

312 2496 403 2526 etiam
429 2498 511 2527 modi
538 2498 724 2536 peculiares,
748 2503 800 2528 aut
822 2498 1027 2533 obscuriores,

311 2539 447 2579 propriis
469 2546 559 2579 atque
581 2541 775 2580 elegantibus
798 2541 902 2571 verbis
919 2540 1026 2571 Latine

311 2585 473 2623 (quantum
492 2585 554 2613 ullo
576 2585 667 2614 modo
689 2585 753 2615 fieri
770 2583 893 2624 posset)
917 2585 1028 2614 redde-

312 2631 429 2661 rentur,
459 2632 550 2666 atque
573 2627 615 2657 ita
641 2637 730 2657 unum
763 2628 919 2663 volumen,
944 2629 1026 2667 quod

312 2674 443 2709 quatuor
465 2670 595 2699 fortasse
611 2671 705 2708 justis
720 2672 859 2709 partibus
874 2672 1028 2701 constaret

313 2713 422 2754 (quum
436 2723 515 2742 nunc
525 2713 709 2743 Lexicorum
721 2718 752 2743 et
764 2714 1026 2749 dictionariorum,

314 2763 343 2787 et
365 2756 613 2787 observationum
628 2761 710 2786 tanta
725 2758 819 2787 moles
836 2758 879 2793 fit,
895 2763 928 2787 ut
942 2758 1028 2796 plau-

315 2805 379 2829 stro
397 2800 449 2829 vix
468 2799 538 2829 vehi
551 2798 678 2839 queant)
693 2805 787 2829 totam
803 2805 834 2830 et
845 2800 982 2830 Latinam
996 2804 1028 2831 et

314 2843 452 2873 Graecam
468 2842 604 2882 lingnam
620 2843 878 2882 complecteretur
895 2855 901 2872 ε
931 2843 958 2872 is
973 2845 1027 2873 de-

313 2896 395 2916 mum
410 2896 502 2916 verus
524 2890 609 2916 esset
629 2886 789 2925 utriusque
814 2886 926 2925 linguae
946 2887 1027 2916 The-

314 2939 433 2966 saurus,
460 2929 518 2959 hoc
543 2929 745 2968 Cornucopiae
762 2939 818 2959 suo
842 2929 957 2959 nomini
979 2940 1027 2959 re-

313 2973 485 3013 spondens:
515 2977 547 3003 et
571 2973 631 3002 tale
657 2973 757 3012 Opus,
783 2982 844 3012 quo
868 2972 942 3002 nihil
973 2983 1027 3002 un-

314 3026 403 3055 quam
418 3016 576 3048 videretur
589 3015 704 3047 editum
719 3016 767 3047 vel
784 3015 960 3056 perfectius,
980 3016 1027 3046 vel

550 186 603 227 H.
639 186 857 228 WOLFII
892 187 955 228 IN
992 188 1024 228 1.

1065 186 1509 228 OLYNTHIACAM

1048 294 1165 329 utilius,
1185 294 1233 323 vel
1256 293 1442 333 posteritatis
1458 292 1603 323 memoria
1619 292 1757 332 dignius,

1046 335 1075 365 in
1100 337 1157 366 boo
1184 335 1380 375 grammatico
1404 346 1513 376 genere
1537 335 1720 371 studiorum,
1738 345 1755 365 a

1047 390 1106 419 quo
1131 383 1242 409 oaetera
1258 380 1405 418 pendent,
1424 389 1459 409 sc
1475 378 1615 409 oriuntur
1631 378 1731 411 omnia
1745 390 1751 408 :

1045 423 1187 462 quamvis
1203 423 1321 462 parenti
1343 434 1379 452 ac
1396 422 1504 452 nutrici
1527 432 1591 452 suae
1607 432 1754 460 gramma-

1045 467 1126 504 ticae‚
1141 465 1326 505 reliquarum
1351 465 1462 495 artium
1484 465 1623 504 magistri
1648 469 1679 495 et
1699 465 1754 494 do-

1045 515 1158 546 ctores,
1180 510 1274 549 vulgo
1291 519 1396 550 parum
1414 508 1494 548 aequi
1515 513 1568 539 aut
1592 507 1669 548 grati
1685 507 1756 539 sint.

1042 553 1117 583 Tale
1148 563 1227 593 opus
1253 553 1280 582 si
1301 552 1460 592 quisquam
1485 551 1533 581 his
1563 551 1755 591 temporibus

1044 595 1217 637 ingeniose,
1231 595 1376 632 fideliter,
1392 594 1524 631 erudite,
1539 594 1648 624 addam
1663 593 1755 624 etiam

1044 640 1198 675 celeriter,
1215 639 1364 669 conficere
1385 642 1501 678 posset,
1517 638 1649 668 Ioannes
1669 637 1756 676 Opo-

1043 684 1129 713 rinus
1152 687 1275 724 posset:
1298 687 1388 722 utque
1411 682 1494 713 idem
1515 681 1621 718 vellet,
1644 679 1706 710 nisi
1730 679 1758 709 ei

1043 726 1088 755 rei
1104 725 1262 756 familiaris
1277 726 1399 756 tuendae
1414 724 1592 760 necessitas,
1616 723 1710 754 otium
1727 727 1759 753 et

1045 773 1179 808 tempus,
1206 769 1317 808 quibus
1342 769 1372 798 in
1395 768 1504 807 primis
1520 767 1559 797 ad
1573 771 1693 797 tantum
1706 776 1758 796 ne-

1046 812 1162 850 gotium
1184 821 1263 851 opus
1287 816 1346 848 est,
1369 811 1534 841 invideret.
1580 811 1627 841 Ac
1648 809 1759 850 princi·

1045 864 1118 893 pum
1136 855 1277 894 profecto
1292 859 1386 891 esset,
1404 864 1440 884 ac
1452 852 1758 892 rerumpublicarum,

1045 897 1123 927 tales
1139 897 1235 933 viros,
1255 897 1308 936 qui
1329 898 1470 927 ornandae
1486 895 1528 926 rei
1550 896 1703 932 literariae,
1730 900 1761 925 et

1047 941 1197 970 barbariei
1207 940 1323 982 (pestis
1336 940 1470 970 omnium
1489 938 1678 979 deterrimae)
1688 948 1760 978 pro-

1047 983 1215 1023 pulsandae‚
1240 989 1301 1013 tam
1326 983 1524 1018 voluntatem,
1551 992 1642 1022 quam
1666 982 1759 1011 etiam

1046 1027 1221 1057 facultatem
1233 1027 1354 1062 habent,
1367 1025 1547 1056 liberalitate
1565 1035 1620 1055 sua
1632 1026 1741 1064 juvare
1753 1036 1759 1052 :

1048 1069 1079 1099 in
1096 1080 1174 1110 quos
1189 1080 1249 1100 non
1261 1070 1353 1100 modo
1364 1069 1430 1099 sine
1439 1068 1626 1099 detrimento
1642 1066 1762 1107 Reipu-

1050 1113 1149 1150 blicae‚
1167 1113 1222 1143 sed
1239 1123 1346 1153 magna
1361 1113 1452 1143 etiam
1470 1116 1501 1142 et
1516 1111 1681 1141 immortali
1691 1121 1761 1141 cum

1050 1157 1147 1196 gloria
1162 1156 1300 1196 pecuniae
1316 1155 1452 1186 nonnihil
1467 1155 1606 1186 conferre
1623 1158 1762 1194 possent,

1049 1210 1116 1239 quae
1133 1200 1162 1230 in
1179 1210 1229 1230 res
1246 1209 1489 1239 supervacaneas
1503 1199 1595 1237 longe
1610 1208 1693 1237 saepe
1709 1198 1764 1227 de-

1050 1244 1146 1273 terius
1160 1243 1367 1283 profunditur.
1413 1242 1474 1272 Sed
1490 1246 1524 1272 ut
1535 1242 1574 1272 ad
1588 1241 1762 1271 institutum

1050 1287 1172 1317 redeam
1186 1298 1193 1316 ε
1218 1286 1377 1317 studiosus
1390 1286 1573 1316 adolescens
1587 1284 1764 1324 cognitione

1051 1330 1313 1368 grammaticarum
1326 1328 1568 1370 praeceptionum
1584 1327 1763 1363 instructus,

1051 1377 1083 1402 et
1109 1383 1179 1402 cum
1204 1383 1309 1403 eorum
1339 1382 1417 1411 quos
1437 1371 1515 1407 dixi,
1542 1370 1678 1406 Lexicis,
1699 1375 1765 1399 tum

1052 1426 1126 1446 vero
1143 1415 1282 1445 Pollucis
1306 1415 1397 1445 etiam
1422 1419 1454 1444 et
1476 1413 1588 1444 Budaei
1611 1423 1765 1444 commen-

1051 1458 1152 1494 tariis,
1179 1462 1210 1488 et
1236 1457 1346 1498 optimi
1372 1459 1521 1497 cujusque
1537 1456 1672 1487 auctoris
1684 1456 1768 1486 fideti

1050 1501 1252 1532 conversione
1270 1501 1407 1541 adjutus,
1423 1502 1541 1531 Graecae
1559 1499 1675 1540 linguae
1693 1510 1767 1539 cog-

1050 1545 1210 1581 nitionem,
1228 1544 1295 1575 sine
1316 1555 1376 1584 que
1390 1554 1497 1574 manca
1518 1547 1565 1574 est
1579 1543 1676 1573 omnis
1697 1553 1767 1573 eru-

1052 1589 1142 1625 ditio,
1151 1589 1244 1619 facile
1255 1591 1435 1627 assequetur
1447 1599 1454 1618 ε
1472 1587 1499 1617 si
1509 1586 1680 1626 praesertim
1689 1596 1769 1622 eam,

1053 1632 1091 1661 de
1114 1642 1175 1671 qua
1190 1632 1340 1668 diximus,
1357 1630 1590 1671 compositionis
1604 1634 1636 1659 et
1648 1629 1770 1660 deriva-

1053 1675 1147 1705 tionis
1172 1675 1319 1705 rationem
1343 1674 1527 1704 observarit.
1551 1683 1639 1712 quam
1665 1674 1769 1712 cujus-

1054 1718 1137 1748 modi
1153 1728 1223 1748 esse
1238 1717 1345 1755 velim,
1357 1727 1417 1757 quo
1433 1717 1547 1747 rectius
1563 1715 1768 1756 intelligatur,

1054 1761 1227 1791 adscribam
1239 1761 1384 1790 nonnulla
1393 1764 1522 1800 propter
1533 1759 1685 1795 rudiores,
1700 1769 1769 1799 quae

1055 1805 1122 1844 ipse
1139 1805 1212 1834 olim
1228 1804 1258 1834 in
1271 1814 1371 1834 meum
1389 1814 1478 1834 usum
1491 1802 1645 1833 annotavi.
1691 1803 1772 1833 Ver-

1056 1848 1093 1877 ba
1109 1847 1216 1887 igitur,
1234 1852 1268 1877 ut
1288 1847 1367 1884 dixi,
1391 1847 1452 1877 alia
1476 1845 1575 1886 prima
1601 1849 1686 1881 sunt,
1710 1845 1771 1876 alia

1056 1891 1215 1921 derivata:
1250 1891 1387 1930 qnaedam
1413 1889 1577 1930 simplicia,
1600 1889 1772 1929 composita

1057 1934 1207 1974 quaedam.
1251 1934 1330 1964 Cum
1356 1937 1458 1963 autem
1484 1931 1638 1972 simplicia
1653 1937 1684 1962 et
1704 1932 1770 1972 pri·

1057 1977 1167 2007 mitiva
1181 1987 1241 2007 non
1257 1977 1302 2007 ita
1316 1977 1413 2007 multa
1428 1977 1507 2007 sint:
1540 1974 1630 2005 facile
1643 1979 1773 2015 possunt

1058 2021 1194 2050 mandari
1217 2021 1388 2051 memoriae:
1413 2024 1445 2050 et
1469 2019 1508 2050 iis
1533 2019 1629 2060 probe
1651 2018 1774 2049 intelle-

1058 2063 1130 2100 ctis,
1146 2063 1264 2094 infinita
1279 2074 1356 2103 pene
1379 2062 1543 2094 multitudo
1565 2061 1774 2092 derivatorum

1060 2113 1091 2137 et
1102 2107 1340 2147 compositorum
1369 2106 1529 2146 cognosci.
1574 2105 1685 2145 Itaque
1713 2106 1772 2135 Le-

1060 2151 1123 2181 xici
1131 2155 1191 2181 tam
1201 2151 1318 2191 copiosi
1331 2150 1383 2180 vix
1393 2150 1515 2180 decima
1523 2159 1596 2189 pars
1603 2148 1777 2178 necessaria

1059 2194 1117 2224 erit
1142 2195 1256 2224 homini
1286 2193 1438 2229 studioso,
1465 2197 1496 2222 et
1525 2193 1601 2222 hanc
1624 2192 1774 2221 rationem

1060 2237 1249 2268 observanti.
1298 2237 1358 2267 Sed
1386 2241 1487 2266 tamen
1513 2235 1592 2265 illud
1613 2234 1644 2264 in
1667 2235 1773 2275 primis

1059 2281 1267 2320 praestandum
1300 2284 1358 2316 est,
1391 2284 1427 2309 ut
1454 2277 1622 2319 primarum
1661 2288 1774 2309 vocum

1061 2322 1242 2364 πολυτημίαι
1271 2323 1461 2363 percognitae
1488 2320 1568 2352 sint:
1611 2331 1680 2360 quae
1709 2321 1776 2361 ple-

1061 2377 1187 2407 rumque
1207 2367 1298 2397 etiam
1319 2366 1349 2396 in
1373 2365 1524 2396 derivatis
1548 2369 1579 2394 et
1593 2364 1774 2404 compositis

1061 2415 1227 2447 remanent,
1257 2415 1293 2440 ut
1318 2410 1420 2450 γράφω
1446 2413 1478 2440 et
1506 2408 1597 2439 scribo
1625 2412 1657 2437 et
1681 2409 1775 2449 pingo

1061 2453 1227 2492 significat:
1259 2451 1410 2493 ἐπιγράψω
1432 2452 1478 2482 vel
1495 2451 1620 2482 inscribo
1645 2451 1696 2480 vel
1722 2461 1775 2490 ap-

1061 2499 1170 2538 pingo:
1202 2496 1483 2537 persoraygo'chwsvel
1504 2500 1585 2524 muto
1610 2495 1774 2533 inscriptio-

1062 2551 1137 2576 nem,
1154 2540 1202 2570 vel
1215 2550 1318 2570 renovo
1340 2541 1503 2578 picturam.
1548 2538 1588 2567 Et
1605 2537 1727 2576 quidem
1744 2537 1775 2566 in

1064 2584 1124 2619 bis,
1144 2593 1212 2623 quae
1243 2594 1282 2613 ex
1310 2583 1451 2622 pluribus
1472 2580 1602 2611 vocibus
1625 2584 1775 2615 constant,

1063 2638 1144 2666 saepe
1167 2637 1240 2656 vera
1267 2625 1451 2665 significatio
1472 2623 1558 2654 verbi
1578 2626 1626 2653 est
1641 2633 1678 2652 ex
1702 2633 1774 2652 con-

1063 2674 1149 2701 textu
1188 2669 1332 2700 orationis
1376 2667 1556 2708 indaganda.
1615 2665 1775 2695 Interdum

1061 2714 1152 2744 etiam
1169 2713 1318 2748 derivata,
1335 2716 1461 2752 propter
1476 2708 1628 2739 licentiam
1652 2708 1776 2748 loquen-

1062 2756 1106 2793 di,
1135 2756 1324 2796 longiuscule
1351 2765 1368 2785 a
1395 2752 1617 2794 significatione
1647 2751 1776 2791 originis

1063 2810 1127 2829 suae
1142 2800 1301 2833 recedunt,
1325 2802 1357 2828 ut
1371 2798 1463 2839 ῥυτῆρ,
1486 2795 1567 2835 qnod
1585 2795 1618 2824 fit
1630 2804 1649 2824 a
1662 2794 1778 2836 ῥύομαι,

1061 2843 1093 2872 id
1107 2849 1154 2873 est
1170 2842 1266 2878 libero,
1277 2851 1333 2871 non
1350 2840 1503 2879 significat
1515 2838 1707 2874 liberatorem,
1721 2838 1777 2867 sed

1063 2887 1158 2916 lorum
1177 2884 1407 2926 autflngellum.
1428 2881 1561 2922 στέμμα,
1579 2892 1596 2911 a
1612 2879 1776 2920 στέφομαι,

1062 2940 1120 2959 non
1153 2938 1286 2958 coronam
1316 2931 1445 2961 tantum,
1472 2926 1526 2955 sed
1560 2925 1651 2954 etiam
1676 2925 1776 2954 seriem

1061 2974 1175 3011 generis
1190 2971 1269 3011 apud
1291 2969 1434 3001 Latinos:
1459 2968 1538 2998 unde
1548 2965 1777 3000 Germanicum.

1064 3014 1270 3050 Qtammen.
1319 3014 1357 3044 lu
1382 3012 1495 3043 talibus
1512 3011 1618 3052 igitur,
1633 3021 1701 3051 quae
1716 3020 1776 3040 non
