1964 3323
342 193 421 235 164
712 191 748 233 Ι.
773 191 808 233 Ι.
832 190 1058 232 REISKE

338 299 381 333 οὓς
396 296 583 337 ἄνεγνῶκοιτε]
593 295 714 326 correxi
727 295 791 327 τότ’
803 294 951 335 ἀνέμνησεν
963 296 1052 335 ὑμᾶς,

337 343 401 375 τοὺς
419 340 518 381 νόμους
534 338 651 378 ἀνέγνω.
677 340 797 370 tametsi
814 341 861 369 vet
887 340 932 369 sic
948 349 1052 368 corru-

336 389 420 424 ptam
438 384 536 413 adhuc
547 384 675 423 primam
689 393 795 413 vocem
808 383 927 422 judico,
945 387 976 412 et
990 383 1052 421 leg.

336 426 425 457 ταῦτ’
447 426 608 467 ἀνέμνησεν.
627 426 686 456 haec
702 427 798 456 omnia
820 426 897 455 vobis
915 426 953 455 ad
975 435 1054 455 men-

340 476 407 505 tem,
419 471 465 500 vel
479 472 644 500 memoriam
654 470 808 503 reuocauit,
821 469 1055 509 recstwstleges,

339 524 467 554 quarum
481 523 515 543 ex
528 514 716 548 auctoritate,
727 523 743 541 ⁷
746 511 814 541 ebus
826 513 868 541 ita
878 514 976 552 gestis,
987 522 1055 541 con-

329 558 483 598 Jiscantur
497 567 569 597 opes.
587 567 652 586 uam
669 556 698 585 iu
712 553 894 597 πραχθέντων
910 554 1054 586 subaudi-

342 604 393 631 tur
407 603 464 631 τῶν
476 600 676 640 πραγμάτων.

380 660 425 667 --
440 646 493 674 27.
509 642 608 684 ἐδόκει]
626 641 709 672 redit
725 641 763 670 ad
779 642 1012 671 Euctemonem.

380 688 456 718 704.
474 688 504 717 3.
523 685 626 727 ἔχειν·
643 683 769 725 -ἦξίουν]
788 685 918 714 distinxi
936 685 980 714 sic
998 684 1055 725 [nil

338 729 474 782 miuus]:
493 727 567 770 ἔχειν
582 727 748 767 ὡμολόγουν,
760 726 826 767 παρ’
838 727 949 761 ἑαυτοῖς
965 727 1057 768 ζητεῖν

341 770 437 811 ἦξίουν.
443 772 623 814 fatebantur
635 781 664 801 se
677 771 816 810 pecunias
832 770 948 806 habere,
958 777 1057 809 postu.

341 816 442 846 labant
455 821 488 845 ιιι
504 824 551 844 vos
565 824 611 844 eas
623 824 707 853 penes
721 823 749 843 se
764 815 960 853 requireretis.

381 876 426 881 —-
441 860 493 889 26.
513 855 622 897 ἐκεῖνοι]
638 857 783 886 nominati
798 867 828 886 v.
846 859 876 886 2

382 919 426 924 --
442 904 494 932 27.
517 899 576 931 οὐδὲ
597 909 793 941 'mapsa-uenae·
791 897 881 940 uiroc]
907 903 975 940 post
998 897 1057 929 οὐδὲ

344 944 468 975 videtur
484 943 600 982 aliquid
617 943 739 978 deesse,
755 953 784 972 e.
802 953 829 972 c.
844 942 915 983 drag,
930 947 981 972 aut
994 940 1059 972 καθ’

344 986 383 1025 ἓν,
394 993 445 1017 aut
453 985 560 1027 μικρὸν,
572 987 619 1016 vel
633 986 693 1017 tale
704 986 790 1025 quid.

385 1048 430 1054 —-
444 1031 499 1061 ult.
517 1029 598 1070 εἰσὶν]
621 1029 731 1059 inclusi
751 1029 845 1060 uncis.

341 1074 413 1103 bum
429 1074 489 1112 εἰμὶ
503 1077 573 1114 post
586 1071 702 1114 ἕτοιμος
717 1073 828 1103 omitti.

383 1118 459 1147 705.
476 1119 509 1148 6.
531 1114 652 1150 ωλείους
675 1117 739 1150 τοὺς
758 1115 961 1157 ὑπάρχοντας]
990 1119 1061 1156 post

342 1158 464 1195 ἰη-λείους
483 1159 605 1190 videtur
618 1158 701 1194 ὄντας
721 1160 840 1190 deesse.
867 1169 983 1199 unaque
1005 1169 1060 1190 sna

345 1202 406 1244 lege
421 1204 495 1244 leges
515 1207 632 1239 veteres,
646 1214 708 1241 qua:
732 1203 846 1233 dudum
867 1207 935 1232 ante
949 1212 1012 1233 eam
1028 1204 1059 1232 ἱη

343 1255 402 1275 usu
420 1246 570 1287 fuerunt,
589 1250 701 1276 tametsi
721 1252 791 1276 sunt
808 1256 934 1276 numero
950 1245 1060 1284 plures,

343 1288 551 1319 debilitarunt.
598 1290 757 1329 Significat
772 1294 874 1318 autern
896 1288 982 1328 leges
999 1289 1059 1330 περὶ

344 1334 400 1362 τῶν
412 1331 590 1373 παρανόμων,
606 1333 657 1363 vel
670 1332 730 1373 *fregi
743 1334 792 1366 τῆς
806 1331 983 1372 νομοθεσίας.
999 1343 1060 1362 ma-

346 1374 400 1405 lim
417 1385 537 1415 quoque
552 1375 600 1405 καὶ
615 1374 745 1410 πλείους,
765 1376 933 1414 complures.
948 1375 996 1404 καὶ
1011 1385 1061 1405 so-

348 1417 392 1447 let
408 1420 564 1457 eleganter
581 1419 653 1448 addi
668 1419 851 1448 redundans.

391 1463 467 1491 706.
493 1464 522 1492 9.
552 1459 768 1503 ἐπιχειροτονίαν
792 1461 899 1502 ποιεῖν]
931 1460 1063 1490 subaudi

347 1503 391 1533 δεῖ
410 1505 475 1537 τοὺς
497 1504 653 1545 πρυτάνεις.
669 1504 758 1534 danto
780 1509 920 1543 prytanes
933 1505 1063 1534 concioni

335 1545 520 1587 facultatem
545 1548 618 1587 leges
636 1553 741 1577 veteres
763 1545 907 1587 suffragio
926 1557 977 1577 suo
996 1556 1062 1577 con-

337 1590 499 1630 firmandi.

391 1651 434 1655 —
446 1635 497 1663 14.
514 1632 580 1663 εἶτα
598 1634 654 1662 τῶν
668 1631 772 1672 κοινῶν]
790 1631 840 1660 hio
855 1630 1064 1662 necessarium

350 1680 426 1714 puto
442 1675 504 1716 περὶ
523 1675 608 1711 addi,
624 1686 654 1706 v.
673 1678 724 1706 12.
739 1675 846 1704 minus.
866 1676 947 1704 idem
964 1679 1013 1705 est
1027 1685 1064 1704 ac

351 1718 377 1748 si
392 1718 541 1748 dixisset:
557 1717 622 1748 εἰτα
633 1717 693 1757 περὶ
707 1720 762 1748 τῶν
776 1720 865 1747 κοινῶν
880 1717 958 1747 ἔσται
971 1719 985 1748 ἡ
1001 1716 1064 1748 ἐπι-

348 1760 503 1802 χειξοτονία
519 1774 532 1792 η
549 1760 670 1802 προτέρα.
683 1759 736 1800 δ’τῳ
752 1760 896 1790 δοκοῦν-ψ’
881 1762 972 1801 aput-..⁸21
984 1766 1042 1790 etc.

392 1822 434 1827 -—-
452 1808 503 1836 13.
526 1805 540 1834 ἦ
562 1802 778 1845 ἔπιχειξοτονία]
804 1805 921 1834 mavult
938 1804 1064 1844 Τ3]1.ἦ

349 1847 572 1888 ἀποχειροτονία,
587 1850 674 1886 cuius
690 1846 830 1877 lectionis
843 1847 982 1886 profecto
995 1852 1066 1877 sunt

350 1896 492 1920 auctores
516 1891 596 1920 haud
620 1890 844 1920 contemnendi.
866 1891 918 1920 sed
944 1892 1067 1929 vulgata

349 1933 428 1963 bene
445 1934 546 1963 habet.
591 1934 748 1963 Sententia
764 1939 825 1963 est:
849 1933 899 1972 qui
917 1939 1065 1975 prytanes

350 1977 530 2007 concionem
556 1987 649 2016 super
664 1977 785 2014 iegibus
803 1977 1017 2007 confirmandis
1034 1977 1065 2007 in

351 2019 497 2058 suffragia
519 2019 656 2056 mittunt,
678 2019 770 2050 iidem
795 2019 929 2058 legibus,
950 2020 978 2050 si
998 2030 1067 2060 quae

352 2063 414 2092 sint
437 2063 633 2101 abrogandae,
649 2063 728 2092 diem
753 2063 974 2099 mustitanum,
996 2074 1068 2093 con-

352 2105 475 2135 cionem
492 2106 576 2135 illius
594 2106 745 2145 prytaniae
762 2110 958 2145 postremam.
1003 2107 1068 2136 Ad-

352 2148 413 2178 huc
435 2149 509 2178 dum
533 2159 632 2178 sermo
647 2154 695 2178 est
710 2149 749 2178 de
766 2150 863 2188 prima
878 2149 949 2179 anni
965 2151 1068 2189 cujus-

354 2201 415 2230 que
437 2191 572 2221 ineuntis
591 2192 739 2221 concione
763 2196 853 2228 stata,
875 2192 905 2221 iu
927 2203 987 2231 qua
1006 2193 1068 2223 duo

352 2234 420 2264 haec
436 2236 618 2273 agebantur:
638 2240 670 2265 ut
681 2240 803 2265 veteres
819 2236 1070 2266 confirmarentur

353 2277 440 2316 leges
452 2289 461 2316 ;
474 2282 538 2307 tum
555 2282 600 2314 ut,
618 2279 645 2308 si
662 2277 764 2308 visum
779 2283 861 2308 esset
873 2279 1070 2317 quibusdam,

352 2321 441 2350 velut
461 2321 559 2360 leges,
584 2326 616 2351 ut
638 2332 745 2361 parum
760 2322 960 2358 sufficientes,
982 2323 1070 2352 novis

354 2363 538 2403 quibusdam
554 2375 677 2404 augere,
693 2369 745 2394 aut
760 2371 898 2395 veterum
923 2366 1070 2406 quasdam

355 2407 476 2442 tollere,
491 2408 560 2437 dies
575 2412 659 2438 certa
679 2408 708 2438 ei
723 2408 883 2439 mutationi
899 2409 1070 2449 suscipien-

355 2450 404 2480 dae
421 2449 618 2481 indiceretur.

399 2509 443 2515 -—
465 2495 517 2523 21.
549 2494 641 2536 ταύτῃ
667 2507 703 2525 τη
732 2492 886 2536 ἐκκλησίᾳ]
916 2499 1072 2535 postrema

359 2535 480 2565 scilicet
496 2537 601 2575 primae
617 2527 777 2576 prytauiae.

401 2596 444 2601 --
456 2581 508 2610 23.
524 2579 625 2610 καθότι
639 2580 842 2622 καθεδουνται]
857 2591 946 2622 quam
959 2582 992 2611 in
1001 2579 1072 2622 for-

357 2621 480 2656 mulam,
495 2622 525 2652 h.
537 2633 564 2652 e.
581 2633 641 2663 quo
662 2629 811 2663 tempore,
826 2628 858 2654 et
872 2625 909 2654 ad
926 2630 1072 2664 quantum

356 2674 454 2704 usqne
481 2669 613 2704 tempus,
639 2677 699 2706 quo
728 2668 809 2704 loco,
838 2668 951 2707 quibus
981 2678 1073 2708 super

358 2717 472 2743 causrs,
486 2718 589 2739 sessum
601 2711 672 2744 sznt
686 2710 717 2739 h.
729 2721 756 2740 e.
766 2710 948 2750 judicaturi.

401 2752 523 2781 707.1.
550 2752 765 2792 τετταράκοντα
786 2753 940 2795 δραχμὰς]
966 2753 1072 2784 nescio

357 2803 396 2822 an
409 2794 625 2835 τετταράκοντα
636 2797 721 2835 μνᾶς.
739 2807 807 2836 quae
819 2798 898 2826 euim
913 2797 1072 2837 proportio

359 2835 439 2867 inter
458 2840 512 2868 40.
535 2839 695 2868 drachmas
717 2844 748 2869 et
768 2841 819 2868 10.
841 2839 947 2870 minas.
969 2845 1073 2880 pryta-

355 2889 426 2909 num
456 2881 481 2910 si
506 2881 717 2922 unusquisque
741 2882 937 2912 mulctandus
959 2884 1073 2914 dicitur

356 2922 442 2953 mille
461 2924 627 2961 drachmis,
655 2925 708 2964 qui
734 2925 830 2955 multo
857 2926 963 2965 plures
985 2931 1073 2957 erant

355 2974 494 3003 numero,
504 2971 536 2998 et
550 2968 700 3007 dignitate
715 2968 887 3004 inferiores,
899 2974 1012 3008 quanto
1025 2974 1074 2999 est

353 3010 587 3042 convenientius
610 3011 802 3049 existimare,
823 3012 997 3051 prohedris,
1019 3013 1070 3053 qni

889 1029 975 1060 Solet
991 1040 1059 1060 ver-

1096 189 1425 234 ANNOTATA

1088 295 1180 334 pauci
1203 301 1317 332 essent,
1341 302 1373 327 et
1392 297 1492 337 gradu
1516 296 1685 333 eminerent
1705 298 1803 329 multo

1087 338 1232 375 majorem
1243 339 1401 377 mulctam,
1392 308 1630 381 gquadruplaru'
1621 340 1725 378 istius,
1735 351 1804 372 esse

1088 380 1286 419 imperatam.
1275 382 1287 402 ²

1130 441 1173 447 -—
1186 425 1218 453 7.
1246 424 1258 453 ὅ
1277 423 1443 464 βουλόμενος
1457 424 1608 458 Ἀθηναίων
1625 425 1804 468 νομοθετεῖν]

1087 473 1275 506 postremam
1294 478 1400 498 vocem
1415 470 1504 500 uncis
1519 470 1640 500 inclusi.
1657 470 1805 500 subaudi-

1089 516 1139 540 tur
1153 512 1238 540 τοῦτο
1255 512 1351 541 ποιεῖν.

1129 571 1174 576 -
1188 557 1240 585 25.
1257 552 1484 605 διαχειροτονίαν]
1501 553 1584 586 Citat
1597 556 1627 586 h.
1639 555 1662 586 1.
1680 556 1805 595 Harpo-

1093 602 1169 626 crat.
1183 608 1213 626 v.
1228 595 1439 639 &uxerem-oria.

1131 643 1256 671 7081
1285 640 1451 680 καθεδεῖτε]
1475 639 1629 680 improbat
1654 641 1732 671 hanc
1761 641 1808 672 le-

1090 683 1223 714 ctionem
1240 685 1329 724 Tayl.
1346 689 1376 714 et
1392 685 1486 714 solam
1499 683 1625 715 καθιεῖτε
1637 685 1760 723 probat,
1773 690 1808 715 ut

1091 727 1307 757 devenientem
1333 739 1352 758 a
1380 728 1482 757 futuro
1511 731 1540 758 1.
1571 728 1659 758 verbi
1687 726 1807 767 καθίζω,

1091 771 1172 808 quod
1190 771 1261 801 huic
1276 771 1345 800 ioco
1359 771 1447 800 unice
1457 771 1631 801 conveniat.
1649 781 1708 800 non
1721 771 1808 810 cogi-

1091 818 1158 843 tans
1186 813 1238 843 ille
1268 813 1382 844 καθεδῶ
1411 813 1539 853 perinde
1569 815 1705 844 futurum
1736 824 1807 845 esse

1091 866 1183 895 posse
1193 866 1210 886 a
1221 858 1315 887 verbo
1325 854 1448 897 καθέξω,
1457 857 1538 896 quod
1551 857 1630 887 idem
1643 857 1806 896 siguificat,

1092 902 1183 938 atque
1199 899 1323 939 καθίζω.
1336 910 1429 938 quare
1442 901 1484 930 nil
1497 910 1575 939 opus
1587 911 1656 930 esse
1668 900 1808 939 judicavi

1092 941 1142 971 hie
1159 943 1323 982 quicquam
1335 943 1458 973 mutari.
1469 944 1562 974 habet
1574 949 1703 983 utraque
1716 943 1810 974 lectio

1093 995 1166 1015 suos
1182 991 1335 1021 auctores,
1350 996 1466 1025 eosque
1481 987 1621 1017 idoneos.

1134 1045 1178 1051 -—-
1193 1031 1224 1060 2.
1239 1027 1346 1069 τούτῳ]
1362 1030 1463 1060 malim
1477 1029 1594 1061 τούτων.
1609 1031 1719 1060 interea
1735 1029 1808 1061 dum

1092 1071 1251 1112 istafiunt.

1137 1133 1182 1140 —-
1191 1118 1243 1147 22.
1259 1114 1386 1156 πρώτης]
1397 1115 1464 1147 scil.
1477 1114 1504 1146 ἐν
1517 1115 1610 1156 τούτῳ
1619 1115 1663 1155 τῷ
1673 1114 1730 1146 ἐ’τει
1745 1115 1812 1157 (vel

1092 1157 1178 1200 τότε)
1215 1159 1445 1199 πρυτανευούσης.
1481 1160 1513 1189 in
1544 1160 1685 1199 prytania
1713 1160 1812 1190 tribus

1093 1202 1310 1238 Pandionidis‚
1337 1213 1405 1242 quae
1431 1202 1530 1233 tribus
1557 1208 1622 1232 tum
1651 1203 1813 1242 temporis,

1094 1247 1144 1275 vel
1161 1246 1222 1276 islo
1241 1256 1319 1276 anno
1341 1246 1440 1284 prima
1461 1250 1674 1286 prytaneaturn
1691 1247 1813 1284 agebat,

1094 1293 1126 1319 et
1150 1289 1273 1328 quidem
1296 1289 1457 1319 undecimo
1479 1289 1542 1326 die,
1562 1290 1750 1319 numerando
1774 1290 1811 1320 ab

1094 1332 1183 1362 initio
1212 1332 1302 1362 istius
1327 1332 1489 1372 prytaniae.
1534 1332 1687 1362 Videntur
1711 1333 1812 1363 tribus

1095 1376 1257 1415 quotannis
1273 1375 1390 1406 sortitae
1406 1375 1514 1411 fuisse,
1532 1385 1593 1415 quo
1615 1374 1722 1406 ordine
1737 1387 1812 1417 pry-

1097 1423 1250 1450 taneatum
1267 1422 1402 1457 agerent.

1138 1479 1183 1485 —
1194 1464 1247 1493 23.
1269 1460 1466 1502 Τιμοκράτης]
1488 1460 1610 1491 correxi
1625 1459 1815 1501 Ἐπικράτης.

1097 1505 1261 1543 Epicrates
1287 1515 1362 1543 ergo
1389 1504 1517 1543 scripsit
1538 1504 1707 1540 decretum,
1731 1507 1814 1544 quod

1096 1547 1160 1587 legi
1175 1548 1360 1577 Timocratis
1372 1547 1486 1588 (altero
1502 1547 1553 1577 die
1566 1552 1636 1586 post
1650 1547 1737 1590 latae)
1747 1548 1814 1579 adi·

1098 1594 1161 1620 tum
1178 1590 1317 1620 munivit.
1336 1601 1364 1620 v.
1376 1591 1496 1629 p.¹712.
1513 1591 1566 1620 18.

1140 1650 1184 1655 —
1199 1633 1279 1662 ibid.
1294 1632 1417 1673 θύηται]
1436 1633 1466 1662 h.
1477 1633 1501 1662 1.
1515 1636 1576 1669 est,
1593 1643 1652 1662 non
1667 1632 1814 1671 medium,

1098 1675 1153 1705 sed
1167 1676 1335 1715 passivum.
1349 1675 1487 1715 quomodo
1497 1685 1581 1705 sacra
1595 1677 1651 1706 diis
1654 1676 1749 1716 fiant.

1141 1735 1184 1740 —
1199 1729 1270 1757 pen.
1287 1716 1480 1759 ἐνθυμήθητε]
1497 1718 1602 1748 malim
1617 1717 1817 1760 ἐνεθυμήθητε

1099 1761 1297 1791 observastis.
1317 1760 1579 1791 animadvertistis
1603 1761 1720 1792 interea
1741 1763 1817 1794 dum

1099 1804 1276 1844 psephisma
1292 1805 1350 1834 hoc
1365 1804 1557 1834 recitaretur.
1578 1814 1647 1834 uam
1667 1805 1744 1836 alias
1760 1806 1816 1836 irn-

1100 1848 1259 1887 perativus
1273 1858 1333 1877 non
1349 1847 1524 1886 quadraret.
1536 1847 1588 1887 qni
1604 1849 1705 1887 possit
1719 1853 1817 1879 atten-

1099 1891 1143 1920 tio
1159 1890 1321 1932 judicibus
1336 1890 1481 1930 imperari
1503 1891 1539 1920 ad
1556 1890 1669 1930 legem,
1685 1902 1745 1922 non
1760 1893 1816 1923 ad-

1099 1934 1159 1963 huc
1174 1933 1374 1970 recitandam,
1388 1935 1441 1964 sed
1453 1935 1516 1974 jam
1531 1934 1699 1965 recitatam.
1713 1935 1818 1974 itaque

1101 1977 1146 2007 sic
1161 1978 1201 2007 de
1218 1987 1287 2007 meo
1304 1977 1387 2008 dedi.
1432 1978 1588 2007 Praeterea
1602 1988 1723 2017 quoque
1741 1979 1818 2009 insi·

1101 2021 1205 2050 nuatio
1220 2021 1285 2050 haec
1301 2026 1350 2051 est
1363 2020 1394 2050 in
1411 2020 1540 2060 gratiam
1556 2021 1743 2059 auditorum,
1757 2032 1819 2061 qua

1101 2068 1336 2103 praeoccupatos
1354 2074 1459 2094 eorum
1474 2064 1592 2094 animos
1607 2064 1697 2094 uobis
1712 2064 1818 2095 conci-

1101 2107 1224 2142 liamus,
1240 2117 1309 2137 cum
1325 2117 1430 2137 eorum
1445 2107 1642 2138 attentionem
1662 2111 1694 2136 et
1709 2108 1817 2138 soller-

1103 2149 1187 2185 tiam,
1202 2150 1234 2179 in
1247 2150 1408 2180 momentis
1419 2161 1519 2180 causae
1529 2150 1609 2180 ultro
1617 2150 1819 2187 observandi,

1102 2193 1222 2223 etiamsi
1239 2203 1258 2223 a
1269 2193 1360 2223 nobis
1379 2193 1527 2224 admoniti
1547 2192 1649 2225 minus
1664 2194 1736 2231 siut,
1751 2194 1819 2225 lan-

1103 2236 1222 2266 damus.

1145 2281 1222 2310 709.
1232 2281 1264 2310 3.
1275 2277 1376 2320 αὐτὸς]
1388 2279 1480 2316 ultro,
1489 2283 1589 2318 sponte
1597 2288 1663 2315 sua,
1666 2279 1744 2318 jure
1754 2289 1819 2317 suo,

1103 2333 1120 2352 a
1134 2323 1220 2353 nulla
1241 2322 1302 2353 alia
1323 2333 1368 2360 re,
1390 2332 1480 2363 qnam
1495 2332 1515 2352 a
1528 2321 1656 2353 libidine
1677 2333 1742 2361 sua,
1761 2324 1821 2354 du·

1101 2370 1184 2396 ctus.

1145 2427 1189 2432 --
1202 2410 1234 2439 7.
1259 2408 1372 2449 αὐτοῖς]
1389 2407 1449 2438 sibi
1464 2408 1646 2448 caeterisque
1662 2409 1819 2440 sodalibus

1104 2452 1225 2492 flagitii,
1245 2462 1372 2492 qnorum
1395 2452 1540 2483 intererat
1555 2452 1634 2482 hauc
1651 2452 1752 2492 legem
1771 2463 1820 2483 ra-

1104 2500 1165 2526 tam
1183 2495 1259 2526 fieri.

1147 2556 1190 2562 —
1199 2542 1251 2570 10.
1262 2536 1326 2580 καὶ]
1340 2538 1427 2569 uncis
1436 2537 1560 2568 inclusi.
1573 2537 1741 2578 cujustooo
1754 2549 1821 2570 ma-

1103 2581 1159 2612 lim
1173 2587 1226 2612 aut
1239 2583 1292 2616 τῗίς
1306 2582 1379 2621 legi,
1392 2585 1446 2612 aut
1458 2585 1620 2621 utrumque
1635 2581 1746 2612 omitti.

1147 2642 1191 2648 —
1200 2628 1251 2656 23.
1267 2625 1317 2656 οὐκ
1331 2622 1403 2656 ἐῶνθ’
1417 2623 1506 2665 ἕτερον
1518 2623 1615 2665 νόμον]
1633 2628 1820 2663 postremam

1105 2679 1212 2699 vocem
1228 2668 1346 2706 addidi,
1360 2678 1418 2698 uon
1433 2666 1522 2708 qnasi
1536 2667 1658 2697 omniuo
1674 2677 1821 2699 necessa-

1104 2711 1192 2747 riam,
1209 2716 1330 2751 poterat
1348 2711 1429 2741 enim
1442 2710 1533 2741 facile
1555 2720 1574 2739 a
1593 2710 1709 2740 lectore
1726 2712 1820 2751 paulo

1104 2755 1268 2786 attentiore
1277 2766 1293 2785 e
1307 2754 1520 2795 superioribus
1530 2752 1624 2783 tacite
1636 2755 1749 2792 repeti,
1762 2754 1819 2785 sed

1105 2808 1166 2837 quo
1189 2798 1309 2838 planior
1331 2802 1363 2827 et
1385 2796 1523 2837 apertior
1545 2800 1630 2827 esset
1652 2797 1764 2834 oratio,
1787 2803 1820 2827 et:

1106 2852 1167 2880 quo
1180 2841 1299 2871 facilius
1315 2850 1400 2870 error
1415 2843 1586 2870 caveretur.
1608 2838 1691 2869 idem
1712 2845 1760 2870 est
1776 2844 1820 2870 at-

1106 2894 1166 2923 que
1176 2884 1202 2914 si
1214 2883 1365 2914 dixisset:
1380 2883 1501 2912 tametsi
1512 2881 1606 2913 sciret
1619 2882 1823 2920 Timocrates,

1105 2926 1149 2957 δ’τι
1163 2927 1244 2967 νόμος
1258 2925 1337 2957 ἐστὶν
1353 2924 1455 2967 ἕτεξος,
1469 2925 1518 2956 οὐκ
1537 2924 1587 2956 ἐῶν
1605 2923 1752 2966 ψήφισμα
1771 2937 1820 2956 κυ-

1105 2970 1229 3011 ςιώτεςον
1239 2969 1308 3000 εῖναι
1321 2969 1414 3009 νόμου.
1429 2969 1520 3010 legem
1534 2978 1590 3000 esse
1605 2968 1697 2999 aliam
1711 2968 1822 3006 adhuc,

1104 3018 1260 3050 vetantem,
1280 3023 1317 3044 ne
1341 3013 1417 3054 quod
1433 3013 1584 3044 decretum
1603 3017 1674 3044 esset
1691 3012 1821 3044 validius

1958 2548 1960 2564 ⁴1
1957 2409 1964 2522 ‡..-.1.--..
1960 2390 1964 2402 -.
