1997 3323
9 384 10 394 ⁴
1 351 11 374 τ’
0 240 12 346 κέρα

387 221 464 263 118
755 215 788 257 Ι.
810 214 842 257 Ι.
867 213 1093 256 REISKE
1125 212 1453 256 ANNOTATA

380 327 471 358 ἢᾶνευ
486 322 520 355 οἷν
541 324 608 366 [vel
628 322 643 356 ἢ
664 322 751 366 χωρὶς
771 320 822 363 zv]
845 324 940 356 καλῶς
955 321 968 352 ἢ
983 323 1085 354 κακῶς.

379 370 491 409 quibus
507 368 649 398 suffultus
664 368 793 407 quisque
811 370 886 396 bene
909 376 972 394 rem
989 369 1084 404 gerat,

378 412 542 443 destitutus
558 417 657 441 autem
674 411 762 440 male.

419 473 463 479 -
479 456 530 485 13.
547 453 794 493 συσκευάζεσθαι]
811 460 988 486 convasare,
1003 459 1084 478 com-

376 498 487 538 pilare,
515 498 545 528 in
573 497 730 526 manticam
762 495 913 529 infercire,
943 498 1083 531 tanquam

376 542 459 572 fures
486 541 596 577 solent,
616 541 696 569 furta
720 538 829 577 raptim
846 537 974 566 aufferre
999 535 1084 565 sesti-

374 589 491 615 nantes.
537 584 693 614 Sententia
707 587 772 611 est:
800 580 858 610 alia
882 578 1084 618 Peloponnesi

376 628 493 667 oppida
509 638 547 657 ex
561 627 629 656 aliis
644 626 703 655 sibi
718 623 887 660 devincire,
902 623 974 652 etin
989 622 1084 652 servi-

374 677 470 701 tutem
485 670 673 709 pertrahere.

416 731 459 736 ——
476 716 527 744 15.
543 714 606 746 τοὺς
621 711 756 751 πολλοὺς]
772 710 845 739 tolle
857 718 962 738 rursus
977 718 1084 743 uncos,

374 757 484 796 quibus
499 755 648 786 vocabula
666 754 713 784 καὶ
736 753 856 785 πολλοὺς
870 752 1084 791 circumsepsi,

373 800 552 830 existimans
567 799 688 833 πολλοὺς
711 800 763 826 aut
778 795 939 831 scholium,
959 799 1010 824 aut
1026 795 1085 824 Va-

370 843 500 872 riantem
516 841 692 872 Lectionem
704 851 733 869 v.
745 839 867 879 μακροὺς
882 848 962 867 esse.
979 838 1009 866 in
1024 848 1084 876 quo

373 886 483 916 erravi.
508 885 700 914 vehementer
715 883 775 912 ista
790 882 868 911 inter
881 891 913 910 se
929 880 1085 911 differunt.

372 928 473 959 πολλοὶ
496 927 571 966 λόγοι
593 931 663 956 sunt
685 925 837 956 orationes
861 934 954 963 saepe,
976 924 1086 953 crebro

371 972 494 1006 habitae,
510 970 614 1010 μακςοῖ
627 970 736 1008 longae,
753 967 898 1005 copiosae.
914 967 991 995 illud
1008 966 1086 996 mul-

370 1015 532 1044 titudinem
548 1013 772 1046 universarum,
790 1010 847 1038 hoc
862 1007 1085 1048 longitudinem

370 1059 519 1097 cujusque
535 1055 660 1085 indicat.

413 1102 486 1131 439.
504 1101 555 1129 ΞΟ.
575 1095 630 1139 Zp&
647 1107 679 1135 γε
696 1095 794 1137 ὅμοια]
822 1094 891 1124 scil.
911 1092 1082 1133 ἐδημηγόρει,

371 1144 453 1182 quod
480 1153 498 1171 a
521 1141 673 1170 communi
700 1150 716 1169 e
743 1148 836 1168 versu
857 1139 909 1167 17.
933 1136 1026 1166 tacite
1052 1142 1083 1165 et

369 1186 419 1215 hic
450 1190 498 1216 est
530 1184 713 1219 iterandum,
745 1186 776 1211 et
806 1181 844 1210 ad
874 1181 953 1210 ἀλλὰ
991 1189 1081 1209 versu

368 1231 422 1259 21.

412 1274 487 1303 440.
504 1275 534 1302 1.
558 1270 636 1302 ’ἐστιν
653 1267 696 1301 οὖν
713 1267 788 1302 ὅπως
798 1267 855 1309 ——]
880 1267 962 1297 idem
978 1270 1025 1296 est
1045 1277 1082 1297 ac

369 1314 395 1345 si
412 1315 562 1345 dixisset:
587 1313 709 1355 ἐγχωρεῖ
721 1311 767 1342 τὸν
787 1310 875 1341 ἐκεῖνα
893 1308 1082 1351 προειρηκότα,

366 1359 421 1394 ν’ὕν,
443 1357 489 1388 τᾶν
509 1357 592 1388 αὐτὸν
613 1358 721 1392 τοῦτον,
739 1356 837 1385 ταῦτα
860 1354 946 1384 εἰπεῖν
963 1355 1005 1393 μὴ
1029 1353 1082 1383 διε-

366 1401 539 1442 φθαρμένον.
557 1400 692 1441 possitne
708 1398 785 1434 fieri,
800 1397 900 1436 utqui
915 1397 974 1426 ista
991 1406 1081 1435 supe-

366 1445 432 1474 rius
459 1445 565 1480 relata,
597 1443 712 1473 dudum
743 1446 812 1471 ante
843 1440 969 1475 dixerit,
1002 1449 1081 1469 nune

364 1487 465 1523 istaec,
488 1487 550 1517 illis
568 1497 695 1526 prorsus
720 1484 880 1519 contraria,
903 1482 998 1518 dicat,
1023 1482 1081 1512 nisi

366 1535 528 1570 corruptus
542 1529 758 1568 largitionibus
772 1527 894 1557 interim
909 1526 1030 1556 fuisset.

409 1591 453 1596 —-—
477 1576 528 1605 ⁶25.
552 1573 599 1602 καὶ
626 1575 682 1602 τῶν
706 1570 840 1610 ἐλπίδων]
868 1569 937 1599 scil.
954 1579 1081 1609 recupe-

365 1618 468 1647 randae
485 1616 648 1656 aliquando
660 1614 825 1644 libertatis.

409 1678 453 1683 ——
470 1662 522 1690 ⁶27.
545 1659 644 1701 ἔχετε]
660 1662 765 1697 repete
780 1655 874 1686 tacite
891 1667 908 1686 e
920 1665 1012 1687 versu
1027 1658 1080 1687 18.

364 1701 545 1743 ἐνθυμεῖσθε.
591 1703 641 1732 Ad
664 1700 749 1743 ἐ’χετε
773 1699 902 1730 subaudi
916 1698 1079 1741 ὑποχείριον.

365 1747 500 1786 cogitate
518 1756 572 1775 vos
595 1756 672 1775 nunc
693 1746 725 1773 in
742 1746 896 1783 potestate
912 1748 1014 1773 vestra
1028 1743 1080 1771 ha-

364 1789 438 1819 bere
461 1789 613 1819 hominem
638 1788 802 1827 impurum,
826 1785 1079 1821 consceleratum,

366 1833 421 1862 sed
445 1832 653 1872 versipellem,
677 1832 764 1870 cujus
790 1829 919 1859 orationi
943 1829 1080 1865 credere,

365 1876 403 1904 ab
423 1877 549 1915 ejusque
570 1874 726 1914 lacrymis,
748 1872 946 1903 crocodilinis
970 1882 1078 1910 nempe

364 1918 437 1954 illis,
455 1920 492 1948 ad
508 1917 748 1948 misericordiam
765 1916 858 1951 flecti,
874 1916 958 1945 nefas
975 1915 1025 1945 sit.

407 1964 481 1992 441.
498 1964 527 1992 6.
543 1960 569 1991 ἐν
584 1961 676 2003 ἀρχῇ]
695 1960 836 2000 designat
848 1959 948 1989 locum
959 1969 990 1998 p.
1002 1960 1077 1990 438.

365 2007 417 2035 16.
434 2016 500 2045 sqq.

407 2066 447 2072 —-
473 2051 523 2078 14.
547 2046 618 2078 οὕτω
641 2045 738 2081 σκαιὸς
762 2044 777 2077 ἢ
801 2045 924 2086 ἀνήκοος]
956 2045 1079 2084 praetuli

363 2090 434 2121 οὕτω
455 2090 560 2131 σφόδρα
576 2089 670 2124 σκαιὸς
691 2090 739 2119 καῖ
753 2089 871 2122 ἀνήκοος.
895 2089 999 2128 ecquis
1017 2093 1078 2118 tam

363 2145 495 2169 scaevus,
512 2134 629 2168 tardus,
645 2134 770 2167 crudus,
787 2132 882 2171 stipes
893 2136 952 2167 est,
966 2132 1078 2161 omnis-

363 2187 423 2216 que
450 2177 588 2206 liberalis
611 2177 786 2215 disciplinae
810 2185 933 2213 expers.
958 2185 1024 2204 nam
1039 2175 1076 2204 ad

363 2220 470 2254 ἀνήκοος
486 2219 728 2249 subaudiendum
749 2221 808 2252 est,
828 2219 879 2251 τῆς
896 2219 986 2252 καλῆς
1009 2228 1077 2247 παι-

363 2261 445 2300 δείας,
459 2268 509 2293 aut
522 2265 573 2296 τῆς
587 2262 664 2301 δόξης
678 2263 729 2296 τῆς
744 2259 884 2301 ἡμετέρας
899 2259 1017 2293 πόλεως.

404 2325 447 2329 —
471 2308 523 2337 16.
548 2304 640 2346 ὅστις]
666 2305 744 2335 adde
770 2303 942 2332 necessario
968 2303 1077 2342 φήσειεν

361 2349 404 2385 ἂν,
421 2350 485 2379 sine
500 2359 561 2389 quo
583 2348 734 2378 sententia
756 2350 835 2376 ruet.
859 2346 912 2384 qui
934 2345 977 2380 id,
993 2347 1076 2385 quod

360 2393 576 2432 interrogetur,
595 2391 732 2427 affirmet,
749 2399 939 2428 assensuque
954 2399 1009 2419 suo
1026 2400 1079 2419 ve-

361 2446 427 2465 rum
444 2435 474 2465 id
492 2446 561 2465 esse
578 2435 650 2464 aiat.

403 2481 480 2509 4⁶22.
498 2481 528 2509 5.
551 2478 683 2511 συλήσας
701 2476 750 2506 καὶ
774 2475 907 2516 διασύρας
931 2474 973 2513 τῷ
987 2474 1078 2516 λόγῳ]

357 2521 531 2560 transposui
542 2521 693 2552 vocabula
704 2521 742 2550 de
755 2530 823 2549 meo
834 2528 925 2548 sensu
938 2518 984 2548 sic-
997 2529 1003 2547 :
1020 2519 1079 2548 δια-

359 2565 445 2604 σύρας
461 2564 510 2594 καὶ
525 2564 655 2597 συλήσας
669 2563 712 2603 τᾷἰ
725 2569 810 2601 λογῳ.
828 2563 909 2601 quia,
935 2565 964 2591 1.
981 2561 1078 2591 διασύ-

357 2618 408 2648 ρειν
423 2608 604 2646 simpliciter
618 2607 743 2642 dicitur,
760 2606 824 2636 sine
840 2605 882 2643 τῷ
896 2603 980 2643 λόγῳ.
995 2606 1077 2644 quod

358 2661 415 2689 per
431 2661 463 2680 se
481 2651 519 2680 ad
537 2650 669 2690 διασύςειν
684 2649 864 2679 subauditur
879 2649 917 2678 ab
935 2648 1078 2678 audiente

357 2704 489 2733 quoque.
510 2703 612 2723 verum
639 2696 670 2722 ⁹2.
693 2692 783 2731 συλᾷν
804 2693 843 2721 τὰ
867 2693 924 2721 τῶν
944 2690 1077 2731 προγόνων

358 2737 438 2777 ἔργα,
459 2740 507 2767 est
521 2737 608 2772 dura,
625 2736 738 2770 audax,
760 2735 917 2769 inusitata,
939 2734 1077 2764 inaudita

357 2781 465 2815 dictio,
482 2781 534 2809 ubi
549 2790 677 2809 necesse
699 2783 782 2808 esset
806 2778 929 2807 modum
953 2787 1075 2816 quoque

357 2823 552 2862 spoliationis
572 2821 733 2858 declarari,
759 2831 819 2850 non
844 2820 978 2850 manibus
1003 2831 1074 2860 spo-

356 2867 444 2901 liare,
461 2867 519 2896 sed
535 2866 634 2896 verbis.

399 2927 442 2931 —
458 2912 488 2940 6.
504 2909 585 2950 εἶτα]
601 2908 735 2947 ideoque
752 2909 901 2936 oratores.
919 2915 1012 2945 quare
1030 2905 1072 2935 nil

357 2953 526 2982 mirandum
544 2957 592 2982 est
606 2957 636 2982 te
653 2952 712 2981 late
728 2960 824 2979 arare.

400 2998 487 3025 —7.
511 2995 558 3025 καὶ
573 2997 628 3035 γᾶς
649 2992 684 3025 αὖ
709 2993 808 3033 τοῦτο]
837 2992 903 3022 scil.
931 2990 963 3022 τὸ
985 2990 1071 3022 καινὸν

355 3037 492 3078 ἔγκλημα
507 3040 654 3070 σκοπεῖτε.

1162 337 1202 343 —
1221 324 1272 351 10.
1287 322 1528 364 χειροτονηθῆναι]
1551 323 1618 354 scil.
1636 325 1830 366 γραμματεὺς

1119 363 1144 392 ἓν
1159 363 1196 405 τῇ
1213 362 1294 403 θόλῳ.
1468 369 1472 373 ’

1160 424 1202 429 —
1221 410 1270 438 15.
1293 407 1343 436 ἴσα
1363 407 1474 451 βαίνων]
1500 409 1582 440 citat
1596 411 1627 440 1ι.
1640 410 1662 440 1.
1677 407 1837 441 Minucia-'

1118 459 1174 479 nus
1190 460 1220 489 p.
1241 453 1312 481 152.

1161 510 1203 515 -—
1222 495 1271 523 19.
1295 492 1353 534 ἔτι]
1377 494 1452 523 tolle
1468 505 1572 525 rursus
1586 505 1691 526 uncos.

1161 553 1203 558 »-
1219 538 1271 565 QO.
1286 534 1432 578 ἐπελθεῖν]
1453 538 1575 568 correxi
1587 537 1766 575 ἐπανελθεῖν,
1780 549 1829 569 re·

1117 584 1234 628 petere,
1257 580 1471 619 recapitulare.
1492 591 1689 622 recapessere
1707 592 1724 612 a
1744 583 1829 622 prin-

1118 632 1212 661 cipio.
1657 654 1660 657 Α

1161 667 1234 696 433.
1252 668 1281 696 6.
1303 663 1333 696 ’ἦν
1351 663 1375 695 δ’
1394 665 1465 697 οῦδὲν
1475 667 1533 707 —]
1554 667 1740 698 constructio
1759 678 1829 698 ver-

1118 709 1223 738 borum
1242 709 1307 738 haec
1323 713 1389 739 est:
1410 708 1440 740 ἦν
1461 709 1485 739 δ’
1499 709 1551 740 οὐδ’
1569 709 1669 747 οὕτως,
1692 709 1763 740 οὐδὲν
1783 710 1830 741 διὰ

1119 753 1203 780 τοῦτο
1217 754 1342 791 μᾶλλον,
1367 751 1446 792 αὐτῷ’
1468 752 1589 789 δυνατὸν,
1606 752 1681 793 ἐ’ξγον
1695 765 1726 784 τι
1748 751 1830 792 μέγα

1117 793 1188 824 καθ’
1200 796 1277 834 ὑμῶν
1289 794 1404 835 πρᾶξαι.
1421 802 1484 826 erat
1495 801 1595 827 autem
1612 798 1652 832 ei,
1668 796 1831 837 Philippo,

1119 848 1156 867 ne
1176 839 1220 867 sic
1244 838 1380 877 quidem,
1400 839 1490 870 etiam
1515 840 1574 869 hoc
1594 839 1716 876 effecto,
1739 845 1770 869 et
1786 839 1831 870 nil

1118 880 1189 910 ideo
1205 881 1315 920 magis,
1334 882 1439 912 datum
1463 888 1553 922 atque
1577 883 1707 919 licitum,
1724 887 1831 912 contra

1119 933 1176 952 vos
1198 934 1340 963 magnum
1363 924 1438 964 quid
1460 931 1592 964 patrare,
1607 927 1638 955 h.
1654 937 1682 956 e.
1698 926 1783 965 gravi
1799 932 1831 956 et

1118 965 1231 1004 insigni
1246 966 1333 996 clade
1349 978 1403 997 vos
1415 968 1585 998 debilitare.
1602 967 1656 998 οὐδ’
1665 967 1751 1002 οὕτως
1761 973 1831 1007 post

1119 1008 1192 1039 οὐδὲν
1204 1011 1319 1049 μᾶλλον
1332 1020 1390 1040 non
1407 1015 1457 1040 est
1471 1021 1742 1051 supervacaneum.
1762 1021 1832 1041 nam

1118 1051 1200 1081 idem
1222 1056 1270 1082 est
1293 1057 1384 1091 atque
1406 1053 1452 1084 διὰ
1473 1056 1567 1085 τοῦτο.
1586 1055 1650 1093 jam
1671 1054 1832 1084 commini-

1119 1105 1216 1130 scere,
1225 1095 1289 1124 sine
1302 1094 1460 1132 οὐδὀὕτως,
1473 1097 1518 1127 sic
1531 1097 1678 1136 scripturn
1688 1107 1773 1127 esse:
1789 1097 1833 1127 οὗ·

1118 1135 1160 1165 δὲν
1175 1137 1220 1166 διὰ,
1233 1139 1319 1167 τοῦτο
1333 1140 1456 1177 μᾶλλον.
1473 1138 1518 1169 m'l
1532 1140 1597 1169 ideo
1611 1141 1714 1181 magis,
1730 1145 1761 1170 et
1776 1151 1830 1171 ex-

1118 1178 1206 1209 sistet
1221 1180 1327 1210 eadem
1344 1191 1470 1220 prorsus
1486 1181 1646 1212 sententia.

1161 1239 1204 1245 -
1221 1226 1270 1253 11.
1293 1222 1376 1263 εῖναι]
1409 1224 1468 1254 hoc
1493 1225 1650 1263 posterius
1679 1225 1831 1256 immerito

1118 1270 1289 1301 accusatur,
1305 1270 1335 1296 et
1351 1266 1534 1304 eliminatur,
1554 1267 1625 1298 ideo
1645 1269 1727 1308 quod
1748 1269 1830 1299 idem

1119 1310 1300 1339 vocabulum
1322 1310 1415 1340 modo
1435 1311 1657 1350 praecessisset.
1678 1311 1767 1350 quasi
1784 1318 1832 1342 sat

1118 1353 1221 1391 gravis
1250 1353 1314 1382 haec
1343 1363 1436 1382 causa
1460 1354 1548 1384 foret.
1576 1353 1698 1389 ferrern,
1724 1354 1750 1384 si
1763 1355 1831 1386 εῖναι

1119 1399 1247 1434 utroque
1262 1396 1331 1425 loco
1351 1395 1434 1425 idem
1451 1397 1648 1436 signiticaret,
1668 1397 1722 1427 sed
1743 1407 1832 1437 pror-

1118 1448 1169 1467 sus
1186 1439 1269 1469 aliud
1284 1440 1354 1474 isto,
1379 1439 1463 1469 aliud
1484 1441 1542 1469 boc
1565 1440 1635 1469 loco
1658 1439 1830 1479 significat3

1116 1481 1182 1518 illo,
1198 1482 1302 1511 datum
1319 1492 1400 1518 esse,
1416 1482 1509 1513 licere
1521 1482 1590 1518 sibi,
1605 1481 1747 1524 ἐγχωρεῖν.
1771 1485 1831 1515 hoc

1117 1530 1216 1572 aptem
1242 1525 1422 1564 simpliciter
1446 1536 1512 1558 esse.
1538 1525 1582 1557 nil
1604 1526 1692 1565 aliud.
1709 1527 1831 1567 ἀνάγκην

1117 1572 1196 1604 εἰναι,
1209 1579 1335 1599 necesse
1349 1579 1430 1599 esse.

1159 1628 1203 1633 -—
1231 1614 1282 1643 18.
1313 1612 1583 1655 συγκαταστήσειν]
1617 1613 1771 1644 communi
1800 1619 1831 1644 et

1117 1656 1278 1694 conjuncta
1289 1665 1357 1685 cum
1370 1655 1527 1686 Thessalis
1540 1666 1635 1696 opera
1649 1656 1780 1694 efficere,
1797 1661 1831 1688 ut

1117 1697 1176 1734 his,
1190 1699 1360 1735 Thessalis,
1374 1699 1462 1729 locus
1483 1700 1564 1729 inter
1577 1699 1831 1740 Amphictyonas,

1113 1750 1173 1779 quo
1189 1742 1290 1771 adhue
1305 1747 1478 1778 caruerant,
1488 1743 1519 1772 in
1532 1743 1634 1772 locum
1646 1743 1831 1773 extermina-

1115 1788 1215 1814 torum
1232 1785 1447 1823 Phocensium,
1462 1786 1597 1816 daretur.

1155 1845 1198 1850 —
1214 1831 1266 1858 96.
1291 1828 1436 1869 ἡγούμενον
1449 1828 1498 1858 καὶ
1514 1829 1745 1870 στςατηγοῧντα]
1769 1829 1832 1859 duo

1111 1869 1178 1900 haec
1194 1870 1274 1901 idem
1286 1882 1345 1901 non
1360 1872 1541 1911 significant.
1558 1871 1644 1911 prius
1659 1871 1830 1912 principem

1112 1914 1208 1949 domi,
1233 1925 1287 1944 seu
1312 1915 1345 1945 in
1372 1916 1464 1945 rebus
1488 1914 1647 1951 civilibus,
1676 1916 1831 1954 posterius

1112 1956 1278 1997 principem
1295 1958 1383 1995 foris,
1403 1959 1461 1988 hoc
1478 1962 1526 1988 est
1546 1957 1577 1987 in
1598 1957 1718 1994 castris,
1732 1958 1830 1998 impe·

1112 2005 1246 2031 ratorem
1261 2001 1307 2031 rei
1323 2001 1444 2031 bellicae
1460 2001 1649 2041 praefectum.

1155 2046 1230 2074 444.
1246 2046 1278 2074 7.
1301 2044 1360 2075 οὐδὲ
1374 2044 1406 2074 ἂν
1418 2043 1555 2085 ἔωιχειξῇ
1571 2044 1632 2078 τοῖς
1654 2041 1760 2081 δ’πλοις,
1784 2043 1830 2074 δυ-

1112 2085 1225 2116 νήσεται
1241 2087 1263 2116 εἶ
1276 2087 1319 2126 μή
1335 2099 1382 2122 τις
1392 2087 1496 2129 τέχνη]
1510 2087 1640 2117 distinxi
1654 2091 1686 2116 et
1695 2088 1829 2124 correxi,

1112 2130 1224 2168 partim
1240 2135 1336 2160 marte
1357 2141 1435 2166 meo,
1457 2130 1512 2160 sed
1535 2130 1575 2160 ad
1597 2130 1723 2159 ductum
1743 2131 1830 2160 codi-

1113 2182 1193 2208 cum,
1208 2173 1252 2202 sic
1267 2184 1274 2202 z
1292 2171 1357 2209 οὐδ’,
1373 2173 1405 2203 ἂν
1417 2172 1557 2213 ἐπιχειρῇ,
1571 2172 1631 2207 τοῖς
1645 2170 1742 2208 δ’πλοις
1756 2173 1830 2203 δυνή-

1111 2216 1198 2245 σεταί
1213 2227 1245 2254 γε
1262 2217 1391 2255 αἱρήσειν,
1408 2216 1430 2245 εἰ
1446 2216 1488 2255 μή
1501 2226 1548 2249 τις
1559 2227 1590 2245 τ.
1605 2214 1725 2245 etiamsi
1738 2227 1829 2247 cone-

1112 2262 1173 2295 tur,
1188 2262 1288 2288 tamen
1304 2270 1341 2289 ne
1355 2258 1534 2298 sic‘quidem
1550 2259 1668 2288 licitum
1682 2257 1742 2288 sibi
1752 2259 1829 2296 fore,

1111 2311 1170 2330 non
1187 2302 1278 2331 armis
1289 2302 1412 2342 quidem
1429 2302 1579 2342 profecto,
1594 2311 1704 2341 capere
1715 2307 1746 2331 et
1756 2304 1829 2332 sub-

1105 2344 1226 2383 jugare.
1251 2355 1318 2374 nam
1333 2343 1362 2384 y’
1375 2344 1494 2385 αἳςῆσειν
1506 2344 1692 2375 videbantur
1705 2346 1832 2376 codices

1112 2388 1185 2417 dare
1202 2387 1350 2426 voluisse,
1373 2388 1425 2418 alii
1446 2388 1604 2429 χαιρήσειν,
1624 2387 1677 2418 atii
1698 2386 1733 2430 χ’
1752 2388 1830 2429 aigh-

1112 2440 1170 2460 σειν
1185 2431 1302 2461 dantes.

1156 2491 1198 2497 -
1211 2477 1264 2505 023.
1276 2473 1394 2515 εὕςοντο]
1412 2473 1536 2504 correxi
1549 2472 1649 2514 εὕρετο.
1661 2473 1826 2515 Philippus

1111 2522 1188 2556 puta
1205 2517 1394 2553 inveniebat,
1410 2517 1604 2557 impetrabat.

1159 2578 1200 2583 ———
1213 2563 1265 2591 26.
1288 2560 1444 2601 πορεύοιτο]
1469 2559 1599 2590 subaudi
1615 2557 1780 2600 περαιτέρω.

1154 2621 1196 2626 ——
1213 2614 1282 2644 pen.
1305 2603 1366 2644 mg?
1381 2603 1507 2645 ταύτης]
1533 2603 1601 2633 scil.
1618 2604 1671 2637 τῆς
1683 2601 1827 2637 βοηθείας.

1111 2645 1224 2676 deinde
1238 2647 1278 2676 nil
1297 2647 1397 2677 deest.
1419 2657 1486 2676 nam
1502 2647 1628 2684 vulgata
1641 2645 1723 2674 idem
1741 2646 1830 2682 dicit,

1111 2694 1200 2728 atque
1217 2690 1243 2719 si
1254 2695 1362 2720 'orator
1384 2689 1538 2720 dixisset:
1564 2689 1578 2719 ἦ
1594 2685 1683 2730 τέχνη
1699 2689 1749 2718 τοῦ
1764 2690 1830 2723 τοὺς

1109 2732 1220 2773 χρόνους
1228 2751 1281 2764 --.

1153 2794 1194 2799 -
1209 2777 1264 2806 ult.
1287 2774 1457 2815 ἀναγόντας]
1481 2778 1530 2804 est
1553 2776 1605 2803 aut
1627 2772 1722 2810 idem,
1746 2775 1827 2811 quod

1109 2817 1311 2858 ἐπαγαγόντας
1335 2818 1369 2848 τὸ
1392 2817 1580 2857 στράτευμα,
1601 2821 1654 2846 aut
1676 2827 1714 2846 eo
1735 2817 1828 2846 modo

1108 2868 1287 2901 usurpatum
1301 2861 1392 2892 etiarn
1409 2861 1458 2890 hic
1474 2865 1532 2895 est,
1544 2869 1604 2898 quo
1621 2869 1705 2898 saepe
1721 2869 1828 2889 occur-

1108 2905 1148 2933 rit
1177 2912 1367 2944 usurpatum,
1396 2907 1431 2932 ut
1461 2903 1617 2936 videatur,
1648 2907 1680 2931 et
1706 2901 1828 2932 dicatur

1107 2958 1228 2986 qnoque
1254 2958 1270 2977 a
1298 2945 1515 2987 grammaticis,
1535 2945 1692 2984 eleganter
1714 2946 1827 2975 redun-

1105 2991 1192 3026 dare,
1209 3001 1313 3020 verum
1340 2990 1479 3030 profecto
1502 2998 1562 3018 non
1587 2988 1751 3023 redundat,
1769 2989 1825 3018 sed

1106 3033 1327 3065 vehementiam
1364 3034 1510 3074 impetus,
1545 3030 1757 3062 incitationem
1794 3031 1827 3061 in
