1931 3322
397 206 481 248 AD
513 202 881 248 ORATIONEM
914 203 980 245 IN
1013 204 1269 247 MIDIAM.

157 314 234 348 563.
245 315 274 346 3.
290 312 372 354 εἶναι]
385 323 446 343 non
460 312 624 343 redundat.
638 313 688 342 eui
698 311 823 347 adsunt,

106 356 229 400 serente
249 359 293 389 ita
305 356 448 399 fortuna,
469 356 536 386 duce
557 366 602 386 res
616 360 729 385 natura
743 355 823 385 inter

115 411 146 432 se
157 402 202 432 ita
214 405 388 440 pugnantes,
400 404 436 429 ut
447 399 493 429 nit
501 401 603 440 magis.
625 399 701 428 Sunt
713 407 822 437 nempe

119 444 148 474 ei
165 443 216 476 uni
235 443 304 472 duae
329 441 570 478 matres,.altera,
586 453 652 481 quae
670 452 743 471 vera
767 445 823 476 est,

117 485 350 525 sapientissima,
373 485 477 519 altera,
493 496 560 524 quae
576 495 645 514 eum
670 484 728 515 sibi
750 494 824 524 sup-

115 529 229 569 posuit,
244 529 375 558 omnium
391 527 582 558 stultissima.

159 587 204 594 —-
218 573 248 601 8.
272 570 318 601 διὰ
341 570 440 611 τοῦτο]
467 572 531 602 haec
554 571 647 601 verba
669 571 825 600 cohaerent

115 620 250 644 nontam
267 625 335 644 cum
356 615 471 653 γεγονὼς
493 614 589 654 κύριος,
612 614 730 643 tametsi
752 614 825 643 illuc

115 667 238 696 quoque
254 658 357 687 referri
373 663 512 697 possunt,
533 667 623 696 quam
639 658 741 696 potius
756 667 825 687 cum

116 698 207 731 οὐδένα
221 698 320 740 τρόπον
334 700 448 730 δύναται
464 699 560 739 ψέξειν.

160 759 205 766 ·-·
227 745 279 774 12.
300 743 334 773 τὸ
357 746 407 777 τῆς
429 744 554 784 φύσεως]
582 742 721 779 dubium,
749 743 827 772 sitne

115 786 334 821 nominativus,
347 796 382 816 an
396 788 602 818 accusativus,
646 787 680 816 Si
695 787 827 816 uomina-

115 828 199 858 tivus
214 834 272 865 est,
294 830 339 858 sic
355 830 453 870 accipi
477 830 589 859 debet:
614 829 771 859 barbarica
794 839 827 859 re

115 882 191 902 vera
212 876 245 902 et
264 872 314 902 dis
335 872 444 902 invitis
468 878 538 903 nata
561 873 681 903 indoles
709 873 828 909 Midiae,

117 915 222 951 trahit,
248 915 324 955 agit,
345 916 428 954 rapit
449 926 516 946 eum
541 917 682 950 invitum,
707 917 829 946 obtorto

118 958 213 994 eollo,
228 963 259 988 et
275 959 410 989 ostendit
433 969 502 989 eum
524 959 568 989 sic
593 964 726 989 utentem
750 970 829 999 prae-

119 1002 260 1031 sentibus
288 1002 410 1040 opibus,
435 1007 469 1032 ut
498 1002 616 1037 alienae,
643 1013 711 1041 quae
738 1003 829 1032 etiam

119 1049 202 1075 sunt.
246 1044 301 1074 Sin
317 1049 366 1075 est
381 1046 589 1080 accusativus,
604 1046 768 1076 mutandus
784 1051 830 1075 est

120 1087 250 1127 spiritus
265 1088 343 1118 lenis
356 1088 387 1118 in
404 1099 433 1118 v.
449 1088 533 1118 αὑτόν
545 1099 576 1118 v.
590 1090 640 1119 15.
662 1099 784 1127 aspero,
799 1093 831 1118 et

119 1131 362 1161 subaudiendum
387 1130 481 1166 αὐτός.
512 1131 598 1165 αὐτὸς
619 1130 696 1160 ἕλκει
721 1129 756 1161 τὸ
780 1133 832 1165 τῆς

117 1173 228 1212 φύσεως
243 1173 292 1214 [id
307 1177 366 1208 est,
381 1175 433 1204 τὴν
446 1173 548 1204 ἑαυτοῦ
561 1173 660 1215 φύσιν]
684 1174 731 1204 καὶ
746 1173 831 1208 αὐτὸς

118 1215 218 1247 ἑαυτὸν
229 1217 306 1247 ποιεῖ’
320 1216 429 1257 φανερὸν
442 1217 583 1257 χρώμενον
597 1217 645 1257 [id
668 1222 726 1253 est,
747 1225 831 1257 φανε-

118 1260 169 1299 ρσῒ,
183 1258 227 1290 ὅτι
239 1260 379 1301 xpm-aa}
391 1260 460 1300 ipse
471 1270 535 1290 suae
551 1265 665 1290 naturae
679 1261 831 1291 feritatem

119 1307 155 1333 et
182 1303 232 1334 dis
265 1302 398 1339 inimicis
427 1307 527 1333 natam
561 1304 695 1334 indolem
730 1309 833 1344 raptat

121 1344 168 1386 [h.
181 1356 210 1377 e.
224 1356 241 1375 e
256 1347 405 1382 tenebris,
417 1347 530 1386 quibus
541 1346 609 1386 ipsa
623 1347 742 1377 latitare
754 1348 831 1383 vult,

121 1388 276 1428 protrahit
300 1389 444 1431 invitam]
472 1395 503 1420 et
529 1391 589 1420 vim
615 1391 644 1420 ei
669 1391 833 1421 reluctanti

115 1432 225 1467 infert,
239 1432 367 1472 ipseque
382 1444 416 1463 se
432 1433 547 1472 prodit,
560 1439 593 1468 et
605 1439 754 1464 monstrat
766 1445 834 1464 sese

121 1479 256 1505 utentem
271 1476 338 1506 suis
353 1486 410 1515 pro
425 1476 544 1507 alienis.

164 1535 209 1542 —-
230 1520 284 1549 23.
306 1520 453 1560 ἀπήντων]
477 1524 548 1559 post
569 1519 701 1550 ἀπήντων
723 1520 834 1550 deesse

120 1560 244 1592 videtur
256 1559 326 1592 τίθει
341 1563 458 1603 didus,
467 1563 566 1603 finge,
580 1563 706 1594 Minium
715 1573 771 1594 esse
775 1564 833 1602 ju-

120 1604 198 1635 dicio
211 1606 377 1636 convictum
390 1611 418 1635 et
432 1606 669 1636 condemnatum.

163 1649 240 1680 564.
263 1650 295 1679 2.
320 1648 432 1690 οὑτοσὶ]
461 1649 583 1679 correxi
607 1649 725 1686 οὑτωσὶ,
751 1650 833 1689 quod

122 1695 205 1721 recte
221 1692 358 1721 defendit
374 1697 406 1721 et
421 1692 552 1732 exponit
562 1693 687 1733 Taylor.
720 1693 769 1724 Sic
784 1694 834 1723 de-

122 1744 204 1764 mum
230 1734 401 1774 aliquando,
428 1741 494 1766 tum
519 1736 648 1772 demmn,
677 1737 748 1776 quia
775 1747 834 1766 ‘mm

121 1778 219 1816 prius,
233 1781 261 1810 et
273 1788 306 1808 ea
322 1778 357 1808 'de
370 1789 472 1814 eausa,
488 1780 558 1819 quia
572 1790 631 1809 mm
652 1781 752 1820 potuit
773 1780 835 1810 ulia

120 1818 210 1860 effici,
225 1821 336 1852 desinet
349 1822 525 1852 insolescere.

165 1881 210 1887 —-
225 1866 255 1895 9.
271 1862 378 1905 ἐσμὲν]
393 1866 502 1895 abesse
513 1865 626 1896 malim.

163 1907 240 1938 565.
254 1910 287 1938 5.
301 1907 442 1942 αὐληταῖς
459 1908 590 1950 ἀνδράσι]
605 1908 755 1947 distingui
771 1909 836 1938 baec

124 1949 226 1979 malim
251 1949 415 1990 interjecto
441 1957 601 1981 commate.
623 1952 790 1982 tibicinibus
804 1953 838 1981 in

123 1994 280 2023 certamine
294 1994 425 2024 uirorum
437 1994 572 2024 saltando
586 1995 664 2024 inter
678 2005 708 2024 se
721 2000 836 2025 conten-

124 2036 270 2066 dentium.

167 2095 211 2102 --
230 2080 278 2108 to.
291 2076 443 2120 εἱστίακα]
458 2079 558 2119 tangit
568 2079 599 2109 h.
611 2078 633 2109 l.
649 2079 838 2119 Harpocrat.

124 2132 156 2152 v.
172 2120 330 2160 ἒστιάτως.

167 2180 213 2193 -.-
224 2166 276 2194 14.
292 2163 341 2194 oen
355 2161 413 2193 ἂπὸ
429 2163 612 2205 &atemoth-ne
625 2161 735 2205 οὔσίας]
760 2166 838 2195 bene

126 2206 184 2244 sic,
197 2207 276 2237 male
292 2206 346 2245 qui
368 2208 421 2240 τῆς
440 2207 568 2243 addunt,
583 2212 616 2237 et
630 2207 702 2237 addi
721 2208 838 2238 volunt.

124 2261 184 2281 non
203 2260 219 2280 e
235 2249 348 2288 peculio
362 2249 434 2288 jam
454 2259 595 2289 praesente
616 2256 704 2291 atque
723 2257 840 2290 parato,

124 2298 283 2333 autequam
293 2302 349 2333 ego
359 2292 399 2322 ad
413 2293 477 2332 q'us
491 2293 777 2325 administrationem
792 2305 839 2325 ve-

94 2368 97 2371 ,
125 2346 230 2367 mrem.

168 2395 212 2402 -
227 2379 285 2410 ult.
298 2377 385 2421 ῥυτὰ]
400 2379 540 2411 meminit
562 2380 653 2419 bajus
673 2380 734 2410 loci
757 2381 839 2411 Har-

127 2432 214 2464 pocr.
229 2422 286 2452 hac
302 2431 389 2452 voce.

170 2465 246 2496 566.
260 2466 290 2496 9.
303 2463 383 2502 ἆλλ’,
393 2462 422 2500 ὃς
437 2463 484 2506 ἂν]
497 2464 528 2495 id
543 2470 603 2502 est,
614 2467 694 2497 ἀλλὰ
710 2466 754 2496 δεῖ
760 2467 841 2508 ὑμᾶς

128 2508 225 2549 ‘lifagi-‘v
233 2506 282 2538 nai
297 2505 455 2547 θαυμάζειν
469 2509 578 2544 τοῦτον,
588 2520 605 2539 e
619 2519 711 2540 versu
725 2511 755 2540 6.

170 2568 216 2576 -·
231 2554 284 2582 11.
302 2551 384 2581 ἀλλὰ,
405 2552 432 2582 wi
454 2550 510 2582 Ata
528 2551 632 2593 τριήρη,
652 2551 681 2583 ἢν
703 2552 840 2594 ἐπέδωκε]

129 2594 235 2626 delevi
248 2593 332 2626 ἢν-
342 2594 408 2624 sine
429 2594 524 2624 dubio
539 2595 600 2625 fuit
618 2596 649 2625 in
665 2596 753 2626 libris
768 2596 842 2626 olim

130 2638 254 2678 gemina
278 2637 368 2676 liujus
388 2637 449 2667 loci
465 2643 589 2668 versata
609 2638 714 2669 lectio.
734 2640 842 2676 altera,

127 2691 220 2722 quam
237 2691 258 2710 e
270 2681 378 2710 codice
395 2681 574 2719 Augustano
586 2682 718 2712 restitui.
735 2683 844 2719 altera,

131 2734 222 2763 quam
237 2722 268 2753 in
290 2723 428 2764 margine
442 2724 521 2753 Bav.
536 2724 659 2755 inveni:
683 2725 764 2756 ἀλλὰ,
785 2728 843 2765 μὴν

126 2767 179 2800 ,διὸ
191 2765 294 2808 egenen,
307 2765 337 2798 ἦν
352 2765 484 2797 ἐπέδωκε.
505 2768 590 2808 utqui
607 2774 703 2798 lamen
723 2773 844 2807 propter

131 2811 280 2841 triremem
297 2808 384 2849 [scil.
395 2811 499 2840 debetis
511 2820 578 2840 eum
594 2812 697 2853 magni
706 2811 844 2853 sacerd,

132 2862 220 2893 quam
234 2852 318 2883 ultro
332 2852 463 2884 donavit.
507 2855 618 2885 Potest
636 2855 726 2885 etiam
742 2855 843 2891 tertia,

134 2900 188 2925 aul.
201 2895 298 2926 fuisse
317 2895 403 2932 olim,
418 2902 471 2926 aut
487 2907 567 2927 nuno
582 2898 730 2937 confingi:
752 2899 846 2933 ἀλλὰ,

133 2939 163 2969 νὴ
177 2935 245 2973 Ala,
259 2937 303 2969 διὸ
319 2939 407 2980 τριήρη
430 2939 515 2980 [soil.
531 2940 575 2971 δεῖ
593 2940 672 2982 ὑμῖις
687 2941 780 2981 τιμξίν
794 2941 843 2971 καὶ

133 2979 297 3021 θαυμάζειν
310 2981 422 3023 abead,
433 2983 464 3014 ἢν
477 2981 618 3015 ἐπέδωκε.
641 2995 699 3026 ego
712 2994 785 3016 vero
800 2985 845 3016 le·

135 3023 267 3055 ctionem
277 3025 448 3064 Augustani
462 3026 603 3066 praefero.

1486 205 1563 248 141

896 326 940 334 -·-
952 312 1004 341 13.
1017 310 1118 340 οὑτωσὶ
1135 311 1165 342 δὴ
1179 312 1332 353 ποιήσατε]
1348 312 1490 343 videntur
1500 313 1567 343 haeo

856 353 947 384 nimis
962 354 1100 392 abrupta.
1124 354 1243 394 planius
1257 362 1287 384 et
1299 356 1421 386 mollius
1434 357 1479 387 sic
1493 366 1567 396 pro-

856 398 981 427 cederet
997 397 1114 426 oratio:
1138 397 1234 425 ταῦτα
1258 396 1286 426 δὲ
1304 397 1349 427 ἐὰν
1364 399 1450 437 λέξει,
1464 400 1567 430 οὑτωσὶ

857 440 886 471 δὴ
903 440 1051 470 ποιήσατε.
1075 449 1137 479 qua>
1153 450 1220 469 eum
1237 441 1324 475 dicet,
1340 443 1378 470 sic
1392 441 1503 482 facim.

899 500 943 506 -—
959 483 1151 523 vangas-ms]
1175 482 1274 512 malim
1298 484 1328 512 αῖ
1355 487 1472 522 πρῶται
1499 496 1568 516 cum

859 525 998 561 articulo,
1015 532 1044 556 et
1063 537 1091 555 v.
1109 536 1176 564 pen.
1193 525 1222 554 αἱ
1239 524 1386 559 ἐπιδόσεις.

901 587 944 592 -
958 569 1034 599 ibid.
1058 568 1178 609 τούτων]
1204 569 1272 599 scil.
1291 568 1417 605 κοινωνὸς,
1434 571 1482 598 vel
1508 571 1570 601 tale

859 613 944 652 quid.

902 657 978 686 567.
993 659 1023 685 1.
1038 655 1087 685 οὐκ
1109 653 1232 684 ἐπεδίδου
1254 653 1338 695 τότε]
1362 654 1429 684 scil.
1444 653 1492 685 δ’τε
1514 654 1572 692 ἐγί-

859 709 952 737 γνοντο
966 700 995 729 αῖ
1013 697 1168 732 ἐπιδόσεις.
1192 699 1292 727 malim
1317 703 1414 727 tamen
1437 698 1486 727 οὐκ.
1507 697 1574 728 ἒπε-

861 741 932 771 eison
947 742 1005 772 οὐδὲ
1021 741 1098 771 τότε.
1124 742 1166 770 m'l
1179 742 1277 775 dabat,
1298 751 1334 770 ve
1350 747 1420 770 tnnc
1443 742 1572 781 quidem.

903 803 947 808 —-
964 788 1011 816 19.
1030 783 1207 814 κατείληπτο
1228 783 1425 825 σοφιζόμενος]
1447 786 1575 814 Semen-

863 829 904 859 tia
915 829 979 858 haec
992 829 1113 858 videtur
1125 839 1214 858 esse:
1232 829 1346 858 Midias
1357 826 1575 858 reformidabat

863 872 985 902 bellum.
1019 883 1078 911 quo
1103 872 1229 906 sactum,
1253 875 1286 901 ut
1307 871 1408 900 modis
1433 871 1576 901 omnibus

864 916 1002 945 studeret
1028 915 1243 945 necessitatem
1271 914 1302 944 in
1330 914 1440 943 castris
1466 915 1576 951 agendi

864 958 1000 989 eludere.
1047 959 1273 993 Verumtamen,
1302 956 1426 987 tametsi
1462 957 1576 988 callide

864 1012 926 1031 rem
941 1005 1130 1030 commentus
1142 1006 1234 1036 esset,
1250 1000 1324 1030 nihil
1340 1009 1441 1030 tamen
1458 1001 1485 1031 ei
1504 1011 1575 1040 pro-

864 1045 952 1074 derat
966 1045 1026 1074 ista
1039 1044 1184 1080 versutia,
1195 1045 1249 1074 sed
1262 1044 1365 1083 potins
1375 1055 1421 1080 ea,
1433 1049 1576 1084 tanquam

865 1087 1008 1126 decipula
1024 1087 1165 1126 quadam,
1191 1093 1300 1126 captus
1325 1089 1494 1118 tenebatur.
1520 1088 1577 1117 hoc

865 1136 913 1160 est
928 1131 1142 1169 imponebatur
1157 1130 1186 1159 ei
1201 1130 1387 1160 inevitabilis
1411 1131 1578 1160 necessitas

865 1173 894 1203 iu
909 1179 1009 1203 castra
1023 1173 1128 1203 eundi.
1152 1173 1275 1203 videtur
1288 1174 1401 1203 Midias
1413 1174 1578 1214 praefectus

865 1217 921 1246 alae
941 1216 1094 1255 equestris
1114 1215 1223 1252 fuisse,
1242 1227 1320 1255 quae,
1336 1218 1416 1256 quod
1433 1217 1505 1246 olim
1523 1217 1578 1247 ali-

865 1260 986 1300 qnando
1003 1260 1131 1299 Argurae
1147 1259 1357 1298 praesedisset,
1373 1271 1412 1289 ex
1435 1271 1470 1289 eo
1493 1264 1579 1299 post-

865 1303 988 1332 modum
1006 1313 1114 1333 nomen
1131 1302 1260 1339 invenit,
1285 1308 1319 1333 ut
1341 1304 1364 1332 oi
1386 1301 1417 1342 ἐξ
1429 1301 1578 1344 Ἀργούρας

865 1347 966 1380 ἱππεῖς
981 1347 1217 1386 appellarentur.
1263 1345 1394 1376 Fuerant
1414 1347 1444 1376 hi
1461 1347 1580 1386 equites

867 1400 884 1419 a
900 1389 1057 1420 Phocione
1073 1389 1104 1419 in
1120 1391 1226 1420 urbem
1242 1390 1377 1426 remissi,
1393 1393 1427 1418 ut
1446 1390 1509 1419 otio
1531 1400 1580 1420 re-

867 1438 1052 1463 crearentur.
1077 1443 1157 1462 nunc
1172 1433 1266 1463 iidem
1288 1434 1326 1462 ab
1349 1433 1457 1463 eodem
1480 1433 1579 1472 impe-

866 1482 968 1506 ratore
990 1486 1094 1506 rursus
1118 1476 1149 1506 in
1177 1477 1324 1505 Euboeam
1345 1477 1580 1512 revocabantur,

866 1526 900 1549 ut
917 1520 1002 1549 vices
1018 1519 1210 1559 susciperent
1233 1520 1310 1549 alius
1334 1520 1401 1556 alae,
1424 1519 1454 1549 in
1473 1521 1579 1549 urbem

866 1563 1035 1599 redeuntis,
1061 1573 1121 1601 quo
1149 1572 1167 1592 a
1193 1562 1344 1592 molestiis
1371 1563 1580 1592 castrensibus

866 1606 1087 1645 requiesceret.
1526 1624 1530 1629 ·

909 1666 954 1672 —·
975 1651 1028 1680 25.
1053 1647 1158 1688 ἄπαις]
1185 1648 1309 1687 ambigo
1336 1648 1416 1678 inter
1443 1649 1522 1683 παῖς
1549 1653 1581 1678 et

867 1692 968 1726 ἄπαις.
985 1693 1076 1722 habet
1088 1696 1259 1730 utrumque,
1268 1703 1329 1731 quo
1341 1693 1581 1722 commendetur.

911 1738 986 1767 568.
996 1738 1028 1765 7.
1040 1733 1200 1776 τελωνείαν]
1214 1735 1334 1765 correxi
1347 1734 1488 1765 τελωνίαν.
1505 1737 1582 1765 Sen-

869 1779 966 1809 tentia
983 1785 1048 1809 est:
1074 1789 1193 1814 navem,
1209 1788 1298 1818 quam
1315 1779 1391 1818 reip.
1407 1779 1504 1813 dedit,
1527 1779 1581 1808 lia-

870 1822 936 1852 buit
951 1833 1008 1862 pro
1023 1822 1166 1862 pecnnia,
1182 1831 1243 1861 qua
1263 1822 1446 1860 publicanus
1470 1821 1582 1860 aliquis

868 1865 994 1904 aliquod
1024 1865 1157 1903 vectigal
1186 1864 1329 1903 redimit3
1362 1875 1422 1904 qua
1451 1865 1582 1904 pecunia

870 1908 969 1939 soluta
986 1910 1038 1948 jus
1062 1907 1177 1947 accipit
1197 1918 1322 1937 censum
1339 1908 1470 1946 aliquem
1488 1913 1585 1937 statu-

869 1956 934 1981 tum
958 1953 996 1982 ab
1020 1951 1237 1981 invehentibus
1261 1961 1289 1981 e.
1305 1961 1333 1980 c.
1348 1961 1466 1980 merces
1492 1961 1584 1990 quas·

871 1995 953 2030 dam,
982 1999 1034 2025 aut
1064 1994 1301 2033 exportantibus
1328 1994 1484 2032 exigendi.
1530 1994 1583 2024 Sic

872 2037 988 2067 Midias
1004 2037 1199 2067 existimabat
1214 2041 1285 2075 post
1299 2047 1407 2066 navem
1423 2048 1441 2066 a
1455 2047 1488 2066 se
1504 2037 1584 2076 reip.

871 2080 1026 2116 donatam,
1040 2081 1203 2110 immunem
1216 2081 1280 2119 jam
1292 2090 1325 2110 se
1338 2090 1356 2110 a
1367 2080 1489 2119 legibus
1502 2090 1585 2116 esse,

872 2129 903 2153 et
920 2123 1020 2153 licere
1036 2123 1095 2153 sibi
1112 2124 1154 2152 ita
1169 2123 1303 2163 grassari
1323 2122 1354 2153 in
1371 2133 1534 2163 quemque,
1549 2127 1585 2153 ut

871 2166 1027 2206 publicani
1050 2167 1150 2196 solent
1172 2167 1203 2196 in
1227 2165 1337 2196 obvios
1359 2177 1510 2206 quosque.
1533 2166 1586 2197 vel

872 2209 968 2240 licere
992 2209 1053 2239 sibi
1080 2220 1118 2239 ex
1145 2209 1201 2239 illa
1224 2209 1295 2239 navi
1318 2215 1466 2248 quaestum
1484 2210 1585 2240 facere

873 2253 1038 2292 ingentem,
1054 2258 1089 2283 ut
1103 2253 1259 2292 publicani
1276 2252 1407 2291 triplam,
1426 2253 1474 2283 vel
1490 2254 1585 2282 decu·

872 2296 953 2335 plam
973 2306 1080 2326 rursus
1097 2297 1225 2335 exigunt
1240 2307 1258 2326 a
1273 2295 1396 2326 civibus
1411 2306 1475 2326 eam
1492 2305 1586 2335 pecn-

872 2339 964 2375 niam‚
977 2350 1037 2379 qua
1052 2339 1186 2375 vectigal
1202 2339 1407 2369 redemerunt.
1428 2339 1505 2370 citat
1519 2340 1549 2369 h.
1563 2339 1585 2370 l.

873 2383 1060 2422 Harpocrat.
1078 2393 1106 2412 v.
1122 2381 1311 2413 πεντηκοστῆ.

915 2444 958 2449 --
974 2429 1026 2457 102.
1047 2426 1169 2459 ἱππικῆς
1191 2428 1256 2456 τινὰ
1282 2424 1486 2466 πεντηκοστὴν]
1514 2435 1586 2455 ceu-

873 2479 951 2505 sum,
966 2474 1000 2499 nt
1015 2469 1060 2499 ita
1073 2469 1184 2504 dicam,
1200 2469 1343 2508 aliquem,
1359 2477 1422 2506 quo
1435 2468 1586 2498 solvendo

872 2512 1037 2542 redimeret
1060 2511 1156 2542 otium
1180 2512 1229 2541 vel
1251 2511 1438 2541 vacationem
1465 2512 1585 2541 militiae

874 2556 1038 2595 equestris.
1059 2565 1141 2590 nam,
1166 2560 1200 2585 ut
1226 2555 1280 2594 qui
1304 2554 1585 2594 quinquagesimam

874 2599 1061 2638 dependunt,
1073 2608 1111 2628 eo
1122 2597 1275 2628 licentiam
1288 2603 1525 2637 consequuntur,
1539 2608 1589 2634 eo,

874 2642 957 2681 quod
973 2642 1152 2681 important,
1168 2651 1220 2670 seu
1239 2641 1387 2680 quicquid
1407 2641 1438 2670 id
1457 2646 1516 2676 est,
1532 2651 1587 2671 cu-

869 2685 922 2724 jus
959 2695 1052 2715 causa
1081 2684 1361 2724 quinquagesimam
1396 2684 1588 2723 dependunt,

875 2727 992 2761 utendi,
1022 2728 1141 2758 fruendi
1169 2727 1275 2761 libere,
1308 2728 1352 2757 sio
1382 2727 1497 2757 Midias
1528 2727 1586 2756 sibi

876 2771 1079 2810 persuadebat
1103 2772 1204 2801 danda
1228 2770 1311 2806 navi,
1336 2770 1432 2800 veluti
1455 2770 1585 2810 quadam

876 2814 1137 2853 quinquagesima,
1163 2825 1196 2844 se
1223 2813 1414 2845 vacationem
1439 2824 1456 2843 a
1479 2812 1589 2842 militia

877 2857 1014 2896 equestri
1038 2857 1265 2896 impetravisse.
1309 2858 1373 2887 Aut
1388 2856 1521 2895 appellat
1544 2855 1590 2885 sic

877 2901 1052 2930 tribunatus
1068 2900 1221 2940 equestris
1236 2909 1349 2930 novum
1366 2899 1514 2938 quendam
1539 2909 1588 2928 re-

878 2943 988 2980 ditum,
1002 2944 1075 2983 quia
1090 2954 1159 2974 cum
1176 2943 1247 2973 nari
1263 2953 1327 2978 sua,
1344 2952 1401 2981 qua
1415 2942 1483 2980 ipse
1497 2941 1590 2971 vehe-

878 2987 980 3022 batur,
995 2987 1115 3017 tametsi
1131 2997 1167 3017 ea
1177 2985 1296 3017 militiae
1310 2990 1392 3014 esset
1404 2989 1593 3020 consecrata,

878 3034 1079 3063 mercaturam
1091 3030 1177 3061 velut
1191 3028 1368 3064 exercebnt,
1385 3031 1415 3058 et
1427 3028 1508 3068 ligna
1521 3037 1593 3057 con·
