1948 3322
221 207 306 250 AD
338 199 704 248 ORATIONEM
741 198 823 241 DE
858 198 1049 240 FALSA
1083 197 1445 242 LEGATIONE.

135 316 222 357 pacis
238 314 365 346 formula
379 309 556 350 complecti,
570 319 673 350 neque
696 315 844 348 passuros

136 370 217 395 esse,
233 362 267 388 ut
281 359 320 387 ab
335 365 372 386 ea
382 360 553 385 arceantur.

177 419 221 425 ——-
233 402 284 433 26.
299 397 462 439 ἒιιιιςοίσας]
478 396 547 426 scil.
563 400 617 426 aut
638 395 727 436 ὖμᾶς,
742 399 795 425 aut
809 405 844 423 το

136 445 273 485 argema.

179 488 252 517 386.
269 487 301 515 3.
315 495 370 513 οσα
385 481 529 522 ἓωςῖιιιατε
545 482 646 522 ὑμεῖς]
663 481 730 511 scil.
743 479 843 511 ἐνταῦ-

136 531 191 565 θα,
205 526 272 569 παρ’
285 527 352 567 ὗμιν
368 526 476 562 αὐτοῖς,
492 524 712 566 προσ-γενόμενα.
735 524 797 559 hic,
812 523 844 553 iu

137 573 220 606 urbe.

176 632 219 638 --
231 615 263 643 4.
277 610 350 643 ἀλλ’
361 610 382 641 ἃ
395 610 424 641 ἒν
437 611 492 652 τῇ]
510 610 649 651 expunxi
670 610 845 641 articulum.

138 656 322 688 subauditur
334 654 364 685 τί
378 654 576 695 συμβέβηκεν,
593 660 645 685 aut
665 652 846 694 προσ-γέγονεν

134 700 238 734 αὐτοῖς.

175 744 282 773 -22.
298 741 331 773 ἂν
344 741 374 773 δὴ
383 741 560 793 .τοιῧτα-]
577 740 736 772 Maximus
748 739 808 770 de
800 750 846 770 in-

133 785 317 825 solubilibus
330 795 357 815 c.
372 785 399 814 Ι.
413 795 445 825 p.
458 787 533 816 572.
546 784 574 815 ἐν
591 784 648 837 μὲν
660 795 702 814 ουν
716 784 847 835 προσ-χή-

132 837 213 869 pm
231 829 283 859 τοῦ
305 828 391 858 δοκεῖν
411 827 484 858 λύειν
495 828 600 858 ἄλυτον
611 839 697 879 ουσαν
708 829 757 858 τὴν
769 825 848 856 ἀντί-

133 871 218 908 Bam,
238 872 456 911 ἧντιιιατηγοςεῖ
467 872 480 901 ὅ
499 872 587 913 ῥήτοος
610 868 636 901 ἐν
657 870 702 910 τῷ
715 869 784 901 κατ’
799 870 848 899 Αἶ-

133 914 243 956 σχίνου.
257 917 350 948 κακῶς
365 916 388 945 οἱ
410 914 568 968 afeca-my&
590 914 712 955 ἐχρῶντο
733 914 779 952 τῷ
799 924 849 944 πο-

134 958 230 999 λέμῳ,
254 958 302 988 καὶ
323 958 372 988 διὰ
393 959 478 988 τοῦτο
499 958 598 998 sigum
623 956 799 997 ἐπράξαμεν.
819 957 848 986 οὖ

135 1001 281 1041 δυνάμενος
295 1001 366 1032 λύειν
379 1001 487 1032 ταύτην
498 1001 512 1031 ὅ
525 1001 611 1042 ῥήτωρ
627 1001 850 1040 ἀντικατηγορῶν

134 1045 251 1084 φάσκει·
267 1044 300 1075 ἂν
313 1044 344 1076 δὴ
364 1055 466 1097 ταυτα,
485 1043 566 1086 λέγῃ,
589 1043 655 1083 πςός
671 1043 753 1080 θεῶν,
767 1043 848 1072 ἀντε-

133 1087 284 1127 ξωτῆἶῦπ
312 1085 505 1118 differ—{vt
533 1085 644 1122 ‘rofi‘rmc
669 1097 748 1120 ουτος
776 1086 848 1126 “mea

135 1130 314 1171 προσλαβὼν
338 1130 475 1169 φαίνεται.
498 1130 641 1159 ἀδυνατῶν
665 1131 721 1169 γὰρ
747 1127 848 1167 δεῖξαι,

134 1174 172 1207 ὡς
193 1173 223 1203 οὗ
244 1184 341 1206 κακως
361 1172 384 1202 οἳ
405 1173 561 1212 στρατηγοὶ
583 1171 780 1211 ἐπολέμησαν,
801 1171 848 1201 διὰ

136 1227 221 1246 τουτο
235 1213 277 1246 οὖν
288 1216 373 1255 φησὶν
385 1216 621 1256 ἀντικατηγορῶν,
637 1215 709 1255 δῶρα
720 1215 850 1254 εἴληφας.

178 1276 223 1281 —-
239 1260 292 1289 25.
305 1258 356 1299 τε]
372 1258 488 1288 addidi.
512 1269 530 1294 a
544 1269 604 1298 qua
620 1264 651 1288 et
668 1258 849 1297 Philippum

137 1302 199 1332 aiat
209 1302 291 1332 bello
303 1302 461 1332 devictum
474 1312 553 1339 esse,
565 1307 597 1333 et
608 1301 658 1332 cui
670 1312 739 1332 esse
751 1303 849 1332 bonos

138 1345 341 1386 imperatores
354 1345 426 1376 aiat.

180 1391 255 1421 387.
268 1391 320 1418 10.
331 1388 439 1430 αὐτῶν]
452 1387 569 1419 mutavi
582 1388 738 1430 spiritum,
750 1389 849 1418 leuem

136 1442 207 1462 cum
223 1442 348 1472 aspero.
372 1437 478 1471 potest
487 1432 568 1463 lenis
580 1442 702 1471 quoque
714 1431 850 1472 probari,

138 1476 193 1505 sed
210 1479 303 1515 prout
319 1486 351 1504 v.
364 1475 562 1515 ἀπειλήφεσαν
577 1475 740 1515 accipitur.
775 1475 851 1505 Sen-

137 1519 236 1549 tentia
261 1518 405 1548 nimirum
431 1519 458 1549 si
481 1519 548 1549 haec
575 1525 622 1549 est
636 1529 643 1548 :
673 1519 851 1549 Phocenses

137 1567 257 1603 partem
273 1562 431 1602 copiarum
447 1563 660 1592 Thebanarum
682 1562 733 1603 (ut
759 1561 853 1592 αὗτῶν

77 1592 92 1624 ζ·
138 1606 178 1636 ad
192 1605 354 1636 Thebanos
368 1604 493 1646 redeat)
508 1606 590 1645 apud
611 1606 735 1635 Neonas
757 1604 851 1635 inter-

138 1654 295 1688 ceperant,
309 1649 515 1685 absciderant,
525 1648 832 1678 circumvallaverant
843 1659 850 1678 :

139 1697 226 1722 recte
241 1692 333 1722 babet
348 1691 439 1722 lenis.
465 1692 519 1722 Sin
534 1689 635 1722 autem
651 1692 718 1721 baec
733 1692 853 1722 obtinet

141 1735 305 1771 sententia,
320 1745 389 1775 quae
403 1735 466 1765 b.l.
486 1735 610 1765 videtur
633 1735 774 1765 obtinere
797 1736 852 1766 de-

139 1780 235 1810 bere:
261 1779 439 1809 Phocenses
452 1781 586 1818 juvenes
602 1788 674 1808 suos
688 1789 852 1817 recupera-

141 1827 258 1859 verant,
277 1833 354 1862 quos
369 1821 509 1853 Thebani
518 1822 600 1861 apud
613 1822 643 1852 N
647 1832 738 1852 eonas
758 1822 853 1852 inter·

116 1891 119 1894 ,
141 1871 304 1906 ceperant:
330 1871 457 1906 praestat
471 1876 572 1904 asper.
597 1866 679 1905 quod
691 1875 783 1904 porro
799 1865 855 1902 ait,

140 1909 291 1940 ducentos
305 1909 502 1949 septuaginta
511 1909 596 1938 viros
613 1919 631 1939 a
643 1909 853 1938 Phocensibus

142 1962 242 1982 caesos
258 1963 339 1988 esse,
355 1959 465 1991 sponte
491 1962 545 1982 sua
565 1957 653 1991 paret
669 1952 754 1982 viros
774 1952 854 1982 The-

143 1995 239 2027 banos
251 1995 394 2034 intelligi.

185 2056 230 2061 ——
246 2042 297 2068 11.
313 2038 444 2079 τςόπαιον
457 2037 596 2079 εἱστήκει]
613 2038 744 2069 subaudi
756 2038 855 2072 αἰντοῖς

143 2083 224 2112 κατὰ
246 2083 302 2112 τῶν
322 2080 460 2115 Θηβαίων.
504 2083 666 2121 Tropaeum
683 2093 700 2111 a
715 2082 856 2112 Phocen-

143 2125 229 2155 sibus
256 2129 392 2155 erectum
422 2124 462 2154 de
485 2125 649 2161 Thebanis,
676 2126 775 2155 stabat
803 2125 857 2154 ad-

143 2169 278 2198 hucdum
294 2168 425 2204 salvum,
440 2178 540 2207 neque
553 2168 741 2204 conciderat,
756 2178 856 2208 neque

143 2221 161 2242 a
172 2211 327 2242 Thebanis
339 2211 499 2242 revulsum
515 2211 624 2241 fuerat.

186 2272 231 2278 —
246 2256 298 2286 13.
319 2255 397 2293 μήτε
410 2253 540 2306 γένοιτο]
571 2254 679 2285 suffeci
701 2254 731 2285 in
754 2255 856 2284 locum

145 2298 278 2337 vulgatae
300 2297 378 2328 οὔτε
386 2296 502 2336 γένοιτο.
517 2297 586 2327 nam
602 2298 805 2328 conveniebat
820 2298 857 2328 il-

145 2341 200 2371 lud
214 2341 245 2371 h.
262 2341 284 2371 l.
306 2341 426 2372 melius.
450 2351 518 2371 cum
534 2341 566 2371 in
579 2342 672 2372 modo
687 2341 857 2372 indicativo

145 2384 311 2424 loquuntur
328 2384 443 2421 Graeci,
465 2384 630 2415 infitiantes
651 2384 781 2424 aliquid,
804 2394 858 2414 ne-

147 2432 255 2467 gantes
279 2428 393 2458 sactum
417 2437 495 2464 esse,
520 2433 586 2458 tum
612 2427 676 2459 οὔτε
697 2432 858 2468 usurpant.

146 2471 287 2501 volentes
303 2476 403 2502 autem
416 2471 532 2510 aliquid
547 2477 664 2507 vetare,
678 2471 760 2501 votis
769 2481 859 2501 aver-

147 2519 224 2550 tere,
239 2514 410 2553 deprecari,
425 2514 583 2550 detestari,
597 2520 663 2545 tum
677 2514 756 2554 μήτε
771 2525 859 2544 usur-

147 2561 234 2597 pant,
248 2562 283 2586 ut
297 2556 483 2597 imperativo
500 2556 544 2587 ita
559 2559 716 2597 proprium
739 2563 770 2588 et
785 2568 859 2588 con-

148 2604 313 2638 secratum,
333 2600 590 2641 quemadmodum
606 2600 669 2631 οὔτε
690 2601 860 2631 indicativo

147 2648 207 2674 est.

190 2704 234 2710 —-
249 2688 301 2716 17.
317 2685 379 2728 ἔτι]
402 2686 524 2717 tametsi
538 2697 686 2726 perquam
702 2686 861 2728 probabile

149 2735 208 2767 est,
229 2741 260 2760 τι
282 2730 451 2761 correctius
475 2741 556 2767 esse,
571 2735 671 2761 tamen
692 2731 742 2762 vet
757 2731 861 2770 ipsum

149 2783 272 2813 quoque
295 2773 399 2814 specie
427 2784 484 2803 non
507 2778 602 2804 caret.
625 2779 689 2804 tum
716 2773 863 2814 temporis

149 2816 250 2846 adhuc
263 2815 359 2846 ἄδειαν
372 2815 470 2855 ἤγετε,
481 2817 595 2847 licebat
612 2817 709 2847 vobis.

192 2877 236 2882 —
251 2861 302 2890 18.
325 2859 468 2900 τοσούτῳ]
493 2870 551 2890 nou
568 2860 703 2891 cohaeret
723 2870 790 2890 cum
809 2871 863 2889 πο-

152 2900 246 2942 λέμῳ,
263 2903 318 2932 sed
345 2907 406 2932 stat
430 2913 486 2942 per
511 2913 555 2939 se,
572 2903 658 2933 velut
674 2903 878 2940 adverbiales

152 2954 209 2984 pro
223 2946 303 2976 κατὰ
316 2947 460 2982 τοσοῦτον,
475 2946 564 2982 adeo,
587 2952 758 2986 tantopere.

195 3005 240 3010 —
254 2990 307 3020 22.
327 2988 552 3030 ἀπολωλεκέναι]
583 2990 686 3020 malim
707 2989 866 3020 ἀπόλωλεν.

154 3040 222 3061 nam
239 3031 378 3070 profecto
393 3030 546 3071 iyyiyovev,
558 3032 663 3064 datum
678 3033 747 3070 snit,
765 3033 866 3069 licuit,

1511 198 1590 240 103

876 308 958 346 quod
973 308 1038 338 sere
1054 317 1114 337 non
1129 306 1189 337 nisi
1205 307 1244 337 de
1262 318 1295 337 re
1310 308 1381 338 laeta
1396 312 1427 337 et
1441 309 1542 337 fausta
1559 309 1591 336 et

877 350 1011 391 optabili
1032 350 1094 380 dici
1119 355 1234 390 potest,
1259 361 1318 379 non
1347 351 1491 381 convenit
1518 359 1590 380 cum

877 392 1098 424 ἀπολωλεκέναι.
1123 404 1191 432 quae
1217 393 1385 423 sententia!
1409 393 1497 423 licuit
1511 393 1591 433 reip.

878 439 959 468 bona
975 448 1030 467 sua
1042 437 1193 467 amittere.
1210 435 1299 476 quasi
1315 445 1353 465 ea
1367 446 1474 475 magna
1491 436 1531 465 sit
1546 437 1592 466 fe-

877 481 990 511 licitas.
1016 490 1217 520 nequaquam.
1249 479 1310 508 imo
1338 488 1412 508 vero
1442 479 1593 509 sententia

877 525 943 554 haec
957 528 1004 554 est
1016 535 1023 553 :
1048 522 1288 554 Atheniensibus
1303 525 1405 551 autem
1419 531 1474 559 per
1486 532 1592 560 pacem

880 567 929 597 vel
939 578 975 597 ea
991 577 1113 606 quoque
1128 566 1209 596 bona
1222 565 1388 606 perierunt,
1400 573 1469 603 qnae
1481 564 1592 605 inipso

879 610 961 641 bello
975 611 1060 641 salva
1075 612 1342 639 conservaverant.

922 671 966 676 -
981 656 1034 685 24.
1065 654 1146 683 ἄλλα
1175 654 1202 683 νῆ
1231 649 1288 683 Δία
1313 662 1379 685 ’τους
1408 650 1592 692 συμμάχους

879 696 1056 738 ἂπειρηκεναι
1081 696 1164 736 φησει
1192 695 1234 735 τῷ
1263 692 1399 734 πολέμω]
1428 704 1487 723 non
1513 694 1594 723 mala

881 741 1041 775 sententia,
1055 739 1187 779 objectio
1203 738 1278 769 satis
1294 737 1406 768 valida.
1423 747 1490 767 nam
1507 738 1594 776 obje-

879 783 1012 814 ctionem
1025 783 1183 814 AEschinis
1194 782 1271 812 hanc
1283 791 1364 817 esse,
1372 786 1484 820 praeter
1496 780 1595 819 ipsam

880 838 956 864 rem,
968 827 1059 858 etiam
1071 826 1200 856 formula
1213 827 1241 857 νῆ
1253 823 1308 856 Δία
1320 824 1446 854 indicat.
1459 824 1595 853 cobaeret

881 881 1002 911 quoque
1024 874 1096 910 apte
1112 880 1182 900 cum
1205 867 1389 909 praemissis.
1436 868 1505 907 Ego
1521 877 1595 896 vero

881 925 972 955 nego,
997 914 1142 949 aiet,1ne
1168 911 1271 943 socios
1294 912 1333 941 ab
1355 909 1596 941 Atheniensibus

882 958 1082 988 abalieuasse.
1097 956 1159 995 ipsi
1177 960 1285 995 sponte
1309 964 1366 984 sua
1385 954 1597 989 desciverunt,

882 1001 954 1040 qnia
970 1000 1044 1030 belli
1056 998 1208 1030 molestiis
1225 1004 1256 1028 et
1268 997 1419 1028 sumtibus
1436 996 1597 1032 exinaniti,

882 1044 999 1074 diutins
1015 1044 1194 1073 societatem
1207 1041 1358 1072 sustinere
1371 1051 1430 1070 non
1442 1044 1597 1080 poteraut.

882 1088 953 1118 ideo
975 1087 1003 1117 ei
1028 1085 1255 1117 renunciarunt.
1271 1085 1419 1114 hactenus
1433 1088 1517 1114 recte
1533 1093 1598 1112 om-

882 1131 942 1161 nia.
969 1140 1074 1160 verum
1097 1139 1158 1159 non
1183 1129 1334 1158 refutatur
1357 1127 1423 1157 baec
1449 1127 1597 1166 objectio.

882 1173 1075 1213 insequentia
1097 1182 1158 1202 non
1185 1172 1224 1201 ad
1253 1181 1320 1201 eam
1345 1169 1528 1210 respiciunt.
1544 1175 1599 1200 aut

883 1227 956 1256 ergo
966 1217 1035 1256 ipse
1051 1220 1153 1246 orator
1167 1215 1270 1244 locum
1285 1215 1366 1244 hunc
1376 1213 1551 1244 inchoatum
1563 1213 1598 1243 in

884 1260 984 1289 lituris
1000 1259 1137 1298 reliquit,
1160 1263 1213 1288 aut
1225 1256 1370 1287 refutatio
1384 1257 1476 1296 hujus
1492 1267 1598 1286 occur·

883 1302 980 1333 sionis
993 1314 1010 1333 e
1021 1302 1110 1332 libris
1123 1300 1237 1333 nostris
1247 1301 1350 1332 nescio
1359 1310 1419 1339 quo
1428 1310 1501 1330 casu
1513 1300 1600 1329 exci-

884 1347 950 1385 dit3
974 1351 1026 1376 aut
1042 1345 1068 1375 si
1083 1355 1210 1385 usquam
1227 1349 1343 1380 exstat,
1358 1343 1466 1373 avulsa
1478 1348 1528 1373 est
1542 1344 1599 1383 hy-

884 1390 1024 1429 pophora
1039 1390 1078 1419 ab
1093 1391 1161 1428 ejus
1183 1388 1393 1427 responsione.
1423 1386 1551 1416 Interim
1568 1390 1603 1416 ut

884 1433 1031 1463 tectorem
1048 1432 1150 1462 saltim
1163 1431 1203 1461 de
1215 1432 1282 1461 labe
1295 1429 1600 1466 commonefacerem,

885 1476 951 1506 haec
969 1477 1066 1506 verba
1079 1475 1168 1505 uncis
1182 1474 1306 1505 inclusi.
1352 1473 1452 1503 Etiam
1472 1473 1502 1502 in
1518 1483 1600 1502 mar-

887 1519 958 1559 gine
969 1521 1099 1549 Meerm.
1111 1517 1302 1558 adscriptum
1313 1517 1364 1546 hic
1379 1516 1479 1557 reperi
1494 1515 1598 1546 λείπει.

930 1565 1038 1593 -26.
1062 1561 1246 1603 πέπρακται]
1273 1561 1382 1590 tuebor
1402 1565 1435 1589 et
1457 1560 1601 1591 servabo.

886 1606 953 1636 haec
964 1606 1017 1642 ita,
1035 1610 1069 1635 ut
1084 1605 1145 1641 aio,
1162 1609 1230 1635 acta
1246 1614 1328 1640 esse,
1339 1603 1390 1634 vel
1407 1603 1599 1634 evenisse—-

886 1649 920 1679 id
937 1656 995 1685 est,
1011 1649 1115 1679 socios
1130 1652 1254 1678 vestros
1266 1648 1302 1677 ab
1314 1647 1464 1677 AEschine
1480 1650 1512 1676 et
1527 1646 1602 1676 Phi-

887 1693 1002 1722 locrate
1018 1702 1088 1722 cnm
1109 1691 1237 1730 reliquis
1253 1690 1437 1730 conspiratis
1452 1689 1601 1730 Philippo

887 1735 1029 1776 proditos
1048 1740 1080 1765 et
1095 1734 1236 1765 venditos
1251 1744 1333 1770 esse,
1351 1733 1397 1768 id,
1409 1737 1524 1773 praeter
1534 1734 1600 1773 jam

887 1778 984 1816 dicta,
999 1779 1110 1810 melius
1134 1778 1234 1808 adhuc
1255 1787 1272 1807 e
1292 1787 1364 1808 mox
1389 1776 1531 1807 dicendis
1553 1776 1601 1806 di-

886 1823 992 1854 scetis.

931 1884 974 1890 —-
987 1869 1039 1899 27.
1056 1867 1069 1897 ἡ
1082 1866 1163 1908 εἷρηνη
1175 1864 1259 1900 τέλος
1270 1863 1349 1906 εῖχε]
1361 1863 1517 1904 negotium
1529 1873 1602 1893 con-

888 1911 998 1941 dendae
1009 1910 1095 1960 pacis
1110 1909 1240 1940 Athenis
1256 1919 1324 1939 cum
1340 1907 1450 1947 legatis
1462 1906 1602 1946 Philippi

890 1953 964 1983 illuc
979 1953 1095 1989 missis,
1105 1958 1136 1982 et
1147 1952 1437 1983 conscribendarum
1450 1950 1605 1980 conditio-

889 2001 1023 2032 num‚et‚
1031 1997 1134 2026 brevis
1147 2001 1180 2025 ut
1192 1995 1263 2031 sim,
1275 2004 1465 2034 quaecunque
1474 1993 1604 2023 Athenis

890 2039 1012 2070 cundici
1029 2044 1061 2069 et
1075 2038 1182 2078 peragi
1197 2037 1299 2068 hocin
1314 2037 1438 2077 negotio
1450 2040 1606 2076 poterant,

890 2083 992 2112 omnia
1006 2087 1133 2121 peracta
1145 2087 1176 2111 et
1191 2081 1275 2111 finita
1290 2091 1360 2110 cum
1377 2085 1493 2116 essent,
1507 2085 1543 2110 ut
1557 2079 1604 2109 ni-

890 2125 932 2156 hil
948 2130 1089 2160 restaret,
1102 2129 1217 2165 praeter
1230 2123 1330 2163 ipsius
1343 2123 1479 2162 Philippi
1496 2123 1605 2153 testifi-

891 2169 1039 2199 cationem
1054 2169 1101 2198 sui
1117 2177 1271 2203 assensus,
1282 2177 1338 2197 seu
1349 2166 1607 2202 ratihabitionem,

891 2217 922 2242 et
936 2212 1029 2252 legati
1045 2211 1185 2251 Philippi
1202 2221 1271 2240 cum
1288 2211 1326 2240 ab
1348 2210 1424 2240 urbe
1443 2211 1508 2249 jam
1531 2220 1606 2260 pro·

891 2255 966 2286 fecti
982 2259 1098 2291 essent,
1114 2265 1184 2285 curu
1201 2254 1344 2293 exemplo
1355 2253 1494 2283 formulae
1509 2253 1608 2293 pacis,

892 2309 909 2328 a
923 2298 1012 2328 nobis
1024 2298 1137 2338 juratis
1155 2298 1214 2327 fide
1231 2302 1323 2336 atque
1338 2296 1487 2336 religione
1501 2302 1606 2326 nostra

892 2342 1079 2372 confirmato.
1101 2352 1166 2377 τους
1183 2339 1274 2381 δ’ριιους
1294 2338 1437 2374 Mem-eq.
1454 2339 1522 2370 scil.
1539 2337 1608 2381 'trag'

893 2387 982 2425 ἡμῶν.

935 2431 1010 2461 388.
1027 2430 1059 2459 5.
1083 2426 1178 2468 ὑμας]
1194 2427 1342 2466 praetuli‘
1333 2427 1422 2466 ημᾶς.
1436 2426 1607 2465 prodebam

893 2472 930 2502 ad
949 2483 1004 2502 vos
1015 2472 1133 2507 verbis,
1146 2481 1195 2500 me
1212 2481 1332 2510 aequum
1345 2479 1487 2505 censere,
1498 2474 1531 2499 ut
1540 2480 1609 2506 nos,

892 2514 1097 2554 legati,quam
1115 2513 1247 2554 primum
1265 2524 1322 2553 per
1333 2522 1417 2542 mare
1431 2513 1611 2552 proficisce-

894 2569 961 2588 mur
982 2559 1012 2588 in
1029 2557 1255 2593 Macedoniam,
1271 2561 1302 2586 et
1322 2556 1377 2586 bos
1399 2566 1533 2595 quoque,
1554 2556 1611 2586 AE-

895 2602 1043 2636 schinem,
1067 2606 1260 2640 caeterosque
1282 2599 1439 2635 conscios,
1454 2600 1610 2636 hortabar,

894 2650 931 2675 ut
945 2645 978 2674 id
991 2649 1148 2684 amputata
1162 2643 1244 2673 omni
1254 2653 1340 2673 mora
1350 2643 1496 2672 facerent.
1510 2643 1611 2673 cohae-

895 2692 965 2718 rent
989 2688 1069 2717 inter
1093 2698 1138 2723 se,
1160 2696 1219 2716 nou
1240 2685 1327 2724 ἦξίουν
1348 2687 1438 2727 ἦμῖίς,
1456 2687 1509 2716 sed
1534 2687 1612 2725 ἡμεῖς

896 2732 997 2761 Δεειλεῖν.
1024 2731 1056 2760 id
1072 2736 1130 2766 est,
1154 2729 1248 2768 ἔλεγον
1277 2729 1344 2767 ἐγὼ,
1366 2728 1521 2769 φαίνεσθαι
1546 2729 1613 2768 ἔμοῖ

896 2774 982 2814 ἄξιον,
992 2772 1180 2815 5334(eroe
1165 2772 1312 2815 ηςημένους
1320 2771 1427 2812 πρέσθε
1431 2773 1613 2813 ις)πλεῖν-.

940 2836 983 2840 -
997 2820 1027 2848 8.
1050 2818 1096 2868 τι]
1122 2827 1181 2847 nou
1207 2816 1372 2852 redundat,
1396 2816 1451 2846 sed
1477 2816 1613 2846 cohaeret

898 2871 966 2890 cum
983 2859 1082 2900 μηδὲν.
1099 2860 1284 2891 creberrime
1302 2864 1467 2897 usurpatur
1483 2859 1548 2888 baec
1565 2859 1614 2889 di-

899 2903 961 2934 ctio
976 2903 1064 2944 μηδεν
1075 2916 1116 2939 τι,
1130 2915 1187 2943 pro
1203 2904 1306 2935 ἁπλῶς
1320 2901 1416 2941 μηδέν.
1431 2912 1487 2941 per
1503 2902 1614 2932 tmesiu

901 2948 1095 2977 solummodo
1106 2947 1168 2977 ista
1182 2947 1210 2976 Ιι.
1223 2946 1244 2975 l.
1261 2955 1277 2974 a
1292 2956 1325 2976 se
1339 2945 1446 2974 avulsa
1462 2949 1543 2975 snut.

943 3009 986 3013 —
1002 2993 1053 3021 10.
1081 2991 1142 3025 τοῖς
1171 2987 1374 3029 ἀμελήσασιν]
1403 2988 1525 3027 praetuli
1554 2990 1615 3023 τοῖς

900 3033 1130 3073 (animandis
1144 3033 1169 3064 si
1181 3032 1234 3072 qui
1251 3031 1385 3061 cunctati
1399 3038 1511 3069 essent,
1522 3042 1621 3072 neque
