1931 3322
337 213 421 255 AD
455 210 824 255 ORATIONEM
859 210 923 252 ΙΝ
955 210 1390 254 TIMOCRATEM.

138 323 228 363 pretii
243 323 396 362 irroganto
416 321 539 360 judices
554 320 614 350 furi
637 331 694 360 pro
718 321 841 351 mulcta.

137 367 190 397 Sin
204 366 314 402 minus,
325 365 388 395 h.e.
400 365 498 394 sinon
511 365 671 403 repererit,
682 369 743 393 tum
756 364 841 403 judi-

137 420 190 439 ces
207 409 369 448 decuplum
380 408 538 446 irrogante
549 406 614 448 πρὸς
625 409 684 440 τοῖς
695 405 841 443 ἐπαιτίοις,

136 457 248 491 proeter
263 451 346 481 illam
361 462 435 486 rem,
451 451 489 480 de
505 461 564 490 qua
578 451 783 480 contenditur.
809 456 841 480 ut

136 496 162 525 si
187 497 295 525 Davus
321 493 456 524 Simmiae
482 505 572 524 ovem
593 493 754 528 averterit,
776 498 840 523 tum

135 540 243 568 Davus
258 537 393 567 Simmiae
409 541 461 566 aut
481 537 608 576 duplum
626 536 692 566 ovis
708 537 838 576 pretium

133 581 288 619 cum‘ipsa
304 591 374 616 ove,
388 586 452 615 aut,
469 580 493 609 si
515 580 582 610 ovis
603 581 671 618 ipsa
690 581 753 618 jam
777 591 839 609 ma-

132 627 214 653 ctata
224 629 254 653 et
262 625 411 653 devorata
420 629 470 653 aut
481 623 540 653 alio
555 623 677 653 vendita
685 623 737 659 sit,
749 623 839 653 decu-

131 666 216 706 plum
226 667 294 696 ovis
305 667 437 705 pretium
447 671 478 696 et
490 666 577 696 aliam
590 671 741 707 praeterea
751 677 840 697 ovem

131 719 248 739 aversae
264 710 394 739 similem
406 709 494 739 luito.

174 771 218 775 —-
226 756 257 783 7.
266 751 313 782 ἐὰν
323 753 507 794 προστιμήσῃ
519 751 671 794 ἧἬλιαία]
685 753 718 783 Si
730 764 839 793 nempe

130 795 256 826 Heliaea
282 796 407 835 dignum
434 796 623 835 judicaverit
648 807 746 832 reum,
777 797 839 832 cui,

129 843 243 877 praeter
254 839 480 869 restitutionem
496 842 549 867 aut
561 841 839 878 compensationem

131 882 224 912 modo
249 882 374 918 dictam,
396 892 464 922 quae
488 885 536 911 est
558 892 649 921 poena
670 888 747 918 rata,
769 893 837 913 eon-

131 930 228 964 stans,
242 935 259 954 a
281 925 401 965 legibus
424 925 521 960 dicta,
544 925 622 954 nulli
644 927 839 962 remittenda,

132 968 360 1008 adhucpoenam
371 968 504 998 carceris
511 968 704 998 arbitrariam
713 969 838 1008 irroget.

175 1030 218 1035 —
233 1015 264 1042 8.
282 1009 518 1052 πξοστιμῖισθαι]
544 1012 770 1051 πξοστιμῖισ-θαι
793 1012 840 1041 di-

132 1055 211 1085 citur
225 1055 289 1091 ille,
304 1055 356 1094 qui
367 1054 494 1094 Judioes
509 1061 610 1093 rogat,
623 1060 658 1084 ut
673 1065 757 1085 reum
775 1065 839 1093 poe·

131 1108 171 1128 na
191 1099 332 1137 quadam,
354 1103 406 1128 aut
430 1097 598 1137 supplicio,
623 1108 677 1137 pro
702 1098 839 1137 ipsorum

131 1141 258 1172 arbitrio
274 1141 415 1171 afficiant.
437 1141 518 1180 quod
531 1150 638 1180 rogare
651 1144 771 1180 poterat
785 1151 838 1171 seu

129 1189 225 1220 actor,
241 1195 294 1214 seu
311 1184 486 1223 quicunque
501 1183 594 1219 alius,
609 1183 657 1213 cui
674 1195 730 1224 per
752 1184 838 1223 leges

131 1227 250 1258 liceret.
274 1227 426 1267 προσ-τιμᾷ
442 1232 543 1257 autem
555 1227 664 1266 judex.

171 1288 216 1294 ·-
230 1273 259 1302 9.
276 1269 343 1300 ὅταν
363 1270 425 1311 mg?
448 1271 499 1300 τοῦ
518 1270 690 1310 τιμήματος
711 1268 743 1312 ἦ]
771 1270 838 1301 scil.

129 1315 144 1345 ἦ
161 1313 290 1353 ζήτησις.
310 1318 375 1344 tum
391 1313 459 1344 scil.
481 1323 551 1343 cum
573 1313 611 1342 de
635 1313 838 1344 aestimatione

128 1357 194 1387 litis
210 1363 330 1397 agetur,
347 1358 377 1387 in
389 1367 482 1387 cansa
493 1357 657 1396 ejusmodi,
669 1357 721 1386 nbi
736 1357 837 1388 locum

128 1400 221 1430 habet
245 1401 359 1431 mulcta
373 1401 403 1430 in
419 1410 492 1436 aere,
506 1410 566 1430 non
582 1410 672 1439 poena
688 1401 838 1439 capitalis.

170 1462 214 1467 —-
228 1444 304 1474 ibid.
321 1442 461 1485 ἀπαχθῇ]
479 1443 546 1473 scil.
557 1442 622 1484 πρὸς
638 1445 686 1474 τῆν
699 1442 839 1481 Ἡλιαίαν,

128 1492 182 1518 aut
196 1486 262 1528 πρὸς
277 1488 342 1521 τοὺς
356 1485 560 1526 θεσμοθέτας,
581 1497 623 1516 ex
646 1486 765 1517 actione
788 1489 840 1522 τῆς

129 1531 304 1570 ἀπαγωγῗὲς.

170 1592 214 1598 -—
231 1577 281 1604 10.
297 1571 507 1614 προειρημένων]
524 1573 648 1603 correxi
673 1572 838 1614 πςοειξημέ-

127 1628 176 1647 νον.
202 1617 282 1656 quod
301 1617 381 1646 idem
397 1622 444 1646 est
459 1620 550 1656 atque
562 1615 636 1650 ὄντος
649 1615 838 1657 προειρημένου

129 1660 177 1690 καὶ
201 1658 434 1701 ἀπηγορευμένον.
457 1670 526 1690 cum
546 1665 613 1690 esset
635 1661 691 1699 ipsi
713 1661 837 1690 interdi-

126 1710 218 1735 ctum.

170 1766 213 1772 ——-
227 1750 278 1778 11.
293 1747 348 1777 τῶν
357 1747 460 1788 νόμων]
474 1746 597 1777 correxi
609 1745 663 1776 ὑπὸ
673 1748 729 1777 τῶν
737 1745 837 1786 νόμων.

127 1796 252 1822 auctore
276 1792 373 1821 fretus
396 1790 463 1820 solo
486 1790 621 1830 margine
643 1790 745 1820 Lutet.
770 1791 836 1820 edi-

126 1835 231 1871 tionis,
261 1836 348 1873 eujus
375 1838 483 1864 auctor
508 1834 561 1873 qui
592 1834 696 1869 fuerit,
723 1838 837 1873 praeter

127 1878 276 1908 Wolfium
298 1878 389 1914 alius,
410 1877 527 1907 nescio.
550 1887 618 1907 nam
641 1877 835 1916 praepositio-

126 1931 197 1951 nem
224 1921 256 1950 in
284 1920 367 1950 nullo
390 1930 528 1950 meorum
551 1920 714 1956 librorum,
735 1930 834 1959 neque

126 1974 217 1994 manu
229 1963 358 2002 scripto,
369 1973 467 2002 neque
479 1962 562 2003 typis
575 1968 712 1998 exarato,
721 1963 834 2002 reperi.

127 2007 189 2037 Sed
213 2007 245 2037 in
268 2007 337 2036 loco
361 2010 466 2046 aperte
486 2006 643 2040 mendoso,
660 2016 727 2036 eum
752 2011 834 2036 esset

126 2050 206 2080 inter
219 2049 327 2080 Wolfii
340 2051 558 2089 conjecturam,
571 2053 602 2079 et
617 2049 768 2084 Salmasii‚
781 2050 834 2088 qui

125 2095 180 2123 τῶν
195 2092 333 2133 νομίμων,
348 2092 415 2122 sine
430 2092 495 2128 ὖπδ,
516 2093 635 2127 suadet,
655 2093 834 2131 optandum,

125 2137 220 2166 malui
231 2147 301 2166 cum
310 2135 425 2166 Wolfio
435 2136 549 2171 facere,
562 2137 650 2174 cnjus
661 2137 836 2175 conjectura

124 2179 256 2219 planior,
265 2178 445 2219 simplicior,
454 2183 485 2208 et
496 2179 751 2218 probabiliorest.
771 2179 834 2209 Re.

125 2223 195 2263 cepi
213 2222 285 2254 ὑπό.
309 2223 340 2252 in
355 2222 409 2252 illo
424 2221 571 2262 εἴργεσθαι
587 2223 769 2252 subauditur
780 2224 836 2252 τῶν

124 2266 229 2302 τόπων,
241 2263 271 2296 οὗ
284 2267 327 2305 μῆ
339 2267 394 2307 χρὴ
407 2265 532 2301 εἰσιέναι,
543 2275 560 2294 e
573 2265 724 2305 proximo.
747 2266 835 2296 Idem

126 2315 173 2340 est
187 2320 222 2339 ac
239 2309 266 2339 si
282 2310 433 2339 dixisset:
449 2309 474 2339 εἴ
486 2320 530 2343 τις
542 2307 668 2350 ἀπαχθῇ
679 2309 724 2339 διὰ
738 2310 834 2345 τοῦτο,

124 2351 169 2383 ὅτι
185 2350 321 2388 εἰσ-ἦλθεν,
332 2350 393 2382 δ’ποι
407 2351 450 2391 μὲ
466 2353 521 2393 χρὴ
533 2349 715 2393 εἰσ-έξχεσθαι
727 2351 834 2393 (καίτοι

125 2394 311 2438 προειρημένον
318 2393 350 2426 ’ἦν
360 2394 441 2434 αὐτῷ
452 2394 504 2425 ὑπὸ
516 2396 572 2425 τῶν
582 2395 682 2434 νόμων,
695 2394 833 2436 εἴργεσθαι

123 2439 230 2469 τούτων
244 2441 298 2469 τῶν
307 2437 417 2478 τόπων)
431 2437 500 2468 διότι
515 2437 606 2469 ἥλωκε
623 2439 774 2473 κακώσεως
787 2451 834 2477 γο-

123 2481 197 2518 νέων,
211 2481 226 2513 ἢ
241 2480 428 2522 ἆστξατείας.

167 2543 210 2549 ——
224 2526 275 2555 16.
287 2523 378 2565 ὅμοιός
392 2534 425 2563 γε
432 2523 490 2564 -]
507 2524 589 2556 Citat
600 2525 630 2555 h.
643 2525 663 2555 1.
678 2524 833 2556 Aristides

123 2579 155 2609 p.
168 2571 243 2600 202.

167 2630 211 2636 -
226 2614 278 2643 18.
294 2612 358 2646 τοὺς
372 2610 454 2646 ὄντας
474 2609 602 2645 Βελτίους
624 2610 720 2652 ποιεῖ]
729 2612 832 2645 malim

123 2656 189 2690 τοὺς
202 2654 284 2691 ὄντας
294 2656 419 2695 πονηροὺς
433 2653 562 2688 βελτίους
573 2665 615 2685 w.

166 2716 210 2722 —
221 2701 273 2730 25.
284 2696 312 2732 ὃς
326 2699 367 2728 τὶ
382 2697 437 2737 μὲν
451 2697 532 2726 ἄλλα,
547 2696 597 2738 ἐῶ]
612 2697 715 2728 malim
725 2699 766 2728 τὰ
778 2699 832 2739 γὰρ

123 2741 205 2772 ἄλλα
220 2740 267 2772 ἐῶ.
283 2746 337 2771 ant
350 2743 391 2771 τὰ
406 2739 462 2781 μὲν
475 2742 530 2781 γὰρ
544 2740 625 2770 ἄλλα
639 2740 684 2771 ἐῶ.
700 2750 766 2770 nam
777 2741 833 2780 μὲν

122 2795 205 2825 saepe
219 2784 381 2815 redundat.

166 2830 270 2859 —Q6.
283 2826 419 2869 βοηθοὺς]
435 2825 534 2866 νόμους
550 2827 623 2858 addi
638 2827 706 2857 vult
718 2826 833 2867 Taylor

122 2875 195 2910 post
209 2869 334 2905 ζοηθούς.
356 2881 416 2901 non
429 2871 630 2907 intercedam,
642 2871 766 2900 tametsi
781 2881 832 2901 ne-

125 2913 202 2951 scio,
217 2924 252 2944 nn
267 2914 336 2954 pari
354 2915 426 2954 jure
452 2923 509 2953 pro
532 2914 651 2944 scholio
674 2913 706 2943 id
730 2914 834 2944 haberi

125 2961 227 2996 queat.
250 2957 354 2996 potius
369 2957 494 2987 videtur
512 2957 682 2996 epithetum
706 2957 743 2986 ad
769 2959 836 2992 τοὺς

123 2999 310 3030 conveniens
326 2999 510 3035 desiderari,
526 3004 560 3029 nt
575 2998 706 3041 ἀρίστους
720 3004 771 3030 aut
785 3000 835 3034 βε-

122 3041 302 3077 βαιοτάτους.
324 3047 359 3074 ut
373 3044 414 3074 sit
429 3043 494 3077 τοὺς
517 3040 647 3082 ἇςίστους
663 3043 711 3074 καὶ
728 3041 835 3075 &Cato-

1509 205 1584 248 171

875 321 980 355 τάτους
997 322 1041 350 τᾱῖ
1054 321 1124 361 γήρᾳ,
1138 321 1267 355 βοηθούς.
1291 321 1343 361 qui
1359 324 1428 351 sunt
1441 319 1539 358 leges·

918 367 993 396 734.
1004 367 1034 395 6.
1046 363 1298 405 ἀπολογήσασθαι]
1313 374 1420 403 magna
1432 362 1495 392 veri
1510 369 1582 400 spe-

875 408 923 438 cie
947 408 1176 437 commendatur
1202 405 1449 444 ἀπολογήσασθαι,
1472 405 1580 434 inven-

875 456 951 486 tum,
968 451 998 480 ni
1016 451 1114 486 fallor,
1131 449 1253 484 Wolfii,
1275 454 1336 478 tum
1356 448 1507 482 Lambini,
1524 445 1582 475 nisi

873 494 924 523 hic
939 496 975 523 ab
991 495 1045 524 illo
1061 499 1166 523 mutuo
1184 492 1305 522 sumsit.
1330 502 1346 520 a
1365 492 1456 521 verbo
1475 492 1583 526 ἀπολο-

874 536 1002 577 γίζομαι,
1017 547 1163 572 enumero,
1176 544 1312 571 recenset),
1328 535 1467 563 rationem
1485 533 1584 562 reddo.

917 599 960 602 —
978 583 1033 614 20.
1058 579 1189 620 ποιῆσαι]
1215 583 1287 618 post
1312 579 1435 607 ’ποιῆσαι
1460 577 1582 605 videtur

874 624 985 654 deesse
998 623 1119 665 γράψαι,
1131 623 1179 654 vel
1197 633 1257 652 scr.
1273 631 1358 652 esse:
1378 619 1477 649 τούτου
1492 618 1584 647 ἄδειαν

874 668 1000 697 ποιῆσαι.

916 728 960 733 --
973 713 1026 742 022.
1042 710 1160 751 ἀδικεῖν]
1176 707 1297 739 correxi
1312 706 1405 737 ἀδικεῖ
1418 705 1447 736 in
1462 704 1581 734 indica-

874 753 952 789 tivo,
967 755 1088 784 tametsi
1100 753 1207 783 Wolfii
1218 753 1318 782 ἀδικῶν
1329 751 1409 780 haud
1425 747 1583 787 displicet.

916 815 959 820 —-
972 808 1043 839 pen.
1058 797 1101 833 τὸ,
1116 795 1207 836 ἡνίκα]
1223 800 1334 835 praeter
1347 804 1413 824 rem
1428 791 1585 831 improbat

873 841 972 871 Wolf.
989 841 1033 876 τὸ,
1050 842 1132 881 quod
1146 841 1255 869 bonum
1272 838 1534 878 probumquerest.
1552 835 1585 884 ir}

874 884 925 913 vel
941 894 974 914 ex
989 885 1052 923 ejus
1063 884 1192 914 audacia
1206 883 1265 913 hoc
1281 881 1414 912 maxime
1429 879 1535 912 miror,
1550 888 1584 905 το

873 927 992 966 ——pari
1014 928 1106 958 modo
1123 928 1315 966 importunus
1331 928 1379 954 est
1396 921 1534 952 Lambin.
1551 930 1582 958 p.

873 972 946 1000 735.
961 974 992 1000 1.
1014 971 1066 1000 ubi
1082 971 1250 1000 dictionem
1262 970 1340 998 bene
1351 966 1486 997 Atticam
1499 964 1583 992 ἀπει-

873 1012 965 1052 ρηκότι
978 1012 1128 1053 εἰσφέροντι
1145 1013 1192 1052 [id
1204 1017 1262 1048 est,
1277 1010 1303 1041 ἐν
1315 1010 1357 1050 τῷ
1371 1007 1517 1048 εἰσφέρειν,
1532 1006 1583 1036 vet

873 1055 919 1084 διὰ
934 1057 983 1085 τοῦ
1000 1055 1146 1096 εἰσφέρειν]
1160 1056 1250 1086 Wolf
1262 1056 1338 1084 bene
1352 1051 1538 1084 enucleavit.
1573 1092 1581 1099 ⁶

916 1100 992 1129 735.
1013 1101 1043 1129 6.
1060 1098 1147 1140 οὕτω]
1173 1099 1220 1128 sic
1244 1097 1324 1127 nude
1349 1096 1483 1136 positum
1507 1094 1583 1123 ferri

873 1146 975 1179 queat.
1000 1142 1101 1171 malim
1119 1147 1218 1172 tamen
1241 1146 1291 1170 aut
1307 1138 1379 1169 οὕτω
1393 1139 1512 1173 σκαιῶς,
1530 1141 1582 1166 aut

872 1182 945 1213 οὕτω
959 1185 1054 1223 ὠμῶς,
1070 1190 1121 1215 aut
1136 1185 1197 1215 tale
1213 1184 1287 1223 quid
1303 1183 1397 1213 aliud.

916 1245 959 1250 -—
977 1232 1027 1258 11.
1050 1231 1129 1258 κατὰ
1151 1226 1264 1266 νόμους]
1286 1225 1408 1256 correxi
1432 1225 1511 1254 κατὰ
1538 1222 1585 1252 δή·

871 1280 955 1308 μους,
970 1281 1060 1310 quam
1072 1271 1235 1301 lectionem
1247 1268 1490 1300 Valckenaerius
1509 1276 1584 1306 quo-

872 1324 930 1352 que
954 1314 1093 1353 praetulit
1115 1315 1152 1344 ad
1170 1315 1312 1344 Ammon.
1334 1323 1367 1352 p.
1389 1313 1463 1343 139.
1488 1314 1519 1339 et
1543 1309 1581 1338 ad

872 1357 1065 1388 Herodotum
1083 1370 1113 1398 p.
1128 1360 1203 1388 210.
1247 1356 1360 1386 Nescio
1385 1364 1521 1394 quoque,
1542 1362 1580 1381 an

872 1401 995 1439 probari
1018 1401 1119 1441 possit
1143 1402 1209 1431 haec
1230 1399 1370 1439 suspicio
1392 1399 1457 1431 τοὺς
1479 1396 1585 1435 δήμους

872 1444 988 1483 opponi
1015 1444 1062 1484 τῷ
1085 1444 1164 1484 δήμῳ
1188 1455 1217 1474 v.
1239 1447 1291 1474 16.
1318 1441 1477 1473 concludit
1501 1439 1581 1469 enim

872 1493 976 1518 orator
991 1498 1009 1518 a
1023 1488 1134 1518 minori
1149 1487 1186 1517 ad
1202 1488 1310 1526 majus.
1335 1486 1361 1515 si
1380 1485 1505 1524 judiees
1527 1492 1583 1521 per

871 1530 966 1560 demes
990 1531 1129 1572 singulos
1154 1541 1171 1560 a
1192 1536 1265 1560 sorte
1288 1528 1449 1559 constituti
1474 1535 1582 1556 severe

872 1574 1052 1614 puniuntur,
1068 1579 1180 1614 quanto
1196 1573 1298 1603 minus
1313 1571 1386 1602 ferri
1408 1574 1513 1611 potest
1528 1578 1582 1597 eos

871 1627 963 1656 poena
979 1617 1114 1653 liberari,
1130 1618 1156 1647 si
1172 1617 1224 1657 qui
1245 1620 1388 1656 peccent,
1404 1613 1456 1653 qui
1476 1612 1582 1651 populi

871 1662 1002 1691 universi
1016 1661 1169 1691 voluntate
1183 1659 1335 1690 functioni
1354 1657 1474 1687 cuidam
1500 1665 1580 1695 prae-

872 1703 1020 1734 ficiantur.
1044 1705 1242 1744 magistratus
1265 1712 1320 1742 per
1343 1705 1457 1731 sortem
1481 1698 1584 1728 obtin-

871 1752 979 1786 gentes
995 1752 1081 1778 erant
1102 1748 1154 1784 iis,
1176 1747 1228 1787 qni
1253 1746 1375 1776 delectu
1401 1750 1432 1773 et
1455 1741 1580 1781 optione

870 1790 1075 1827 deferrentur,
1090 1792 1186 1821 multo
1202 1789 1415 1829 ignobiliores,
1431 1786 1461 1816 in
1478 1785 1579 1814 causis

870 1835 1073 1868 versabantur
1101 1834 1285 1869 levioribus,
1314 1836 1346 1862 et
1375 1830 1580 1861 emolumenta

870 1876 1040 1907 afferebant
1056 1879 1153 1908 multo
1168 1877 1301 1907 minora.

911 1937 955 1943 -—-
978 1923 1030 1950 1⁶2.
1057 1921 1186 1962 πολλῶν]
1215 1925 1288 1960 post
1316 1919 1428 1947 πολλῶν
1455 1914 1581 1945 videtur

869 1964 1052 2003 πραγμάτων
1073 1965 1192 1994 abesse.

911 2024 955 2028 —
971 2010 1022 2037 14.
1039 2006 1122 2048 εῖναι]
1142 2011 1213 2047 post
1237 2005 1304 2036 εἶναι
1329 2004 1452 2034 videtur
1478 1999 1579 2041 κυρίαν,

866 2055 975 2085 rutam,
988 2050 1105 2081 deesse.

912 2110 956 2115 —-
969 2094 1021 2124 25.
1038 2092 1133 2134 ἀξίαν]
1158 2101 1231 2132 post
1255 2090 1336 2131 ἀξίαν
1351 2090 1478 2120 videtur
1498 2097 1578 2127 pnn-

869 2139 951 2166 ctum
968 2146 1037 2166 esse
1053 2137 1241 2176 ponendum,
1256 2140 1286 2165 et
1307 2139 1380 2174 post
1395 2132 1444 2163 καὶ
1465 2132 1580 2161 adden·

869 2178 941 2209 dum
954 2179 1017 2220 γάρ.

913 2223 987 2252 736.
1002 2225 1033 2254 3.
1051 2223 1073 2252 εἰ
1089 2221 1230 2263 ςούλσιτο]
1248 2221 1314 2253 scil.
1331 2220 1342 2250 ὃ
1359 2218 1455 2253 λαβὼν
1468 2216 1515 2248 ἐπ’
1528 2216 1579 2246 αἰ·-

869 2266 984 2306 τοφώςω
999 2266 1045 2296 καὶ
1062 2266 1250 2306 δικαζόμενος.
1505 2303 1512 2309 .

912 2309 1038 2340 ——ibid.
1049 2311 1091 2349 τῷ
1103 2309 1126 2340 δ’
1137 2308 1295 2349 ἁλόντι-]
1311 2317 1414 2338 eorum
1425 2307 1581 2352 convicto,

869 2353 910 2382 ob
934 2363 1002 2392 quae
1028 2354 1100 2383 data
1123 2358 1155 2388 et
1178 2362 1327 2382 concessa
1346 2354 1395 2380 est
1417 2359 1435 2378 a
1458 2347 1580 2386 legibus

869 2396 1025 2426 abductio.
1048 2397 1150 2426 locum
1165 2396 1248 2426 hunc
1261 2394 1354 2433 legis,
1371 2404 1388 2422 a
1403 2391 1515 2421 Solone
1536 2390 1579 2438 la—

869 2443 920 2475 tae,
949 2440 1176 2470 Demosthenes
1203 2435 1491 2477 interpolationibus
1513 2443 1582 2472 qui-

868 2482 997 2512 busdam
1015 2483 1078 2513 suis
1091 2482 1232 2512 variavit.

910 2543 954 2549 ·-—
971 2527 1022 2555 12.
1045 2526 1141 2568 αὐτῷ]
1163 2523 1234 2555 αὐτὸ
1249 2523 1349 2554 malim
1366 2532 1434 2552 cum
1452 2522 1528 2551 Bav-

910 2587 953 2592 —-
971 2570 1025 2599 ult.
1048 2568 1128 2608 ᾤμην
1158 2569 1210 2598 δεῖν
1221 2567 1277 2608 -—]
1302 2565 1491 2597 constructio
1516 2563 1581 2591 haec

867 2616 932 2642 est:
950 2611 1030 2652 ᾤμην
1044 2611 1090 2642 τὸν
1101 2611 1304 2652 νομοθετοῦντα
1319 2609 1380 2649 περὶ
1393 2611 1448 2638 τῶν
1462 2605 1583 2654 μελλίν-

867 2666 924 2684 των
937 2654 1061 2685 ἔσεσθαι
1077 2655 1130 2686 δεῖν
1143 2655 1306 2696 νομοθετεῖν
1314 2652 1375 2694 περὶ
1385 2651 1504 2687 τούτων,
1515 2648 1581 2678 scil.

866 2695 909 2728 οἷα
925 2698 968 2728 δεῖ
981 2703 1039 2729 etc.

910 2744 984 2772 737.
1013 2745 1066 2773 ΞΟ.
1095 2742 1194 2783 μέγα]
1232 2741 1301 2771 scil.
1327 2740 1353 2770 εἴ
1379 2751 1426 2773 τις
1449 2735 1581 2769 fiscanna,

865 2782 986 2825 ἐχρῶντο
1001 2784 1066 2827 ὄργῇ
1079 2787 1207 2826 μεγάλῃ.
1223 2790 1371 2815 etrursus
1386 2779 1483 2822 μικρὸν
1497 2777 1522 2807 εἴ
1534 2788 1580 2825 τις

864 2826 978 2868 ἥμαξτέ
992 2840 1035 2865 τι,
1047 2828 1096 2858 καί
1110 2829 1206 2870 μικςᾷἕ
1216 2827 1254 2869 τῇ
1269 2826 1334 2867 ὄςγῖῐ
1348 2825 1479 2866 ὲχξῶντο.
1519 2820 1582 2868 Mi-

867 2872 1016 2902 nucianus
1039 2883 1068 2912 p.
1085 2875 1160 2903 148.
1183 2882 1254 2901 cum
1274 2871 1375 2900 locum
1399 2868 1479 2896 hunc
1502 2873 1582 2915 reci-

867 2918 975 2950 tasset,
991 2915 1212 2954 interpretandi
1230 2913 1329 2952 gratia
1345 2909 1469 2948 subjicit
1483 2918 1489 2935 z
1513 2916 1580 2945 ειρη-

868 2968 920 2988 ται
936 2957 965 2988 δὲ
982 2957 994 2987 ὅ
1010 2957 1090 2996 λόγος
1113 2958 1172 2998 περὶ
1193 2959 1244 2990 τῆς
1263 2955 1310 2985 ἐπὶ
1329 2955 1389 2988 τοῖς
1411 2950 1583 2990 ἀδικήματα

868 2998 956 3040 ὅξγῐίς.
978 3002 1126 3041 significat
1142 3001 1196 3030 hac
1212 3000 1348 3032 dictione,
1364 2996 1480 3025 modum
1492 3002 1583 3042 pu’me

869 3045 1010 3084 cujusque
1025 3045 1107 3074 modo
1121 3044 1220 3076 delicti
1234 3042 1373 3081 my'nsque
1387 3037 1569 3078 respondes&
