1931 3322
466 464 944 521 HIERONYMI
989 462 1279 517 WOLFII

546 583 637 630 AD
675 579 1207 629 ANNOTATIONES

288 696 408 764 IN
470 697 524 764 I.
591 692 1443 764 OLYNTHIACAM

614 821 1129 866 PROLEGOMENA.

192 1064 327 1104 ΛΟΓΟΣ]
349 1064 471 1094 verbale
487 1074 607 1099 nomen,
631 1066 791 1094 orationem
816 1064 858 1093 si-

149 1109 282 1145 gnificat,
292 1113 321 1137 et
332 1109 442 1137 fontem
455 1107 598 1137 orationis
606 1109 758 1137 rationem.-
772 1109 858 1146 cujus

151 1151 236 1180 verbi
250 1151 432 1189 significatio
442 1151 590 1180 latissime
606 1157 699 1190 patet,
711 1161 857 1189 usumque

148 1195 226 1232 apud
256 1194 434 1223 Ciceronem
462 1200 491 1223 et
515 1194 592 1223 alios
618 1194 742 1223 Latinos
767 1195 859 1223 habet

147 1237 361 1275 multiplicem,
376 1242 408 1265 ut
422 1237 498 1266 illust
516 1238 598 1276 apud
615 1239 763 1267 Graecos:
787 1237 858 1277 defi-

148 1281 288 1310 ’titionem
304 1280 376 1309 item
403 1285 433 1310 et
455 1290 584 1316 causam,
613 1281 733 1319 aliaque
758 1281 858 1319 plura,

148 1334 215 1361 quae
242 1323 385 1362 persequi
418 1324 512 1353 nostri
548 1324 679 1353 instituti
715 1334 773 1353 nnn
800 1329 857 1353 est.

146 1367 229 1396 Illud
246 1372 345 1396 tamen
362 1367 519 1396 studiosos
535 1372 640 1396 tenere
652 1367 755 1401 velim,
772 1372 816 1402 ut,
833 1367 859 1396 si

147 1410 332 1448 couipendio
346 1410 383 1438 ad
400 1411 514 1439 Graecae
531 1410 643 1449 linguae
654 1410 858 1447 cognitionem

147 1453 308 1491 pervenire
324 1453 464 1491 eupiunt,
488 1454 602 1492 primas
627 1453 766 1491 origines
792 1463 857 1481 ver-

148 1497 254 1525 borum
273 1496 411 1525 studiose
425 1496 594 1535 inquirant:
619 1496 788 1535 primitivis
804 1496 858 1525 de-

147 1539 248 1568 rivata
278 1539 370 1578 (libet
398 1539 476 1568 enim
505 1540 580 1568 artis
613 1539 773 1568 vocabulis
800 1538 860 1575 uti)

147 1582 317 1621 composita
347 1582 542 1621 simplicibus
569 1582 743 1620 subjiciant,
767 1587 798 1611 et
821 1583 858 1611 ab

147 1625 195 1654 his
211 1626 247 1654 ad
270 1626 322 1654 illa
338 1626 512 1664 respiciant.
558 1626 689 1655 Omnino
706 1627 782 1654 enirn
798 1631 859 1654 sta-

147 1669 293 1698 tuendum
302 1674 359 1704 est,
370 1670 587 1698 vocabulorum
599 1669 657 1698 alia
670 1680 738 1698 esse
750 1669 858 1707 prima,

152 1722 208 1741 nec
222 1712 344 1741 aliunde
357 1712 441 1742 oriri.
465 1713 536 1742 Alia
551 1723 624 1742 vero
639 1723 656 1741 a
674 1713 780 1751 primis
796 1712 859 1741 illis

150 1756 236 1794 quasi
252 1756 389 1785 fontibus
406 1756 561 1785 derivari:
587 1761 620 1785 ut
645 1766 662 1785 a
688 1758 727 1791 vi,
754 1756 859 1795 primi-

148 1799 226 1834 tivo,
250 1798 314 1828 fieri
338 1799 459 1828 videtur
474 1801 566 1840 vigeo,
592 1800 666 1837 vitu,
690 1807 720 1828 et
738 1802 793 1833 vir,
822 1810 859 1828 eo

149 1842 231 1880 quod
249 1842 366 1871 viribus
384 1848 509 1881 praestet
523 1843 655 1876 mulieri,
668 1853 755 1880 quam
773 1843 861 1880 quasi

151 1885 274 1914 mollem
298 1894 397 1914 aerem
414 1886 477 1914 dici
493 1886 607 1915 volunt.
653 1885 859 1921 Quamobrem

151 1928 242 1957 etiam
266 1928 380 1966 majore
405 1938 474 1957 cum
497 1928 587 1958 venia
610 1929 754 1957 mulieres
773 1929 859 1957 volu-

149 1971 225 2010 ptati
236 1975 268 2000 et
284 1970 372 2009 nugis
388 1981 510 2010 operam
522 1972 595 2001 dare
611 1976 750 2010 possunt.
769 1971 863 2007 Quod

152 2014 179 2044 si
196 2023 299 2043 verum
316 2018 363 2043 est
383 2015 436 2055 (nt
459 2025 516 2054 per
541 2025 589 2044 ine
606 2015 731 2053 qnidem
756 2025 861 2043 verum

151 2056 221 2092 erit,
242 2066 299 2086 nec
315 2056 396 2086 enim
422 2058 472 2088 his
495 2059 534 2088 de
559 2059 652 2087 rebus
679 2068 863 2097 magnopere

148 2100 272 2141 laboro)
297 2100 414 2130 Graecis
440 2101 548 2131 eodem
571 2102 664 2132 modo
682 2101 741 2131 erit
755 2101 828 2142 ἀνὴρ,
851 2101 863 2131 ὅ

149 2143 205 2172 ἄνω
219 2144 280 2184 ἇῆς,
290 2142 323 2172 id
337 2148 396 2179 est,
412 2147 612 2184 super-im‘aer,
628 2155 686 2174 non
703 2154 789 2184 aqnae
801 2150 863 2174 ter-

149 2197 262 2226 raeque,
291 2191 324 2216 ut
350 2187 521 2224 muliebris,
553 2189 608 2218 sed
634 2188 699 2227 igni
724 2192 755 2218 et
785 2188 862 2218 caelo

149 2229 280 2260 vicinus.
331 2230 389 2260 Est
405 2230 498 2270 igitur
515 2231 584 2268 viri,
600 2231 755 2270 despectis
770 2233 862 2261 rebus

150 2273 292 2309 terrenis,
319 2274 379 2303 alte
407 2279 559 2314 spectare,
588 2280 619 2304 et
647 2274 776 2314 originis
798 2285 861 2304 snae

149 2316 340 2346 meminisse:
357 2322 390 2346 nt
405 2318 445 2347 sit
459 2329 567 2348 revera
575 2317 723 2360 ἄνθρωπος,
733 2318 790 2347 hoc
803 2323 862 2353 est,

150 2359 206 2389 ἄνω
220 2358 328 2400 τρέπων
343 2358 419 2390 ὦπα.
438 2372 528 2400 quam
545 2362 686 2392 Platonis
713 2362 862 2400 etymolo-

150 2403 232 2441 giam
248 2408 280 2432 et
295 2403 531 2443 disputationem
557 2406 595 2435 de
620 2416 677 2436 usu
692 2405 862 2440 oculorum,

153 2445 285 2489 Ovidius
305 2446 462 2484 eleganter
477 2448 623 2487 exposuit
635 2449 682 2478 his
700 2448 860 2478 versibus:

193 2515 375 2553 “Pronaque
388 2525 456 2544 cum
473 2521 614 2556 spectent
624 2516 765 2546 animalia
773 2521 864 2546 caete-

323 2567 357 2586 ra
373 2564 496 2595 terrani,

196 2601 242 2631 Os
271 2600 384 2631 homini
411 2603 542 2632 sublime
565 2602 665 2638 dedit,
690 2603 862 2643 coelnmque

327 2646 434 2675 videre

195 2687 310 2724 Jussit,
347 2695 378 2719 et
409 2694 528 2719 erectos
556 2689 592 2718 ad
626 2689 728 2719 sidera
756 2690 863 2720 tollere

327 2732 463 2763 vultus.”

156 2793 263 2822 Altera
292 2793 422 2823 nominis
456 2792 617 2832 ἀνθρώπου,
648 2792 741 2827 ratio,
774 2803 862 2831 quam

155 2835 243 2865 ass'ert
259 2836 360 2872 Plato,
373 2836 418 2866 ὅτι
431 2835 549 2876 ἀναὲρεῖ
559 2836 578 2865 ἃ
594 2835 710 2870 ὄπωπε,
729 2836 864 2874 philoso-

155 2879 308 2918 phandum
329 2890 396 2909 esse
412 2885 527 2914 monet,
543 2884 574 2909 et
589 2891 624 2908 ea
645 2879 866 2909 consideranda

155 2932 222 2959 qnae
239 2921 367 2953 videris.
388 2924 412 2952 A
431 2924 492 2952 niro
507 2922 667 2952 descendit
682 2923 785 2956 virens,
802 2928 866 2951 tuni

155 2964 236 3002 quod
254 2964 282 2993 in
301 2966 367 2995 viro
383 2966 575 3004 potissimum
602 2966 780 3005 reperiatur.
804 2971 865 2994 tum

152 3008 235 3047 qnod
263 3007 360 3038 virum
387 3009 519 3038 maxime
544 3009 668 3039 deceat:
694 3009 723 3038 id
739 3010 818 3048 quud
838 3014 867 3039 ct

892 1063 980 1103 Virg.
993 1064 1118 1093 innuere
1136 1062 1270 1096 videtur,
1287 1060 1334 1090 his
1352 1059 1474 1090 verbis:

935 1131 1068 1161 “Multa
1094 1130 1153 1159 viri
1175 1130 1274 1160 virtus
1298 1129 1412 1163 animo,
1431 1128 1607 1166 multus-quo

1065 1179 1204 1203 recursat

937 1217 1047 1247 Gentis
1064 1215 1234 1246 bonos.—’'

893 1277 946 1306 Sic
971 1277 1042 1310 παῖς
1067 1275 1257 1314 primitivum
1282 1278 1348 1304 esto
1372 1274 1487 1313 (neque
1514 1274 1607 1310 enim,

893 1320 1014 1349 tametsi
1032 1319 1135 1358 pueri,
1147 1318 1216 1348 mali
1228 1318 1408 1357 praesertim,
1427 1318 1607 1346 verberibus

893 1374 960 1392 cum
976 1363 1085 1402 primis
1096 1369 1216 1401 egeant,
1229 1361 1274 1390 vel
1288 1371 1305 1390 a
1315 1359 1392 1390 παίω
1408 1361 1528 1390 formari
1542 1371 1606 1389 ore-

894 1406 1036 1441 diderim,
1056 1406 1102 1436 vel
1126 1416 1143 1434 a
1159 1404 1272 1445 ωαίζω,
1287 1405 1344 1434 etsi
1368 1404 1449 1433 ludis
1474 1410 1503 1432 et
1518 1405 1608 1442 nugis

894 1450 1030 1489 gaudent
1047 1449 1152 1488 pueri:
1179 1449 1278 1487 magis
1295 1448 1397 1486 placet
1420 1447 1514 1476 παῖδα.
1532 1447 1607 1476 dicit

893 1494 983 1532 quasi
1007 1491 1098 1522 Caedit:
1123 1502 1222 1530 neque
1240 1491 1342 1520 Graeci
1365 1499 1395 1520 et
1412 1491 1525 1525 Latini,
1541 1490 1607 1519 sive

892 1542 990 1574 recte,
1000 1537 1066 1566 sive
1084 1540 1272 1574 arroganter,
1290 1535 1422 1572 linguam
1442 1544 1526 1562 suam
1545 1534 1609 1563 He-

894 1580 983 1609 braeis
996 1586 1150 1619 acceptam
1163 1579 1324 1613 referunt).
1343 1579 1439 1606 Abeo
1449 1577 1607 1606 derivatur

894 1625 1021 1652 verbum
1038 1622 1176 1653 παιδεύω,
1194 1632 1210 1650 a
1227 1632 1286 1659 quo
1303 1620 1427 1654 παιδεία,
1445 1618 1606 1658 παίδευμα,

893 1664 1050 1701 παίδευσις,
1063 1666 1227 1699 παιδευτὴς,
1239 1664 1437 1702 παιδευτέςιον.
1449 1663 1609 1699 παιδευτὲς,

893 1709 1086 1743 παιδευτικόςε
1111 1709 1183 1738 item
1200 1706 1486 1746 παιδίον,ωαιδ;ἱς-ιεν,
1502 1707 1608 1736 παιδει-

893 1753 997 1793 ριώδης.
1016 1751 1165 1787 παιδίσκη,
1193 1751 1306 1784 παιδιὰ,
1331 1750 1470 1785 παιδικὲν,
1496 1749 1609 1791 παίζω;

894 1803 984 1835 atque
993 1796 1053 1829 alia
1062 1795 1233 1835 composita
1241 1799 1272 1824 et
1284 1795 1422 1823 derivata
1437 1795 1609 1832 complura,

893 1850 962 1878 quae
992 1850 1155 1869 recensere
1177 1838 1251 1868 nihil
1281 1838 1400 1867 attinet.
1456 1837 1606 1876 Equidem

895 1883 1140 1921 superstitionem
1168 1892 1226 1911 non
1251 1881 1358 1920 probo,
1385 1887 1416 1909 et
1439 1881 1478 1909 de
1505 1880 1609 1910 multis

895 1926 1040 1961 dubitari,
1067 1926 1204 1964 primane
1235 1925 1296 1953 sint
1328 1934 1362 1952 an
1395 1923 1551 1952 derivata:
1577 1923 1608 1952 in

896 1968 1013 2004 multis,
1043 1969 1100 1998 etsi
1126 1967 1266 1997 derivata
1291 1977 1357 1996 esse
1375 1972 1532 2005 appareat,
1557 1976 1607 1995 eo-

898 2022 962 2041 rum
985 2018 1083 2041 tamen
1109 2011 1256 2049 originem
1284 2021 1341 2039 non
1368 2010 1486 2038 ostendi
1514 2019 1607 2048 posse

898 2055 1010 2084 video:
1036 2055 1109 2094 quid
1134 2060 1234 2083 tamen
1260 2059 1341 2083 vetat
1366 2053 1476 2082 intueri
1502 2053 1607 2088 verba,

898 2104 928 2128 et
952 2099 1080 2128 scrutari
1109 2103 1243 2127 naturam
1275 2107 1379 2126 eorum
1406 2095 1548 2125 subtilius
1579 2101 1610 2125 et

897 2141 1086 2172 accuratius?
1125 2140 1293 2180 praesertim
1332 2150 1422 2178 quum
1454 2139 1610 2178 diligenti,

897 2196 954 2215 nec
969 2196 1094 2224 prorsus
1109 2185 1225 2220 hebeti,
1239 2189 1269 2213 et
1285 2185 1403 2212 Graecae
1421 2182 1532 2221 linguae
1550 2193 1608 2211 non

897 2228 1002 2268 ignaro
1018 2228 1227 2266 grammatico,
1249 2226 1325 2256 tales
1347 2226 1540 2264 etymologiae
1563 2227 1609 2255 nl-

897 2277 945 2302 tro
961 2282 1030 2302 sese
1045 2272 1184 2302 offerant.
1214 2271 1294 2300 Nam
1311 2270 1448 2298 derivata
1464 2269 1608 2308 pleraque

899 2315 1011 2356 primas
1021 2316 1129 2345 saltem
1139 2314 1272 2354 syllabas
1283 2313 1447 2352 primorum
1462 2312 1606 2347 retinent,

898 2365 929 2388 et
954 2359 1023 2398 ipsa
1052 2369 1119 2389 cum
1143 2357 1354 2388 terminatione
1379 2360 1442 2384 tum
1471 2355 1609 2385 multitu·

898 2402 968 2432 dine
981 2403 1168 2441 syllabarum
1187 2411 1255 2430 sese
1269 2401 1332 2430 fere
1346 2399 1491 2438 produnt.
1508 2398 1609 2438 Sylva,

897 2456 956 2481 sus,
967 2445 1076 2488 sagus,
1092 2455 1168 2480 mus,
1189 2454 1206 2473 a
1224 2444 1354 2478 Graecis,
1371 2442 1434 2477 ὅλη,
1451 2439 1492 2476 ὗς,
1508 2441 1608 2480 φηγές,

897 2490 967 2528 μῦς,
985 2489 1129 2519 veniunt:
1152 2487 1273 2517 militoa
1287 2487 1396 2516 milite:
1413 2485 1493 2514 miles
1506 2490 1607 2515 autem

899 2532 1039 2562 fortassis
1063 2543 1080 2562 a
1105 2531 1194 2560 mille.
1213 2540 1268 2560 nec
1287 2530 1367 2560 enim
1387 2529 1474 2567 pauci
1491 2529 1608 2557 consti-

899 2580 987 2606 tuunt
1010 2577 1126 2614 justum
1155 2573 1338 2604 exercitum.
1386 2571 1491 2611 Lepus,
1521 2572 1607 2611 quasi

899 2619 1018 2657 levipes:
1041 2628 1124 2654 cura,
1140 2628 1177 2647 eo
1199 2617 1281 2656 quod
1304 2627 1352 2646 cm·
1372 2621 1453 2644 urat.
1478 2614 1610 2654 Jupiter,

888 2663 1004 2700 juvans
1015 2666 1111 2701 puter.
1137 2660 1238 2696 Luna,
1255 2670 1273 2690 a
1288 2659 1422 2690 lucendo.
1455 2658 1513 2694 Sol,
1531 2668 1546 2687 a
1565 2669 1607 2687 sn-

899 2706 1025 2735 litudine
1045 2705 1112 2744 (alii
1128 2705 1288 2739 audacius,
1306 2704 1385 2741 quod
1403 2713 1496 2741 super
1508 2701 1610 2729 omnia

899 2749 1010 2784 luceat,
1023 2749 1137 2778 dictum
1150 2746 1283 2786 volunt).
1312 2745 1440 2779 Maior-s,
1454 2745 1534 2783 quod
1548 2755 1609 2772 ma-

899 2802 959 2831 gna
971 2797 1076 2822 vmtat.
1090 2790 1346 2828 Gradiuus.quasi
1357 2795 1504 2829 grassator
1512 2787 1608 2815 dirus.

902 2835 982 2866 Dens
997 2846 1014 2864 a
1036 2834 1105 2869 δέος,
1123 2836 1202 2864 unde
1219 2833 1308 2864 Statii
1335 2835 1515 2870 Dapaneus:
1542 2829 1608 2858 Pri-

901 2889 980 2914 muS,
1007 2879 1114 2917 inquit,
1146 2879 1175 2908 iu
1199 2879 1271 2907 orbe
1301 2876 1378 2905 deos
1403 2874 1475 2902 fecit
1506 2873 1608 2902 timor.

903 2923 1010 2960 Neque
1044 2932 1114 2951 sane
1149 2920 1192 2950 dii
1220 2925 1368 2951 veterum,
1390 2917 1608 2946 benefaciendo

903 2966 1000 3003 magis
1023 2976 1110 3004 quam
1136 2964 1272 2994 nocendo
1291 2963 1350 2990 vim
1374 2970 1457 2988 suani
1475 2959 1610 2988 declara-

904 3010 993 3038 bant:
1019 3009 1099 3048 quod
1124 3008 1236 3037 utinam
1264 3005 1418 3034 hominum
1439 3012 1526 3033 nemo
1543 3002 1611 3031 inii-
