1997 3323
377 202 430 243 68

375 307 436 338 loci
453 314 770 340 commemorarentur.
787 316 817 340 et
837 321 854 340 a
876 321 935 349 quo
958 310 1081 349 legendi

371 357 456 381 erant
469 351 582 391 legati?
597 358 784 389 asenatu,an
798 365 813 383 3
823 354 936 393 plebe‘!
958 364 975 382 a
988 354 1080 393 plebe

370 394 487 433 utique.
502 406 575 435 ergo
590 396 676 436 plebs
691 407 811 436 quoque
827 397 993 427 concienda
1005 403 1079 426 erat

369 446 399 465 v.
414 447 444 475 p.
456 440 529 470 250.
545 442 595 469 10.
613 440 758 480 πρυτάνεις
771 440 817 470 καὶ
828 439 984 480 στρατηγοὶ
997 438 1079 480 ἒχςη-

368 480 504 518 μάτισαν
519 481 603 523 [acta
617 483 645 513 in
661 484 817 517 concione,
833 482 942 521 quibus
958 483 1018 522 ipsi
1034 484 1078 512 in-

369 523 559 562 terfuissent,
573 527 612 555 ad
633 531 781 562 senatum,
799 526 850 564 qui
874 527 902 555 in
927 527 1012 555 curie
1032 537 1077 555 re-

367 567 539 605 mansisset,
553 569 739 609 retulerunt]
762 572 802 598 τὰ,
817 568 848 598 ἐκ
863 571 914 604 τῆς
928 567 1080 604 ἐκκλησίας

367 609 562 648 ἀνενεγκόντες,
577 610 619 641 δ’τι
634 611 705 650 ἔδοξε
718 612 761 649 τῷ
771 612 850 651 δήμῳ
863 612 1005 652 [populo‚
1021 623 1079 642 non

367 653 502 694 senatui]
519 653 648 694 πςὲσζεις
663 653 778 685 ἑλέσθαι
791 654 855 695 πρός
869 654 1016 685 Φίλιππον.
1033 655 1078 684 vi-

369 705 434 725 sum
451 697 549 727 fuisse
573 698 700 737 populo,
720 702 752 728 ut
775 699 866 737 legati
894 699 932 727 ad
957 698 1077 738 Philip-

366 749 438 778 pum
456 741 597 770 mittendi
609 741 817 779 deligerentur
829 741 861 780 [a
874 747 979 771 senatu
992 747 1076 782 puta,

367 783 549 813 auctoritate
566 784 625 822 ipsi
643 794 660 813 a
677 784 792 823 populo
809 784 977 824 delegata]

408 844 451 848 —-
467 829 518 858 ⁶24.
541 825 600 868 ὅτι]
623 828 653 856 id
675 832 734 862 est,
755 826 843 867 {goiim
837 839 869 862 ν,
893 827 938 857 ὅτι
952 845 996 850 --
1011 839 1077 858 cer-

365 868 460 899 tiores
485 871 598 900 faciant
623 871 811 911 Philippum,
834 870 978 909 populum
1003 871 1077 901 Ath.

365 912 405 942 nil
433 923 501 942 esse
523 914 740 947 incusatorum,
759 914 784 942 si
805 923 908 943 errore
926 913 992 942 haec
1016 914 1078 943 sint

363 956 507 985 admissa.
520 967 549 986 v.
568 957 695 986 Krebsii
708 958 743 986 V.
762 958 796 986 C.
809 958 941 986 Decreta
956 956 1077 986 Flavia—

364 1009 402 1029 na
419 999 623 1029 Romanorum
637 1010 692 1039 pro
707 1000 837 1030 Judaeis.

407 1060 449 1066 —
464 1044 517 1073 26.
531 1043 554 1072 εἴ
569 1042 597 1077 δέ
610 1054 637 1072 τι
653 1043 902 1083 πλημμελοῦντα]
927 1043 1006 1072 idem
1031 1048 1079 1073 est

362 1090 453 1123 atque
470 1086 494 1114 si
511 1086 601 1125 plene
615 1086 660 1115 sic
674 1086 824 1116 dixisset:
845 1087 867 1116 εἰ
884 1086 913 1116 δὲ
928 1085 1077 1125 Ἀμύντας

361 1129 460 1157 ταῦτα
468 1128 599 1159 πεποίηκε
611 1128 656 1159 τᾶν
665 1129 863 1169 Λεωδάμαντα
871 1129 966 1163 λαβὼν
972 1135 1075 1169 πλημ-

361 1172 507 1209 μελοῦντά
518 1184 547 1202 τι
564 1177 622 1202 etc.
639 1171 726 1212 ἔξοῦσι
742 1174 785 1212 τῷ
801 1172 997 1212 Φιλίππῳ,ἕ’τι
1015 1171 1074 1203 ἐπι-

360 1213 450 1251 σκεψ.
462 1233 514 1244 --.

406 1259 590 1288 250.1.καῖ
613 1259 698 1289 τοῦτο
721 1259 833 1300 γράψαι
856 1258 959 1299 λέγειν]
984 1259 1075 1298 plana

362 1299 427 1330 baec
454 1305 485 1331 et
514 1312 586 1331 sana
610 1308 691 1338 sunt,
714 1304 806 1333 modo
829 1307 978 1339 teneatur,
1003 1307 1073 1342 apta

360 1353 430 1373 esse
451 1355 490 1374 ex
508 1344 582 1383 ἔδοξε
605 1346 647 1384 τῷ
668 1346 759 1386 δήμῳ,
778 1346 876 1376 visum
897 1346 954 1376 fuit
977 1346 1072 1385 plebi,

360 1386 462 1425 λέγειν,
483 1393 517 1418 ut
538 1394 590 1418 aut
608 1379 686 1428 ipsa,
702 1395 754 1419 aut
775 1400 814 1419 ex
839 1389 936 1429 ipsius
951 1390 1073 1429 delega-

359 1429 441 1459 tione
472 1437 607 1467 senatus,
638 1432 748 1470 legatis
778 1431 961 1472 profecturis
991 1432 1074 1462 inter

358 1472 418 1502 alia
447 1475 588 1505 mandata
613 1475 705 1505 etiam
735 1476 792 1505 hoc
830 1476 998 1511 mandaret,
1024 1476 1072 1505 καὶ

357 1517 443 1546 τοῦτο
472 1517 595 1557 γράψαι,
626 1524 657 1548 ut
685 1519 790 1558 legati,
817 1519 1072 1558 quemadmodum

357 1559 426 1589 aliis
442 1560 481 1590 de
505 1562 612 1596 rebus,
636 1562 679 1591 ita
696 1562 834 1601 inprimis
858 1563 895 1592 de
919 1562 974 1591 hac
997 1573 1072 1602 quo-

358 1613 418 1641 que
435 1604 465 1634 S.
483 1605 519 1633 P.
534 1607 570 1643 Q.
588 1606 626 1634 A.
641 1615 698 1644 per
717 1606 824 1635 literas
846 1617 862 1635 e
889 1606 1072 1636 Macedonia

354 1646 516 1676 certiorem
532 1649 679 1678 facerent.

398 1707 442 1712 -
457 1692 488 1721 5.
507 1688 680 1732 Ἀςιστοφῶν
695 1709 737 1714 ——-
751 1689 806 1721 εῖτ’
820 1690 994 1732 Ἀριστοφῶν
1013 1692 1070 1721 πά-

355 1732 414 1774 λιν]
432 1733 499 1763 scil.
514 1734 591 1764 alter
603 1735 865 1771 eratAzaniemis,
879 1734 954 1764 alter
964 1735 1070 1774 Colyt-

355 1777 462 1806 tensis.
478 1788 505 1807 v.
516 1777 553 1806 ad
569 1788 615 1808 vs.
629 1780 681 1808 18.

398 1836 442 1842 —
457 1818 664 1861 ’7.ψήφισμα]
691 1821 787 1850 multa
811 1831 878 1850 cum
903 1821 974 1857 sint,
1000 1831 1068 1860 quae

355 1863 499 1893 vocabuli
513 1862 658 1904 ψήφισμα
675 1865 703 1894 11.
720 1865 740 1894 1.
754 1870 892 1894 tueantur
904 1865 1068 1894 auctorita-

353 1909 428 1942 tem,
445 1917 503 1936 non
520 1908 703 1937 immorabor
727 1907 767 1937 iis
790 1908 996 1947 proferendis,
1016 1918 1068 1937 ue-

354 1959 413 1987 que
429 1950 507 1980 enim
525 1951 581 1980 boc
597 1961 676 1980 nunc
692 1961 762 1990 ag0‚
779 1957 813 1980 ut
823 1951 944 1989 Taylori
961 1951 1068 1990 lapsus

353 1998 455 2022 notem
468 1993 575 2034 (erunt
589 2000 660 2031 post
673 2005 719 2024 me
733 2005 788 2023 non
803 1994 906 2033 pauci,
919 1994 972 2033 qui
987 1994 1066 2024 invi-

352 2036 433 2065 diam
460 2037 548 2075 hujus
571 2047 672 2076 operm
698 2038 780 2067 haud
803 2037 1011 2073 reformident,
1036 2042 1067 2067 et

351 2089 419 2108 cum
437 2085 560 2110 cernant
577 2091 641 2116 eOS,
659 2085 723 2110 tum
739 2081 992 2120 reprehendant),
1003 2085 1066 2117 aut,

352 2122 406 2151 ubi
424 2123 539 2159 fecero,
557 2124 640 2152 velut
658 2124 866 2164 pudibundus,
883 2124 981 2153 tribus
997 2135 1066 2153 ver-

350 2164 408 2200 bis,
440 2166 551 2200 obiter,
582 2166 642 2196 viri
672 2177 782 2196 nomeu
804 2167 918 2201 celans,
939 2167 1064 2196 faciam:

349 2207 408 2238 hoc
420 2219 511 2238 unum
527 2209 683 2248 attingam,
699 2209 849 2248 Βούλευμα
864 2220 1014 2248 nunquam
1028 2220 1065 2239 eo

351 2262 441 2282 sensu
467 2253 496 2282 in
526 2252 610 2282 curia
626 2253 731 2282 Attica
753 2253 849 2282 fuisse
873 2259 1064 2292 usurpatum,

350 2305 439 2334 quem
462 2306 584 2325 sensum
602 2296 715 2335 Taylor
729 2296 790 2334 ipsi
805 2296 930 2334 affingit,
945 2296 1013 2326 scil.
1031 2302 1065 2326 ut

349 2339 391 2367 sit
419 2340 576 2368 decretum
602 2345 733 2375 senatus,
760 2340 871 2368 factum
897 2340 1062 2368 secundum

348 2389 484 2420 rogatam
514 2382 692 2412 concionem
716 2382 818 2422 plebis
846 2382 972 2420 ejusque
1000 2383 1062 2412 col-

348 2424 428 2454 lecta
444 2425 597 2464 suffragia,
614 2427 651 2455 ad
669 2425 898 2465 exsequendum
919 2426 962 2462 id,
978 2426 1061 2465 quod

347 2468 482 2506 populus
499 2469 649 2498 voluisset
665 2469 924 2509 atquejussisset.

390 2529 432 2534 —
445 2514 498 2542 10.
509 2511 610 2546 Βουλῆς
623 2513 736 2553 γνώμῃ]
758 2512 788 2541 id
805 2516 864 2547 est,
879 2512 929 2542 σὺν
945 2511 985 2554 τῇ
996 2513 1062 2550 γνώ-

345 2566 391 2595 μῃ
407 2556 458 2588 τῆς
474 2554 585 2588 βουλῆς.
600 2565 668 2584 cum
689 2556 777 2585 venia
793 2560 823 2585 et
838 2565 914 2594 pace
929 2561 1063 2591 senatus,

346 2597 532 2628 assentiente
549 2603 579 2627 et
593 2598 715 2628 volente
731 2603 846 2628 senatu.

389 2658 432 2663 —
449 2644 499 2672 102.
515 2640 587 2679 ἔδοξε
604 2641 647 2679 τῷ
662 2641 741 2681 δημῳ
767 2640 899 2681 πρέσβεις
923 2640 1059 2682 ἑλέσθαι]

346 2684 378 2713 id
396 2688 454 2719 est,
469 2683 542 2722 ἔδοξε
565 2696 606 2722 τῳ
630 2684 750 2723 δήμῳ,’
740 2685 906 2724 εωιτξὲπειν
920 2696 956 2725 τῃ
974 2685 1062 2726 βουλῇ

346 2725 380 2756 τὸ
395 2726 527 2768 πρέσβεις
542 2726 678 2763 ἑλέσθαι,
692 2739 739 2756 και
758 2728 791 2757 τὸ
806 2728 892 2757 δουναι
909 2727 1004 2762 αὐτοις
1022 2727 1062 2757 ἒν-

343 2771 444 2804 τολίις.

390 2831 430 2836 -
446 2817 494 2843 14.
509 2816 549 2844 τὰ
568 2812 596 2842 ἐκ
614 2815 664 2846 τῆς
680 2812 760 2842 ἑκκλ.
775 2812 975 2853 ψηφίσματα]
993 2813 1060 2843 scil.

342 2856 550 2895 ἄνενηνεγμὲνα.
569 2857 623 2886 sed
641 2867 781 2895 quorsum
799 2857 871 2886 addi
886 2857 994 2895 legatis
1010 2857 1061 2885 illa

344 2901 449 2930 volunt
464 2900 639 2939 plebiscita,
657 2900 681 2930 si
699 2900 729 2929 in
746 2899 808 2929 illis
825 2911 924 2939 neque
941 2899 1002 2938 ipsi
1017 2900 1060 2928 le-

341 2943 404 2982 gati
429 2943 594 2983 nuncupati
619 2947 714 2978 erant,
737 2953 834 2981 neque
858 2942 998 2972 mandata
1021 2943 1058 2972 ad

340 2986 522 3026 Philippum
547 2986 705 3017 referenda
724 2986 969 3017 continebantur.
985 2996 1058 3024 qua-

340 3035 467 3069 propter
483 3030 573 3060 etiam
601 3030 684 3061 vices
706 3029 862 3060 literarum
887 3029 1059 3059 credentia-

752 200 786 244 Ι.
810 202 846 243 Ι.
865 200 1089 243 REISKE
1121 200 1453 245 ANNOTATA

1115 308 1190 339 lium
1207 320 1313 349 gerere
1330 322 1387 341 non
1404 316 1553 351 poterant.
1597 311 1692 342 Hunc
1715 312 1830 343 nodum

1115 363 1174 382 non
1191 354 1325 383 resolvo.

1157 413 1200 417 —-
1214 399 1263 426 17.
1281 396 1447 447 πρυτανεία]
1459 397 1493 427 id
1509 402 1567 434 est,
1581 396 1717 440 ἐπράχθη
1727 410 1827 430 ταυτα

1114 449 1139 467 ἓν
1155 450 1190 469 ‘TU
1206 437 1365 479 πρυτανεία.

1157 499 1200 504 —
1215 485 1264 512 18.
1285 481 1458 523 Ἀριστοφῶν
1477 485 1636 516 Κολυττευς
1651 483 1773 525 πρόεδρος
1787 483 1828 515 εἴ·

1115 525 1187 565 ww]
1205 535 1261 554 non
1278 526 1421 555 videntur
1437 525 1502 555 baeo
1519 527 1594 555 bene
1608 527 1688 557 inter
1703 538 1736 557 se
1753 538 1826 557 con-

1114 569 1229 597 venire.
1252 570 1287 598 In
1302 569 1383 597 tribu
1399 568 1680 607 Hippothoontide‚
1697 580 1754 599 non
1765 571 1827 600 Co-

1113 610 1210 649 lyttus
1227 617 1286 648 est,
1300 612 1354 641 sed
1366 611 1492 641 Azania.
1541 612 1633 641 Error
1645 623 1718 652 ergo
1733 619 1780 643 est
1794 613 1826 643 in

1112 655 1282 690 Κολυττεὺς,
1304 655 1386 694 quod
1406 665 1474 684 cum
1489 652 1630 694 Ἀζανιεῖις
1646 662 1691 685 est
1710 662 1828 686 mutan-

1112 697 1185 726 dum
1201 708 1267 727 nam
1285 698 1425 737 profecto
1443 697 1593 738 prohedro
1609 698 1708 728 tribus
1731 699 1826 729 alicu-

1107 741 1159 778 jus
1174 751 1231 770 non
1249 741 1362 771 licebat
1376 751 1393 770 e
1405 741 1495 771 demo
1512 751 1592 777 esse,
1611 743 1648 772 ab
1669 742 1722 771 illa
1743 742 1826 773 tribu

1113 793 1237 823 prorsus
1253 785 1362 814 alieno.

1154 844 1198 848 -—-
1213 827 1291 857 ibid.
1303 827 1394 867 εἶπεν]
1411 831 1484 866 post
1500 825 1575 857 ειπεν
1593 827 1682 857 addit
1696 829 1777 868 Aug.
1795 832 1826 859 1.

1112 867 1259 910 ψίιφισμα
1274 881 1329 909 pro
1351 871 1451 900 titulo.
1471 874 1554 900 recte
1569 880 1655 906 vero,
1673 872 1704 901 ni
1724 872 1825 902 fallor.

1112 912 1290 950 designatur
1319 914 1395 943 illud
1423 912 1580 952 ψηφισμα,
1603 925 1663 953 quo
1690 915 1826 954 populus

1111 955 1228 985 senatui
1253 956 1293 985 de
1313 966 1346 985 se
1370 960 1554 995 potestatem
1575 957 1749 996 delegabat,
1772 969 1826 988 seu

1111 997 1286 1028 facultatem
1313 999 1413 1035 dabat,
1436 999 1555 1037 legatos
1579 1000 1616 1029 ad
1646 1001 1824 1040 Philippum

1112 1041 1280 1072 mittendos
1296 1041 1453 1082 deligendi
1463 1041 1673 1082 mandatisque
1685 1054 1826 1075 necessa-

1109 1084 1164 1113 riis
1180 1084 1359 1115 instruendi.

1153 1130 1227 1158 251.
1241 1131 1272 1158 4.
1297 1126 1433 1168 φαίνεσθε
1454 1126 1512 1167 —-]
1536 1128 1656 1158 malim:
1689 1128 1826 1168 φαίνεσθε

1108 1172 1225 1212 μεγάλῃ
1237 1171 1349 1211 εὐηθείᾳ
1364 1170 1552 1212 συνέχεσθαι,
1563 1176 1614 1202 aut
1629 1170 1794 1214 ἐνέχεσθαι.

1151 1232 1195 1237 —
1209 1218 1240 1246 5.
1254 1214 1309 1245 εἴτ’
1322 1214 1430 1255 οἴεσθε]
1442 1215 1563 1244 correxi
1575 1215 1599 1244 εἶ
1612 1215 1716 1245 οἴεσθε.
1729 1227 1825 1256 quan-

1108 1268 1196 1295 quam
1221 1259 1399 1288 maluissem
1425 1257 1497 1287 mihi
1520 1258 1613 1288 licere
1637 1259 1728 1288 edere
1747 1261 1773 1290 ⁵2¹
1795 1259 1824 1299 γ’

1108 1299 1204 1331 οἴεσθε.
1249 1301 1433 1331 Particulam
1448 1299 1504 1339 μὲν
1524 1301 1555 1330 13
1569 1301 1627 1331 tine
1646 1312 1754 1331 versus
1769 1304 1826 1333 ad-

1108 1343 1185 1374 didi.
1216 1345 1384 1384 respondet
1413 1344 1484 1374 huic
1513 1342 1568 1383 μὲν
1599 1345 1761 1384 insequens
1792 1346 1822 1376 δὲ

1109 1397 1198 1416 versu
1216 1390 1247 1418 8.

1149 1447 1191 1453 —
1204 1434 1234 1462 8.
1251 1430 1430 1465 βοηθήσοντα
1446 1429 1492 1471 δὲ]
1509 1434 1581 1469 post
1594 1429 1773 1463 Βοηθήσοντα
1791 1431 1820 1462 δὲ

1107 1483 1189 1511 aegre
1213 1475 1277 1504 fero
1300 1473 1369 1513 ἕςγῳ
1390 1475 1512 1509 abesse,
1534 1474 1718 1504 conveniens
1742 1486 1822 1515 prae-

1107 1517 1201 1547 misso
1215 1517 1356 1558 πρόφασιν
1368 1516 1432 1556 μέν.

1147 1577 1192 1583 —
1209 1563 1260 1591 16.
1281 1557 1494 1601 συντετάχθαι]
1511 1560 1633 1598 praetuli
1654 1560 1821 1592 συντετελέ-

1105 1600 1172 1633 σθαι
1188 1614 1205 1632 e
1225 1604 1388 1634 Bavarico
1419 1608 1554 1643 poteram
1581 1613 1702 1642 quoque
1723 1616 1823 1636 συντε-

1106 1646 1226 1676 λεῖσθαι
1241 1658 1258 1677 e
1275 1646 1448 1676 Felicianea
1464 1646 1619 1685 praeferre.
1651 1647 1678 1676 E
1696 1647 1821 1687 vulgata

1105 1689 1236 1719 lectione
1247 1687 1443 1731 συντετάχθαι
1457 1689 1583 1728 colligo,
1591 1690 1619 1719 in
1629 1694 1818 1721 vetustorum

1105 1732 1250 1763 librorum
1273 1733 1453 1774 quibusdam
1474 1737 1633 1763 exaratum
1649 1732 1744 1763 fuisse
1756 1746 1820 1765 συν-

1103 1776 1277 1817 τετεῧχθαι,
1309 1787 1325 1806 3
1348 1777 1444 1807 verbo
1471 1774 1644 1818 συντεύχειν,
1675 1778 1822 1813 condere,

1103 1825 1294 1856 construere,
1325 1819 1571 1849 commachinari.
1625 1818 1818 1858 Similitudo,

1103 1872 1171 1900 quae
1195 1863 1224 1892 in
1247 1863 1342 1893 Mstis
1358 1862 1477 1893 Graecis
1502 1862 1582 1891 inter
1607 1875 1626 1891 α
1653 1868 1684 1892 et
1705 1873 1733 1892 ευ
1756 1869 1816 1900 est,

1101 1906 1303 1936 creberrimos
1315 1916 1435 1936 errores
1452 1905 1625 1944 hujusmodi
1641 1907 1772 1945 peperit.

1142 1966 1186 1971 —
1199 1950 1274 1979 ibid.
1291 1948 1305 1981 ἢ
1320 1950 1394 1990 τοῖς]
1424 1949 1455 1978 id
1481 1955 1540 1983 est,
1561 1947 1576 1979 ἢ
1596 1948 1629 1978 τὸ
1653 1951 1714 1982 τοῖς
1745 1956 1815 1981 Σηλ.

1100 1989 1250 2028 ξοηθῆσαι,
1266 1993 1395 2022 subaudi
1413 1991 1538 2026 ἑαυτοὺς,
1552 1996 1604 2021 ant
1619 1992 1708 2031 ὑμᾶς.
1724 2016 1726 2019 ,

1143 2053 1184 2058 ——
1199 2038 1250 2066 17.
1266 2036 1314 2065 καὶ
1331 2033 1594 2076 ὑπολαμέάνουσιν]
1612 2036 1770 2066 cohaerens
1787 2041 1820 2066 et

1099 2078 1166 2116 pari
1183 2089 1285 2109 secum
1306 2079 1356 2109 filo
1379 2079 1545 2108 decurrens
1560 2079 1656 2109 oratio
1680 2079 1818 2118 postula-

1099 2122 1152 2151 bat
1175 2121 1443 2162 ὑπολαμβανόντων.
1465 2131 1559 2160 quare
1582 2122 1734 2160 suspicor,
1761 2124 1817 2163 γᾶς

1100 2164 1219 2195 deesse.
1236 2177 1284 2195 και
1293 2177 1346 2206 γαρ
1358 2166 1442 2195 ὑπολ.
1458 2165 1569 2194 etenim
1581 2170 1748 2194 autumant.

1142 2225 1185 2230 —-
1199 2211 1250 2238 ⁶20.
1264 2207 1328 2248 πρὸς
1344 2208 1436 2248 ημᾶς]
1452 2207 1576 2237 correxi
1592 2207 1658 2248 πρὸς
1670 2208 1757 2247 ὑμας.
1774 2209 1813 2238 ad

1100 2260 1159 2285 me,
1177 2251 1366 2291 Philippum,
1386 2261 1532 2289 meosque
1555 2250 1681 2286 amieos,
1698 2255 1729 2280 et
1742 2262 1815 2290 por-

1099 2297 1147 2322 tus
1158 2300 1215 2324 etc.
1231 2300 1315 2324 eraut
1328 2294 1406 2324 enim
1423 2295 1460 2323 ab
1472 2294 1629 2335 Amynta*
1621 2305 1652 2324 111
1664 2295 1815 2325 Macedn-

1097 2336 1177 2366 niam
1193 2337 1336 2367 deducta.

1141 2378 1561 2422 251.19.ταῧθ’ὑπάςχειν]
1585 2380 1688 2410 malim
1713 2381 1813 2410 ‘rami-ci

1095 2421 1128 2452 θ’
1150 2423 1297 2466 ὑπάρχειν.

1138 2471 1249 2497 -22.
1265 2465 1405 2507 ἐξετάζειν
1421 2477 1587 2517 πανταχου,
1603 2465 1687 2501 οὔδεις
1701 2466 1812 2508 ἀγνοεῖ]

1096 2511 1199 2540 malim
1220 2511 1266 2540 sic
1293 2510 1411 2540 exarari
1429 2514 1519 2550 atque
1536 2509 1814 2549 13131ρ311ἕ1.ἐξε-

1096 2553 1202 2594 τάζειν,
1224 2557 1280 2584 τῶν
1305 2555 1458 2594 πανταχοῦ
1483 2553 1568 2588 οὐδεὶς
1590 2552 1689 2590 ἀγνοεῖ.
1713 2552 1812 2582 homi-

1096 2607 1178 2632 num,
1209 2601 1360 2636 quotquot
1386 2606 1514 2636 usquam
1547 2601 1694 2626 terrarum
1730 2600 1811 2632 sunt,

1096 2651 1184 2670 nemo
1197 2641 1327 2679 ignorat.

1139 2702 1180 2706 —
1198 2686 1248 2714 24.
1265 2685 1343 2724 παρα
1357 2694 1400 2713 σοι
1417 2680 1568 2722 κατέλυον]
1593 2680 1809 2719 Hermogenes

1097 2729 1210 2765 12956.
1229 2738 1339 2768 σχημα
1354 2724 1468 2765 σφοδρον
1481 2724 1514 2754 τὸ
1528 2727 1606 2754 κατα
1617 2724 1809 2764 ἀποστροφήν.

1097 2781 1155 2799 οιον·
1185 2772 1264 2810 παρὰ
1293 2782 1336 2799 σοι
1364 2768 1512 2804 κατέλυον,
1537 2768 1672 2809 Αἰσχίνη,
1697 2767 1744 2796 και
1771 2779 1809 2797 συ

1097 2813 1248 2862 πξουξένεις
1264 2813 1365 2842 αυτῶν.
1381 2812 1453 2841 item
1469 2821 1499 2850 p.
1517 2812 1591 2841 306.
1612 2812 1662 2839 ubi
1686 2810 1808 2849 qnaerit,

1097 2857 1172 2886 sitne
1207 2857 1374 2896 ἀποστροφὴ
1405 2854 1575 2889 methodus,
1600 2864 1636 2882 an
1674 2853 1810 2883 schema.

1097 2910 1124 2938 q
1119 2900 1298 2938 iodcunque
1314 2903 1375 2934 est,
1388 2898 1441 2933 ait,
1457 2899 1512 2926 τῶν
1521 2895 1667 2926 ποιούντων
1678 2894 1744 2925 ἐστι
1759 2896 1808 2926 και

1095 2942 1167 2973 αὐτὴ
1183 2942 1277 2982 γοξγόν
1291 2941 1337 2971 τὸν
1360 2940 1448 2978 λόγον,
1462 2939 1510 2969 καὶ
1525 2940 1677 2978 μάλιστα,
1692 2938 1715 2969 εἶ
1731 2949 1809 2969 συνε-

1093 2987 1156 3026 χῶς
1171 2985 1286 3023 γένοιτο.
1301 2987 1315 3016 ἣ
1331 2995 1386 3024 γας
1400 2982 1608 3035 μετάβασις,“
1599 2994 1613 3013 n
1628 2983 1670 3012 νῦν
1681 2980 1738 3034 μὲν
1759 2979 1807 3012 ἔπι

1094 3039 1157 3062 τους
1169 3028 1319 3064 δικαστὰς,
1335 3028 1377 3058 νῦν
1391 3025 1435 3057 δ”
1425 3037 1474 3058 επι
1487 3037 1533 3057 τον
1543 3022 1710 3063 ἀντίδικον,
1698 3037 1713 3056 ο
1726 3024 1810 3055 ὁντιν-
