1964 3323
348 185 428 227 136

342 292 432 322 blicae
446 292 707 324 animadvertendi
722 293 869 324 minuere.
899 293 1054 324 Sententia

344 340 409 365 est:
434 337 585 367 Convenit
598 347 652 367 vos
668 337 698 367 in
714 347 803 376 poena
819 347 836 366 a
852 338 952 367 Midia
966 347 1053 376 repe-

344 378 450 413 tenda,
466 384 496 409 et
508 379 537 410 in
551 390 609 419 ope
621 379 695 410 mihi
709 380 842 416 ferenda,
860 380 984 419 gratiam
997 380 1053 410 mi-

343 421 376 450 hi
392 422 507 452 referre
521 433 577 462 pro
592 433 658 453 mea
672 423 724 452 illa
739 434 810 461 erga
826 434 880 453 vos
897 424 1053 453 voluntate

344 471 434 503 atque
448 467 617 496 reverentia
630 473 739 496 vestrae
753 468 932 505 majestatis,
945 467 995 505 qui
1008 467 1053 495 in-

342 513 463 547 tegrum
474 509 511 538 de
524 509 613 539 hoste
623 520 690 539 meo
699 510 862 548 judicium,
873 510 1053 548 plenamque

343 552 410 590 ejus
432 552 603 582 ulciscendi
625 557 808 591 potestatem
825 553 914 582 vobis
930 553 1053 583 fecerim

341 600 433 634 atque
459 596 691 630 reservaverim,
718 606 815 634 neque
842 595 974 635 privata,
999 596 1054 626 sed

342 637 467 676 publica
483 649 553 668 eum
571 639 688 668 actione
704 638 759 668 sim
775 639 954 668 insectatus.

383 698 426 703 -
437 685 487 712 14.
504 681 634 722 Εὔθυνον]
649 692 756 711 nomen
769 683 909 712 Graecum
924 692 981 712 non
995 685 1055 717 est,

341 724 394 753 sed
413 724 555 764 Εὔθυμον.
582 726 780 763 Euthymuul,
792 735 881 763 quem
894 725 943 755 hic
958 725 1055 754 nomi-

342 771 395 797 nat
412 773 524 802 orator,
544 778 604 797 non
624 767 721 806 magis
741 768 824 803 novi,
841 778 928 806 quam
945 768 1055 807 Sophi-

340 810 415 839 lum.
440 810 495 840 sed
518 811 575 840 hoc
597 810 668 841 novi
685 811 871 850 Euthymum
894 821 974 845 esse,
996 821 1055 840 non

342 853 530 893 Euthynum.
569 854 689 884 tametsi
715 854 753 883 ab
779 863 883 883 errore
912 854 1055 889 Meursii,

340 906 431 935 quem
447 896 560 936 Taylor
575 897 713 927 meritum
736 896 910 935 castigavit,
930 896 1055 926 multum

342 941 459 969 absum.

384 1000 425 1004 ——
439 984 489 1012 15.
506 982 569 1023 καῖ]
586 982 699 1012 sustuli
714 982 752 1011 de
765 981 970 1020 meojudicio.
987 992 1055 1012 nam

342 1025 416 1055 alias
442 1025 573 1055 obscura
595 1031 643 1055 est
659 1025 755 1055 oratio
776 1029 806 1055 et
829 1025 940 1062 hiulca,
956 1032 989 1056 ut
1004 1036 1055 1055 ne-

343 1068 436 1103 scias,
453 1068 521 1107 quis
538 1079 626 1107 quem
641 1068 799 1103 occiderit,
811 1069 982 1107 Euthymus
998 1069 1056 1099 So-

342 1111 473 1150 philum,
488 1121 526 1140 an
542 1111 591 1141 hio
606 1112 703 1142 illum.
733 1112 796 1142 Sed
813 1112 986 1151 Euthymus
999 1112 1057 1142 So-

344 1154 458 1193 philum
476 1155 615 1193 peremit.

386 1215 427 1219 -—
445 1199 498 1227 18.
519 1196 606 1232 οὕτως
620 1196 690 1238 ἰδίᾳ]
706 1198 784 1228 bene
800 1198 891 1227 habet
906 1197 1001 1233 οὕτως,
1018 1198 1057 1229 de

345 1250 406 1279 quo
431 1240 496 1270 sine
520 1251 611 1270 causa
632 1241 690 1270 fuit
712 1241 896 1271 dubitatum.
918 1243 950 1271 in
971 1247 1057 1276 coetu,

345 1284 395 1312 vel
417 1289 558 1314 conventu
578 1284 701 1324 quodam
723 1294 798 1314 mere
815 1285 940 1323 privato,
956 1286 1058 1323 cujus-

345 1326 429 1355 modi
444 1327 556 1356 multos
580 1337 598 1356 a
612 1327 715 1357 multis
735 1328 842 1357 haberi
861 1327 960 1357 solere
980 1328 1059 1357 inter

347 1375 436 1399 notos
455 1374 486 1400 et
501 1370 676 1406 familiares,
698 1381 784 1400 nemo
801 1371 908 1401 nescit.
932 1371 1059 1401 mirifica

346 1417 394 1442 est
410 1413 457 1442 vis
474 1413 620 1453 leposque
636 1414 793 1453 particula:
810 1412 897 1448 οὕτως
909 1414 990 1453 apud
1003 1415 1059 1443 At-

346 1455 440 1492 ticos,
453 1466 510 1495 pro
526 1458 568 1486 sic
577 1457 673 1496 plane,
689 1467 775 1491 mere,
787 1466 915 1495 prorsus,
931 1458 1060 1493 omnino,

345 1497 528 1535 nihilaliud,
539 1500 921 1539 quam—.Concluditsic:
939 1500 1060 1537 Errant,

347 1542 400 1580 qui
416 1543 627 1572 contumeliam
647 1543 676 1572 in
693 1543 761 1573 loco
783 1543 909 1582 publico
926 1553 982 1582 per
996 1553 1059 1573 me-

346 1595 410 1614 ram
427 1586 614 1625 proterviam
625 1586 718 1616 alicui
734 1587 921 1626 adspersam,
939 1592 971 1617 ut
986 1586 1059 1616 mihi

345 1627 418 1664 suit,
441 1640 497 1667 pro
522 1639 556 1658 re
577 1628 640 1658 levi
663 1634 694 1658 et
715 1629 811 1659 inulto
829 1629 1062 1660 transmittenda

346 1670 469 1701 habent.
492 1676 595 1712 potest
616 1672 771 1702 enimvero
792 1683 826 1702 ea
844 1683 967 1712 magnas
991 1683 1059 1711 per-

347 1715 536 1744 turbationes
561 1720 592 1744 et
613 1715 695 1745 diras
724 1716 914 1745 calamitates
942 1716 1060 1745 cousci-

348 1767 444 1788 scere.
473 1758 588 1798 Injuria
602 1758 632 1787 in
647 1763 727 1788 coetu
743 1758 906 1788 amicorum
922 1764 1061 1798 accepta,

348 1801 397 1830 cui
410 1801 515 1837 coetui,
528 1806 638 1840 praeter
652 1802 765 1831 amicos
779 1802 955 1838 familiares,
972 1812 1060 1832 nemo

346 1844 477 1880 intersit,
492 1844 592 1874 videri
605 1849 725 1884 poterat
737 1845 917 1881 tolerabilis,
929 1851 959 1875 et
972 1846 1061 1875 venia

346 1893 437 1926 atque
457 1888 612 1917 oblivione
632 1888 735 1927 digna.
780 1888 935 1928 Sophilum
959 1893 1060 1918 tamen

347 1940 384 1960 ea
400 1931 444 1961 sic
459 1931 636 1966 commovit,
648 1936 683 1961 ut
698 1931 783 1961 caede
796 1931 984 1970 aggi-essoris
994 1942 1060 1961 eam

347 1973 557 2004 ulcisceretur.
603 1975 726 2011 Quanto
740 1974 843 2014 itaque
856 1975 969 2013 majora
982 1975 1062 2004 mala

346 2027 404 2056 par
419 2023 467 2047 est
480 2019 626 2057 consequi
641 2017 781 2056 injuriam
798 2018 828 2046 in
846 2018 914 2047 loco
935 2018 1061 2057 publico

347 2059 417 2090 etin
430 2065 512 2091 coetu
523 2060 771 2101 frequentissimo
779 2061 879 2093 datam
890 2066 1061 2102 acceptam·

345 2113 417 2142 que.

389 2163 432 2168 —
449 2149 500 2176 21.
518 2145 646 2188 Βοιωτὸν]
663 2155 722 2180 non
735 2146 856 2177 videtur
868 2147 899 2176 h.
914 2147 937 2176 1.
952 2157 1062 2177 nomen

347 2188 507 2228 proprium
523 2199 591 2219 esse
604 2191 687 2230 (nam
711 2200 748 2219 ex
768 2190 836 2230 ipso
854 2191 1062 2221 Demosthene

347 2237 478 2268 constat,
503 2233 706 2263 Athenienses
731 2232 893 2263 nonnullos
919 2234 1061 2270 Boeotos,

346 2275 468 2306 nomine
480 2277 606 2315 proprio
618 2286 687 2306 esse
702 2275 899 2315 appellatos),
911 2277 966 2306 sed
979 2287 1060 2306 com-

347 2328 439 2348 mune
469 2319 577 2360 gentis.
615 2318 765 2349 hominem
797 2318 941 2358 aliquem,
972 2324 1062 2359 gente

348 2362 500 2392 Boeotum.
513 2363 568 2392 sed
580 2362 681 2402 possit
693 2367 791 2392 tamen
804 2372 854 2392 res
864 2367 970 2392 contra
981 2373 1062 2392 esse.

391 2407 466 2437 538.
482 2408 533 2435 14.
557 2406 607 2435 καὶ
622 2403 709 2435 ταῦτ’
723 2405 762 2440 εἰς
777 2404 861 2436 οἰκίαν
876 2405 984 2447 ἐλθὼν]
1009 2407 1063 2436 ad-

347 2447 394 2478 dit
410 2450 607 2486 Augustanus
621 2447 731 2479 ’έωαθεν
745 2454 816 2488 post
830 2459 938 2479 vocem
955 2459 1063 2479 secun-

347 2491 427 2520 dam.
451 2492 532 2530 quod
547 2492 687 2531 equidem
704 2493 783 2522 haud
799 2497 905 2532 putem
921 2501 1063 2523 necessa*

347 2534 438 2564 rium.
456 2535 544 2564 Conf.
559 2546 590 2575 p.
603 2536 677 2566 545.
688 2537 741 2565 20.
764 2536 867 2566 Multo
879 2535 1003 2575 gravior
1016 2540 1064 2566 est

346 2576 459 2616 injuria
480 2578 561 2607 domi
579 2589 642 2609 sure
665 2579 798 2617 aliquem
821 2579 949 2615 violare,
972 2589 1062 2619 quam

347 2620 408 2650 alio
424 2619 453 2649 in
477 2620 554 2650 loco.
579 2632 638 2660 quo
662 2623 759 2660 majus
786 2626 850 2651 erat
872 2624 982 2652 Boeoto
1000 2623 1065 2661 jus,

348 2663 515 2693 Evaeonem
532 2664 724 2699 verberandi,
739 2664 790 2703 qui
807 2666 843 2694 ad
858 2676 890 2695 se
904 2665 986 2695 domi
1000 2676 1063 2695 suae

348 2707 508 2736 sedentem
520 2712 551 2736 et
565 2717 633 2737 cum
650 2707 755 2737 amicis
767 2712 922 2746 potantem
934 2709 1064 2748 irrupis-

349 2754 397 2779 set
410 2749 490 2779 haud
508 2755 646 2786 vocatus,
662 2760 828 2790 pacemque
845 2762 929 2781 suam
945 2754 1064 2782 turbas-

349 2797 407 2823 set.
434 2792 543 2822 Midiae
557 2795 719 2831 autemjus
737 2794 850 2823 nullum
869 2799 933 2824 erat
950 2797 1063 2825 Demo—

348 2836 486 2866 sthenem
504 2836 696 2866 verberandi.
733 2837 958 2868 Demosthenes
982 2838 1063 2868 enim

349 2889 418 2908 eum
444 2889 504 2909 nou
524 2879 706 2916 violaverat,
733 2891 830 2929 neque
852 2881 939 2917 foris,
964 2892 1063 2920 neque

350 2921 444 2952 domi.

392 2982 435 2987 —
451 2966 502 2996 23.
520 2964 567 2995 καὶ
584 2965 683 3000 πᾶσιν,
700 2965 779 2999 εἴτις
794 2966 873 3005 aim-qo
887 2964 1063 3006 Cessohenusv]

348 3006 431 3037 idem
454 3013 503 3039 est
521 3018 556 3040 ac
574 3008 600 3039 si
615 3009 763 3040 dixisset:
788 3009 835 3040 καὶ
855 3011 956 3048 πᾶσιν,
969 3009 1066 3044 οἷ’τινες

728 183 764 226 Ι.
788 182 823 225 Ι.
845 183 1069 228 REISKE
1100 187 1431 232 ANNOTATA

1087 292 1199 328 ἑαυτοῖς
1213 291 1425 331 &Constitue-w,
1439 294 1466 326 εἴ
1475 305 1546 330 τινες
1559 294 1678 327 τοιοῧτοι
1687 294 1801 336 yrycive-

1086 348 1127 366 σι.
1152 338 1279 376 perinde
1303 342 1351 368 est
1375 338 1584 381 ἀτιμαζομένων
1608 339 1739 379 legatur,
1761 350 1799 370 an

1086 378 1307 420 ἀτιμαζόμενος.
1331 382 1461 420 praet’ero
1477 388 1576 413 tamen
1595 382 1744 412 dativum.

1129 425 1238 452 -24,
1261 423 1370 454 δοκοῦσι
1385 423 1414 454 δέ
1428 436 1479 465 μοι
1490 424 1663 466 -ωολλοη
1681 425 1801 455 scilicet

1087 466 1206 495 veniam
1223 467 1349 496 Evaeoni
1363 467 1497 498 dedisse.

1130 510 1204 539 539.
1219 511 1250 539 4.
1272 510 1315 549 τῷ
1335 520 1368 548 γε
1385 509 1419 538 τὸ
1441 510 1546 552 σῶμα]
1569 520 1629 541 non
1644 510 1797 551 improbo.

1086 552 1164 581 bene
1180 552 1222 581 sic
1239 554 1345 583 Graece
1366 552 1490 583 dicitur.
1512 553 1613 583 malim
1632 558 1732 584 tamen
1755 554 1800 592 τᾷἰ

1086 593 1115 633 γ’
1137 593 1164 628 ἒς
1186 594 1218 624 τὸ
1240 598 1340 637 σῶμα.
1363 606 1395 626 v.
1415 607 1446 636 p.
1471 597 1545 627 5¹72.
1568 599 1620 627 ⁶21.
1642 597 1694 627 ubi
1709 597 1806 628 Wolf

1087 638 1239 677 vulgatam
1257 639 1408 674 emendat,
1424 639 1538 679 Taylor
1553 638 1702 670 defendit.

1129 699 1173 704 —
1189 685 1239 712 10.
1264 682 1310 712 οὐκ
1324 681 1421 723 αὐτὸν]
1446 683 1649 713 Marklandus
1663 683 1732 713 vult
1745 681 1802 724 οὐχ

1086 724 1180 760 αὑτὸν,
1195 726 1279 763 quod
1294 727 1436 756 Graecum
1452 737 1511 756 nnn
1527 730 1585 756 est.

1131 785 1172 790 -—
1187 772 1236 798 11.
1251 770 1333 808 μετὰ
1348 781 1400 804 τκς
1413 768 1507 811 ὀργῆς]
1522 769 1624 799 malim
1635 778 1693 809 pro
1706 769 1803 809 μετὰ,

1087 809 1205 851 μεστδν,
1219 813 1341 850 plenum
1355 814 1528 843 iracundia>-

1131 871 1174 877 -
1189 857 1241 885 15.
1266 854 1331 895 πςός
1348 855 1505 896 ἀλλήλους]
1528 859 1601 894 post
1623 853 1688 895 πρὸς
1709 853 1802 885 ἀλλή-

1088 900 1152 930 λους
1161 896 1302 936 suspicor
1316 899 1422 928 deesse
1433 897 1544 930 πείθοιμ’
1533 897 1652 936 εγένετο,
1664 899 1744 929 unde
1756 907 1804 928 ex-

1088 940 1205 969 stiterit.

1131 999 1175 1006 —-
1192 984 1242 1013 16.
1251 981 1382 1031 νομίζειν
1396 984 1467 1025 γᾶς]
1485 983 1614 1013 subaudi
1630 994 1647 1013 e
1662 983 1803 1023 praemis—

1089 1023 1132 1054 sis
1148 1026 1224 1064 ὑμᾶς
1239 1024 1331 1067 οἶμαι.
1355 1027 1495 1057 videmim
1513 1027 1590 1056 enim
1604 1026 1677 1057 mihi
1693 1036 1740 1056 vos
1761 1027 1804 1056 ita

1088 1069 1262 1099 existimare.

1132 1130 1174 1134 -—
1187 1115 1237 1142 ⁶26.
1255 1113 1289 1147 ὡς
1302 1111 1363 1153 περὶ
1377 1112 1532 1154 τετάρτην]
1548 1111 1670 1142 correxi
1687 1111 1806 1153 ὡσπεςεὶ

1089 1156 1239 1196 τετάρτην,
1262 1156 1305 1185 nil
1327 1166 1435 1186 curans
1450 1156 1614 1195 Taylorum
1635 1155 1805 1195 obloquen-

1089 1203 1163 1228 tem.
1185 1199 1328 1238 exempla
1341 1199 1421 1229 enim
1437 1199 1525 1230 affert
1537 1198 1734 1229 alienissima.

1132 1258 1175 1264 —
1187 1242 1243 1272 ult.
1258 1240 1369 1282 ἐκεῖνος]
1380 1241 1606 1281 Thrasyloehus
1614 1246 1707 1281 puta3
1723 1241 1805 1282 quod

1091 1294 1200 1314 nomen
1223 1286 1325 1315 statim
1349 1286 1417 1324 ipse
1445 1285 1531 1315 addit
1555 1290 1668 1321 orator,
1693 1284 1806 1314 erroris

1091 1329 1286 1366 praecavendi
1301 1339 1386 1368 ergo.
1408 1328 1520 1358 frustra
1533 1328 1649 1370 Taylor
1665 1328 1735 1358 huic
1750 1338 1806 1358 vo-

1091 1372 1200 1401 cabulo
1215 1372 1244 1400 h.
1262 1372 1282 1401 l.
1298 1376 1403 1402 movet
1417 1371 1668 1424 controversiam.
1691 1371 1807 1401 Midias

1091 1424 1150 1443 non
1167 1419 1215 1443 est
1229 1413 1335 1450 ἐκεῖνος,
1349 1415 1404 1444 sed
1420 1425 1508 1447 ουτος.

1135 1457 1352 1488 54Ο.1.ὑτσό
1374 1457 1493 1499 τούτου]
1513 1455 1604 1486 facile
1626 1455 1725 1497 patiar
1747 1455 1810 1488 ὖωό

1093 1500 1207 1536 omitti,
1221 1501 1301 1540 quod
1319 1500 1414 1531 suasit
1429 1500 1577 1532 Wollins.

1136 1561 1178 1566 -—
1189 1547 1218 1575 Ξ.
1235 1543 1420 1586 κατέσχισαν
1430 1545 1486 1578 τὰς
1497 1542 1594 1584 θύςας]
1610 1541 1734 1573 videtur
1748 1543 1806 1573 hoc

1093 1586 1209 1617 dicere.
1224 1588 1422 1618 detrahebant
1433 1587 1518 1627 signa
1529 1596 1547 1616 a
1556 1585 1683 1622 foribus,
1695 1585 1807 1626 quibus

1094 1629 1188 1669 signis
1205 1635 1325 1661 veteres
1341 1631 1410 1660 loco
1425 1639 1560 1660 serarum
1576 1630 1750 1660 utebantur.

1135 1690 1178 1695 --
1194 1675 1223 1704 9.
1238 1675 1316 1704 κακὰ
1330 1672 1452 1715 ἐξεῖπον]
1469 1676 1614 1711 corrupta
1629 1677 1710 1708 sunt,
1731 1678 1807 1703 tam-

1093 1716 1152 1745 etsi
1169 1726 1227 1746 non
1240 1717 1343 1752 video,
1357 1717 1509 1756 quomodo
1521 1715 1808 1754 emendandajcon-

1094 1764 1180 1789 sueta
1204 1760 1326 1789 dicendi
1345 1760 1422 1790 ratio
1445 1759 1563 1789 serebat
1588 1758 1659 1800 ῥητὰ
1685 1759 1734 1788 καὶ
1759 1758 1808 1800 ἄξ-

1091 1801 1164 1842 ῥητοι
1174 1801 1267 1841 ἔλεγον
1279 1803 1361 1844 (sine
1374 1803 1479 1844 κακά).
1495 1803 1573 1832 bene
1587 1801 1706 1832 notavit
1717 1802 1810 1833 Wolf

1092 1845 1238 1875 dictionis
1253 1846 1458 1877 insolentiam.

1134 1906 1178 1911 —-
1194 1891 1246 1919 11.
1268 1889 1399 1930 {zolro-av]
1414 1889 1607 1919 minabantur
1622 1897 1689 1918 sese
1701 1886 1808 1918 remis·

1093 1941 1192 1961 suros.

1135 1992 1179 1997 —-
1196 1976 1246 2005 12.
1267 1973 1345 2016 ὅμως
1360 1973 1388 2006 δέ
1403 1975 1496 2017 τινας]
1519 1973 1644 2007 malim‘
1635 1972 1712 2014 ὅμως
1726 1971 1778 2003 δ”
1765 1984 1809 2005 era

1093 2018 1183 2052 τινάς.

1135 2078 1180 2084 --
1204 2063 1254 2092 16.
1277 2062 1331 2092 των
1354 2063 1435 2103 παρὰ
1456 2061 1516 2097 τοῖς
1538 2058 1716 2102 ἐπιτρόποις]
1740 2060 1809 2090 scil.

1091 2101 1174 2134 ὄντων
1186 2116 1238 2145 μοι
1252 2105 1423 2146 χρημάτων.

1137 2165 1179 2170 —-
1193 2147 1269 2178 ibid.
1283 2149 1338 2200 οὐχ
1352 2147 1406 2178 ὅσοι
1421 2145 1556 2189 ἐδυνηθην]
1575 2148 1645 2177 fort.
1660 2146 1725 2187 οὐχ,
1737 2144 1810 2176 οσων

1093 2188 1214 2230 ἐμαυτῷ
1225 2189 1344 2222 συνήδειν
1356 2190 1589 2231 ἀπεστερημένῳ,
1601 2188 1670 2220 ἀλλ’
1680 2189 1735 2219 ὅσοι
1747 2189 1810 2220 ἥδυ-

1093 2232 1175 2264 νήὲην
1199 2223 1442 2273 ἀνακομίσασθαι,
1460 2234 1616 2276 προσδοκῶν
1638 2230 1812 2274 εἷσπςάξειν,

1093 2275 1206 2316 δίδωμι.

1137 2322 1246 2350 -21,
1267 2331 1318 2355 της
1332 2318 1511 2370 ιξαιίηγορίοις]
1527 2319 1630 2350 malim
1645 2318 1808 2349 articulum

1093 2361 1213 2399 abesse,
1234 2363 1386 2394 utstatim
1404 2369 1476 2404 post
1496 2374 1528 2393 v.
1543 2366 1596 2394 24.
1618 2363 1720 2406 λαχων
1732 2360 1808 2402 ἐξού-

1096 2411 1157 2440 λης·

1139 2467 1183 2472 -
1199 2451 1250 2480 23.
1266 2448 1401 2490 πώποτε]
1419 2449 1491 2479 dedi
1507 2460 1561 2479 ww
1576 2448 1722 2489 simplex.
1737 2458 1810 2478 non-

1096 2492 1178 2528 dum,
1193 2496 1257 2523 tum
1273 2493 1421 2532 temporis
1433 2502 1491 2523 non
1505 2494 1677 2532 tangebam,
1687 2490 1812 2522 tametsi

1093 2536 1145 2574 jus
1175 2535 1250 2566 mihi
1272 2541 1366 2567 esset.
1393 2546 1454 2566 non
1480 2545 1644 2577 nunquam,
1669 2535 1725 2566 sed
1748 2540 1813 2564 tum

1096 2579 1239 2609 nondum.

1139 2639 1182 2645 —
1202 2624 1254 2653 26.
1277 2621 1418 2663 εὗλαβῶς]
1442 2626 1514 2662 post
1539 2617 1662 2654 εὖλοιέὥς
1687 2620 1812 2650 videtur

1097 2664 1252 2700 ἀκολούθως
1261 2665 1428 2696 excidisse.
1444 2670 1476 2694 nt
1487 2665 1532 2695 sic
1542 2664 1689 2704 procedat
1698 2663 1796 2693 oratio
1806 2673 1813 2692 z

1098 2707 1236 2743 εὐλαβῶς,
1246 2707 1410 2742 ἀκολούθως
1419 2707 1479 2741 τοῖς
1489 2707 1592 2748 νόμοις,
1601 2706 1640 2748 τῇ
1649 2704 1707 2748 δίκῃ
1720 2705 1815 2736 ἕποιν-

1097 2762 1138 2780 τιι
1154 2761 1204 2792 πρ.
1215 2753 1246 2782 ἂ.
1269 2752 1337 2792 Ego
1353 2757 1417 2781 tam*
1429 2755 1519 2781 caute
1531 2755 1562 2780 et
1577 2750 1814 2789 circumspecte,

1098 2795 1315 2825 convenienter
1328 2795 1470 2849 legibus&
1478 2793 1580 2823 omnia
1598 2793 1671 2822 mihi
1693 2792 1814 2831 agenda

1098 2847 1155 2877 per
1165 2839 1218 2877 jus
1234 2842 1265 2868 et
1279 2838 1324 2867 sas
1339 2847 1447 2869 censeo
1472 2835 1483 2870 ,’

1143 2899 1184 2904 —
1199 2888 1269 2920 pen.
1291 2857 1482 2920 555273343721'2
1504 2877 1598 2933 μόνον]
1631 2878 1678 2908 sic
1702 2877 1813 2908 distin-

1098 2924 1253 2961 guendum
1277 2930 1308 2953 et
1330 2924 1392 2962 leg.
1414 2922 1556 2952 videtur:
1579 2923 1712 2960 ἀσελγῶς
1727 2921 1815 2962 (scil.

1098 2967 1219 2996 ἅπαντα.
1234 2967 1371 3007 otgotz-rm
1363 2948 1489 3004 ξ’ἀξιοῖλ
1506 2965 1535 2995 οὗ
1549 2967 1602 3006 ’γὰρ
1616 2964 1697 3005 μόνον
1707 2982 1760 2994 --.

1142 3011 1217 3041 541.
1233 3012 1264 3040 6.
1286 3009 1422 3051 Σφήτιος]
1436 3008 1557 3039 correxi
1573 3007 1723 3049 Σφήττιος.
1740 3013 1816 3038 Θεω-
