1931 3322
468 198 534 241 IN
567 198 742 241 ORAT.
776 198 858 241 DE

149 306 180 336 in
203 306 232 336 οἴ
255 306 369 337 Dorica
385 311 455 336 sunt
476 310 506 336 et
529 316 568 336 ex
592 306 713 337 dialect.
738 307 849 346 Syrac:

149 349 257 388 Syrac-
282 350 361 379 enim
382 349 454 380 dial.
470 350 545 379 Dor.
565 351 730 379 membrum
748 355 805 385 est,
824 355 855 379 ut

148 396 236 431 patet
245 402 285 422 ex
295 392 469 422 Theocrito.
494 394 571 422 Nam
585 403 606 421 οι
623 393 738 432 diphth.
757 395 854 422 nores

147 434 276 464 multum
298 435 408 465 delect.
427 441 460 465 ut
481 446 519 464 ex
542 435 688 473 frequenti
712 437 777 474 ejus
798 445 854 464 usu

146 478 228 516 apud
245 488 298 507 eos
316 478 465 508 videmus.
478 479 563 518 ἐςμοι
554 477 685 507 “εῑένδοῖ’
696 483 853 526 utrumque

145 519 176 549 in
192 520 356 550 Theocrito
376 521 516 560 legimus,
536 525 566 549 et
582 521 651 549 alibi
674 530 751 549 raro.
768 520 852 558 prius

145 562 242 601 Idyu.
257 569 294 593 Δ..
310 562 395 605 [50]
412 566 431 593 ἁ
445 565 498 602 γης
514 561 648 593 ἄκανθα’
651 563 745 601 Αξμοῖ
754 575 782 602 μ
784 559 853 590 ’ὧδ’

145 603 273 644 {mi-‘rag'
287 607 341 636 ὑπο
356 606 390 635 τό
404 607 514 645 σφυςόν.
527 608 609 644 spina
625 605 758 642 Izaecjam
773 605 853 634 modo

144 658 187 677 me
208 651 360 686 percussit,
383 650 536 682 sauciavit,
558 648 609 677 sub
631 647 771 677 malleolo.
795 649 852 677 Gr.

145 691 228 721 Gr.’
213 693 303 732 αςμοῖ
314 691 347 721 τὸ
358 691 470 726 νεωστὶ,
479 693 557 720 κατὰ
567 692 705 727 γλῶσσαν
717 696 851 729 Συςακου-

143 732 378 772 cloev.posterius
388 734 479 773 Idyll.
489 739 531 763 ΚΕ.
548 733 609 774 [1.]
620 732 847 772 ἐνδοΐΠξοιξινόα·
840 757 848 771 ,

144 781 191 805 Ευ.
215 778 304 816 Γοξγῶ
325 776 408 817 φίλοι,
432 778 468 811 ὡς
490 776 595 817 χςόνῳ;
619 775 695 805 evaei.
718 782 749 806 et
772 777 852 806 infra

141 818 173 848 in
183 821 290 849 eodem
300 820 395 861 Idyll.
408 830 484 859 prov
489 821 552 849 erb.
563 820 617 849 illo
630 819 749 848 hemist.
765 818 831 858 [77.
835 820 848 860 ]

141 860 211 891 ἒνδοῖ
221 873 328 898 ποια-αι,
343 862 356 892 ὅ
371 865 424 893 τὰν
435 862 488 892 νυὲν
503 861 561 892 εἶπ’
576 863 631 892 ἀπο
633 861 754 900 κλάξοις.

183 922 227 928 -
247 906 324 935 ibid.
348 907 372 936 οἳ
394 904 537 945 λέγοντες]
563 909 631 935 sunt
655 911 781 934 oratores
800 905 847 934 vel

139 947 277 984 rhetores,
288 954 319 978 et
336 949 379 978 sic
395 949 504 989 passim
517 949 598 987 apud
611 949 700 978 Dem.
711 948 847 986 aliosque

142 996 279 1021 oratores
294 991 426 1022 Atticos.
471 992 538 1021 Nec
561 991 640 1020 enim
662 991 749 1020 aliter
765 1001 847 1020 com-

139 1034 230 1063 mode
247 1034 324 1064 verti
344 1039 446 1074 potest
466 1035 532 1064 Lat.
552 1035 607 1063 Gr.
628 1033 685 1063 hoc
702 1033 845 1073 particip.

140 1086 229 1115 quam
245 1087 300 1116 per
311 1079 408 1108 subst.
423 1087 529 1107 nomen
545 1077 630 1106 Lat-z
647 1076 699 1116 qui
713 1077 791 1106 enim
807 1077 846 1106 ad

139 1120 265 1149 verbum
277 1120 336 1149 hoc
348 1121 439 1150 modo
450 1120 592 1150 redderet
601 1119 705 1154 πάντες
714 1120 737 1150 οἳ
748 1118 845 1150 ἐνταυ-

138 1161 184 1192 θοῖ
196 1161 334 1200 λέγοντες,
343 1173 435 1193 omnes
450 1163 496 1193 hic
509 1162 645 1199 dicentes,
662 1173 767 1202 parum
783 1163 845 1193 ele-

140 1210 258 1243 gauter,
274 1205 335 1238 imo
348 1206 400 1236 vix
425 1216 556 1245 congrue
573 1207 639 1235 Lat.
657 1206 843 1245 loqueretur.

137 1248 239 1278 Graeci
253 1253 322 1278 suut
338 1254 369 1279 et
385 1248 582 1289 πολυμέτοχοι
601 1253 632 1278 et
651 1248 842 1289 φιλομέτοχοι

136 1291 279 1330 quidem3
296 1297 329 1321 ut
343 1292 495 1322 abundant
507 1292 689 1332 participiis,
703 1293 745 1322 ita
761 1297 792 1321 et
803 1293 841 1322 iis

133 1334 263 1364 multum
278 1335 478 1365 delectantur.
524 1336 566 1365 Et
581 1335 619 1364 de
632 1335 699 1364 aliis
716 1335 843 1374 partici-

135 1376 257 1415 piorum
270 1378 376 1408 usibus
386 1379 456 1414 alia,
467 1388 534 1408 cum
547 1378 745 1417 opportunior
755 1378 841 1408 locus

135 1420 204 1454 erit,
216 1422 272 1450 hoc
287 1426 401 1451 tautum
414 1421 684 1461 impraesentiarum
698 1422 840 1457 observo,

133 1462 194 1492 viz.
218 1467 227 1480 ‘
237 1464 329 1503 Apud
357 1466 411 1494 Gr.
441 1464 604 1503 participia
629 1474 840 1504 nonnunquam

134 1516 204 1535 cum
219 1506 356 1537 articulis
371 1507 526 1546 eleganter
547 1506 619 1547 poni
632 1517 689 1546 pro
703 1509 840 1537 substau-

132 1547 217 1585 tivis,
233 1560 288 1580 nec
301 1550 389 1580 aliter
403 1551 472 1580 Lat.
482 1550 570 1580 reddi
580 1560 670 1589 posse
685 1561 772 1589 quam
785 1561 840 1589 per

133 1591 346 1624 substantiva.'
361 1594 443 1632 quod
460 1604 477 1623 a
499 1595 602 1623 Gram.
624 1594 704 1623 inter
716 1594 838 1633 regulas

133 1644 205 1665 suas
225 1635 264 1665 de
279 1637 403 1676 syntaxi
418 1636 651 1676 participiorum
668 1637 760 1666 miror
779 1647 838 1667 nou

133 1687 203 1708 esse
215 1679 421 1710 observatum.
445 1680 578 1710 Afferam
593 1679 688 1719 igitur
697 1680 839 1719 exempla

130 1721 318 1759 quorundam
334 1723 577 1762 participiorum,
592 1733 660 1762 quae
673 1723 730 1752 boc
746 1723 838 1752 modo

129 1774 188 1804 pro
204 1765 377 1796 nominibus
398 1770 551 1805 ponuntur
570 1765 741 1805 praesertim
755 1766 838 1805 apud

131 1807 304 1846 Scriptores
328 1809 459 1839 Atticos.
482 1809 495 1839 ὅ
516 1808 686 1848 κεκτημένος
709 1819 765 1847 pro
793 1809 836 1838 δε-

132 1849 257 1889 σπότης,
273 1850 371 1888 herus,
395 1853 548 1888 dominus5
572 1854 585 1883 ἡ
608 1851 757 1889 ἐνεγκοῦσα
780 1862 836 1891 pro

130 1893 248 1935 πατρὶς,
259 1895 384 1933 patria3
407 1896 422 1925 ἡ
436 1895 560 1924 τεκοῦσαι
581 1905 636 1935 pro
651 1894 757 1935 μήτηρ,
782 1905 837 1934 pa-

130 1944 208 1972 rens,
219 1943 328 1975 mater,
323 1949 330 1955 ·
343 1938 356 1968 ὅ
368 1937 525 1971 βασιλεύων
540 1949 594 1978 pro
606 1937 754 1973 βασιλεὺς,
765 1948 817 1968 rex
824 1949 835 1974 ,-

129 1979 146 2010 ἡ
160 1978 305 2021 τρέφουσα
319 1991 374 2020 pro
388 1980 498 2022 -τςοφός,
513 1983 637 2012 nutriae
625 2004 636 2018 ,
660 1981 682 2011 οἳ
706 1980 836 2022 παρόντες

129 2031 188 2061 pro
211 2022 375 2063 συμπόται,
388 2026 510 2054 convivae
529 2026 580 2065 qui
594 2025 723 2062 adsunt5
747 2025 792 2054 sic
812 2025 834 2054 οῖ

127 2063 257 2104 λέγοντες
277 2077 335 2106 pro
357 2067 462 2108 ῥήτορες
482 2067 540 2097 hoc
563 2067 594 2097 in
617 2067 696 2098 loco.
742 2068 836 2097 Plura

129 2108 190 2138 alia
205 2114 274 2140 sunt
287 2111 462 2150 huJusmodi
477 2110 556 2150 apud
567 2110 768 2150 elegantiores
781 2111 835 2140 Gr.

129 2161 198 2190 quae
220 2163 293 2183 usus
317 2158 349 2183 et
373 2154 546 2184 observatio
569 2154 677 2184 melius
700 2154 835 2184 docebit.

128 2195 279 2236 Particip.
302 2196 467 2237 κεκτημένοι
481 2197 625 2227 habemus
640 2197 763 2236 quidem
779 2197 835 2227 hoc

125 2237 159 2268 in
173 2238 242 2269 loco
255 2249 350 2270 sensu.
363 2241 489 2280 proprio
505 2244 536 2271 et
552 2240 664 2270 usitato
679 2250 736 2280 pro
747 2241 836 2279 possi-

127 2281 236 2319 dentes,
255 2283 353 2312 ταῦτα,
368 2282 392 2312 δ’
408 2284 430 2314 οῖ
452 2282 637 2323 κεκτημένου
660 2284 836 2323 frequenter

127 2327 229 2355 tamen
244 2326 324 2365 apud
338 2337 398 2357 scr.
412 2327 479 2358 Att.
495 2337 552 2367 pro
572 2326 694 2356 nomine
709 2327 835 2366 ponitur

127 2367 186 2397 hoc
197 2368 394 2408 participium
403 2374 433 2400 et
440 2380 496 2409 per
503 2380 612 2400 nomen
622 2369 834 2408 exponendum

129 2415 190 2447 est,
200 2415 235 2441 ut
249 2412 332 2464 apud
348 2413 510 2443 Heliodor.
521 2413 543 2444 1.
554 2413 587 2443 ii.
604 2412 649 2453 [c.
661 2415 710 2444 12.
714 2413 729 2454 ]
747 2411 835 2447 οὕτως

126 2451 210 2493 οἶμαι
225 2454 293 2495 πρὸς
305 2455 356 2485 τοῦ
365 2454 537 2505 κεκτημένου
550 2455 782 2496 διατεταγμένον.
793 2457 834 2486 sic

127 2498 230 2536 opinor
254 2508 274 2527 a
297 2498 413 2529 domino
435 2500 608 2538 imperatum
633 2505 706 2530 erat.
731 2505 762 2529 et
788 2499 833 2529 sic

126 2540 202 2570 alibi
228 2541 310 2580 apud
335 2542 465 2572 eundem
493 2542 706 2572 suavissimum
730 2547 833 2572 aucto-

127 2593 204 2618 rem,
219 2588 253 2614 ut
266 2585 282 2615 ἡ
297 2582 445 2623 ἐνεγκοῦσα
456 2595 512 2624 pro
523 2586 624 2624 patria
637 2590 669 2615 et
684 2585 835 2626 ejusmodi

125 2626 218 2666 plura
231 2630 312 2657 sunt.
356 2629 398 2658 Et
412 2638 509 2669 pauca
523 2628 661 2667 quaedam
674 2627 836 2667 participia

127 2669 218 2708 plane
232 2670 456 2710 degenerarunt
470 2671 501 2701 in
516 2671 650 2711 nomina,
665 2675 697 2700 et
708 2681 764 2711 pro
780 2681 834 2700 no-

127 2712 259 2743 minibus
283 2713 479 2748 ἀνενδοιίιο-τως
503 2714 552 2744 aa?
579 2714 835 2754 ἄπςοφοισιστικῶς

125 2761 293 2794 ponuntur,
309 2756 400 2787 etiam
420 2758 502 2797 apud
522 2757 745 2787 communiores
766 2759 820 2787 Gr.
827 2781 836 2795 ,

128 2798 230 2837 qualia
250 2804 332 2840 sunt,
349 2812 361 2829 ο
380 2799 485 2841 ἄρχων,
506 2802 661 2840 princep85
685 2801 699 2830 ἦ
722 2810 834 2840 πεπρω-

129 2839 200 2880 μένη
212 2843 268 2872 et‘
258 2854 272 2872 η
287 2842 456 2883 εἱμαρμένη,
469 2854 513 2873 sc.
525 2844 622 2884 μοῖςοι,
632 2853 702 2879 sors,
708 2842 835 2884 jutum
824 2867 833 2881 ,

131 2884 146 2914 ἢ
160 2894 324 2916 caveamve-a
339 2896 396 2926 pro
415 2887 430 2916 ἦ
450 2888 525 2925 γυνῆ,
539 2896 624 2922 utor,
641 2886 727 2925 quasi
745 2887 836 2916 colia-

129 2925 835 2970 bitans‚etn}goeu{vneadem-Eustatl1.alicub.

130 2969 330 3009 λαμβάνονται
352 2971 380 3002 δὲ
396 2972 443 3002 καὶ
458 2971 589 3013 μετοχαὶ
604 2971 665 3001 ἀντὶ
682 2971 836 3011 ὀνομάτων,

129 3012 166 3046 ὡς
181 3011 227 3042 ὅτε
252 3025 301 3044 την
323 3026 373 3046 του
393 3015 472 3050 δεινος
494 3014 591 3056 φαμὲν
613 3014 758 3056 ἐρωμένην,
775 3015 835 3045 αντὶ

177 3065 252 3087 vox„
272 3066 301 3086 v.

891 198 1252 242 SYMMORIIS,
1514 202 1596 244 497

888 306 937 334 τοῦ
953 305 1085 341 γυναικός.
1131 306 1182 337 Sic
1204 307 1234 336 iu
1257 308 1311 336 Gr.
1333 311 1418 337 textu
1442 307 1520 337 sacri
1536 307 1596 337 Co-

889 347 978 383 dicis,
992 347 1005 376 ὁ
1021 348 1165 388 πειράζων,
1179 350 1192 378 ὅ
1208 351 1374 388 megae-7319,
1398 350 1594 389 participium

888 400 944 430 pro
959 390 1099 426 nomine3
1123 391 1173 429 qui
1190 397 1288 421 tamen
1305 393 1346 421 ibi
1363 403 1418 422 non
1436 397 1496 423 tam
1513 392 1596 423 Atti-

888 433 1001 462 cismus
1043 436 1091 461 est
1125 443 1213 471 quam
1250 435 1465 465 Hebra‘ismus.
1519 438 1595 465 Sunt

887 474 964 504 enim
978 475 1130 504 nonnullae
1153 476 1350 506 dialectorum
1374 482 1405 506 et
1423 477 1592 517 linguarum

886 517 1122 557 συνεμνιπτῶσεις.
1168 519 1249 548 Heb.
1270 527 1381 555 autem,
1400 530 1469 550 cum
1486 520 1594 550 verba-

887 560 965 589 libus
985 560 1204 596 destituuntur,
1221 561 1289 590 vice
1313 572 1414 591 eorum
1436 562 1595 603 participia

887 607 1043 642 usurpant,
1054 603 1155 642 itaque
1171 602 1184 632 ὅ
1199 603 1335 642 πειξάζων
1345 605 1414 633 est
1403 617 1414 634 ο
1427 606 1593 645 werpum-¹¹74·-

928 663 970 668 -—
989 650 1041 677 21.
1066 646 1119 676 ἴσοι
1146 645 1178 675 τὸ
1205 645 1310 679 πλῆθος
1324 646 1432 680 τούτοις
1452 660 1593 689 χρησμῳ-

885 688 964 730 δοῖεν]
988 691 1012 719 si
1035 694 1103 729 quot
1124 693 1260 724 oratores,
1284 693 1325 718 tot
1346 696 1435 719 essent
1461 693 1592 727 oracula,

886 731 911 761 si
928 742 986 761 una
1003 743 1070 762 cum
1087 733 1256 763 oratoribus
1271 732 1322 761 alii
1340 732 1466 762 totidem
1485 734 1593 763 vatici-

884 780 1048 812 narentur3
1083 775 1107 804 si
1146 780 1192 805 tot
1227 776 1369 805 adessent
1399 780 1485 805 vates
1517 782 1591 815 quot

884 817 1034 853 rhetores,
1068 818 1120 857 qui
1151 819 1207 848 hoc
1242 817 1453 858 praedicerent,
1485 829 1589 857 regem

883 860 949 889 scil.
964 865 1140 897 venturum3
1156 866 1186 891 at
1198 861 1342 900 populus,
1355 871 1393 892 ne
1408 862 1453 891 sic
1466 861 1590 899 quidem

882 905 1053 939 crederent,
1077 904 1175 933 necin
1196 904 1311 933 animos
1333 904 1513 934 inducerent
1537 915 1590 943 pe-

882 947 986 976 cunias
1012 947 1148 977 conferre
1177 947 1208 975 in
1236 946 1404 986 publicum.
1458 946 1589 978 Videtur

882 989 946 1019 haec
973 990 1092 1028 phrasis
1117 990 1274 1029 proverbii
1303 990 1438 1029 speciem
1467 1000 1530 1029 prae
1554 1001 1587 1020 se

882 1032 970 1068 ferre,
992 1032 1045 1062 οὗθ’
1069 1032 1092 1062 εἰ
1119 1033 1220 1062 πολλοὶ
1246 1033 1450 1073 χξηο-μῳδοῖεν,
1466 1033 1589 1064 πιστεύ-

880 1086 960 1104 σουσι
985 1080 1044 1105 etc.
1072 1076 1110 1105 de
1139 1076 1309 1106 hominibus
1338 1076 1505 1107 incredulis
1535 1077 1588 1115 qui

879 1118 997 1156 aliquid
1019 1119 1152 1148 futurum
1177 1129 1237 1148 non
1262 1119 1396 1154 credent,
1423 1119 1480 1157 etsi
1505 1119 1587 1149 mille

879 1165 966 1190 vates
975 1170 1199 1200 praenoscereut
1211 1167 1241 1191 et
1255 1166 1396 1201 tanquam
1411 1172 1451 1191 ex
1465 1162 1587 1202 tripode

878 1204 1093 1243 praedicereut,
1115 1209 1146 1234 et
1170 1205 1292 1234 oracula
1318 1205 1489 1235 funderent.
1535 1206 1587 1235 Sic

878 1257 948 1277 cum
964 1248 1125 1277 multorum
1141 1247 1295 1277 hominum
1311 1248 1426 1287 linguis
1440 1253 1470 1277 et
1485 1259 1587 1278 rumo-

878 1290 963 1320 ribus
985 1290 1093 1320 mirum
1108 1290 1262 1331 quippiam
1287 1296 1318 1321 et
1339 1290 1490 1331 παράδοξον
1504 1292 1586 1321 futu-

876 1344 943 1363 rum
961 1334 1107 1372 jactetur,
1132 1335 1213 1373 quod
1238 1344 1293 1364 nos
1318 1334 1394 1363 nulli
1421 1334 1586 1370 credimus,

876 1386 933 1406 nec
955 1376 1013 1406 nisi
1040 1377 1078 1406 ad
1099 1377 1151 1406 Gr.
1173 1377 1315 1407 calendas
1329 1377 1462 1408 futurum
1479 1377 1585 1407 existi-

875 1429 1009 1457 mamus3
1032 1420 1305 1460 meritousurpari
1328 1431 1491 1460 possumus
1513 1431 1583 1460 pro-

876 1462 1040 1492 verbialem
1057 1463 1134 1493 hanc
1150 1464 1348 1493 sententiam:
1373 1462 1427 1493 οὗθ’
1440 1463 1463 1493 εἰ
1479 1464 1534 1493 ἴσοι
1550 1462 1583 1494 τὸ

876 1505 980 1540 πλῆθος
993 1505 1106 1541 τούτοις
1116 1506 1319 1548 χρησμῳδοῖεν,
1335 1517 1373 1536 ne
1394 1506 1439 1536 sic
1459 1507 1582 1546 quidem

874 1549 995 1579 credam
1013 1550 1092 1585 scil„
1108 1548 1176 1579 ἀλλ’
1194 1548 1271 1589 ὅμως
1292 1549 1346 1580 οὐδ’
1368 1550 1403 1584 ὡς
1419 1548 1581 1585 πιστεύσω,

875 1593 1014 1622 “credat
1037 1594 1164 1623 Jndaeus
1184 1592 1329 1632 Apella,'’
1351 1591 1406 1630 ἐγὼ
1430 1591 1458 1622 δέ
1484 1604 1530 1626 τις
1554 1592 1583 1622 οὐ

873 1634 1063 1676 ταχυπειθῆς,
1093 1641 1124 1665 at
1157 1646 1215 1665 non
1246 1646 1305 1675 ego
1334 1635 1477 1666 credulus
1507 1635 1582 1666 illis.

873 1678 960 1707 Huic
977 1679 1064 1708 affine
1079 1679 1194 1709 dictum
1209 1679 1285 1709 illud
1298 1679 1484 1718 παροιμιῶδες
1499 1679 1579 1717 apud

873 1722 972 1751 Strab.
988 1722 1008 1750 l.
1024 1723 1056 1751 ii.
1073 1722 1115 1762 [c.
1128 1724 1158 1751 4.
1174 1721 1258 1762 inin]
1274 1721 1302 1752 ἣν
1314 1721 1367 1752 οὐδ’
1383 1721 1415 1751 ἂν
1429 1721 1472 1761 τῷ
1488 1721 1582 1762 Ἓςμῇ

872 1764 1030 1794 πιστεύσαι
1044 1776 1090 1798 τις
1102 1763 1224 1803 λέγοντι,
1235 1765 1272 1794 de
1288 1764 1459 1794 narratione
1476 1774 1581 1804 parum

872 1807 1035 1846 probabili,
1046 1818 1132 1847 quam
1147 1817 1183 1837 oze
1196 1807 1347 1838 illercurz'o
1358 1808 1470 1847 quidem
1481 1808 1581 1837 credat

871 1851 978 1890 aliquis
993 1852 1141 1881 nar-ranti-
1156 1851 1277 1891 proprie
1292 1851 1329 1880 de
1345 1850 1581 1890 peregrinatori-

871 1893 939 1928 bUS,
955 1894 1007 1932 qui
1025 1903 1145 1923 narrare
1167 1894 1266 1923 solent
1285 1893 1474 1933 prodigiosa,
1489 1903 1578 1932 pere-

872 1935 1047 1974 grinationis
1059 1941 1157 1966 autem
1173 1947 1288 1975 praeses
1308 1935 1494 1966 Mercurius.
1539 1936 1582 1966 Et

870 1979 947 2009 illud
969 1980 1098 2010 alterum
1123 1980 1204 2019 apud
1231 1980 1311 2010 Plut.
1337 1980 1367 2009 in
1390 1979 1446 2008 vit.
1470 1980 1578 2009 Caton.

872 2022 1010 2052 Uticens.
1041 2022 1085 2063 [c.
1102 2023 1172 2064 19.]
1197 2023 1282 2052 τοῦτο
1297 2020 1353 2063 μὲν
1371 2020 1429 2052 οὐδὲ
1453 2021 1580 2056 Κάτωνος

871 2064 997 2104 λέγοντος
1011 2065 1120 2097 πιθανίν
1133 2065 1209 2095 ἐστι.
1222 2065 1273 2096 hoc
1286 2066 1399 2106 quidem
1411 2065 1581 2095 incredibile

870 2114 924 2146 est,
938 2109 1050 2139 etiamsi
1065 2109 1143 2139 dicat
1156 2109 1238 2140 Cato.
1274 2108 1397 2138 Catonis
1409 2107 1487 2138 enim
1496 2107 1579 2147 apud

870 2152 1017 2191 populum
1038 2163 1154 2182 summa
1168 2152 1244 2182 fides
1268 2156 1298 2182 et
1320 2151 1487 2182 auctoritas
1510 2151 1578 2181 fuit.

871 2195 989 2225 Duobis
1005 2195 1089 2225 hisce
1103 2195 1232 2234 adagiis‚
1244 2195 1310 2225 sive
1323 2195 1414 2224 dictis
1431 2194 1576 2233 adagiali-

869 2239 939 2276 bus,
949 2237 981 2268 ἐκ
990 2241 1046 2269 τῶν
1056 2237 1153 2279 ἔξωθεν
1162 2238 1344 2277 desumptis,
1353 2238 1372 2267 li
1379 2239 1429 2267 bet
1439 2242 1578 2267 attexere

869 2281 930 2312 duo
945 2281 1005 2312 alia
1019 2282 1065 2312 his
1076 2281 1214 2317 finitima,
1224 2287 1275 2311 aut
1287 2287 1370 2311 certe
1379 2291 1437 2310 non
1448 2291 1576 2320 prorsus

867 2324 1040 2361 dissimilia,
1054 2336 1094 2355 ex
1107 2335 1192 2355 sacra
1206 2324 1327 2364 pagina.
1372 2324 1506 2354 Primum
1525 2334 1578 2353 oc·

868 2369 963 2398 currit
987 2369 1062 2399 Luc.
1080 2369 1145 2398 xvi.
1162 2378 1227 2398 ver.
1251 2367 1306 2397 ult.
1331 2365 1392 2396 οὐδὲ
1413 2365 1459 2396 έάν
1483 2378 1526 2400 τις
1545 2365 1577 2395 ἐκ

867 2413 960 2451 νεκςῶν
973 2411 1087 2452 ἀναστῇ
1100 2409 1313 2441 πεισθήσονται.
1336 2420 1387 2440 ‘nec
1410 2411 1434 2439 si
1457 2411 1521 2449 quis
1542 2419 1577 2439 ex

867 2455 991 2485 mortuis
1005 2455 1199 2485 resurrexerit
1214 2455 1332 2484 credent
1354 2458 1406 2482 aut
1419 2453 1576 2491 persuade-

866 2498 990 2528 buntur.
1034 2498 1173 2528 Alterum
1189 2497 1288 2527 Galat.
1304 2497 1325 2526 i.
1341 2498 1371 2526 8.
1395 2493 1442 2525 ἐὰν
1455 2495 1578 2534 ἄγγελος

867 2539 899 2580 ἐξ
925 2541 1029 2581 οὐρανοῦ
1052 2537 1279 2580 εὖοιγγελίζηται.
1306 2540 1330 2569 si
1354 2538 1477 2579 augelus
1507 2540 1576 2578 qui-

868 2584 932 2615 dem
946 2585 981 2614 de
1001 2584 1068 2614 caelo
1093 2589 1153 2614 tam
1172 2584 1277 2613 bunum
1299 2584 1438 2613 nuntium
1457 2581 1577 2623 afferat.

867 2627 910 2657 ita
919 2627 997 2657 euim
1009 2626 1190 2666 generaliter
1199 2624 1423 2656 accommodari
1434 2624 1577 2663 flectique

867 2675 996 2709 possunt
1012 2680 1048 2700 ea
1061 2671 1155 2700 verba.
1170 2669 1206 2700 ad
1223 2668 1355 2710 quodvis
1371 2669 1482 2697 bonum
1500 2678 1575 2696 nun·-

868 2714 955 2750 tium,
971 2713 1021 2742 cui
1038 2713 1113 2743 fides
1128 2714 1182 2743 vix
1204 2718 1256 2743 aut
1280 2722 1317 2742 ne
1334 2711 1386 2742 vix
1401 2710 1573 2740 adhibetur.

869 2756 919 2786 Ad
934 2756 1041 2786 altiora
1056 2756 1147 2786 liceat
1161 2755 1237 2786 mihi
1252 2756 1317 2785 baec
1332 2753 1461 2794 politica
1475 2757 1573 2782 trans-

869 2800 959 2834 ferre,
974 2804 1005 2829 et
1023 2804 1106 2829 certe
1130 2800 1168 2830 ad
1190 2798 1296 2829 Theol.
1319 2796 1476 2835 aptissime
1500 2795 1575 2824 mihi

868 2842 990 2872 videtur
1000 2842 1224 2872 accommodari
1235 2851 1326 2880 posse
1342 2840 1390 2869 hic
1406 2839 1492 2868 locus
1510 2839 1573 2868 De-

869 2886 996 2915 mostb.:
1014 2886 1048 2915 Si
1059 2888 1287 2916 concionatores
1303 2892 1419 2916 omnes,
1434 2881 1459 2910 si
1475 2887 1574 2917 vates,

870 2927 897 2958 si
909 2929 1009 2968 angeli
1023 2930 1062 2959 de
1075 2929 1163 2963 caelo,
1175 2925 1345 2957 hominibus
1359 2924 1572 2964 praedixerint,

870 2969 1232 3010 praemonuerint,c21;?gea
1252 2968 1400 3003 Βατιλευς,
1418 2967 1574 2997 Christum

869 3024 969 3053 regem
983 3016 1106 3054 jamjam
1127 3018 1297 3047 venturum,
1310 3012 1371 3050 jam
1389 3011 1508 3045 adesse,
1524 3014 1574 3040 aut

871 3058 890 3087 3
907 3068 920 3087 s
