1931 3322
338 168 423 210 AD
455 165 824 209 ORATIONEM
860 166 923 206 IN
957 166 1418 208 PANTAENETUM.

159 275 202 306 let
218 276 455 311 Demosthenes,
470 280 504 305 ut
517 272 673 305 ἐκπίπτειν
691 273 739 304 καὶ
763 273 872 314 φεύγειν

158 329 215 358 pro
231 320 320 358 copia
341 318 487 349 orationis
511 319 649 348 habeam.
672 318 756 357 quod
779 318 805 347 si
829 323 871 346 ta·

158 372 228 392 men
243 367 302 398 est,
317 372 353 392 ea
368 361 428 391 erit
439 361 613 397 differentia
638 362 745 391 horum
760 361 872 390 verbo·

158 415 226 434 rum
255 415 342 444 paene
374 415 625 444 synonymorum,
655 409 689 434 ut
725 403 874 434 ἐκπίπτειν

159 447 321 486 significet,
335 458 352 477 e
363 448 463 487 patria
475 448 637 488 emigrare,
649 447 759 488 φεύγειν
773 451 870 476 autem

159 491 276 521 versari
291 491 321 521 in
344 492 411 521 solo
436 492 608 531 peregrino,
629 491 739 530 procul
763 490 871 529 patria.

157 534 258 572 possit
270 539 371 564 tamen
384 534 493 574 φεύγειν
501 535 592 564 etiam
606 534 789 573 significare,
802 543 874 562 cau-

158 586 234 612 sam,
252 582 286 607 ut
306 588 389 613 reus,
410 589 512 607 coram
532 577 653 617 judicio
679 588 780 616 agere.
806 587 873 614 quae

157 619 208 649 vis
225 619 251 650 si
269 621 340 650 huic
356 622 425 651 loco
441 622 531 656 inest,
544 626 610 650 tum
625 620 683 650 erit
705 621 768 660 leg.
791 618 874 649 ἐκπί-

157 672 249 698 πτειν,
264 664 312 694 καὶ
330 664 450 704 φεύγειν,
465 663 498 693 ἂν
513 663 536 692 δ’
550 662 737 699 ἁλίσκωνται,
751 663 800 692 καὶ
824 673 874 692 τε·

158 704 268 736 ἓνεῖναι.
283 712 315 737 et
330 707 504 747 interposui
521 706 545 736 δ’
557 708 596 737 de
606 717 684 737 meo.
707 717 775 747 quos
800 706 874 747 leges

146 749 258 787 jubent
269 751 361 780 solum
376 756 486 782 vertere
497 752 645 789 patrium,
657 752 738 786 ilem,
753 760 873 780 causam

156 795 262 832 capitis
275 794 381 831 dicere,
396 799 435 830 et,
450 794 574 825 convicti
593 795 618 824 si
630 794 767 836 suerint,
782 799 875 824 extre-

1535 167 1615 208 221

904 283 985 303 mum
999 275 1065 312 pati
1079 275 1268 313 supplicium.

949 319 1023 347 984.
1041 320 1073 346 1.
1093 318 1246 366 argema]
1263 329 1378 348 morem
1396 325 1483 358 puta,
1499 320 1624 359 abipso

906 365 1010 390 actore
1039 361 1134 389 semel
1162 361 1308 390 remissas
1336 373 1488 402 nunquam
1518 369 1627 402 postea

906 414 1012 433 rursus
1027 403 1056 432 in
1072 404 1169 432 forum
1191 405 1368 434 revocandi.

949 464 992 468 --
1008 449 1038 476 ⁶3.
1063 444 1316 486 καταλυθήσεται]
1332 448 1403 476 dedi
1430 448 1627 478 καταλύσετε.

907 489 983 519 alias
1009 490 1214 528 ignoraretur,
1235 490 1357 528 quinam
1375 492 1529 520 abolerent
1548 494 1627 521 hunc

908 533 1094 562 laudabilem
1107 543 1232 562 morem.
1256 533 1317 562 Sed
1332 534 1415 562 valet
1429 535 1486 563 hoc
1504 535 1541 563 ad
1555 546 1625 564 cau-

909 587 985 611 sam,
1004 581 1034 604 et
1051 587 1143 615 grave
1160 577 1188 605 in
1205 577 1263 605 hoc
1279 582 1480 611 momentum,
1498 578 1523 605 si
1541 579 1626 615 judi-

909 631 961 649 ces
974 620 1035 659 ipsi
1048 620 1191 649 dicantur
1203 629 1271 649 eum
1287 620 1423 649 abolere.
1441 620 1471 648 id
1486 622 1566 658 quod
1583 628 1629 650 est

908 663 1084 702 pudendum
1104 663 1253 693 dedecus.
1277 668 1329 692 aut
1342 663 1402 702 leg.
1414 669 1515 692 esset:
1533 674 1628 692 κατα-

908 706 1072 736 λυθήσεται
1088 705 1135 746 ὑφ’
1148 707 1227 746 ὑμῶν
1248 704 1294 745 ἐφ’
1309 707 1397 745 ἡμῶν.
1421 706 1454 736 id
1476 707 1556 745 quod
1583 707 1629 735 in-

910 750 1035 780 suavius
1052 756 1185 785 sonaret,
1202 749 1374 789 praesertim
1388 749 1419 778 in
1437 749 1494 779 tine
1515 750 1628 780 oratio·
1663 752 1667 756 '

908 793 967 823 nis.
989 798 1116 833 praestat
1132 793 1235 832 itaque
1251 793 1448 823 καταλύσετε.
1476 801 1479 805 “

157 933 242 975 AD
266 933 646 978 ORATIONEM
668 934 996 977 ADVERSUS
1030 933 1074 976 N
1079 933 1521 984 AUSIMACHUM,
1543 937 1628 978 &a

201 1050 304 1079 Causa
326 1049 385 1079 hac
411 1048 548 1079 oratione
571 1048 686 1089 agitata
708 1048 776 1078 haec
803 1053 870 1078 est:

158 1092 385 1122 Nausimachus
396 1097 429 1122 et
440 1091 641 1132 Xenopithes
653 1090 799 1133 (junior),
815 1092 875 1121 fra-

157 1140 232 1171 tres,
249 1135 304 1165 filii
325 1135 530 1172 Nausicratis‚
554 1146 572 1165 a
591 1135 664 1165 filiis
678 1135 875 1165 Aristaechmi

158 1178 222 1208 vita
236 1178 353 1208 dudum
372 1179 522 1214 defuncti,
537 1178 591 1218 qui
607 1183 690 1208 tutor
706 1177 785 1218 ipsis
801 1177 875 1208 olim

156 1221 280 1256 fuisset,
291 1222 412 1252 actione
424 1221 612 1253 haereditatis
627 1221 808 1257 imminutae,
823 1226 876 1251 aut

156 1264 229 1294 aeris
250 1265 353 1303 alieni,
367 1265 495 1306 pupillis
516 1265 625 1301 debiti,
641 1275 660 1295 a
680 1264 875 1295 debitoribus

156 1308 280 1347 quidem
294 1309 424 1345 redacti,
436 1319 454 1339 a
464 1309 620 1339 tutoribus
632 1313 732 1339 autem
746 1308 875 1348 pupillis

156 1361 217 1381 non
240 1352 402 1391 persoluti,
424 1353 604 1391 repetebant
629 1353 667 1382 ab
691 1362 876 1392 unoquoque

156 1394 289 1425 filiorum
312 1395 520 1431 Aristaechmi,
544 1397 597 1435 qui
621 1400 752 1435 quatuor
779 1400 875 1430 erant,

157 1443 307 1477 quaterna
320 1438 447 1475 talenta,
463 1445 495 1469 et
508 1443 660 1478 praeterea
675 1439 796 1479 singula
813 1443 874 1469 tot-

157 1480 251 1517 idem,
275 1481 307 1511 h.
322 1493 349 1512 e.
367 1487 508 1521 quatuor,
530 1482 736 1512 semitalenta.
782 1482 876 1512 Pete-

156 1525 232 1554 bant
246 1524 349 1564 itaque
361 1525 415 1555 filii
428 1525 622 1556 Nausicratis
637 1536 654 1555 a
666 1525 737 1556 filiis
750 1525 877 1556 Aristae-

157 1567 237 1597 chmi
259 1569 404 1599 universe
428 1569 601 1599 octodecim
623 1568 750 1599 talenta.
795 1570 875 1599 Nam

156 1615 288 1651 quatuor
302 1612 415 1642 talenta
431 1612 490 1642 sibi
506 1612 628 1642 aiebant
643 1612 763 1647 deberi,
778 1617 813 1642 ut
833 1622 876 1642 aes

156 1653 374 1694 interceptum.
417 1655 480 1685 Sed
497 1654 670 1694 singulares
690 1656 749 1685 hoc
766 1655 875 1684 eodem

155 1698 196 1727 de
220 1708 281 1728 aere
305 1698 403 1728 alieno
425 1697 561 1728 actiones
584 1698 617 1728 in
641 1698 779 1737 singulos
805 1698 876 1727 illos

157 1745 287 1780 quatuor
301 1742 412 1772 fratres
427 1741 640 1776 instituebant,
654 1746 686 1771 et
701 1741 787 1771 litem
811 1741 876 1771 uni-

157 1784 268 1823 cuique
290 1790 442 1824 praeterea
462 1784 657 1815 semitalento
672 1785 875 1814 aestimabant.

202 1829 277 1858 985.
289 1831 340 1859 10.
358 1827 435 1861 δίκας
447 1829 517 1868 ἡμῖν
528 1830 584 1858 τῶν
597 1828 691 1858 αὐτῶν
700 1828 875 1870 χρημάτων,

156 1871 279 1904 ἁπάσας
301 1870 469 1912 τρισχιλίων
484 1870 610 1902 ἑκάστην
624 1870 752 1912 Βλάβης]
779 1872 876 1901 inter·-

157 1915 367 1953 punctionem,
384 1919 417 1944 ut
433 1914 605 1954 saepissime
626 1914 713 1950 alias,
729 1915 758 1944 h.
771 1915 791 1944 1.
807 1925 877 1944 cor-

157 1957 226 1986 rexi
253 1958 290 1987 ad
319 1958 399 1987 hunc
426 1958 570 1987 modum:
595 1958 674 1998 ἡμῖν,
701 1961 758 1987 τῶν
785 1957 877 1987 αὐτῶν

156 2000 318 2042 χρημάτων
331 2000 463 2035 ἁπάσας,
481 2000 529 2041 [id
551 2004 611 2037 est,
634 1999 703 2041 ὑπὲξ
729 2003 783 2030 τῶν
807 2000 877 2030 αὐτ.

157 2055 194 2083 χ.
209 2044 256 2085 αἱ]
273 2054 378 2074 omnes
395 2044 465 2073 illas
479 2048 609 2084 quatuor
625 2044 761 2074 actiones
783 2054 877 2082 super

159 2087 267 2117 eodem
288 2098 350 2117 aere
373 2087 485 2123 alieno,
500 2091 630 2126 quatuor
646 2092 719 2127 puta
742 2087 877 2123 talentis,

156 2129 322 2171 τρισχιλίων
336 2130 472 2166 ἑκάστην,
489 2130 538 2172 [id
551 2135 610 2165 est,
628 2130 752 2161 ἑκάστην
768 2129 816 2161 ἐπὶ
831 2142 876 2160 τι-

155 2173 280 2214 μήματι
294 2171 462 2215 τρισχιλίων
473 2174 620 2215 δξιιχμῶν,
633 2184 876 2223 unamquamque

157 2217 263 2247 harum
277 2222 406 2257 quatuor
422 2217 575 2247 actionum
591 2218 650 2247 sub
673 2217 876 2247 {estimatione

156 2259 221 2290 litis
237 2260 276 2290 ad
291 2263 344 2292 30.
367 2259 476 2297 minas,
491 2271 579 2300 quas,
595 2260 768 2300 quicunque
784 2271 877 2291 causa

157 2303 292 2339 caderet,
324 2303 483 2343 judicibus
513 2303 728 2344 dependeret‚]
766 2301 878 2338 ἶλάβης

159 2345 242 2385 [scil.
265 2345 411 2389 ὀνόματι]
436 2358 478 2377 ex
498 2348 590 2378 titulo
614 2348 737 2388 accepti
756 2358 773 2377 a
788 2348 876 2377 nobis

156 2389 273 2420 damni.

202 2450 246 2456 —-
262 2436 314 2463 11.
339 2431 406 2473 πςδς
426 2433 578 2474 τριάκοντα
601 2435 677 2474 μνῶν
696 2432 877 2474 ἐπίγραμμα

159 2475 230 2516 ὑπὲρ
242 2475 384 2506 τοσούτων
393 2478 554 2518 χρημάτων
565 2476 603 2511 εἷς
614 2479 708 2515 ἀγῶνα
720 2477 875 2507 καθέστα-

158 2520 228 2561 μεν]
244 2519 405 2549 Sententia
420 2525 469 2550 est
480 2530 486 2548 ε
497 2521 626 2560 conjecti
645 2531 749 2550 sumus
764 2520 795 2550 in
811 2521 876 2551 dis-

159 2563 277 2593 crimen
303 2573 362 2593 non
387 2564 479 2593 modo
496 2568 608 2593 tantam
632 2564 703 2594 aeris
728 2575 875 2594 summam

161 2606 333 2643 amittendi,
355 2608 408 2637 16.
439 2606 554 2636 talenta
582 2611 667 2646 puta,
697 2607 752 2637 sed
784 2608 876 2637 etiam

159 2654 311 2688 praeterea
325 2650 387 2679 duo
403 2650 530 2685 talenta,
553 2650 644 2680 titulo
670 2650 875 2691 impensorum

159 2697 191 2722 et
220 2693 425 2732 sportularum
453 2694 631 2730 sorensium,
657 2704 726 2723 cum
756 2698 876 2724 actores

159 2736 331 2775 periculum
359 2746 419 2765 non
450 2737 561 2766 adeant
587 2738 701 2775 majus,
730 2747 821 2776 quam
850 2737 877 2766 si

160 2789 254 2810 causa
267 2779 449 2815 ceciderint,
463 2780 500 2809 ad
517 2790 669 2810 summum
684 2780 747 2810 duo
762 2780 878 2810 talenta

160 2822 331 2853 amittendi.

206 2867 280 2896 986.
295 2868 327 2897 3.
349 2862 385 2895 οἷν
399 2864 518 2908 ἔνεστιν]
535 2866 657 2897 correxi
682 2863 720 2897 α’ῗν
741 2865 768 2896 ἓν
789 2865 877 2896 ἔστιν.

162 2918 282 2947 quarum
295 2920 388 2939 unum
399 2915 450 2945 est,
463 2921 521 2940 non
533 2911 643 2946 minus,
659 2914 747 2950 atque
760 2910 878 2950 reliqua

162 2957 244 2986 suut,
253 2951 380 2991 firmum
392 2958 420 2983 et
432 2959 545 2989 rutum,
560 2963 676 2994 usuque
681 2953 751 3005 jori
767 2954 877 2994 vigens.

206 3011 250 3017 —
274 2997 326 3026 10.
354 2995 564 3038 γεγςαμμένοι]
592 2998 662 3029 scil.
688 2996 734 3028 τὸν
763 2996 878 3039 πατέρα

909 1049 988 1086 ἡμῶν
1008 1046 1076 1089 ὑπὲρ
1098 1049 1150 1081 τῖς
1171 1046 1344 1088 ἐπιτροπῆς.
1366 1058 1407 1078 ex
1424 1058 1485 1087 quo
1509 1053 1629 1087 patrem

909 1092 988 1121 male
1004 1097 1100 1130 gestae
1117 1092 1224 1122 tutelae
1240 1092 1417 1122 detulerunt
1432 1092 1471 1122 ad
1491 1092 1628 1131 judicem

908 1145 1058 1173 reumque
1075 1140 1216 1174 egerunt.

952 1195 994 1200 --
1011 1180 1063 1208 12.
1086 1177 1135 1208 καὶ
1155 1180 1211 1209 τῶν
1226 1177 1401 1220 ἐπιτρόπων]
1426 1179 1558 1208 subaudi
1581 1190 1631 1209 τε·-

908 1220 1133 1251 τελευτηκότων.

952 1283 995 1288 -
1022 1266 1072 1295 15.
1099 1264 1148 1294 καὶ
1179 1264 1330 1305 μαρτύρων
1358 1264 1407 1295 καὶ
1438 1265 1550 1296 πάντων
1575 1267 1631 1295 τῶν

909 1306 1066 1344 πλείστων,
1091 1309 1127 1343 ὡς
1151 1308 1261 1350 εἰπεῖν]
1285 1308 1432 1338 videntur
1455 1310 1550 1338 verba
1570 1314 1630 1338 tra-

905 1353 989 1390 jecta
1016 1362 1085 1382 esse
1111 1352 1142 1381 in
1170 1353 1248 1381 hunc
1280 1353 1403 1381 modum
1429 1353 1638 1382 restituenda:

908 1394 1058 1436 μαρτύρων
1079 1398 1136 1426 τῶν
1160 1393 1324 1430 πλείστων,
1339 1394 1354 1425 ἢ
1374 1394 1422 1424 καὶ
1447 1396 1572 1431 πάντων,
1595 1397 1631 1430 ὡς

909 1438 1007 1469 εἰπεῖν.
1030 1449 1098 1468 cum
1118 1440 1189 1468 vivis
1204 1439 1379 1468 excessissent
1398 1440 1515 1469 testium
1532 1439 1632 1478 pluri-

909 1483 961 1517 mi,
977 1487 1030 1512 αυτ
1045 1484 1144 1517 etiam,
1158 1481 1245 1522 sifas
1256 1486 1296 1512 est
1311 1482 1417 1517 dicere,
1432 1492 1499 1511 cum
1516 1484 1632 1512 testium

910 1535 993 1555 nemo
1015 1524 1113 1555 adhuc
1137 1531 1301 1564 superesset.
1326 1529 1359 1554 et
1383 1526 1428 1554 sic
1449 1525 1540 1554 Wolf
1557 1537 1634 1565 quo-

910 1579 979 1607 que.
1025 1570 1195 1599 Contentus
1216 1574 1315 1598 tamen
1338 1568 1394 1604 fui,
1421 1570 1631 1599 tantummodo

909 1612 1157 1651 interpunctione
1184 1612 1330 1641 mutanda
1356 1612 1536 1641 seutentiam
1569 1613 1630 1642 cla-

908 1655 1021 1684 riorem
1050 1654 1191 1690 reddere,
1219 1655 1258 1684 ad
1290 1655 1370 1684 bunc
1400 1656 1548 1685 modum:
1583 1656 1632 1685 καὶ

909 1698 1034 1733 πάντων,
1052 1699 1107 1726 τῶν
1127 1696 1376 1728 wulfrum—ut
1398 1699 1551 1728 sententia
1569 1700 1609 1728 sit
1624 1711 1630 1728 x

909 1742 1031 1770 mortuis
1045 1743 1188 1778 omuibus,
1202 1747 1330 1771 ‘nostrum
1344 1751 1456 1777 rerum,
1475 1747 1512 1771 ut
1526 1744 1570 1772 ita
1585 1744 1632 1772 di-

908 1794 985 1819 cam,
1007 1785 1215 1825 plerarumque
1230 1786 1443 1825 ignorantiam.
1489 1786 1558 1815 Erit
1573 1786 1631 1815 ita-

909 1838 969 1866 que
997 1829 1184 1858 constructio
1215 1829 1299 1858 liaec:
1331 1830 1380 1860 τὴν
1409 1828 1548 1868 ἡμετέραν
1578 1832 1634 1858 τῶν

910 1869 1056 1901 πλείστων
1072 1870 1209 1913 ἀπειρίαν.
1233 1873 1289 1901 Est
1305 1876 1418 1907 tamen,
1436 1882 1536 1911 neque
1552 1874 1631 1902 enim

910 1914 1075 1952 infitiabor,
1093 1915 1158 1944 haec
1184 1915 1262 1944 ratio
1284 1915 1421 1945 coactior
1443 1920 1535 1954 atque
1559 1927 1631 1945 con-

911 1958 1033 1987 tortior.

952 2018 996 2023 -—
1011 2003 1063 2031 24.
1089 1998 1263 2041 Ξενοπείθης]
1287 2000 1487 2040 Xenopithes
1507 2002 1557 2031 hic
1583 2008 1631 2032 est

911 2044 1024 2079 senior,
1041 2048 1170 2084 patruus
1187 2049 1336 2079 actorum,
1354 2045 1448 2074 frater
1465 2046 1632 2076 Nausima-

911 2087 963 2122 tis,
981 2087 1033 2126 qui
1051 2092 1138 2127 pater
1154 2093 1290 2117 actorum
1305 2093 1381 2117 erat.

953 2141 1084 2170 -pen.
1109 2132 1131 2160 οἳ
1157 2129 1320 2171 ἐπίτροποι]
1345 2131 1484 2166 dubium,
1505 2132 1556 2170 qui
1584 2137 1632 2161 tu-

910 2177 993 2203 tores
1018 2175 1228 2213 designentur,
1250 2174 1492 2204 Nausimachine
1511 2180 1543 2205 et
1566 2175 1632 2205 Xe-

909 2217 1056 2257 nopitliis,
1087 2222 1236 2253 actorum,
1272 2228 1308 2246 an
1337 2228 1471 2253 reorum,
1501 2218 1630 2249 filiorum

911 2261 1116 2291 Aristaeclimi.
1162 2262 1225 2291 Sed
1247 2266 1383 2291 actorum
1408 2266 1526 2291 tutores
1550 2262 1633 2291 desi-

911 2305 1007 2344 gnari,
1023 2309 1055 2334 et
1077 2305 1176 2334 solum
1194 2305 1431 2335 Aristaechmum
1455 2315 1558 2334 eornrn
1583 2310 1632 2335 tu-

910 2353 1008 2378 torem
1026 2358 1084 2378 non
1101 2348 1208 2384 fuisse,
1225 2349 1405 2378 credibilius
1420 2352 1478 2377 est.

954 2393 1028 2422 98⁷.
1045 2394 1076 2421 2.
1099 2390 1163 2422 δ’λην
1176 2393 1224 2422 τὴν
1239 2390 1414 2432 ἐπιτροπὴν]
1440 2392 1569 2421 subaudi
1592 2392 1635 2432 τῷ

909 2432 975 2474 ἐμῷ
989 2432 1090 2475 πατρί.

952 2495 996 2500 —
1011 2481 1041 2508 4.
1066 2479 1166 2508 ταῦτα,
1181 2476 1295 2517 πάντα]
1309 2477 1374 2507 scil.
1386 2479 1426 2508 τὰ
1440 2476 1632 2519 {yantas-ra,

910 2519 929 2549 ἓ
944 2522 987 2551 νῦν
1000 2520 1170 2559 ἐγκαλοῦσιν
1184 2522 1262 2560 ἡμῖν.

953 2583 997 2587 —-
1013 2565 1088 2594 ibid.
1113 2562 1202 2604 οὗτοι]
1224 2564 1450 2594 Nausimachus
1474 2569 1506 2594 et
1521 2565 1632 2595 Xeno·

911 2607 1024 2647 pithes.

954 2670 998 2674 —
1014 2653 1044 2681 6.
1068 2649 1177 2691 ἐκεῖνοι]
1201 2649 1438 2685 Aristaechmus,
1462 2656 1550 2690 pater
1578 2662 1632 2681 no-

912 2699 988 2729 ster,
1004 2700 1036 2724 et
1052 2694 1163 2733 reliqui
1181 2699 1340 2724 consortes
1357 2695 1474 2724 tutelae.
1505 2694 1632 2725 Senten-

914 2737 956 2767 tia
981 2742 1045 2767 est:
1071 2737 1118 2767 illi
1145 2743 1260 2767 tutores
1286 2737 1423 2778 pecuniis
1448 2738 1530 2773 istis,
1555 2748 1629 2775 quas

911 2781 1041 2820 pupillis
1078 2781 1143 2811 suis
1172 2781 1401 2820 persolverunt,
1430 2781 1632 2817 redimebant,

913 2834 971 2853 non
989 2835 1096 2855 nomen
1109 2826 1225 2859 tutelae,
1240 2824 1295 2854 sed
1309 2824 1550 2854 criminationes.
1563 2825 1591 2853 Ιι.
1604 2837 1632 2855 e.

913 2868 1025 2897 dabant
1053 2868 1117 2897 suis
1143 2867 1272 2907 pupillis
1300 2868 1368 2896 illas
1392 2867 1549 2905 pecunia&
1571 2877 1632 2905 qno

914 2910 1128 2946 liberarentur,
1144 2921 1204 2940 nun
1223 2911 1342 2940 nomine
1358 2910 1472 2940 tutelas.
1494 2910 1546 2938 sed
1572 2910 1633 2940 liti-

914 2955 984 2991 bus,
1001 2960 1033 2985 et
1048 2955 1296 2985 accusationibus
1313 2965 1352 2984 ex
1369 2952 1633 2985 administratione

913 3000 1020 3030 tutelae
1036 2997 1271 3029 exsistentibus.
