1931 3323
326 186 410 227 502

327 291 362 320 de
382 290 500 319 illorum
512 287 652 329 facinore
673 288 752 318 nobis
775 293 815 318 est
830 293 988 323 certamen,
1011 288 1035 317 si

329 334 479 372 sapimus;
501 332 548 361 sed
569 332 604 361 de
620 332 750 361 utilitate
772 337 883 365 nostra,
906 336 942 360 ut
958 331 1036 360 uobis

328 381 405 405 recte
417 375 610 405 consulamus.
626 374 648 403 εἷ
659 375 859 414 σωφρονοῦμεν,
871 373 893 403 εἰ
905 375 947 413 μὴ
963 385 1035 411 μαι-

328 418 448 458 νόμεθα.
468 418 594 448 Lucian.
614 417 719 456 [Pbal.
736 417 788 447 alt.
804 417 912 457 §.10.]
930 416 1036 446 τούτων

327 463 382 500 yde
406 460 453 490 οὐκ
473 460 537 490 οῖδα.
560 460 585 490 εἶ’
606 472 636 489 τι
656 459 763 500 μεῖζον,
778 460 801 489 εἶ
820 462 998 500 σωφξονεῖτε,
1021 459 1035 490 ἢ

331 503 540 544 ἀναγκαιότερον
554 502 700 541 ἡγήσησθε
715 503 759 532 ἄν.

372 565 416 569 -——
432 549 484 576 14.
506 545 678 588 ἐπέρχεται]
696 548 772 576 Cum
796 546 880 575 infin.
896 555 959 584 seq.
981 544 1036 574 im-

328 600 450 630 person.
465 590 544 625 libet,
561 590 667 628 cupido
682 600 725 619 me
739 590 865 625 incessit,
877 588 953 617 subit
965 588 1037 617 mihi

328 635 362 663 in
388 638 520 662 mentem.
551 631 706 673 ἐπέρχεταί
732 643 783 672 μοι
809 630 871 660 τόδε
901 631 947 659 καὶ
973 630 1036 660 τόδε

329 676 432 706 ποιεῖν.
457 676 501 705 ita
525 676 591 705 Lat.
615 676 691 704 subit
710 674 780 704 mihi
800 674 852 703 hoc
858 673 975 714 fucere,
992 675 1037 703 in-

330 720 422 755 cessit,
443 718 482 754 εἶς
496 720 550 748 νοῦν
569 715 698 758 ἐ’ξχετοιι,
718 718 832 747 Noster
855 717 926 745 adv.
948 717 1036 754 Lept.

333 762 376 803 [ᾧ.
401 774 440 800 ιγ.
443 760 464 802 ’]
488 759 522 791 ὡν
543 760 600 791 ἔνιοι
622 762 667 790 διὰ
686 761 735 790 τὴν
752 758 820 812 πξός
839 759 916 796 υμᾶς
939 758 1038 788 εὔνοιαν

331 815 478 845 U‘r'fipowr‘dc
505 816 556 837 Τῆς
579 802 722 843 πῶτξίδθς,
746 813 780 832 ων
809 799 966 842 ἐπεξχὶταί
987 813 1037 840 μοι

331 849 465 888 πρώτους
473 846 612 886 ἐξετάζειν
621 858 686 879 τους
698 845 729 875 ἔκ
744 844 870 885 Κοςίνῇου
886 844 1035 884 φυγόντας.

331 893 443 921 incessit
467 890 550 928 mihi,
569 888 640 929 fert
663 888 737 919 mihi
764 889 890 918 animus.
918 887 1039 918 Arrian.

332 932 660 973 Epict.1.e.[c.16.]
685 943 732 962 ουκ.
747 942 905 972 επεςχετοιι
918 942 980 970 μοι,
995 929 1038 960 ὅτι

331 989 382 1016 μοι
401 977 476 1016 τρεῖς
492 974 623 1015 {ie-vast
608 976 745 1015 αςκοῦο-ιν.
757 986 816 1005 non
830 976 906 1005 venit
921 973 992 1004 mihi
1008 975 1040 1003 in

332 1025 468 1054 mentem,
484 1019 545 1048 Int.
557 1018 633 1048 illud
649 1029 707 1048 ‘non
716 1024 828 1057 reputo.
843 1017 938 1047 Paulo
952 1017 1040 1047 aliter

335 1064 488 1092 Herodot.
502 1062 561 1102 [vi.
577 1061 667 1102 107.]
684 1061 732 1091 καί
746 1062 768 1091 οἱ
791 1061 890 1091 ταῦτα
912 1059 1040 1091 διέωοντι

333 1104 444 1136 ἐπῆλθε
462 1105 587 1144 πταρεῖν.
604 1106 685 1144 eique
701 1104 759 1135 hoec
775 1105 949 1144 transigentz'
964 1104 1037 1134 acci

332 1149 378 1178 dit
390 1155 567 1178 sternutare.
580 1149 631 1178 ubi
644 1159 702 1178 non
715 1153 763 1178 est
775 1148 808 1177 in
819 1153 941 1177 mentem
952 1148 1041 1183 venit,

334 1192 388 1221 sed
420 1202 490 1221 casu
511 1192 630 1221 accidit.
657 1191 786 1221 Aristid.
812 1188 983 1242 ἔπε’ςχετοιί
991 1201 1042 1230 μοι

333 1236 418 1264 τοῦτο
440 1235 537 1269 εἰπεῖν,
562 1240 593 1264 et
614 1233 776 1276 ἐπέρχεταί
800 1245 851 1274 μοι
872 1231 1042 1274 ἀποφαίνειν,

333 1280 364 1308 in
380 1280 514 1308 animum
528 1277 600 1307 mihi
614 1278 688 1307 subit
702 1278 857 1308 ostendere.

377 1338 420 1343 -
434 1321 510 1350 ibid.
525 1320 665 1361 ἀφορμην]
682 1321 754 1351 Vid.
770 1321 854 1351 alibi.

378 1382 422 1387 —--
436 1366 487 1395 15.
510 1364 522 1393 ὁ
537 1364 591 1404 μέν
605 1374 637 1402 γε
653 1363 776 1405 χξυσίον,
793 1364 828 1398 ὥς
843 1371 940 1404 φασιν,
960 1362 1040 1404 ἄγει]

336 1418 446 1438 aurum
466 1406 555 1437 vehit.
580 1409 712 1437 Dixerat
735 1418 827 1446 supra
849 1408 996 1437 ducentos
1012 1412 1044 1436 et

335 1451 418 1480 mille
447 1451 580 1481 camelos
609 1451 709 1489 regias
743 1450 889 1490 pecunias
920 1451 1044 1480 vehere.

336 1494 531 1524 Incredibilis
562 1498 645 1523 certe
683 1494 821 1533 pecuniae
852 1493 914 1529 vis,
942 1493 968 1523 si
999 1497 1044 1523 tot

337 1537 444 1567 cameli
466 1537 610 1568 nummati
635 1537 776 1567 fuissent.
820 1537 882 1567 Sed
899 1535 1043 1577 (opinor)

336 1581 497 1611 Demosth.
520 1581 721 1620 hyperbolice
745 1585 775 1610 et
789 1579 857 1611 κατ’
876 1579 992 1619 αὔξησιν
1013 1585 1044 1610 et

337 1624 369 1653 in
400 1629 545 1653 terrorem
580 1623 625 1653 ihi
654 1623 818 1662 amplificat
839 1623 940 1663 regias
969 1633 1043 1663 opes

338 1672 368 1697 et
394 1666 564 1706 pecunias;
591 1667 640 1696 hic
664 1677 737 1696 vero
764 1667 867 1696 elevat
895 1671 927 1697 et
955 1671 1043 1696 exte-

337 1715 422 1746 nuat,
438 1710 498 1739 viZ.
522 1710 646 1739 diverso
668 1710 767 1739 animo
790 1715 822 1739 et
837 1719 951 1748 scopo;
975 1720 1043 1739 nam

336 1753 365 1782 in
396 1752 493 1792 priori
521 1753 574 1782 illa
602 1758 690 1791 parte
720 1752 877 1787 orationis,
903 1753 955 1781 ubi
981 1753 1043 1791 agit

338 1797 376 1826 de
401 1807 432 1825 re
453 1796 638 1834 pecuniaria,
655 1795 751 1824 suasit
772 1796 896 1830 Athen„
912 1800 945 1824 ut
966 1795 1043 1825 illud

338 1843 433 1878 caput
448 1838 682 1868 consultationis
698 1837 757 1878 περὶ
777 1840 832 1867 τῶν
850 1838 990 1878 εἰσφορῶν,
1004 1839 1044 1868 de

338 1882 615 1912 contributionibus
631 1882 668 1910 ad
680 1881 753 1911 belli
948 1885 979 1910 et
991 1881 1044 1910 sti-

340 1925 451 1964 pendia
471 1925 743 1963 impraesentiarum
765 1924 943 1953 omitterent
964 1928 994 1953 et
1015 1925 1043 1953 in

340 1974 497 2007 posterum
522 1968 689 1997 differrent.
710 1966 763 2005 ἐγώ
785 1974 862 2007 φημι
883 1969 982 2008 χρῆναι
1002 1969 1045 2007 μὴ

341 2010 432 2049 λέγειν
445 2011 496 2041 νυνὶ
512 2011 572 2051 περὶ
588 2010 754 2052 χρημάτων.
770 2010 878 2049 quare?
902 2021 946 2040 sc.
961 2011 1046 2040 novit

341 2055 456 2094 quippe
477 2059 509 2084 et
531 2054 674 2093 praevidit
691 2064 743 2083 eos
764 2064 819 2083 nec
842 2053 971 2083 libenter
991 2064 1046 2083 nec

342 2098 508 2127 liberaliter
537 2097 774 2132 contributuros,
805 2097 902 2126 donec
930 2096 1046 2126 certius

342 2141 416 2180 quid
432 2140 604 2170 constiterit
626 2142 664 2169 de
686 2139 819 2169 adventu
841 2139 936 2178 regis,
951 2139 1049 2169 donec

344 2184 467 2223 gravius
484 2183 652 2222 periculum
665 2183 836 2212 immineret
848 2182 981 2221 bellique
997 2193 1048 2212 ne-

344 2227 471 2256 cessitas
484 2227 626 2266 proprius
644 2233 775 2265 urgeret.
823 2230 844 2243 “
861 2225 1047 2264 Quantillum

344 2271 422 2300 enim
434 2276 481 2299 est
489 2269 628 2311 (inquit),
637 2270 761 2305 Athen„
772 2269 853 2308 quod
862 2279 917 2298 vos
929 2269 1048 2308 imprae-

344 2313 507 2343 sentiarum
534 2313 690 2348 confertis,
717 2312 777 2342 viz.
795 2315 836 2343 60
857 2312 980 2348 talenta,
997 2317 1050 2342 aut

341 2357 421 2386 forte
439 2356 522 2387 120?
545 2360 574 2385 at
588 2356 658 2394 quid
672 2356 729 2385 hoc
745 2360 792 2385 est
809 2355 846 2384 ad
859 2355 1006 2384 ducentos
1019 2360 1050 2385 et

344 2400 427 2428 mille
443 2398 606 2429 camelos?‘
610 2398 617 2411 '
633 2410 680 2428 και
695 2396 726 2427 τί
739 2396 819 2428 τοῦτ’
831 2397 896 2428 ’ἑο-τι
911 2397 976 2438 πξός
989 2397 1049 2428 διοι-

344 2440 441 2476 κασίας
458 2455 504 2472 και
522 2441 623 2482 χιλίοις
642 2441 789 2493 καμηλους
805 2441 838 2474 ἃς
857 2441 994 2475 Bao-theia
1008 2444 1049 2472 τοὶ

345 2485 489 2525 χρήματα
500 2485 575 2522 ἄγειν
586 2485 672 2524 φασὶν
681 2496 765 2519 ουτοι,
774 2484 802 2513 bi
814 2495 857 2514 sc.
868 2485 920 2523 qui
931 2485 1049 2523 Regem

345 2529 508 2558 Persarum
527 2528 754 2567 expeditionem
773 2528 804 2556 in
825 2538 879 2556 nos
896 2527 1050 2566 suscipere

345 2571 462 2601 dicunt.
486 2571 658 2610 Eoigitur'
652 2582 680 2600 in
694 2571 764 2600 loco
780 2571 942 2610 amplificat
952 2570 1050 2610 regias

346 2614 489 2654 pecunias
500 2614 538 2642 ob
552 2614 696 2642 rationem
709 2623 796 2653 quam
813 2613 879 2642 dixi
891 2625 899 2651 ;
912 2613 961 2643 hic
977 2624 1049 2643 vero

346 2668 414 2687 cum
438 2657 518 2686 aliud
543 2656 617 2694 agit,
641 2658 760 2686 easdem
779 2661 927 2686 extenuat
948 2656 1049 2695 aitque

345 2702 493 2740 potiorem
515 2710 582 2729 esse
605 2701 715 2729 Athen.
735 2699 939 2729 conditionem
959 2700 1049 2729 etiam

346 2745 377 2773 in
394 2754 427 2773 re
446 2741 632 2781 pecuniaria:
656 2742 681 2772 εἴ
694 2740 721 2780 γ’
737 2741 783 2771 ἐπὶ
800 2743 959 2782 χρημάτων
974 2753 1002 2772 κ.
1018 2754 1049 2773 τ.

347 2793 376 2816 λ.
417 2786 479 2815 Hic
494 2786 571 2815 enim
586 2785 615 2814 ei
630 2795 741 2824 scopus
757 2789 802 2814 est
818 2786 935 2823 erigere
952 2789 984 2815 et
995 2796 1049 2815 ex-

347 2830 440 2859 citare
451 2833 482 2858 et
493 2829 625 2858 animare
639 2838 709 2858 suos
725 2827 845 2861 Athen..
856 2838 913 2857 non
928 2828 1049 2867 quidem

346 2873 383 2902 ad
408 2882 490 2901 arma
520 2882 597 2901 nunc
620 2871 720 2901 statim
751 2875 866 2900 temere
889 2871 1048 2910 capienda,

344 2915 443 2956 (quod
472 2914 524 2944 alii
547 2914 701 2945 Rhetores
724 2912 912 2954 suaserunt),
935 2914 988 2943 sed
1011 2924 1049 2944 ne

344 2959 460 2989 animos
476 2957 504 2986 in
522 2961 677 2996 posterum
690 2956 912 2996 despondeant,
927 2967 984 2986 nec
996 2968 1048 2987 co-

346 3001 406 3041 piis
420 3007 448 3031 et
463 3000 598 3040 potentia
609 3000 706 3039 Regis
722 3004 962 3036 terreantur,aut
977 3010 1048 3031 con-

643 182 688 222 T.
723 180 999 223 STANLEII
1034 179 1506 224 ANNOTATIONES

1069 292 1241 317 sternentur
1272 288 1308 317 ad
1347 288 1479 319 bellandi
1514 293 1634 329 tempus
1662 291 1772 323 adven.

1069 330 1180 369 quippe
1197 330 1324 360 nibil-iis
1339 331 1513 363 defuturum
1529 343 1598 364 cum
1613 343 1691 373 opus
1708 333 1774 365 fue-

1069 373 1120 410 rit,
1133 373 1205 412 quin
1220 383 1288 402 cum
1305 375 1470 405 necessitas
1485 381 1592 415 urgeat
1605 380 1636 406 et
1651 378 1772 408 omnino

1069 416 1307 453 belligerandum
1320 417 1371 453 sit,
1383 418 1496 456 optime
1506 429 1558 449 eos
1569 419 1732 451 instructos
1742 425 1776 451 et

1069 460 1200 489 munitos
1213 459 1277 489 sore
1292 464 1322 489 et
1336 461 1427 490 armis
1441 466 1472 490 et
1488 462 1615 492 navibus
1630 469 1661 493 et
1675 464 1774 502 copiis

1069 507 1100 532 et
1116 502 1264 532 militibus
1278 507 1309 532 et
1325 504 1460 542 pecuniis
1480 509 1512 534 ct
1535 505 1672 535 omnibus
1688 506 1774 536 deni-

1069 555 1127 583 que
1151 545 1187 574 ad
1212 546 1326 575 bellum
1351 547 1543 578 necessariis.
1587 549 1687 587 Atque
1711 549 1775 580 haec

1070 586 1245 627 ἐναντιοφανη
1266 589 1366 619 obiter
1382 595 1525 621 annotare
1546 590 1647 621 visum
1663 596 1721 627 est,
1736 603 1776 623 ne

1069 631 1140 669 quis
1160 637 1248 683 putet
1270 633 1505 663 Demosthenem
1529 639 1665 664 nostrum
1683 634 1777 675 ἑαυτῷ

1070 673 1250 714 περιπίπτειν
1275 680 1306 705 et
1321 677 1559 707 contradicentia
1574 677 1668 716 loqui,
1684 679 1776 707 modo

1071 717 1267 747 extollentem
1291 719 1391 756 regias
1406 729 1481 758 opes
1497 725 1527 750 et
1546 720 1690 759 pecunias
1710 721 1779 751 κατ’

1070 758 1196 798 αὔξησιν,
1214 760 1339 790 modod
1342 762 1542 800 eprimentem
1556 765 1636 793 κατὰ
1650 763 1777 803 μείωσιν.

1071 802 1131 832 Sed
1143 813 1286 841 quorsum
1297 807 1413 834 tautum
1422 806 1486 835 auri
1496 807 1617 844 pondus
1629 817 1731 837 secum
1745 808 1776 837 in

1072 845 1184 875 bellum
1203 846 1324 875 afferret
1340 847 1411 877 Rex
1433 848 1614 878 Persarum?
1638 849 1699 879 viz.
1718 861 1776 880 non

1073 888 1171 918 solum
1185 889 1223 918 ad
1234 889 1408 920 tolerandos
1418 890 1490 920 belli
1502 897 1642 931 sumptus
1651 892 1778 923 milites·

1072 942 1132 970 que
1152 931 1382 968 conducendos,
1398 934 1454 963 sed
1477 934 1565 964 etiam
1583 935 1620 964 ad
1641 945 1778 966 mercan-

1073 975 1130 1004 dos
1141 976 1435 1016 corrumpendosque
1446 977 1549 1007 hostes
1561 982 1591 1007 et
1604 977 1778 1017 proditores

1073 1017 1262 1048 alliciendos.
1298 1018 1398 1050 Nimis
1417 1026 1519 1049 notum
1535 1020 1611 1050 illud
1627 1021 1779 1075 Philippi-

1073 1061 1170 1091 zantis
1194 1061 1309 1092 oraculi
1333 1064 1492 1103 Ἀςγυςεοιῖς
1512 1063 1653 1104 λόγχαισι
1674 1065 1778 1106 μάχου

1074 1109 1133 1134 etc.
1149 1108 1180 1134 et
1196 1104 1243 1134 cui
1259 1115 1317 1135 nou
1334 1106 1470 1136 auditum
1486 1106 1622 1146 ejusdem
1640 1107 1779 1158 Philippi

1073 1148 1219 1188 apophth.
1243 1152 1251 1166 ‘
1262 1149 1383 1178 Nullam
1399 1159 1499 1179 arcem
1511 1150 1588 1179 adeo
1599 1160 1666 1180 esse
1677 1151 1776 1181 muni·

1075 1196 1146 1226 tam,
1157 1191 1188 1221 in
1199 1202 1287 1230 quam
1301 1192 1403 1222 asinus
1416 1202 1490 1222 auro
1501 1197 1628 1223 onustus
1637 1204 1695 1223 non
1706 1204 1778 1233 pos-

1075 1233 1115 1264 sit
1130 1233 1262 1264 intrare!
1289 1235 1382 1272 Quod
1397 1236 1421 1265 si
1434 1235 1548 1265 asellus
1560 1246 1634 1266 auro
1649 1242 1778 1268 onustus

1074 1281 1135 1307 tam
1154 1282 1260 1316 potens
1277 1278 1317 1308 sit
1331 1279 1360 1308 in
1382 1278 1462 1308 hello
1479 1279 1627 1315 machina,
1643 1280 1714 1318 quid
1732 1280 1779 1310 di-

1075 1330 1178 1350 cemus
1189 1321 1226 1350 de
1238 1323 1321 1351 1200
1329 1321 1453 1351 camelis
1467 1322 1565 1361 Regis
1575 1323 1662 1352 Pers.
1673 1332 1779 1353 aurum

1077 1363 1255 1394 vehentibus
1269 1364 1279 1393 ?
1303 1365 1394 1394 Certe
1411 1375 1624 1404 nonnunquam
1640 1366 1778 1404 pecuniae

1075 1406 1147 1446 plus
1171 1412 1298 1446 prosunt
1314 1408 1346 1437 in
1370 1407 1452 1437 bello
1475 1418 1564 1447 quam
1581 1418 1673 1445 arma,
1689 1409 1780 1448 copia

1076 1460 1166 1489 quam
1190 1451 1303 1490 copiae3
1323 1455 1354 1480 et
1376 1461 1449 1480 auro
1470 1451 1562 1481 citius
1585 1462 1674 1491 quam
1698 1453 1779 1482 ferro

1076 1493 1239 1524 vincuntur
1267 1494 1380 1529 hostes,
1408 1493 1554 1533 quioquid
1577 1495 1660 1525 dicat
1684 1495 1780 1525 Solon

1075 1537 1156 1575 apud
1170 1537 1373 1567 Herodotum.
1397 1537 1559 1578 Philippus
1573 1539 1710 1577 profecto
1721 1549 1782 1569 non

1077 1579 1135 1610 alia
1150 1581 1289 1610 machina
1302 1581 1470 1620 Olynthum
1484 1581 1675 1621 expugnavit
1690 1581 1781 1612 alias-

1076 1633 1135 1662 que
1152 1625 1208 1653 Gr.
1225 1624 1326 1660 urbes,
1341 1634 1397 1654 nec
1412 1623 1473 1654 alio
1489 1624 1554 1654 fere
1567 1624 1662 1655 ariete
1675 1635 1780 1654 eorum

1076 1676 1179 1697 muros
1195 1666 1352 1706 quassavit
1365 1677 1454 1706 quam
1469 1677 1561 1697 aureo
1575 1668 1667 1699 bove.
1711 1668 1781 1698 Non

1077 1709 1185 1739 mirum
1198 1710 1301 1748 igitur,
1310 1709 1337 1739 si
1349 1714 1380 1739 et
1392 1715 1460 1740 ante
1472 1721 1539 1740 eum
1549 1711 1622 1740 Rex
1635 1711 1695 1740 iste
1710 1712 1781 1740 Per-

1078 1762 1178 1782 sarum
1197 1753 1303 1782 eadem
1318 1752 1455 1782 machina
1475 1755 1601 1784 Graecos
1617 1763 1782 1792 aggressus

1078 1800 1138 1832 est3
1147 1795 1276 1834 ideoque
1289 1805 1426 1834 magnam
1436 1796 1573 1826 attulerit
1585 1796 1657 1831 vim,
1668 1801 1699 1826 et
1711 1808 1782 1827 vere

1079 1837 1153 1877 vim,
1176 1848 1283 1876 magna
1304 1839 1384 1868 enim
1409 1839 1475 1868 auri
1498 1839 1545 1870 vis
1566 1839 1598 1869 in
1621 1839 1703 1869 bello
1725 1844 1783 1870 est.

1080 1880 1184 1910 Dicite
1207 1881 1367 1920 pontifices
1382 1881 1412 1911 in
1431 1882 1539 1918 sacris,
1553 1881 1649 1923 dicite
1668 1893 1784 1922 vosque

1079 1924 1175 1953 duces
1197 1924 1227 1954 in
1250 1925 1371 1961 castris,
1393 1924 1467 1964 quid
1487 1924 1561 1956 facit
1581 1935 1698 1955 aurum.
1741 1926 1784 1956 At

1081 1967 1180 1997 valeat
1195 1978 1299 1997 aurum
1313 1968 1391 1997 inter
1400 1967 1515 1998 milites
1525 1973 1670 2007 quantum
1684 1969 1784 1999 valere

1080 2015 1200 2047 potest:
1225 2021 1283 2040 non
1300 2010 1414 2040 valebit
1425 2015 1524 2041 tamen
1536 2011 1665 2054 (spero)
1678 2022 1781 2042 aurum

1081 2053 1240 2083 Persicum
1258 2054 1292 2083 ad
1310 2054 1548 2094 corrumpendos
1563 2056 1617 2085 Gr.
1631 2055 1783 2086 Rhetores

1081 2101 1133 2125 aut
1162 2101 1297 2126 oratores
1328 2097 1394 2126 Att.
1388 2118 1407 2132 .,
1437 2097 1547 2128 saltem
1578 2108 1637 2128 non
1669 2099 1785 2129 Demo-

1083 2139 1236 2176 sthenem3
1260 2139 1374 2170 utinam
1394 2140 1500 2171 saltem
1515 2140 1595 2170 ille'
1587 2141 1728 2171 1mmunis
1744 2141 1786 2172 sit

1082 2183 1121 2212 ab
1144 2183 1200 2212 hac
1222 2183 1289 2212 labe
1312 2181 1478 2224 δωροδοκίας,
1495 2194 1551 2214 nec
1574 2184 1697 2214 nimium
1718 2186 1785 2223 ejus

1083 2225 1181 2255 oculis
1208 2226 1355 2264 affulgeat
1384 2226 1396 2256 ὁ
1422 2225 1524 2268 χρυσὸς
1552 2227 1602 2256 τοῦ
1631 2226 1785 2261 βασιλέως,

1083 2269 1165 2306 Quid
1181 2269 1295 2298 oratori
1311 2270 1366 2298 Gr.
1383 2280 1451 2299 cum
1468 2269 1605 2308 pecuniis
1628 2271 1784 2300 Persicis?

1082 2315 1214 2342 tractent
1230 2312 1350 2342 fabrilia
1369 2311 1458 2348 fabri,
1474 2317 1604 2343 tractent
1620 2313 1722 2351 potius
1742 2313 1788 2343 illi

1083 2354 1196 2385 ferrum
1368 2365 1456 2393 quam
1485 2365 1591 2386 aurum
1620 2356 1734 2395 Regis:
1758 2361 1789 2387 et

1083 2408 1172 2436 quam
1188 2408 1268 2437 aegre
1286 2396 1414 2427 inducor
1431 2403 1464 2428 ut
1479 2408 1568 2429 secus
1589 2398 1664 2438 quid
1688 2400 1788 2439 suspi-

1083 2450 1168 2470 carer
1184 2441 1222 2470 de
1240 2441 1296 2470 hoo
1311 2440 1450 2479 principe
1464 2446 1628 2477 oratorum,
1642 2442 1789 2482 quicquid

1083 2483 1242 2523 scripserit
1253 2484 1444 2514 Plutarchus.
1467 2486 1566 2523 Atque
1578 2485 1724 2515 hactenus
1736 2486 1788 2516 lia-

1083 2527 1203 2556 buimus
1220 2527 1375 2566 duplicem
1396 2526 1462 2557 auri
1485 2537 1572 2557 usum
1594 2527 1624 2558 in
1647 2528 1740 2564 bello,
1757 2533 1789 2559 et

1083 2580 1176 2608 quare
1195 2571 1354 2600 Persarum
1370 2570 1453 2606 Rex,
1467 2570 1493 2601 si
1509 2572 1597 2606 forte,
1613 2575 1717 2601 contra
1732 2572 1786 2602 Gr.

1082 2611 1195 2653 χρυσίον
1215 2612 1288 2651 ἄγει.
1307 2623 1401 2643 unum
1418 2618 1557 2652 apertum
1570 2618 1602 2644 et
1615 2614 1786 2653 honestum,

1083 2657 1120 2685 ad
1135 2656 1362 2686 sustentandum
1379 2656 1565 2694 exercitum3
1577 2657 1703 2689 alterum
1718 2657 1793 2687 sub-

1083 2699 1185 2728 dolum
1215 2705 1245 2729 et
1274 2699 1439 2736 occultum,
1468 2700 1507 2730 ad
1535 2701 1789 2740 corrumpendum

1084 2742 1199 2771 hostem
1213 2752 1219 2770 :
1243 2742 1273 2771 in
1290 2741 1387 2781 priori
1401 2753 1507 2772 aurum
1521 2747 1569 2773 est
1584 2753 1696 2774 nervus
1714 2743 1789 2773 belli

1084 2790 1114 2814 et
1130 2795 1183 2814 cos
1197 2784 1402 2823 fortitudini53
1416 2785 1447 2815 in
1460 2785 1624 2824 posteriori
1639 2796 1708 2815 esca
1717 2796 1789 2825 pro-

1082 2828 1175 2857 ducet
1302 2828 1484 2867 proditionis
1496 2827 1585 2868 [sioJ.
1608 2829 1700 2865 Quod
1713 2829 1739 2858 si
1749 2830 1788 2859 ad

1083 2880 1225 2910 pompam
1239 2874 1270 2900 et
1285 2871 1518 2901 ostentationem
1532 2881 1637 2901 aurum
1648 2871 1739 2901 etiam
1754 2872 1787 2902 in

1085 2913 1163 2943 bello
1185 2917 1333 2952 gestatur,
1349 2913 1425 2943 nihil
1446 2915 1584 2952 profecto
1603 2913 1707 2945 vanius
1729 2924 1787 2945 nec

1082 2957 1314 2988 incommodius.
1346 2957 1419 2987 Hoc
1435 2961 1533 2986 tamen
1544 2958 1625 2997 apud
1642 2958 1786 2988 barbaros

1082 3004 1112 3030 et
1131 2999 1286 3040 praecipue
1307 3000 1388 3039 apud
1411 3000 1519 3030 Persas
1541 2999 1572 3030 in
1700 3010 1784 3031 more
