1931 3322
642 176 1129 220 PROLEGOMENA.

151 282 288 312 Νικοκλέα,
302 284 432 322 τιμῶντα
449 282 496 312 τὸν
510 284 601 322 τάφον
614 283 665 312 τοῦ
679 281 786 324 πατρὸς
796 283 865 323 (hic

152 335 241 355 casus
257 326 401 365 specialis
423 331 481 360 est,
497 324 531 355 τό
554 326 584 355 τὶ
602 336 676 356 vero
697 326 865 365 generale).

149 367 318 397 Adhaerent
335 368 498 407 participio
513 372 649 408 τιμῶντα.
671 380 729 399 non
745 373 863 399 tantum

150 410 344 440 accusativus
365 411 467 451 τάφον,
483 412 538 441 sed
555 413 645 442 etiam
662 412 763 441 dativi
778 422 861 442 com·

150 452 266 491 plui-es,
282 453 406 483 modum
423 455 564 492 gerendae
581 455 625 484 rei
639 455 861 493 significantes,

150 505 276 533 quorum
299 497 435 526 nonrmlli
458 499 617 536 adjunctos
640 498 752 527 habent
775 499 862 536 geni-

149 538 243 573 tivos,
260 543 305 574 ut,
321 539 365 577 τῷ
376 538 477 569 πλήθει
493 541 541 569 καὶ
554 540 596 580 τῷ
608 540 711 569 κάλλει
726 543 781 570 τῶν
796 539 859 570 ἐπι-

148 579 313 620 φερομένων,
332 581 378 611 καὶ
392 584 496 622 χοροῖς,
513 583 561 612 καῖ
576 582 715 624 μουσικῇ,
735 582 784 612 καὶ
808 594 858 620 γυ-

149 625 259 661 μνικοῖς
271 624 387 662 ἀγῶσιν,
403 625 514 655 ἴσω-ων
525 636 558 655 τε
572 625 621 654 καὶ
638 628 748 665 τςιηρῶν
763 625 857 665 ἁμίλ-

148 672 222 700 λαις.
269 667 397 698 Prolixa
412 668 477 697 haec
493 673 575 704 sunt,
587 668 642 698 sed
657 670 768 705 γενικῶς
783 680 857 707 pan-

145 709 191 738 cis
213 710 433 749 comprehendi
455 714 603 750 possnnt:
628 713 691 741 τινὰ
710 711 803 751 τιμᾷν
816 724 857 747 τι,

147 750 161 782 ἦ
175 752 237 781 τινά
247 765 311 788 τινι,
325 753 451 793 aliquem
466 754 592 794 aliquid,
605 754 650 784 vel
661 755 786 794 aliquem
801 756 857 785 ali-

145 805 203 835 qua
217 805 249 824 re
264 795 415 826 honorare.
429 797 569 827 Tertium
588 797 715 827 verbum
729 802 776 827 est
791 797 856 829 ἐπι-

145 836 218 877 φέρω
229 838 280 869 liic
295 837 482 873 ἐλλειπτιιιῶς
495 841 640 878 positum,
651 845 683 870 ut
699 850 793 879 supra
809 842 856 872 di-

143 881 258 911 ximus.
303 883 453 920 Qnartum
477 883 605 922 γυμνικοὶ
635 885 755 920 ἅγῶνεςῑ
787 895 855 915 nam

143 925 343 955 substantivis
356 935 478 965 quoque
493 937 551 956 non
570 927 687 966 quaevis
702 928 856 966 adjectiva

142 969 415 1007 rectejunguntur,
423 969 520 999 nihilo
535 971 631 1009 magis
645 980 732 1009 quarn
748 981 855 1002 omnes

142 1010 312 1041 accusativi
336 1011 437 1041 verbis
458 1013 569 1043 activis
583 1018 635 1043 aut
658 1013 775 1052 quaevis
801 1015 855 1044 ad-

144 1054 251 1084 verbia
270 1054 431 1093 quibusvis
448 1055 560 1087 verbis.
581 1058 612 1086 5.
639 1056 742 1086 ἵππων
757 1067 791 1086 τε
805 1058 854 1088 καὶ

143 1099 253 1136 τριηρῶν
282 1097 423 1137 ἅμιλλαι.
467 1099 545 1129 Nam
573 1105 604 1129 et
631 1099 761 1138 genitivi
783 1101 854 1138 jun-

144 1140 249 1178 gendi,
261 1141 475 1178 substantivis,
503 1143 669 1182 aliquando
698 1143 855 1182 postulant

143 1183 388 1214 observationem
401 1189 432 1214 et
443 1185 605 1216 delectum.
630 1188 660 1216 6.
675 1188 736 1216 τινὰ
749 1184 854 1218 λείπειν

143 1224 215 1261 τινὸς
226 1226 401 1266 πράγματος
409 1227 539 1268 οὐδεμίαν
549 1229 713 1269 ὑπερβολὴν,
725 1229 852 1269 aliquem

143 1269 176 1298 in
187 1275 346 1310 utramque
360 1277 474 1310 partem
488 1283 554 1303 eum
569 1282 597 1302 se
608 1273 748 1312 proebere,
765 1279 800 1303 ut
815 1275 852 1305 ab

143 1312 211 1343 aliis
227 1313 302 1343 nihil
313 1313 498 1353 addipossit:
515 1321 547 1346 ut
560 1316 598 1345 ad
611 1316 851 1355 magnitudinem

142 1360 174 1386 et
201 1356 434 1395 amplitudinem
462 1359 537 1389 facti
567 1364 618 1389 aut
647 1361 693 1390 rei
722 1360 852 1399 alicujus

142 1398 217 1428 nihil
243 1400 340 1438 possit
366 1402 524 1432 accedere.
558 1405 590 1432 7.
612 1405 677 1433 τινὰ
703 1403 852 1441 ἡγεῖσθαι.

143 1443 174 1471 8.
189 1441 254 1472 τινὰ
268 1442 461 1484 ἀποδέχεσθαί
474 1457 516 1476 τι.
532 1450 563 1476 et
577 1447 773 1485 conjunctim,
789 1449 853 1477 τινὰ

141 1483 282 1522 ἡγεῖσθαι,
296 1488 360 1517 τινὰ
373 1487 570 1530 ἀποδέχεσθαί
583 1500 623 1520 τι.
647 1492 677 1521 9.
699 1492 764 1520 τινὰ
780 1491 852 1521 ἀπο-

143 1526 281 1569 δέχεσθαί
290 1541 319 1559 τι
331 1529 461 1570 εὐμενῶς.
497 1535 549 1562 10.
564 1535 628 1563 τινὰ
636 1532 741 1574 χαίξειν
749 1533 853 1573 ὁρῶντά

140 1582 183 1600 τι.
208 1575 259 1601 11.
275 1573 289 1602 ἡ
300 1571 454 1612 ἐπιμέλειά
464 1585 536 1608 τινος
549 1574 619 1615 weg(
627 1588 691 1605 τινα
704 1575 850 1617 ἄνθρωπον.

143 1616 195 1644 12.
216 1617 280 1645 τινὰ,
303 1617 378 1646 πολὺ
394 1615 439 1646 ἔτι
454 1615 552 1646 πλείω
575 1618 659 1658 χάριν
678 1618 753 1659 ’ἔχειν
767 1620 821 1649 τινὶ
836 1619 851 1651 ἢ

140 1658 201 1692 τοῖς
216 1657 314 1692 ἄλλοις
329 1658 449 1689 ἅπασιν.
490 1663 541 1691 13.
563 1663 627 1691 τινὰ
643 1661 786 1693 δυνηθῆναι
811 1663 852 1692 δι-

141 1698 237 1730 ελθεῖν.
276 1703 328 1732 14.
351 1701 414 1732 τινοὶ
425 1701 540 1733 διελθεῖν
552 1703 614 1744 περί
627 1715 698 1739 τινος
710 1705 850 1745 πράγμα-

141 1755 191 1777 τος
214 1743 297 1782 αξίως
320 1747 376 1775 τῶν
399 1745 607 1786 πεπραγμένων
632 1746 695 1778 τινί.
735 1749 786 1779 15.
809 1751 851 1780 τὰ

140 1785 360 1827 ἐπιτηδεύματά
378 1799 450 1822 τινος
463 1789 512 1819 καὶ
528 1790 550 1819 οἶ
572 1788 691 1821 κίνδυνοι.
735 1791 850 1822 Viden-

141 1830 213 1859 dum
227 1831 306 1860 enim
322 1836 382 1867 est,
398 1842 465 1871 quae
479 1832 601 1863 nomina
617 1838 649 1864 et
672 1844 739 1874 quae
757 1836 850 1865 verba

142 1873 287 1914 conjungi
317 1875 442 1904 soleant.
489 1875 541 1905 Sic
568 1877 659 1914 paulo
691 1882 760 1906 ante
790 1878 851 1908 tria

142 1915 307 1953 eohaerent‚
328 1916 541 1959 ἀποδέχεσθαι,
567 1919 651 1960 χάριν
673 1918 758 1961 ἔχειν,
781 1931 849 1960 quae

144 1959 244 1988 omnia
258 1960 298 1989 ad
310 1961 438 1990 eandem
455 1971 617 1999 personam
631 1968 662 1993 et
676 1973 741 1992 rem
754 1963 850 2002 perti-

141 2006 223 2032 nent.
258 2004 308 2033 16.
332 2003 401 2034 εἶναί
411 2013 463 2033 τινι
475 2003 612 2035 αἴσθησίν
625 2017 690 2036 τινα
705 2005 767 2046 mg(
780 2018 850 2040 τινος

141 2044 328 2084 πράγματος,
342 2047 405 2076 ἀντὶ
421 2048 483 2082 τοῦ,
496 2049 559 2077 τινὰ
571 2047 759 2081 aiveina-,roal
767 2061 850 2086 τινος.

141 2090 193 2118 17.
216 2088 246 2117 τὶ
269 2088 420 2126 γίγνεσθαι
446 2088 549 2125 ἐνθάδε,
573 2091 599 2127 ἦ,
626 2092 653 2123 ἔν
677 2103 732 2122 τινι
757 2091 850 2133 τόπῳ.

140 2132 190 2160 18.
210 2131 403 2162 Observetur
413 2139 445 2162 et
460 2133 621 2170 particula,
634 2136 669 2171 εἴ,
680 2136 706 2166 εἶ’
715 2135 761 2170 τίς
770 2134 851 2167 ἐστιν

139 2172 280 2210 αἴσθησις,
301 2175 386 2209 εἴτις
405 2174 534 2207 δυνηθείη.
568 2179 618 2208 19.
637 2180 659 2208 oi
676 2185 848 2211 τετελευτη-

138 2216 230 2252 κότες,
246 2217 367 2248 δηλονότι
385 2217 430 2249 τὸν
451 2217 514 2252 ῥίον,
529 2220 582 2258 qui
598 2226 629 2251 et
648 2223 731 2263 νεκςοὶ
753 2227 784 2253 et
803 2233 849 2253 κε-

135 2260 280 2300 κμηκότες
294 2268 326 2292 et
339 2259 463 2296 θανόντες
481 2262 634 2295 dicuntur.

182 2393 353 2424 Admonitio
383 2395 418 2424 de
448 2394 653 2427 Grammatico
681 2397 849 2435 repetitione

139 2443 208 2464 cum
222 2436 380 2467 disserendi
393 2443 420 2467 et
430 2439 547 2469 dicendi
555 2447 620 2470 arte
631 2440 851 2481 conjungenda.-

137 2487 170 2508 επ
191 2480 433 2510 annotationibus
452 2480 552 2521 lVolfii
567 2484 599 2513 in
623 2481 758 2514 Graecam
782 2483 849 2514 Cle-

138 2522 227 2552 ‘nardi
244 2521 491 2554 Grammaticam.

168 2563 175 2576 ἵ

182 2608 210 2638 1.
233 2608 275 2638 Ut
299 2613 415 2644 natura,
432 2609 473 2639 ita
491 2614 522 2639 et
539 2620 601 2645 ars,
618 2615 733 2641 naturae
750 2611 848 2642 imita-

141 2650 204 2680 trix
221 2652 258 2681 ab
274 2651 343 2681 imis
360 2658 392 2682 et
407 2653 541 2683 minimis
555 2654 592 2683 ad
607 2664 725 2685 summa
740 2660 770 2685 et
785 2665 848 2686 ma-

139 2693 224 2723 xima
258 2704 387 2734 quaeque
423 2696 630 2736 progreditur.
677 2698 724 2727 Ea
755 2698 851 2737 igitur

137 2737 254 2767 ratione
272 2738 301 2767 in
318 2743 382 2768 arte
399 2740 617 2776 Grammatica,
636 2740 766 2779 primum
791 2743 851 2772 Or-

137 2780 327 2819 thograpliia,
340 2781 410 2811 inde
428 2783 589 2819 Prosodia,
600 2784 758 2822 posthanc
775 2785 850 2823 Ety-

138 2822 284 2862 mologia,
297 2825 436 2862 perfecte
452 2826 639 2866 explicanda
650 2833 745 2862 esset,
758 2837 794 2857 ac
809 2828 851 2857 ita

139 2864 262 2895 demum
279 2867 316 2896 ad
333 2868 482 2907 Syntaxin
498 2869 750 2908 perveniendum.

181 2907 226 2936 11.
250 2909 311 2939 Sed
337 2916 445 2950 captus
477 2912 662 2948 auditorum,
690 2912 850 2952 ipsiusque

138 2949 287 2980 doctrinae
303 2953 393 2989 ratio,
416 2955 496 2985 hunc
520 2955 657 2986 ordinem
679 2963 776 2986 mutat
794 2958 850 2987 uti-

138 2991 222 3027 liter,
237 2998 269 3023 ut
282 2995 491 3037 Etymologia,
510 3004 540 3027 et
557 2999 585 3029 in
603 2999 659 3029 hac
675 3000 752 3039 ipsa,
768 3000 851 3030 infle—

183 3045 260 3066 νυῐ..
277 3047 307 3066 v.

1531 181 1614 223 313

899 283 1011 314 xiones
1036 283 1193 316 nominum
1216 289 1248 316 et
1265 286 1437 324 verborum,
1453 287 1485 318 in
1506 287 1613 327 primis

898 327 1069 361 traduntur,
1091 337 1269 367 summoque
1285 331 1388 360 studio
1404 331 1611 367 inculcentur,

897 369 980 408 quod
1006 369 1134 408 reliquae
1164 375 1226 401 tres
1255 372 1469 403 Grammaticae
1495 378 1611 413 panea,

896 411 1036 450 quamvis
1059 413 1097 441 ab
1123 412 1196 442 artis
1220 416 1386 453 praeceptis
1414 427 1473 446 non
1499 417 1610 458 abhor-

894 459 1000 484 reant:
1025 464 1083 484 usu
1102 459 1202 486 tamen
1224 461 1316 495 atque
1338 459 1561 489 exercitatione
1577 464 1617 490 et·

892 496 1062 527 imitatione
1075 498 1200 529 facilius
1214 501 1439 539 propemodum
1450 502 1608 538 discantur

893 544 925 569 et
940 540 1070 570 certius.

935 584 998 612 ΙΙΙ.
1022 583 1084 613 Sed
1101 587 1201 614 tamen
1217 584 1412 625 Etymologia
1426 587 1562 625 cognita,
1574 592 1607 618 et

892 626 1113 656 exercitatione
1136 632 1292 667 percepta,
1309 629 1414 666 justus
1437 629 1512 658 artis
1529 631 1605 661 ordo

891 669 1135 708 prosequendus.
1165 680 1221 699 nec
1261 671 1461 710 Antesignaui
1490 676 1606 703 tantum

892 711 1012 742 scholia
1042 713 1248 752 percurrenda
1278 718 1370 743 sunt:
1393 715 1447 744 sed
1478 719 1509 744 et
1538 716 1609 752 alia,

891 764 959 792 quae
989 755 1022 784 in
1062 755 1218 794 utriusque
1248 755 1361 795 linguae
1400 758 1608 788 Grammatica

890 797 991 827 minus
1010 803 1153 827 accurate
1175 798 1289 829 tradita
1307 799 1461 837 videntur,
1479 802 1607 840 conqui-

889 850 958 870 rere
988 846 1020 870 et
1056 840 1169 871 addere
1198 842 1359 880 profuerit.
1412 843 1607 874 Exercitatio

890 883 1097 914 Grammatico.
1106 884 1322 924 complectitur
1334 885 1607 926 orthographiam,

890 927 1083 963 Prosodiam,
1100 928 1498 968 Etymologiam,Syntaxin
1512 940 1519 959 :
1536 940 1605 969 qnae

889 974 1021 1008 quatuor
1038 974 1143 1009 partes
1160 971 1189 1000 in
1213 981 1272 1001 uno
1296 972 1436 1011 quolibet
1452 973 1606 1003 vocabulo

890 1012 1119 1043 considerandae·
1141 1018 1223 1048 sunt,
1240 1013 1267 1044 si
1290 1025 1358 1044 cum
1376 1015 1445 1045 aliis
1460 1017 1605 1055 junctum

889 1056 1055 1095 perfectam
1072 1057 1255 1087 sententiam
1271 1057 1419 1089 declarat.

932 1099 1035 1137 Hujus
1065 1100 1297 1130 exercitationis
1335 1102 1512 1140 exemplum
1543 1103 1603 1133 hoc

889 1146 970 1171 esto:
994 1141 1082 1182 σοφία
1101 1141 1172 1182 μόνη
1192 1146 1249 1174 τῶν
1269 1145 1434 1183 κτημάτων
1448 1144 1604 1176 ἀθάνατον.

889 1184 952 1214 Hic
968 1186 1194 1225 Orthographia
1210 1197 1258 1217 me
1280 1187 1387 1223 docet,
1405 1188 1603 1220 scribendum

888 1237 957 1257 esse
967 1240 1001 1258 σο
1012 1239 1070 1258 non
1082 1240 1136 1264 σω,
1146 1237 1178 1269 <pi
1188 1239 1245 1260 non
1256 1230 1417 1271 fin,(sic)a.
1429 1242 1487 1262 non
1497 1244 1521 1263 n.
1538 1233 1604 1262 De·

887 1271 959 1301 iude
976 1273 1127 1302 Prosodia
1139 1283 1187 1302 me
1200 1274 1303 1309 docet,
1318 1285 1352 1303 σο
1364 1285 1433 1304 esse
1448 1275 1552 1311 breve,
1570 1283 1604 1315 φι

887 1315 996 1345 eodem
1012 1316 1145 1351 modost:
1160 1326 1229 1346 esse
1240 1316 1379 1356 longum,
1397 1322 1428 1347 et
1440 1323 1601 1349 accentum

888 1362 920 1387 et
947 1364 1071 1389 acutum
1102 1358 1133 1389 in
1168 1359 1287 1399 syllaba
1313 1360 1346 1400 φί
1375 1361 1602 1392 collocandum.

888 1401 1088 1441 Etymologia
1109 1403 1257 1441 sequitur,
1278 1414 1346 1443 quae
1373 1404 1434 1434 vim
1459 1405 1604 1436 vocabuli

887 1444 1059 1481 declarans,
1074 1442 1176 1484 σοφίαν
1189 1446 1407 1487 interpretatur
1417 1449 1604 1487 sapientiam,

887 1487 1066 1525 doctrinam,
1103 1489 1259 1520 solertiam.
1309 1491 1455 1521 Ostendit
1491 1501 1602 1522 nomen

887 1541 956 1560 esse
993 1532 1226 1571 appellativum,
1261 1533 1499 1571 substantivum,
1529 1546 1605 1574 ergo

887 1584 985 1614 neque
1009 1576 1127 1606 moveri
1151 1586 1250 1615 neque
1271 1579 1454 1616 comparari,
1479 1579 1604 1617 generis

886 1628 956 1647 esse
981 1618 1142 1654 foeminini,
1158 1620 1277 1649 numeri
1301 1619 1480 1659 singularis,
1496 1621 1602 1660 ligurae

887 1659 1050 1700 simplicis,
1063 1661 1181 1701 speciei
1197 1662 1391 1694 derivativae.
1423 1664 1503 1694 Fieri
1521 1665 1602 1695 enim

885 1713 903 1732 a
917 1702 1012 1743 σοφὸς,
1029 1706 1110 1744 quod
1134 1715 1151 1734 a
1175 1708 1270 1744 σαφῆς
1291 1707 1458 1737 deducunt.
1504 1707 1601 1746 Adje-

886 1746 969 1776 ctiva
980 1752 1082 1777 autem
1095 1748 1126 1777 in
1137 1759 1165 1781 ος
1174 1749 1368 1779 substantiva
1377 1760 1431 1780 seu
1446 1750 1601 1780 abstracta

885 1789 1013 1829 gignunt
1028 1790 1059 1820 in
1075 1789 1114 1825 iaz,
1127 1790 1204 1827 ότης,
1218 1791 1294 1827 σύνη,
1306 1796 1340 1822 ut
1351 1792 1450 1832 σοφία,
1469 1793 1600 1829 δεινότης,

883 1831 1048 1863 δικαιοσύνη.
1095 1834 1257 1864 Derivatio
1286 1835 1351 1865 haec
1381 1836 1455 1866 nihil
1486 1838 1599 1874 obstat,

884 1886 945 1914 quo
961 1875 1061 1906 minus
1075 1876 1133 1906 alia
1142 1877 1216 1908 inde
1228 1878 1421 1916 deriventur,
1434 1885 1479 1914 ut,
1493 1883 1599 1919 σοφῶς,

883 1916 1003 1958 σὀφίζω,
1024 1919 1198 1958 σοφιστεύω.
1231 1920 1294 1956 Sic,
1317 1921 1389 1960 quia
1418 1928 1488 1952 ante
1517 1924 1600 1959 dixi,

884 1962 990 2001 figurae
1006 1962 1156 2002 simplicis
1172 1974 1241 1993 esse
1258 1974 1378 2000 nomen,
1393 1965 1506 1996 addere
1523 1966 1600 1996 licet

883 2004 1002 2044 ἄσοφος,
1039 2006 1194 2045 πάνσοφος,
1230 2005 1400 2047 χειρία-σφας,
1437 2007 1598 2048 δοξέσοφος.

884 2048 983 2078 Casus
1007 2059 1075 2079 esse
1099 2049 1291 2085 nominativi,
1315 2050 1528 2081 declinationis
1551 2063 1599 2083 se·

884 2091 991 2121 cundae
1009 2091 1207 2132 simplicium,
1222 2098 1253 2123 et
1275 2093 1332 2123 hoc
1355 2093 1470 2124 inflecti
1491 2096 1596 2133 modo,

884 2133 982 2174 σοφία,
997 2134 1110 2175 σοφίας,
1127 2135 1186 2166 &c.
1239 2137 1302 2167 Cur
1318 2148 1392 2168 vero
1408 2148 1466 2168 non
1483 2137 1596 2178 σοφίης,

884 2184 917 2207 ut
931 2178 1060 2216 μούσης.>
1094 2179 1158 2209 Hic
1172 2190 1305 2210 canones
1322 2180 1351 2210 in
1368 2189 1512 2221 promptu
1531 2183 1599 2212 ubi-

884 2231 943 2260 que
966 2232 1036 2252 esse
1059 2227 1193 2262 oportet,
1210 2234 1278 2253 cum
1302 2234 1360 2254 non
1382 2235 1442 2255 una
1468 2229 1500 2255 et
1522 2225 1599 2255 sim-

882 2265 955 2304 plex
973 2265 1104 2304 alicujus
1121 2267 1293 2297 accidentis
1311 2272 1359 2297 est
1374 2268 1464 2298 ratio.
1510 2269 1597 2299 Hac-

882 2312 973 2338 tenus
994 2309 1242 2350 Orthographiae,
1269 2311 1442 2346 Prosodiae,
1467 2312 1598 2351 Etymo-

882 2352 973 2390 logiae
997 2352 1202 2389 satisfactum,
1227 2355 1316 2391 cujus
1338 2359 1503 2392 postremae
1522 2365 1597 2394 pro-

882 2395 983 2434 prium
1009 2406 1118 2426 munus
1139 2401 1198 2432 est,
1213 2396 1314 2426 omnia
1331 2399 1480 2437 cujusque
1499 2398 1596 2437 partis

883 2438 1033 2469 orationis
1059 2439 1210 2468 vocabula
1235 2439 1409 2479 singulatim
1434 2440 1595 2480 explicare

882 2485 974 2521 atque
984 2481 1152 2512 inflectere.
1171 2483 1374 2513 Transeamus
1384 2484 1421 2514 ad
1432 2484 1598 2523 Syntaxin,

883 2535 951 2563 quae
967 2525 997 2554 in
1016 2536 1074 2555 una
1091 2535 1166 2556 voce
1183 2526 1316 2565 spectari
1333 2537 1390 2556 non
1405 2532 1523 2566 potest,
1539 2529 1595 2558 sed

882 2568 1040 2598 minimum
1057 2569 1176 2599 duabus
1195 2569 1378 2607 pluribusne
1394 2569 1474 2600 inter
1484 2572 1598 2608 sejun-

883 2611 953 2642 ctis.
1000 2612 1161 2641 Coliaerent
1185 2617 1285 2643 autem
1308 2612 1339 2643 in
1363 2613 1419 2643 hac
1444 2615 1597 2645 sententia

883 2654 961 2685 inter
974 2665 1054 2690 sese,
1067 2653 1154 2695 σοφία
1168 2655 1249 2693 μόνη·
1266 2655 1336 2694 μόνη
1352 2657 1526 2696 κτημάτων·
1542 2658 1599 2686 τῶν

884 2699 1055 2737 κτημάτων·
1076 2699 1247 2737 κτημάτων,
1264 2699 1386 2729 scilicet
1408 2698 1594 2739 &semotim-

883 2740 971 2780 σοφία,
989 2741 1108 2771 scilicet
1123 2740 1204 2772 ἐστὶν
1217 2741 1372 2772 ἀθάνατον·
1388 2742 1475 2782 σοφία.
1491 2741 1595 2771 ἀθάνα-

884 2795 941 2813 τον·
959 2782 1108 2822 ἀθάνατον,
1130 2785 1251 2815 scilicet
1266 2787 1393 2826 πρᾶγμα.
1412 2785 1459 2814 vel
1481 2786 1599 2824 χςῐίμα.

887 2828 966 2857 Hire
994 2828 1111 2868 regulis
1141 2829 1333 2859 defendenda
1364 2833 1443 2858 sunt.
1489 2828 1600 2866 Neque

886 2871 965 2900 enim
987 2870 1021 2900 τὸ
1043 2870 1086 2901 ἔτι
1112 2871 1188 2901 satis
1205 2879 1263 2907 est,
1286 2872 1338 2901 sed
1364 2871 1454 2900 etiam
1472 2869 1505 2898 τὸ
1529 2870 1599 2899 διότι

886 2915 1032 2945 accedere
1055 2919 1188 2954 oportet.
1235 2914 1328 2944 Nulla
1352 2913 1430 2942 enim
1455 2923 1516 2948 ars,
1531 2923 1601 2953 qnae

886 2960 1049 2997 praeceptis
1067 2963 1097 2987 et
1114 2958 1229 2993 regulis
1245 2961 1374 2990 constat,
1394 2956 1423 2985 in
1444 2956 1601 2995 Pythago·

887 3011 941 3029 reo
957 3001 1016 3031 isto
1041 3000 1126 3033 αἰ-τός
1146 3000 1215 3038 ἔφα,
1233 2998 1414 3038 acquiescit,
1432 3000 1487 3029 sed
1510 2999 1604 3029 ain-ew

890 3047 907 3065 G)
929 3059 942 3073 b
