1931 3322
526 474 603 522 IN
655 429 1244 521 ARGUMENTUM.

197 682 251 724 [P.
267 684 296 715 5.
312 684 362 714 ed.
380 682 497 723 Doun.]
520 693 551 723 p.
570 685 643 715 135.
659 687 688 714 1.
710 682 775 723 Περὶ
793 681 869 724 Ἀμ-

150 726 309 768 ῲιπόλεως]
327 727 521 767 Amphipolis
533 726 644 758 civitas
658 730 706 757 est
717 727 868 763 Thraciae‚

149 775 240 800 vetus
256 771 488 801 Atheniensium
511 770 642 801 colonia.
686 771 808 800 Bellum
829 781 868 800 ex

148 823 186 844 eo
199 814 238 844 de
249 813 302 844 illa
312 825 381 844 cum
395 814 554 854 Philippo,
564 815 646 854 quod
660 825 726 844 eam
737 815 869 854 majores

147 858 216 896 ejus
246 857 410 897 aliquando
440 857 621 888 tenuissent.
666 857 867 897 Thucydides

149 900 220 953 [lib.
238 903 268 931 4.
287 912 316 932 c.
336 904 398 932 102
404 901 427 943 .]
461 900 627 953 Βρασίδας’
620 899 695 942 έχων
717 903 782 936 τοὺς
810 899 867 931 ἐπὶ

147 943 254 984 Θρᾴκης
267 943 485 986 ξυμμάχους,’
473 945 665 985 εστςάτευσεν
680 944 708 978 ἐς
715 943 867 984 Ἀμφίπο-

146 991 190 1016 λιν
199 990 250 1020 τῆν
263 987 312 1018 ἐπὶ
325 988 462 1041 Στρυμόνι
472 988 612 1029 ποταμῷ,
623 986 798 1019 Ἀθηναίων’
783 999 866 1019 αποι-

146 1030 217 1062 κίαν.
233 1032 255 1062 οἱ
267 1029 433 1063 'ASnvai‘oc‘'
435 1039 555 1070 Αγνωνος
571 1032 621 1061 τοῦ
631 1031 724 1062 Νικίου
739 1032 866 1061 οἰκιστοῦ

144 1072 376 1129 ἔκωεμφθένσος
390 1073 516 1109 εἨδοιινας
536 1074 753 1114 ἐξελάσαντες’
746 1074 866 1106 ε’κτισαν

144 1116 179 1147 τὸ
189 1117 298 1172 χωρίον,
314 1118 380 1158 ὅπερ
393 1117 520 1159 πςότεςον
529 1116 620 1148 Ἐννέα
631 1117 707 1149 0302
721 1117 861 1149 ἐκαλειτο.

144 1159 338 1213 Ἀμφίπολιν
341 1159 364 1191 δ’
372 1159 481 1200 *Ἀγνων
493 1160 637 1202 ὠνόμασεν
651 1160 695 1191 δ’τι
707 1160 756 1192 ἐπ’
765 1162 865 1203 ἀμφό-

142 1216 211 1256 Τὲζᾶ
234 1202 416 1246 πεξιρρξοντῦς
435 1217 485 1234 Τθυ
508 1204 676 1246 Στξυμθνος,
693 1203 785 1247 Τέίχξί
800 1219 864 1247 μα·

142 1248 200 1289 κρῷ
212 1247 388 1278 ἂπολαςῶν’
377 1260 410 1278 εκ
425 1250 569 1288 ποταμοῦ
582 1247 610 1283 ἔς
620 1249 766 1288 ποταμον,
779 1261 864 1290 ‘ungn-

141 1293 216 1332 φανὶῖ
229 1291 256 1326 ἐς
265 1291 420 1322 Θάλεια-σάν
434 1302 467 1322 τε
483 1291 533 1321 καὶ
547 1291 652 1333 ηπειρον
667 1291 777 1332 ᾤ’κισεν.
823 1293 864 1324 Et

142 1336 221 1375 quod
249 1346 333 1366 muro
359 1335 490 1376 longiore
514 1336 717 1377 intem-septam,
745 1341 805 1367 tam
831 1339 863 1367 in

141 1389 222 1409 mare
245 1389 332 1419 quam
350 1380 546 1409 continentem
567 1389 664 1410 versus
679 1381 863 1419 conspicuam

139 1424 248 1463 posuit.
272 1423 390 1452 Eadem
403 1423 466 1452 fere
479 1422 533 1452 lib.
547 1425 579 1452 1.
596 1422 641 1464 [c.
660 1426 735 1454 100.
737 1424 751 1465 ]
765 1424 862 1463 legas.

184 1484 228 1488 --
243 1468 274 1497 4.
297 1464 344 1496 τόν
359 1465 477 1496 Φωκικᾶν
489 1466 666 1496 καταλύσειν
679 1466 848 1509 πόλεμον]““
836 1479 863 1501 ος

141 1507 303 1543 sensivae*
289 1513 328 1546 ἡν,
344 1509 481 1540 decenne
498 1513 565 1539 erat
580 1510 640 1540 hoc
656 1510 784 1547 bellum,
801 1511 861 1541 sic-

139 1553 185 1584 uti
200 1553 377 1592 Trojanum,
397 1563 581 1592 sacrumque
597 1557 645 1583 est
660 1554 862 1594 appellatum,

139 1607 176 1627 eo
188 1597 267 1636 quod
285 1607 342 1636 pro
354 1597 447 1627 rebus
457 1596 601 1636 repetitis
614 1597 770 1636 Apollinis
784 1599 861 1628 Del-

137 1640 224 1680 phici
254 1644 375 1680 gestum
406 1644 466 1670 est.
511 1641 600 1670 Cum'
619 1641 701 1670 enim
731 1642 861 1681 Amphi-

136 1687 267 1723 ctyones
292 1684 473 1714 multassent
495 1683 603 1722 grandi
622 1684 755 1723 pecunia
776 1685 861 1715 Pho-

139 1738 258 1764 censes,
275 1737 363 1766 quam
380 1738 437 1757 non
448 1731 577 1767 possent
589 1728 766 1763 exsolvere,
777 1730 859 1767 quod

138 1771 309 1801 coluissent
335 1781 442 1810 agrum
467 1770 605 1809 Apollini
635 1778 860 1809 consecratum,

139 1818 245 1844 auctor
263 1819 331 1844 erat
346 1814 553 1849 Philomelus,
573 1815 665 1845 homo
689 1815 859 1845 audacissi-

139 1867 221 1893 mus,
245 1857 393 1897 templum
413 1857 569 1896 Apollinis
583 1863 740 1898 caperent,
760 1859 860 1889 bello-

138 1910 197 1939 que
219 1911 252 1930 se
273 1901 484 1930 defenderent.
527 1901 662 1930 Consule
678 1901 858 1933 AEschinem

140 1948 246 1973 contra
275 1943 522 1983 Ctesiphontem,
557 1942 595 1983 [t.
622 1945 687 1974 111.
718 1955 751 1984 p.
782 1946 858 1977 537.

140 1981 334 2017 Reisk.01r.
348 1987 448 2028 (ἕω-Η]
462 1986 620 2016 Diodorus
638 1993 739 2018 autem
757 1988 803 2018 sic
818 1989 857 2030 [l.

141 2031 192 2060 16.
210 2041 238 2060 c.
256 2031 308 2060 ί,23
323 2041 356 2070 p.
373 2032 425 2061 99.
442 2029 493 2060 ed.
509 2030 637 2071 Wess.]
659 2029 708 2061 ἐπι
723 2032 830 2063 τούτων
845 2031 857 2062 5

136 2072 268 2107 κληθεις
261 2071 327 2114 ιεςός
341 2071 469 2112 πόλεμος
479 2072 612 2110 συνέστη,
629 2074 677 2113 [p.
692 2077 723 2105 6.
736 2076 784 2105 ed.
799 2075 839 2106 D.
843 2075 857 2116 ]

96 2120 99 2122 “
136 2116 184 2146 καὶ
201 2115 357 2158 διέμεινεν”
344 2128 394 2148 ετη
410 2115 494 2147 ἐννέα.
516 2116 676 2156 Φιλόμηλος
694 2119 748 2157 γὰρ
765 2118 777 2148 5
796 2125 854 2148 Φω-

134 2161 211 2197 κευς,
223 2160 287 2201 ἀνὴρ
301 2157 398 2200 θράσει
409 2159 457 2190 και
473 2158 635 2201 παρανομίᾳ
649 2160 791 2201 διαφέρων,
804 2173 857 2192 κα-

135 2201 280 2234 τελάζετο
293 2203 349 2243 μὲν
359 2202 392 2233 τὸ
406 2201 432 2233 ἐν
445 2205 570 2244 Δελφοις
581 2203 657 2244 ῖεςόν·
674 2203 812 2244 ἐξέκαυσε
827 2205 857 2236 δὲ

134 2245 180 2277 τὸν
195 2246 258 2287 ιερόν
268 2246 393 2287 πόλεμον
408 2246 454 2277 δια
469 2246 608 2282 τοιαύτας
623 2249 702 2282 τινας
713 2246 819 2283 αἰτίας.
832 2249 854 2280 οἱ

137 2291 242 2326 Φωκεις
252 2289 477 2331 ἐπεξγασάμενοι
488 2292 595 2322 πολλὴν
604 2302 655 2325 της
667 2292 741 2332 {3334-
748 2293 856 2334 χώρας,

137 2345 188 2368 της
202 2333 409 2375 ὀνομαζομένης
426 2332 563 2374 Κιῤῥαίας,
580 2333 659 2368 δίκας
682 2334 812 2377 ὑπέσχον
830 2336 856 2367 ἒν

134 2376 346 2418 Αμφικτύοσι,
358 2389 406 2407 και
422 2377 540 2411 πολλοῖς
555 2378 710 2412 ταλάντοις
727 2379 856 2421 κατεκρί-

135 2419 234 2452 eneam.
249 2420 296 2451 οὒκ
309 2419 469 2450 ἐκτινόντων
484 2419 509 2450 δ’
523 2419 615 2450 αυτ-ῶν
629 2423 669 2452 τὸ.
681 2421 857 2462 ὀφλήματα,

134 2464 156 2494 οἶ
173 2462 363 2504 ιερομνημονες
377 2463 403 2493 ἐν
409 2463 611 2504 Ἀμφικτύοσι
621 2464 789 2505 κατηγόρουν
801 2470 857 2497 τῶν

136 2504 262 2544 Φωκέων,
284 2518 333 2537 και
359 2505 392 2536 va
415 2505 546 2548 συνέδριον
569 2505 655 2546 ἦξίουν
677 2508 856 2550 καθιερῶσαι

134 2552 183 2582 τὶν
197 2551 295 2593 χώραν
308 2551 364 2581 τῶν
379 2549 607 2592 ἀποστερούντων
617 2550 664 2582 τὸν
679 2550 745 2582 θεόν.
776 2553 856 2584 Hie-

133 2604 350 2628 romnemones
374 2599 458 2631 sunt,
483 2593 537 2633 qui
559 2604 669 2625 causas
694 2594 856 2627 civitatum

130 2639 266 2678 agebant
281 2638 366 2678 apud
382 2637 637 2678 Amphictyones,
652 2649 692 2668 ex
705 2649 743 2668 eo
758 2640 856 2670 nomi-

130 2681 210 2717 nati,
233 2681 320 2723 quod
346 2680 407 2710 illis
423 2681 644 2718 memorabant,
667 2692 736 2721 quae
759 2693 829 2714 cori
831 2695 856 2714 1-

132 2725 232 2764 genda
245 2724 448 2756 videbantur.
483 2724 601 2761 Quales
615 2723 687 2756 sunt
701 2726 782 2765 apud
800 2737 855 2758 nos

134 2768 221 2810 (nam
244 2773 276 2800 et
291 2768 536 2809 Amphictyones
552 2770 722 2799 tractabant
744 2780 795 2799 res
817 2771 855 2801 ad

132 2811 317 2852 religionem
326 2811 480 2851 Apollinis
491 2811 636 2851 Delphici
649 2811 858 2855 pertinentes)

136 2865 214 2894 quos
231 2865 325 2885 sacrae
341 2855 582 2886 Convocationis
594 2855 734 2886 Clericos
749 2857 857 2896 appel-

135 2898 247 2928 lamus.
280 2897 403 2934 suidas,
419 2899 458 2940 [t.
475 2899 522 2929 11.
534 2909 569 2938 p.
585 2901 659 2929 101.
675 2899 725 2929 etl.
741 2899 833 2930 Kust.
839 2900 854 2942 ]

135 2940 337 2981 ἱερομνημονες,
352 2941 374 2971 οἷ
389 2941 571 2983 πεμπόμενοι
583 2942 620 2978 εἷς
632 2955 666 2972 το
678 2944 735 2972 τῶν
746 2941 855 2983 Ἀμφι-

135 2982 252 3014 κτυόνων
266 2983 395 3026 συνέδριον
415 2984 478 3038 ἔξω
470 2986 596 3020 εκάστης
618 2986 727 3021 πόλεως
742 2989 799 3016 τῶν
821 2997 855 3018 τε

136 3024 269 3068 συνεδρίου
291 3029 487 3070 μετεχουσῶν.
533 3030 648 3061 Melius
674 3030 763 3070 Hes)
768 3030 855 3062 chius

181 3080 257 3102 vor..
278 3082 308 3101 v.

905 679 944 721 [t.
958 682 1006 712 ΙΙ.
1023 692 1053 722 p.
1065 684 1117 713 26.
1129 682 1199 713 Alb.
1213 682 1285 712 add.
1299 681 1486 722 Harpocr.]:
1507 682 1528 710 οἱ
1544 690 1622 719 πεμ-

905 725 1019 765 πόμενοι
1036 726 1074 759 εἰς
1087 724 1214 755 Πυλαίαν
1229 726 1483 767 ἶεξογςαμματεῖς.
1518 724 1624 753 Mitte-

903 769 978 799 bant
993 769 1072 799 eniin
1089 779 1125 799 eo
1142 769 1299 806 civitates,
1321 769 1352 798 ni
1374 769 1475 804 fallor,
1490 778 1558 806 quae
1570 768 1622 806 jus
1671 767 1675 772 '

903 822 961 842 non
979 813 1132 843 habebant
1147 815 1199 847 τῆς
1212 811 1448 852 Ἀμφικτυονίας,
1459 815 1512 841 aut
1527 809 1623 839 iidem

903 861 992 886 erunt
1008 857 1198 897 ῖεξομνήμονες
1210 856 1258 887 καὶ
1272 854 1445 896 πυλαγόξαι,
1462 854 1544 894 quod
1560 863 1623 883 non

903 899 1035 930 videtur.
1066 900 1226 941 πυλαγόραι
1248 902 1304 941 γὰρ
1326 900 1349 930 οἶ
1372 900 1553 940 προεστῶτες
1571 898 1624 930 τῆς·

901 941 1043 979 Πυλαίαις,
1069 944 1122 984 qui
1149 948 1286 983 praesunt
1315 942 1490 978 conventui,
1514 941 1622 980 Hesy-

901 987 1001 1017 chius.
1024 986 1069 1017 Hi
1082 992 1152 1017 sunt
1165 987 1407 1027 Amphictyones
1423 986 1496 1025 ipsi.
1520 985 1622 1014 Porro

900 1029 977 1060 dicti
991 1036 1060 1061 sunt
1071 1031 1270 1072 ἱερομνήμονες,
1284 1036 1319 1061 ut
1331 1030 1408 1067 dixi,
1422 1028 1503 1069 quod
1518 1038 1554 1058 eo
1567 1028 1621 1057 de·-

900 1073 1040 1104 ferebant
1061 1075 1216 1114 querelas,
1238 1074 1361 1115 μνήμων
1382 1073 1463 1104 enim
1484 1072 1621 1108 monitor,

900 1127 960 1146 non
989 1118 1087 1148 solum
1116 1128 1233 1149 memor.
1279 1119 1323 1148 Ut
1353 1116 1479 1157 quidam
1505 1115 1622 1145 Achilli

900 1170 1004 1191 comes
1024 1172 1041 1191 a
1053 1165 1150 1192 matre
1166 1167 1215 1192 est
1230 1161 1367 1196 additus,
1384 1160 1437 1201 qni
1452 1160 1539 1189 illum
1556 1169 1621 1189 mo-

898 1209 997 1241 neret,
1025 1215 1064 1235 ne
1089 1216 1179 1245 quem
1203 1205 1336 1235 filiorum
1359 1203 1516 1244 Apollinis
1539 1203 1622 1232 occi-

898 1248 997 1278 deret.
1044 1249 1076 1278 Is
1101 1250 1221 1290 μνήμων
1246 1247 1444 1289 Lycophroni
1463 1246 1572 1287 [Cass.
1589 1258 1621 1278 v.

898 1292 991 1333 241]
1007 1292 1132 1323 dicitur.
1178 1292 1230 1323 Sic
1253 1298 1285 1322 et
1301 1292 1519 1333 Epicharmus,
1539 1292 1622 1330 μισῶ

897 1335 1033 1375 μνάμονα
1062 1334 1231 1377 συμπόταν.
1263 1346 1323 1366 non
1348 1335 1401 1375 qni
1429 1334 1623 1365 meminisset

897 1388 1017 1417 eorum,
1042 1390 1110 1420 quae
1134 1379 1220 1410 dicta
1240 1383 1310 1410 sunt
1333 1378 1365 1408 in
1388 1378 1547 1414 convivio,
1565 1378 1622 1409 sed

897 1422 950 1461 qui
965 1429 1170 1454 memorasset
1181 1423 1262 1460 aliis,
1280 1422 1326 1463 [p.
1341 1424 1373 1453 7.
1388 1422 1438 1452 ed.
1451 1420 1511 1462 D.]
1528 1427 1559 1451 et
1575 1421 1622 1451 fo-

896 1476 946 1496 ras
961 1465 1164 1498 eliminasset.
1180 1472 1234 1497 aut
1249 1467 1332 1507 quod
1343 1465 1456 1503 literis,
1468 1476 1537 1506 quae
1550 1475 1621 1494 cum

896 1509 1174 1550 Amphictyonibus
1185 1515 1313 1551 agerent
1325 1510 1376 1541 vel
1386 1509 1535 1549 egissent,
1546 1519 1621 1538 con-

896 1553 1015 1593 signata
1029 1554 1183 1585 habebant
1197 1565 1203 1584 ι
1228 1554 1361 1593 ideoque
1377 1551 1623 1594 ἱερογραμματεῖς

896 1597 987 1627 etiam
1004 1598 1094 1628 dicti.
1127 1599 1205 1628 Cum
1221 1597 1253 1627 in
1270 1609 1307 1628 eo
1322 1608 1374 1627 res
1390 1602 1486 1632 esset,
1500 1599 1534 1625 ut
1546 1605 1622 1635 ager

897 1640 1105 1671 Phocensium
1138 1646 1384 1676 consecraretur,
1411 1639 1621 1675 Philomelus,

894 1684 983 1723 cujus
1007 1695 1124 1715 summa
1147 1689 1214 1715 erat
1235 1685 1318 1714 inter
1341 1694 1415 1714 suos
1439 1682 1622 1718 auctoritas,

894 1728 960 1766 egit
974 1738 1044 1758 cum
1061 1728 1106 1758 eis
1124 1728 1274 1763 διδάσκων,
1287 1728 1324 1761 ὡς
1335 1725 1450 1757 ἐκτίσαι
1465 1725 1521 1765 μὲν
1532 1726 1561 1755 οὗ
1573 1726 1620 1756 δύ-

892 1780 990 1801 νανται
1005 1771 1046 1801 τὰ
1067 1770 1226 1812 χςῆματα,
1243 1770 1290 1801 διὰ
1310 1770 1343 1800 τὸ
1363 1769 1486 1809 μέγεθος·
1500 1771 1553 1803 τ’ἦς
1567 1780 1621 1798 κα-

893 1813 1020 1848 ταδίκης·
1036 1814 1160 1855 πεςιορᾷν
1177 1814 1207 1845 δὲ
1226 1813 1436 1855 καθιερουμένην
1449 1815 1499 1844 τὴν
1512 1813 1621 1855 χώραν,

893 1857 1024 1899 ἀνάνδρων
1043 1859 1200 1899 ὑωίιςχειν.
1217 1858 1332 1899 [Diod.
1347 1858 1380 1887 S.
1394 1857 1416 1887 l.
1434 1857 1478 1899 1.]
1507 1858 1618 1896 ltaque

892 1901 930 1930 ad
950 1911 1033 1931 arma
1047 1902 1124 1931 itum
1141 1907 1189 1931 est
1202 1903 1269 1939 ejus
1284 1901 1431 1940 impulsu.

935 1961 977 1966 —
1002 1946 1032 1975 6.
1056 1946 1112 1973 τῶν
1133 1942 1287 1976 Ἀθηναίων
1306 1942 1558 1984 πεςιπλευσάντων
1580 1942 1618 1976 εἷς

892 1988 948 2021 ’τὰς
961 1987 1140 2027 καλουμένας
1155 1988 1266 2022 Πύλας,
1281 1986 1465 2027 ἇπεκςούσῦη
1478 1988 1530 2021 τῆς
1544 1985 1619 2016 εἶσό·

892 2030 953 2071 δου]
978 2031 1122 2061 Historia
1139 2036 1187 2061 est
1203 2030 1288 2070 apud
1306 2030 1548 2060 Demosthenem
1565 2039 1618 2059 cre-

891 2073 914 2114 pt
932 2085 984 2109 της
1000 2085 1115 2115 ‘nugam
1132 2074 1178 2115 [p.
1191 2076 1267 2105 443.
1282 2074 1331 2103 ed.
1347 2074 1458 2104 Reisk.
1471 2078 1493 2102 t.
1506 2072 1578 2114 1.]
1567 2071 1614 2102 ὅτε

890 2128 946 2157 γαρ
960 2116 993 2146 τὸ
1009 2129 1116 2158 ’τρωτον
1131 2117 1244 2152 Φωκέας
1257 2116 1410 2158 ἐκράτησεν
1428 2116 1440 2146 5
1461 2114 1618 2152 Φίλιππος,

890 2160 938 2190 καὶ
955 2159 1067 2201 διέφθει
1070 2171 1094 2201 ρε
1110 2173 1177 2196 τους
1191 2159 1280 2201 ξένους
1294 2161 1399 2196 αὐτῶν,
1410 2159 1459 2189 καὶ
1476 2158 1522 2189 τὸν
1534 2159 1616 2198 ἦγού-

889 2213 969 2242 μενον
983 2205 1032 2234 και
1046 2206 1268 2245 στςατηγοῧντα
1278 2202 1464 2245 Ὀνόμαξχον,
1478 2202 1547 2233 ’τότε
1562 2205 1618 2233 ’τῶν

889 2258 972 2277 οντων
986 2249 1128 2278 αωαντων
1147 2247 1301 2288 ανθρώπων
1315 2248 1414 2281 ουδενὸς
1429 2247 1492 2277 οὔτε
1505 2245 1617 2277 *Ἐλλη-

889 2301 930 2324 νος
945 2292 1008 2322 οὔτε
1019 2291 1166 2344 Βαρβάςου
1180 2292 1297 2322 Φωκευσ
1300 2304 1307 2321 ι
1321 2289 1519 2326 ζοηθήσαντος,
1536 2292 1617 2321 ’πλὴν

889 2334 981 2373 ὑμῶν,
1003 2334 1058 2377 οὐχ
1078 2335 1152 2370 ὅπως
1174 2333 1324 2375 παρῆλθεν,
1343 2334 1357 2365 ἢ
1381 2331 1605 2374 διενι“ροίξατο,’Γ
1581 2345 1617 2364 ων

889 2377 1034 2411 ἦβουλῆθη
1051 2391 1081 2408 τι
1097 2389 1140 2409 πα
1143 2377 1254 2420 ξελθὼν,
1275 2376 1344 2408 αλλ’
1363 2376 1422 2408 οὐδὲ
1444 2376 1616 2417 προσελθειν

890 2419 976 2460 ἔγγὺς
999 2422 1128 2453 mov-nen.
1175 2421 1223 2453 No
1208 2433 1245 2452 on
1268 2423 1332 2451 (lico
1355 2422 1531 2460 penetwavit,
1559 2427 1616 2451 aut

889 2466 1048 2505 quicquum
1064 2476 1176 2501 eorum,
1196 2476 1258 2505 (ματ
1273 2466 1424 2505 cogitavit,
1441 2462 1549 2505 effecit,
1565 2466 1615 2495 sed

889 2518 926 2538 ne
944 2519 1033 2548 prope
1055 2510 1171 2549 quidem
1193 2509 1292 2547 potuit
1311 2508 1458 2538 accedere.
1504 2507 1616 2538 Refert

890 2551 949 2581 hoc
973 2552 1055 2582 idem
1080 2552 1222 2583 Justinus
1249 2551 1319 2593 [lib.
1337 2554 1369 2582 8.
1387 2562 1414 2581 c.
1438 2552 1469 2581 2.
1491 2561 1522 2590 p.
1539 2553 1615 2581 218.

891 2595 940 2625 ed.
950 2595 1112 2636 A.Gron.]
1124 2595 1172 2625 his
1188 2595 1309 2625 verbis:
1336 2599 1357 2613 “
1371 2595 1433 2624 Sed
1445 2594 1615 2624 Athenien-

890 2649 940 2668 ses
965 2638 1071 2669 audito
1095 2638 1168 2669 belli
1192 2642 1317 2674 eventu,
1337 2649 1374 2668 ne
1400 2637 1432 2667 in
1459 2638 1612 2668 Graeciam

889 2681 1058 2722 Philippus
1075 2681 1232 2718 transiret,
1248 2681 1407 2720 angustias
1421 2681 1614 2720 Thermopy-

889 2725 999 2761 larum,
1015 2725 1082 2764 pari
1095 2725 1215 2756 ratione
1231 2726 1324 2755 sicuti
1341 2730 1430 2755 antea
1447 2725 1614 2754 advenien-

889 2768 974 2799 tibus
992 2769 1109 2806 Persis,
1126 2779 1330 2809 occupavere.
1364 2769 1426 2799 Sed
1444 2778 1501 2796 non
1518 2766 1614 2796 simili

891 2811 1006 2843 virtute
1027 2819 1079 2843 aut
1100 2813 1224 2843 causa.'’
1270 2813 1312 2843 At
1334 2822 1393 2841 non
1411 2810 1614 2840 Athenienses

891 2865 1097 2897 occupavere,
1115 2858 1168 2887 sed
1184 2854 1424 2887 Lacedaemonii.
1438 2864 1528 2893 quum
1546 2854 1612 2883 dux

890 2909 995 2930 eorum
1012 2901 1166 2931 Leonidas
1180 2910 1279 2930 caesus
1295 2902 1353 2934 est,
1369 2908 1436 2927 cum
1455 2907 1510 2927 ccc
1522 2898 1616 2936 Spar-

890 2943 992 2978 tianis,
1020 2955 1079 2984 qua
1106 2945 1193 2974 clade
1220 2942 1351 2981 insignis
1372 2946 1421 2970 est
1440 2940 1490 2970 hic
1513 2940 1612 2970 loeus.

890 2987 952 3016 Sed
968 2987 1053 3018 fuere
1071 2998 1138 3018 cum
1158 2987 1221 3017 illis
1238 2996 1277 3015 ex
1294 2984 1362 3014 aliis
1379 2983 1558 3014 civitatibus
1575 2985 1612 3013 ad

889 3029 975 3060 mille
989 3042 1102 3062 omnes.
1150 3031 1302 3060 caeterum
1321 3028 1435 3059 clarius
1457 3028 1515 3058 hoc
1540 3028 1614 3058 alibi

890 3074 948 3103 SA
