1948 3322
261 188 343 231 AD
377 186 744 231 ORATIONEM
779 187 861 229 DE
892 186 1080 229 FALSA
1115 186 1473 230 LEGATIONE.

164 306 285 332 cursuS,
308 295 543 330 contentionem,
569 293 793 324 festinationem
819 295 872 324 ‹le-

165 340 276 380 signat.

162 406 168 412 .
206 384 281 414 445.
295 380 326 412 5.
347 378 557 429 earumdem]
588 379 710 419 praetuli
735 390 872 409 κατακω-

164 425 272 461 λυθεὶς,
285 423 339 462 qui
353 423 555 453 nominativus
576 429 665 462 aptus
682 428 728 454 est
749 433 777 452 e·
781 422 871 462 φαίνο-

162 479 220 507 μαι
232 477 322 497 versu
333 468 362 496 2.
379 471 498 495 constat
508 476 555 495 me
569 467 663 496 fuisse
679 466 871 505 impeditum,

162 509 345 549 prohibitum
356 519 423 538 cum
433 509 556 548 navigio
566 509 736 538 discedere.
747 509 871 549 vulgata

160 553 188 583 si
202 552 354 587 servetur,
375 551 467 581 etiam
487 551 550 592 οὐχὶ
575 550 690 585 δυνηθεὶς
715 557 795 582 stare
811 563 870 582 ιιοιι

154 594 268 636 possit,
285 595 340 625 sed
355 605 422 624 cum
436 594 483 624 οὐκ
499 593 625 626 ἐδυνήθην
640 596 682 625 sit
695 601 871 635 permutan-

159 638 241 668 dum.

156 710 164 714 ,
199 697 243 703 -
257 682 287 712 6.
305 678 442 721 ἐκδοῦναι]
466 680 587 720 praetuli
601 679 726 720 ἐνδοῦναι.
750 682 871 722 Philip-

156 733 199 763 po
215 734 282 754 sese
299 728 406 763 sponte
422 734 478 754 sua
493 724 616 754 dedere.

199 783 244 789 —
270 769 322 797 10.
352 766 634 808 ἀπαγγελθήσεται]
670 768 737 799 scil.
759 768 869 806 αὐτοῖς,

157 810 383 840 Phocensibus.

199 870 243 875 —
254 857 306 884 11.
328 852 438 888 τούτοις
454 852 634 893 πιστεύσας]
659 854 759 885 malim
775 865 807 893 γε
823 855 869 885 in-

156 896 289 936 terponi.
305 896 352 927 his
368 897 480 933 saltim,
495 898 544 927 bis
560 899 696 937 quidem,
713 899 759 928 his
775 903 869 936 certe,

155 939 263 979 procul
281 939 386 971 dubio.
401 940 512 980 legatis
524 941 769 972 Atheniensium.

198 1000 242 1006 --
256 986 310 1015 16.
322 982 526 1024 κινηθήσονται]
544 983 612 1013 scil.
629 985 842 1016 Athenienses.

197 1043 242 1049 —
255 1026 312 1056 ult.
327 1027 621 1068 προκατεσκευάζετο]
645 1029 767 1058 correxi
783 1040 869 1069 πξοσ-

155 1068 418 1110 κατασκευάζεται.
439 1074 551 1109 praeter
570 1071 632 1105 illa,
655 1082 723 1110 quae
739 1073 802 1110 jam
823 1073 868 1102 ibi

155 1117 236 1148 sunt,
252 1112 351 1143 adhuc
366 1113 425 1144 alia
439 1124 520 1143 nova
535 1118 702 1152 comparat,
718 1116 832 1145 condit.

196 1157 270 1186 446
287 1158 318 1186 5.
343 1154 370 1185 ἐν
383 1156 426 1196 τῷ
439 1156 515 1197 ιεξᾷἷ]
542 1157 695 1196 Apollinis
721 1157 867 1197 Delphici

153 1202 238 1236 puta.
262 1198 345 1237 quod
371 1209 482 1229 numen
506 1200 598 1230 etiam
616 1211 706 1230 versu
728 1202 757 1231 6.
778 1212 808 1230 v.
825 1201 868 1231 τῶ

153 1239 207 1280 Θεῷ
231 1241 418 1281 designatur.
441 1243 512 1281 jura
534 1242 675 1282 ritusque
696 1244 814 1283 patrios
835 1246 866 1275 iu

153 1273 270 1323 teinplo
284 1285 440 1334 Apollinis
457 1286 601 1324 Delphici
616 1292 700 1317 recte
716 1288 823 1327 peragi
836 1294 868 1318 et

153 1328 329 1357 conservari
342 1327 373 1358 in
396 1339 451 1358 suo
475 1333 555 1359 statu
581 1334 673 1370 atque
693 1331 867 1361 conditione

151 1370 345 1410 primigenia.
371 1372 472 1411 possit
495 1383 617 1412 qnoque
644 1373 752 1404 eodem
775 1384 867 1405 seusu

152 1415 334 1444 καταστῆναι
349 1414 423 1454 legi.

195 1473 240 1479 --
259 1459 310 1487 20.
333 1456 561 1509 δεδωροδόκηται]
583 1460 705 1499 praetuli
731 1460 867 1502 δεδωροδό-

153 1511 252 1530 κηνται
266 1500 297 1530 in
306 1500 427 1539 plurali.
442 1502 523 1541 quia,
537 1502 562 1532 si
573 1503 708 1542 vulgata,
721 1504 750 1534 h.
763 1515 789 1533 e.
805 1505 867 1534 sin-

153 1543 268 1581 gularis
280 1553 434 1579 numerus,
445 1550 596 1580 servetur,
610 1547 744 1586 simplex
757 1546 784 1576 3=
774 1547 865 1588 -δωξο-

152 1585 267 1617 θόκηται
282 1590 363 1616 stare
378 1597 436 1617 non
452 1587 563 1627 possit,
576 1589 629 1618 sed
646 1589 705 1628 leg.
721 1590 761 1619 sit
771 1601 865 1619 κατα-

151 1628 275 1669 δεδωξοδὲ
276 1640 373 1660 κηται.
395 1640 452 1669 pro
474 1631 690 1670 largitionibus
711 1632 777 1662 haec
801 1644 865 1662 om-

150 1672 201 1701 nia
215 1673 350 1712 prodita,
367 1673 502 1709 vendita,
516 1676 656 1714 projecta
670 1685 749 1711 esse,
774 1676 864 1706 deco-

150 1725 186 1746 ra
197 1721 229 1745 et
241 1715 386 1755 praesidia
399 1716 479 1756 reip.
493 1726 502 1754 3
525 1717 667 1747 lectionis
675 1723 776 1748 autem
789 1729 805 1748 a
817 1730 864 1749 me

150 1759 296 1797 subjectae
305 1759 457 1789 sententia
467 1760 534 1790 baec
547 1765 614 1790 est:
636 1761 692 1791 hos
705 1761 864 1793 furciferos

151 1801 212 1832 ista
223 1802 323 1832 omnia
334 1802 476 1833 mercede
488 1804 682 1844 prodegisse.
699 1816 805 1836 rursus
819 1810 864 1836 ta-

151 1855 232 1880 men,
247 1849 331 1876 recte
345 1846 597 1886 pensiculateque
607 1847 634 1877 si
644 1858 708 1878 rem
721 1849 865 1885 meditor,

152 1898 190 1918 ne
205 1890 344 1919 Graecum
361 1889 482 1929 quidem
500 1890 623 1920 videtur
637 1901 705 1921 esse
717 1891 866 1932 δωροδοκειν

152 1942 196 1967 τι,
206 1932 237 1960 in
253 1942 301 1967 eo,
316 1942 406 1971 quem
422 1932 501 1968 dixi,
511 1943 615 1969 sensu,
630 1945 686 1973 pro
697 1936 866 1975 largitioni-

153 1974 212 2004 bus
230 1974 346 2013 aliquid
363 1975 506 2014 prodere,
521 1977 667 2014 vendere,
689 1979 743 2008 sed
761 1979 866 2009 dicen-

154 2017 226 2046 dum
245 2017 335 2047 etiam
355 2022 419 2048 tum
439 2019 509 2054 erit,
531 2019 769 2061 καταδωροδοκεῖν.
792 2032 865 2061 ergo

153 2070 276 2100 quoquo
291 2064 322 2090 te
333 2066 448 2097 vertas,
460 2062 587 2093 verbum
598 2064 802 2103 compositum
815 2065 866 2095 hio

153 2103 278 2134 videtur
291 2104 416 2143 requiri,
427 2105 495 2135 loco
512 2105 673 2146 simplicis.

194 2164 239 2170 —
253 2149 305 2179 24.
321 2146 446 2190 σφόδρα]
462 2149 593 2180 subaudi
609 2150 743 2187 δηλονότι,
758 2150 866 2193 σφόδςα

151 2200 272 2221 —nam
286 2191 352 2220 baec
369 2192 525 2232 expositio
540 2194 618 2231 ejus,
634 2194 660 2224 si
677 2194 751 2233 quid
769 2195 866 2225 ambi-

152 2233 204 2274 gui
227 2234 326 2273 possit
347 2234 379 2264 in
397 2245 430 2265 v.
451 2246 578 2266 ποιησαι.
601 2247 639 2267 ne
654 2243 761 2268 contra
775 2248 864 2278 quam

151 2277 224 2308 volo
238 2277 376 2314 efficiam,
390 2278 449 2308 hoc
465 2284 525 2315 est,
540 2290 578 2310 ne
593 2280 706 2310 vobis'
697 2292 865 2311 incommo-

152 2321 232 2351 dem.
247 2320 505 2360 ista,jamdudnm
519 2322 700 2360 scientibus,
714 2325 806 2355 nimia
817 2325 865 2355 di-

150 2363 280 2403 ligentia
291 2364 501 2397 demonstrare
516 2370 608 2406 atque
620 2368 782 2398 enucleare
793 2379 867 2399 con-

153 2407 293 2437 tendens.

195 2452 318 2481 447.1.
341 2449 448 2494 διὰτί]
472 2456 543 2492 post
557 2453 603 2484 διὰ
618 2452 649 2484 τί
670 2454 750 2484 adde
773 2454 867 2485 tacita

152 2493 338 2533 cogitatione
353 2494 403 2536 (id
419 2497 499 2534 quod
514 2496 587 2526 item
604 2496 635 2526 in
655 2497 724 2527 aliis
739 2498 866 2528 infinitis

151 2547 277 2567 numero
292 2537 370 2568 locis
393 2537 545 2569 similibus
567 2550 585 2570 a
605 2539 721 2570 lectore
744 2551 866 2581 quoque

152 2590 211 2610 non
225 2580 402 2611 tardissimo
419 2581 482 2611 fieri
498 2582 602 2620 debet,
618 2589 650 2613 ut
665 2588 754 2624 aptos
775 2590 866 2624 atque

150 2623 260 2654 molles
282 2625 440 2662 transitus,
463 2626 559 2656 veluti
579 2631 690 2666 pontes
710 2627 866 2658 interster-

150 2667 218 2706 nat)
227 2667 404 2706 hujusmodi
419 2669 568 2708 quandam
583 2670 742 2708 copulam:
759 2671 821 2702 οὔτε
833 2669 869 2702 δι’

150 2708 339 2751 ἄχαςιστίαν.
353 2711 416 2742 οὔτε
431 2710 466 2742 δι’
480 2710 597 2748 ἀδικίαν,
612 2713 673 2743 οὔτε
692 2713 736 2744 δια
754 2713 865 2745 κακίαν.

152 2758 183 2783 et
199 2758 261 2784 tum
279 2755 356 2784 bene
370 2755 551 2791 cohaerebit,
571 2757 654 2786 velut
674 2757 864 2797 conglutina-

153 2800 228 2832 tum,
242 2808 306 2827 ουτ-ε
321 2799 376 2839 γαξ
391 2811 409 2827 α
437 2810 558 2839 αριστοι.

195 2856 238 2863 —
255 2843 307 2870 10.
331 2800 478 2882 regio-3214]
503 2842 644 2879 subaudi,
661 2843 691 2872 id
714 2845 794 2883 quod
815 2855 865 2875 res

153 2880 222 2920 ipsa
237 2883 375 2923 subjicit,
376 2885 508 2938 ’.ἀληθῶς
522 2885 568 2915 καὶ
590 2884 735 2926 ἒλευΘέξως
756 2887 804 2916 καὶ
826 2888 865 2918 δι-

150 2922 235 2959 καίως
247 2926 315 2975 ὑπὲρ
329 2928 407 2966 ὑμῶν
421 2928 487 2969 πςός
501 2928 583 2959 αυτ-ὂν
597 2941 672 2970 ωςε
659 2930 850 2967 σβεύσαντας.

195 2984 239 2990 -
249 2968 324 3000 ibid.
339 2969 428 3013 ὅπως]
446 2972 604 3002 subaudi'
588 2975 698 3008 απηνῶς
708 2973 756 3003 καὶ
770 2975 864 3014 ὠμῶς.

193 3027 238 3034 --
253 3014 304 3044 14.
327 3015 425 3045 τοῦτον
439 3014 488 3045 τὸν
500 3015 614 3057 τςὸπον]
637 3027 697 3056 quo
713 3017 865 3049 Xenocli-

1538 188 1616 230 119

905 293 987 329 dem,
1003 298 1064 332 ‘quo
1081 293 1298 333 Hegesippum
1314 296 1442 335 ejusque
1457 295 1557 325 socios
1569 305 1621 325 ac·-

905 336 1000 375 cepit.

948 396 991 402 ——-
1006 389 1077 418 pen.
1100 377 1156 417 ἐγὼ
1170 380 1224 419 γὰρ
1239 379 1374 419 Αἰσχίνην
1381 380 1439 421 —-]
1464 380 1619 411 Marcelli-

904 433 962 452 nus
978 423 1015 452 ad
1032 422 1261 461 Hermogenem
1279 432 1309 459 p.
1328 424 1400 452 175.
1420 426 1468 453 1⁴2.
1493 424 1572 454 αὐτοὶ
1589 422 1618 454 δὲ

905 464 1032 505 ἑριζέμε
1004 465 1057 494 εξτα
1073 463 1119 503 ἐφ’
1133 468 1169 498 οἷς
1189 466 1237 495 τῆν
1258 476 1389 504 κατηγορ.
1383 478 1424 493 ,αν
1445 478 1480 495 πο
1483 479 1503 495 ι
1496 468 1619 505 ,ipae-&m

905 509 940 541 ὡς
956 507 981 537 ἐν
995 507 1037 537 τῶ
1052 506 1120 537 κατ’
1138 506 1274 548 Αἰσχίνου
1294 507 1421 546 Δηαοτὲ·
1425 508 1479 542 εἰνς
1483 511 1617 551 ,Αἰσχί-

904 562 946 581 νου
961 562 1014 591 γαρ
1030 551 1142 589 ἄγοντος
1154 549 1201 581 ἔπι
1214 563 1245 579 τι
1247 562 1259 579 ν
1272 551 1388 590 Χαςητα
1400 562 1448 579 την
1460 552 1555 582 αἰτίαν
1565 556 1619 582 τῶν

905 592 1107 634 Εγκλημάτων,
1124 594 1159 627 ὡς
1175 605 1343 633 στρατηγον,
1364 604 1399 623 πῖ
1389 605 1424 632 ιςό
1445 606 1485 631 fb?
1488 606 1499 622 'd
1521 607 1551 624 ΤΟ
1555 608 1619 626 υΤΟυ

905 636 976 667 οῦδὲν
999 637 1050 677 ἔφη
1074 636 1335 677 (Demosthenes)
1356 635 1571 677 ἰσχυρίζεσθαι,
1593 640 1615 668 εἷ

903 691 950 709 και
966 679 1011 710 ὅτι
1026 681 1167 720 μαλιστα
1179 678 1278 710 λεληθὲ
1268 691 1336 713 τως
1350 681 1408 709 ἀπο
1411 682 1559 717 λογειται
1551 682 1618 722 νπὲρ

903 724 1041 764 Χάρητος,
1056 725 1092 758 ὡς
1105 724 1202 754 πάντα
1217 722 1293 770 ὑπὲξ
1309 735 1359 757 τνς
1375 722 1482 756 πόλεως
1497 724 1619 764 πράξαν-
1658 750 1663 755 ,

903 778 960 801 τος.
976 766 1097 807 ὡξίσατο
1114 766 1137 796 δ’
1150 765 1196 806 ἐφ’
1210 770 1247 802 οίς
1262 765 1397 819 Αἰσχίνου
1408 768 1566 806 κατηγορεῖ,
1583 767 1621 796 εί-

903 810 979 840 woh-a·
995 810 1050 848 ἐγω
1065 812 1119 851 γὰρ
1134 810 1268 851 Αἰσχίνην
1278 809 1335 839 oia}
1338 821 1349 838 ν·
1361 809 1620 849 αἶτιῶμαιτούτων

902 856 958 883 ’Τῶν
972 865 998 884 ἓν
1013 866 1053 883 Τω
1074 865 1110 884 ‘no
1114 852 1195 893 λξμω
1217 851 1412 904 πξαχθξντων;
1436 864 1542 882 ’ΤΟυΤΩῘΥ
1564 854 1619 894 γάξ

902 896 971 926 εἶσιν
985 898 1008 927 οἳ
1025 908 1179 937 στςατηγοι
1195 895 1343 927 ὑπεύθυνοι.
1357 894 1411 926 οὐδ’
1425 908 1478 927 vrrs
1482 908 1494 936 ς
1510 897 1559 926 τοῦ
1570 899 1620 927 τήν

903 939 983 970 πόλιν
1004 939 1186 971 ωοιησασθαι
1208 940 1314 980 εἶςηνην.
1336 937 1406 969 ἀλλ’
1425 939 1494 985 ἄχρι
1518 939 1620 970 τούτου

903 981 989 1014 ’πάντ’
1012 984 1130 1023 ἀφίημι.
1150 983 1214 1013 εἶτα
1236 982 1385 1024 διοξισμός·
1408 981 1439 1011 τί
1459 986 1500 1012 οὐν
1523 983 1620 1022 λέγω;

901 1037 949 1055 και
965 1026 1078 1057 πόθεν
1067 1039 1197 1068 αρχομαι
1212 1027 1385 1067 κατηγορεῖν;
1403 1038 1452 1055 και
1467 1038 1508 1056 τα
1525 1026 1599 1065 ἑξης

944 1071 1020 1101 448.
1037 1072 1087 1100 12.
1100 1069 1263 1110 ἠδικηκότα]
1275 1070 1397 1100 videtur
1409 1069 1618 1101 Philocratem

900 1112 1072 1152 designare.

943 1174 986 1178 —
1008 1159 1060 1189 526.
1083 1155 1155 1186 οὐδὲν
1175 1156 1214 1198 τῇ
1239 1155 1320 1198 είξῆνη
1344 1155 1536 1198 συγχωξηθὲν,
1557 1156 1617 1188 οὐδὲ

901 1199 1086 1230 πεισθέντων
1113 1200 1191 1239 ὑμῶν
1219 1199 1279 1241 ἔχει
1309 1198 1464 1241 Φίλιππος]
1493 1200 1618 1231 correxi

899 1241 1000 1272 locum
1017 1242 1129 1281 partim
1147 1254 1162 1272 e
1178 1243 1280 1279 libris,
1296 1244 1407 1281 partim
1423 1248 1518 1273 marte
1535 1254 1617 1281 meo,

901 1286 962 1315 sic:
982 1285 1036 1316 οὐδ’
1049 1285 1076 1315 ἐν
1091 1286 1130 1327 τῇ
1144 1286 1225 1327 eighty
1241 1285 1305 1327 (sic
1318 1291 1367 1316 est
1380 1287 1409 1315 in
1423 1285 1528 1323 libris)
1544 1298 1617 1325 συγ-

900 1328 1032 1371 χωξηὲτὲν
1046 1328 1119 1359 οὐδὲν
1138 1330 1214 1370 (hoc
1234 1340 1334 1359 meum
1357 1328 1419 1367 est)
1433 1328 1536 1359 ωεισθ.
1552 1331 1576 1360 ὑ.
1593 1330 1617 1360 ἔ.

901 1380 934 1411 φ.
950 1383 1048 1412 neque
1064 1373 1154 1403 habet
1170 1373 1336 1413 Philippus
1349 1373 1512 1412 quicquam
1528 1384 1546 1403 a
1563 1384 1617 1403 vo-

899 1415 1036 1445 lentibus
1053 1416 1144 1446 vobis
1159 1416 1189 1446 in
1205 1426 1282 1455 pace
1296 1426 1485 1446 concessum.

943 1476 987 1481 —
999 1459 1054 1489 nlt.
1069 1459 1172 1501 φεύγῃ]
1189 1458 1297 1499 φεύγειν
1309 1464 1356 1490 est
1368 1469 1385 1488 a
1400 1459 1469 1489 loco
1483 1460 1615 1499 quodam

900 1502 1072 1537 tractando,
1089 1508 1121 1532 ut
1137 1503 1288 1541 captioso,
1311 1507 1342 1532 et
1358 1502 1582 1539 discriminoso,
1600 1514 1618 1533 a

900 1545 1028 1574 crimine
1043 1546 1214 1584 purgando,
1231 1545 1312 1584 quod
1333 1555 1414 1583 aegre
1435 1545 1514 1575 scias
1538 1546 1617 1576 dilui

899 1598 1003 1626 posse,
1019 1588 1170 1627 refugere.
1189 1588 1226 1617 ad
1243 1588 1348 1617 πάντα
1365 1588 1548 1619 subauditur
1563 1590 1617 1620 ἄλ-

899 1636 951 1666 λα,
969 1631 1035 1660 sive
1053 1630 1066 1661 ἢ
1084 1632 1196 1666 ταῦτα,
1211 1641 1298 1671 quam
1312 1631 1380 1661 haec.

942 1676 1016 1704 449.
1033 1675 1063 1704 3.
1079 1674 1115 1708 ὡς
1131 1674 1159 1704 οὗ
1175 1674 1211 1703 σὺ
1223 1672 1362 1708 συναίτιος
1377 1673 1421 1715 εἶ]
1438 1675 1559 1705 detraxi
1576 1676 1616 1706 de

899 1726 978 1747 voce
1000 1717 1168 1755 penultima
1188 1717 1318 1756 primam
1343 1718 1502 1756 syllabam,
1528 1719 1558 1749 h.
1586 1730 1614 1749 e.

898 1770 955 1799 pro
981 1759 1151 1799 composito
1175 1759 1313 1795 συναίτιος
1344 1761 1453 1791 suffeci
1484 1762 1616 1802 simplex

899 1803 999 1837 αἴτιος.
1019 1814 1080 1834 ιιοιι
1096 1803 1176 1834 enim
1192 1805 1394 1843 quaerebatur,
1411 1810 1533 1835 essetne
1547 1806 1616 1836 aliis

899 1847 999 1886 culpae
1026 1858 1163 1883 consors,
1191 1848 1245 1877 sed
1271 1847 1341 1882 hoc,
1368 1854 1488 1878 essetne
1516 1849 1616 1889 culpae

899 1900 981 1920 reuS.
1018 1890 1261 1921 Convenientius
1276 1891 1383 1931 utique
1400 1891 1554 1930 legeretur
1569 1897 1618 1922 to-

899 1937 950 1963 tus
967 1933 1052 1964 locus
1065 1934 1124 1964 sic:
1144 1935 1187 1973 μὴ
1203 1933 1281 1972 λέγε,
1297 1934 1379 1967 εἴτις
1396 1934 1534 1969 συναίτιός
1547 1934 1613 1966 ἔστι

900 1975 950 2005 καὶ
963 1976 1052 2010 ἄλλος
1067 1978 1117 2006 τοῦ
1133 1976 1246 2011 Φωκέων
1259 1976 1384 2017 ‹ixi-5501),
1396 1975 1473 2012 ἀλλ’,
1490 1979 1526 2012 ὡς
1536 1978 1563 2007 οὗ
1579 1980 1616 2009 σὺ

900 2018 990 2054 αἴτιος
1013 2019 1047 2055 εῖ,
1070 2019 1162 2059 δεῖξον.
1207 2021 1445 2059 Transponenda
1460 2021 1552 2050 modo
1569 2023 1617 2052 fu-

901 2069 987 2092 eraut
997 2062 1059 2092 ista
1074 2063 1233 2093 vocabula.
1280 2064 1322 2093 Et
1336 2074 1416 2093 nunc
1432 2064 1553 2094 demum
1571 2065 1616 2095 vi-

900 2105 959 2135 deo
974 2106 1058 2136 idem
1074 2106 1256 2136 Marklaudo
1270 2117 1392 2147 quoque
1409 2107 1524 2138 dudum
1545 2114 1615 2139 ante

900 2159 948 2178 me
964 2148 994 2178 in
1011 2155 1140 2180 mentem
1155 2150 1288 2180 venisse.

942 2210 985 2215 -—-
1001 2195 1031 2223 4.
1057 2191 1088 2222 τί
1102 2190 1155 2229 οὖν,
1169 2194 1194 2223 εἴ
1207 2205 1237 2223 τι
1246 2192 1306 2233 —]
1337 2204 1405 2233 quae
1424 2194 1463 2224 de
1478 2199 1617 2236 transpo-

900 2235 1010 2265 sitione
1021 2246 1131 2266 versus
1142 2237 1353 2276 liujusTaylor
1362 2238 1618 2276 comminiscitur,

898 2289 986 2309 nemo
1002 2280 1092 2310 facile
1114 2280 1235 2319 probet.
1280 2281 1357 2310 Sunt
1380 2281 1461 2310 enim
1481 2292 1540 2311 non
1564 2293 1617 2312 va-

897 2322 1022 2358 lidiora,
1036 2333 1125 2362 quam
1139 2333 1207 2363 quae
1217 2323 1306 2353 Wolf
1315 2323 1449 2363 attingit,
1460 2325 1540 2354 unde
1552 2326 1617 2355 col-

898 2365 975 2405 ligo,
990 2366 1098 2402 fnisse,
1113 2367 1223 2406 quibus
1240 2367 1270 2396 in
1291 2372 1423 2396 mentem
1441 2368 1571 2404 veniret,
1586 2369 1616 2399 in

898 2409 1001 2439 locum
1024 2409 1243 2440 Demosthenis
1265 2420 1373 2440 nomen
1389 2411 1532 2441 Cliaretis
1548 2422 1617 2442 esse

900 2453 1123 2483 sufficiendum.
1147 2454 1177 2483 id
1201 2453 1283 2493 quod
1306 2464 1355 2483 res
1375 2454 1478 2483 statim
1494 2455 1619 2485 refutat.

899 2496 1016 2526 Chares
1038 2497 1128 2532 enim,
1146 2496 1300 2536 legatione
1316 2507 1374 2526 non
1395 2497 1530 2534 functus,
1550 2500 1616 2529 uul-

899 2540 959 2569 lam
976 2550 1096 2579 quoque
1118 2540 1281 2580 legationis
1304 2540 1453 2570 rationem
1469 2543 1619 2579 reddidit,

900 2584 954 2612 sed
978 2583 1200 2613 Demosthenes
1226 2594 1288 2613 suae
1309 2583 1456 2614 reddidit.
1512 2586 1616 2616 Locus

899 2631 984 2656 recte
1008 2627 1110 2657 babet.
1140 2627 1301 2656 tenendum
1325 2628 1427 2662 modo,
1455 2638 1512 2658 non
1540 2629 1616 2659 hano

901 2670 1150 2700 Demostlienis'
1141 2670 1244 2709 ipsius
1266 2680 1335 2700 esse
1358 2671 1536 2707 orationem,
1562 2673 1614 2702 sed

894 2713 1048 2752 judicum,
1065 2713 1240 2743 AEschinem
1263 2714 1499 2754 obiurgantium,
1527 2715 1616 2754 eique

900 2757 1135 2787 occurrentium.
1181 2757 1342 2788 Formulas
1357 2762 1459 2787 orator
1474 2758 1501 2787 hi
1506 2768 1522 2787 c
1534 2759 1618 2796 judi-

899 2800 987 2829 cibus
1014 2801 1215 2837 administrat,
1239 2806 1380 2840 tanquam
1410 2801 1480 2835 tela,
1505 2801 1616 2839 quibus

899 2843 1078 2874 AEschinem
1091 2843 1288 2883 confodiant}
1312 2849 1362 2874 aut
1385 2844 1531 2877 subsidia,
1547 2845 1617 2883 qni-

899 2887 956 2917 bns
973 2887 1112 2928 perfugia
1132 2888 1212 2926 ejus,
1227 2887 1468 2927 frigidarumque
1485 2897 1615 2917 excusa-

898 2930 1015 2961 tionum
1025 2931 1158 2961 latebras
1170 2930 1367 2970 intercipiant
1376 2935 1405 2959 et
1415 2930 1613 2968 prmcludaut.

899 2974 960 3003 Hae
977 2974 1111 3004 formulae
1127 2975 1300 3015 procedunt
1318 2983 1415 3012 usque
1436 2973 1473 3003 ad
1497 2971 1616 3008 ἐπαινεῖς

899 3017 989 3056 hujus
1007 3018 1127 3057 paginae
1143 3028 1234 3048 versu
1253 3019 1302 3046 19.
