1948 3322
202 439 204 441 ,
234 388 259 433 *a

206 488 319 523 Fuere,
342 487 394 527 qui
416 492 562 527 negantes
583 487 659 518 hanc
675 486 841 518 orationem
857 498 875 517 a

164 531 370 563 Demosthene
389 531 566 572 perfectam,
581 531 761 561 affirmarent
774 531 804 560 in
821 531 874 560 ad-

162 574 309 605 versariis
334 574 470 605 relictam
497 585 580 604 esse.
606 585 635 604 v.
658 573 765 604 Photii
789 574 872 604 Biffl.

161 627 194 656 p.
211 619 285 647 800.

205 661 280 691 515.
297 662 327 691 8.
350 661 378 691 rii
392 660 458 695 τοὺς
472 658 566 701 θεοὺς]
586 665 655 691 ante
677 662 703 692 νὴ
725 661 788 694 τοὺς
803 659 875 694 θεοὺς

160 702 270 734 deesse
295 703 420 733 videtur
439 702 559 745 αἰσχρὰ,
582 709 633 734 aut
655 704 754 734 simile
777 704 873 744 quod·

164 745 241 783 dam
245 756 343 789 gmve
357 746 548 777 vocabulum.

201 790 313 821 --·10.
341 787 394 830 ων]
425 790 641 821 resotvendum
672 789 718 820 sic
748 789 874 820 videtur

159 841 252 862 esse.
259 832 391 869 τούτων,
407 831 432 862 ἐν
447 841 483 866 oc:
500 833 580 863 αυτὸν
595 832 746 863 ἐτεθέαντο
766 832 788 862 Sr
789 844 874 874 ρασυν

155 873 224 905 ὄντα
245 873 296 907 ἐπὶ
317 875 422 906 ἄλλων.
445 886 544 906 eorum
559 876 748 919 facinorum,
773 877 875 917 quibus

154 919 235 949 alios
248 919 382 950 vidissem
398 919 434 949 ab
453 929 495 953 eo,
517 930 570 959 pro
592 921 682 959 ipsius
703 920 830 951 audacia
845 925 873 950 et

158 962 331 1001 impuritate
344 969 430 1003 utque
442 964 624 993 immanitate
637 964 764 993 violatos.

201 1022 246 1027 —
262 1007 312 1036 12.
343 1003 399 1046 οὖν]
424 1006 566 1036 omittunt
589 1007 714 1046 quidam
737 1005 872 1036 codices.

160 1053 246 1078 recte
261 1059 348 1083 vero,
365 1049 511 1079 vitiosum
527 1049 607 1079 enim
624 1054 682 1086 est,
696 1055 726 1081 et
738 1049 872 1079 delevis-

159 1100 237 1127 sem,
257 1091 315 1121 nisi
334 1092 490 1122 crederem
506 1092 538 1122 in
553 1103 589 1122 eo
602 1103 673 1122 voc.
685 1093 752 1132 ὑμῖν
766 1091 872 1127 latere,

157 1134 240 1173 quod
255 1134 305 1164 hic
317 1135 378 1165 loci
389 1144 515 1174 prorsus
527 1139 574 1165 est
584 1135 802 1166 necessarium.
818 1146 872 1165 un-

157 1176 204 1206 cis
218 1176 343 1207 inclusi.

200 1223 314 1252 ——18.-
337 1219 490 1251 ὑπόλοιπα.
513 1218 569 1259 ὅσῳ
594 1223 650 1261 γᾶς
673 1218 800 1251 πλείοσιν
812 1220 870 1261 -]

155 1262 256 1293 locum
273 1263 354 1294 hunc
369 1264 474 1294 sanavi
489 1263 610 1294 meliori
624 1265 871 1304 interpunctione

155 1307 321 1347 (punctum
346 1307 411 1337 scil.
435 1312 584 1337 commate
608 1307 741 1348 mutavi)
763 1312 794 1337 et
817 1308 871 1338 de-

152 1348 246 1379 leudo
268 1350 480 1389 conjunctione
503 1350 568 1390 γάρ.
591 1361 659 1380 nam
683 1350 759 1381 alias
783 1351 873 1382 deest

153 1391 281 1432 aliquid.
305 1397 337 1422 et
355 1393 426 1430 fuit,
442 1404 510 1423 curn
534 1394 580 1423 sic
595 1393 658 1434 leg.
675 1404 743 1424 esse
758 1394 870 1424 existi-

152 1445 286 1466 marem:
311 1436 464 1467 ὑπόλοιπα
475 1435 590 1478 θαρῥῶν.
606 1436 661 1477 δ’σῳ
675 1439 729 1478 γὰρ
745 1435 870 1467 πλείοσιν

151 1489 315 1509 -verum
338 1479 380 1509 nil
402 1490 480 1519 opus
503 1485 550 1510 est
569 1479 623 1510 ino
643 1480 869 1520 supplemento.

153 1521 231 1552 nihil
242 1522 341 1559 deest,
359 1527 390 1553 et
408 1523 595 1553 constructio
613 1523 680 1554 haec
703 1528 749 1553 est
764 1534 771 1552 :
796 1523 816 1553 ἃ
841 1522 869 1554 δὲ

149 1562 178 1595 ἔν
203 1566 270 1605 ὑμῖν
292 1564 357 1606 ἐμοὶ
379 1568 462 1607 μετὰ
486 1566 586 1596 ταῦτά
611 1565 691 1597 ἐστιν
713 1566 869 1603 ὑπόλοιπα,

151 1609 230 1649 quod
251 1614 349 1640 autem
364 1610 403 1640 ad
417 1620 476 1650 spes
497 1610 564 1640 illas
582 1611 703 1646 attinet,
718 1621 780 1651 qaae
795 1610 869 1640 mihi

151 1651 251 1682 adhuc
263 1659 419 1692 supersunt
434 1654 465 1683 in
479 1653 556 1683 vobis
569 1654 748 1693 repositae—
761 1652 817 1693 δ’σῳ
826 1670 870 1676 -

154 1700 264 1735 quanto
276 1696 374 1734 plures
388 1702 468 1732 sunt,
484 1706 552 1737 quos
573 1696 624 1726 ille
639 1698 764 1733 vexavit,
781 1702 868 1736 atque

151 1737 402 1769 sollicitationibus
428 1740 468 1769 ad
489 1744 587 1779 partes
609 1749 675 1769 suas
698 1739 867 1778 pertrahere

150 1786 273 1812 conatus
293 1787 344 1818 est,
365 1801 410 1806 -—-
430 1788 514 1813 tanto
535 1784 629 1823 magis
648 1793 728 1823 spero
750 1794 795 1813 me
810 1785 867 1823 jus

151 1833 248 1855 meum
262 1826 343 1864 apud
358 1836 405 1856 vos
415 1835 470 1856 esse
483 1825 679 1856 obtenturum.

197 1867 272 1898 516.
289 1869 379 1898 2421
393 1867 614 1910 παραιτεῖσθαι]
631 1869 664 1898 id
677 1873 735 1904 est,
748 1868 776 1898 οὗ
787 1868 867 1908 μόνον

151 1907 313 1951 ἐξελέγχειν
335 1911 382 1942 τόν
404 1912 565 1952 κατήγορον,
589 1913 670 1942 ἄλλα
691 1911 740 1941 καὶ
766 1923 868 1953 παραι-

153 1952 286 1983 τεισθαι.
300 1964 358 1984 non
379 1955 477 1985 solum
499 1956 631 1985 refutare
647 1960 868 1992 accusatorem,

155 1996 210 2025 sed
226 1996 316 2026 etiam
330 1997 454 2036 judices
467 1998 585 2027 veniam
598 2008 718 2036 rogare.

195 2055 238 2062 ·—·
250 2041 282 2070 3.
308 2039 391 2082 τότε]
419 2044 481 2070 tum
499 2041 658 2080 temporis,
675 2051 743 2070 cum
759 2041 867 2070 chore-

152 2091 224 2121 gum
247 2092 380 2122 agerem,
402 2083 553 2125 istamque
578 2088 692 2114 tantam
711 2084 748 2113 ab
769 2094 805 2114 eo
821 2084 869 2114 in-

144 2124 258 2164 juriam
275 2127 457 2166 acciperem.

193 2185 238 2191 ——
253 2171 283 2199 8.
299 2169 422 2209 ταύτην]
437 2174 508 2210 post
522 2169 632 2200 ταύτην
643 2170 732 2200 deest
743 2169 867 2205 βεβαιω-

149 2209 274 2251 σόμενος,
297 2213 347 2243 vel
381 2214 441 2243 tale
472 2213 556 2253 quid.
579 2214 812 2255 quandoquidem
833 2216 867 2244 in

138 2254 296 2292 judicium
311 2257 374 2287 ideo
383 2258 460 2293 veni,
471 2267 526 2297 quo
539 2267 723 2297 consequerer
739 2256 801 2293 hoc,
819 2262 865 2294 ut,

150 2307 206 2337 quo
216 2299 340 2337 populus
355 2299 486 2330 Midiam
496 2299 666 2338 perculisset
677 2301 866 2340 praejadicio,

151 2340 184 2370 id
195 2340 313 2382 effectui
327 2342 462 2379 daretur,
474 2343 736 2394 ratumquefieret.

193 2401 236 2407 -—
252 2387 304 2416 16.
320 2383 400 2426 ἐμοὶ]
428 2391 499 2427 post
523 2397 570 2415 και
593 2384 657 2427 ἐμοι
672 2387 797 2417 videtur
809 2388 864 2418 de-

148 2436 220 2457 esse
233 2427 282 2457 καὶ
297 2430 359 2463 τοῖς
370 2429 473 2468 νόμοις.
484 2430 526 2460 V.
537 2440 569 2459 v.
586 2432 638 2460 14.

194 2487 236 2493 —
251 2471 326 2501 ibid.
338 2471 385 2501 καὶ
396 2474 451 2513 γὰρ
465 2471 538 2503 οὕτω
552 2483 614 2507 πως
633 2472 712 2515 ἔχει]
736 2473 818 2504 Citat
832 2474 862 2505 h.

146 2513 169 2543 1.
185 2514 389 2545 AristidesT.
403 2526 436 2555 p.
451 2517 525 2546 182.

191 2575 236 2580 —
251 2560 304 2589 17.
329 2555 470 2599 ὑβρισμαι
492 2558 547 2598 μὲν
565 2557 640 2599 ἐγὼ]
667 2559 768 2590 locum
785 2556 873 2590 hunc*

147 2599 222 2631 citat
232 2601 412 2631 Ammonius
428 2613 458 2632 v.
473 2599 563 2631 αἰκία.

189 2661 232 2667 ——·
247 2646 299 2675 25.
322 2645 423 2686 τουτο]
444 2644 566 2675 correxi
583 2644 705 2675 τοιουτόν
719 2657 762 2682 τι,
778 2648 861 2687 quod

148 2685 229 2716 enim
255 2687 372 2718 veritus
396 2693 445 2718 est
466 2687 641 2722 Fabricius,
664 2698 700 2719 ea
727 2689 862 2720 admissa

145 2729 276 2760 lectione
292 2730 390 2761 deleri
406 2735 550 2771 oportere
563 2730 663 2770 μηδὲν,
678 2732 712 2761 id
728 2743 801 2763 vero
815 2733 861 2763 ni-

145 2771 201 2802 biti
223 2777 281 2804 est.
326 2774 443 2814 Ecquis
463 2775 544 2804 enim
564 2774 772 2806 offenderetur
790 2787 860 2806 ver-

146 2815 252 2846 borum
269 2818 325 2847 hae
341 2818 581 2853 constructione,
595 2816 682 2856 μηδὲν
693 2830 724 2848 τι
740 2830 858 2850 τοιουτο.

164 2875 166 2877 >
189 2875 233 2882 —-—
245 2859 322 2890 ibid.
348 2861 383 2894 ὣς
403 2860 473 2901 ὑπὲξ
487 2860 587 2901 κοινου]
611 2861 754 2897 malim,
739 2875 776 2896 ως
791 2861 860 2903 ὑπὲρ

146 2911 197 2931 του
210 2903 305 2935 κοινου.
319 2913 379 2934 non
394 2904 473 2934 enim
489 2904 549 2933 ad'
541 2914 708 2943 insequens
720 2906 771 2935 τοῦ
787 2907 859 2946 ἰι-ξά-

148 2954 263 2983 γματος
277 2945 467 2979 referendum
483 2952 532 2977 est
545 2948 641 2983 κοινοῦ,
657 2948 713 2978 sed
726 2953 788 2978 stat
804 2959 860 2988 per

147 2996 192 3016 se.
208 2986 242 3018 τὸ
254 2987 335 3018 κοινόν
347 2996 396 3020 est
408 3000 484 3029 resp.
498 2989 569 3030 {mig
582 2991 632 3020 τοῦ
648 3001 731 3022 κοινου
747 2995 795 3022 est
806 3002 860 3031 pro

143 3038 206 3069 rep
227 3031 385 3064 Sententia
399 3033 503 3073 itaque
519 3038 584 3064 est:
602 3039 701 3073 utpote
713 3045 778 3066 eum
801 3034 860 3068 haec

1547 215 1622 255 131

461 372 546 415 AD
580 371 949 415 ORATIONEM
981 371 1047 414 IN
1079 371 1337 414 MIDIAM.

907 496 996 518 causa
1010 488 1050 517 ad
1066 497 1156 526 remp.
1163 488 1323 526 pertineat,
1339 486 1429 526 eique
1446 497 1497 518 aut
1513 489 1625 529 prosit,

908 534 959 561 aut
975 531 1067 566 obsit,
1079 536 1172 570 prout
1196 535 1280 560 recte
1301 530 1438 560 minusve
1457 533 1623 569 judicetur.

952 575 1025 604 517.
1043 577 1074 605 3.
1102 573 1139 615 τῇ
1162 572 1296 615 ὑστεραία
1322 573 1348 603 ἐν
1369 573 1505 615 Πανδίονι]
1537 576 1624 606 iocus

907 616 975 656 ipsa
996 616 1042 647 rei
1058 617 1243 647 obscuritate
1265 622 1295 647 et
1313 617 1458 647 lectionis
1476 617 1623 648 varietate

909 665 1051 690 vexatus.
1096 660 1128 689 Si
1145 671 1181 690 ea
1196 671 1268 690 vera
1293 660 1333 690 sit
1353 660 1458 696 lectio,
1474 671 1564 699 quam
1582 672 1620 691 ex

907 703 1022 733 Aldina
1051 704 1251 733 reddiderunt
1274 703 1423 733 Parisinae
1452 714 1569 743 operae,
1594 710 1625 734 et

907 757 997 785 quam
1021 747 1123 786 reperi
1146 747 1236 776 etiam
1259 746 1290 776 in
1318 749 1395 777 Bav.
1420 747 1511 778 facile
1536 747 1576 777 sit
1599 746 1625 777 ἐν
1660 750 1664 756 “

906 789 1026 820 Πανδίονι
1042 790 1206 820 reformare
1227 789 1266 820 ad
1281 788 1313 820 ἐκ
1328 788 1448 820 Πανδίων
1467 797 1492 827 1,
1511 790 1543 820 id
1563 795 1624 825 est,

907 832 1010 875 δεκάτῃ
1025 831 1055 863 ἐκ
1069 837 1124 863 τῶν
1133 833 1262 870 Πανδίων,
1274 834 1356 872 quod
1370 833 1451 863 idem
1462 838 1509 863 est
1521 839 1625 873 atque,

906 876 1010 918 δεκάτῃ
1025 879 1108 917 μετὰ
1120 879 1161 907 τὰ
1169 876 1286 907 Πάνδια.
1302 878 1341 907 ad
1357 877 1394 918 τῇ
1409 875 1547 918 ὑστεραία
1557 878 1625 906 sub—

907 920 1003 950 audiri
1025 920 1171 950 existimo
1194 918 1340 961 ἐκκλησίᾳ.
1365 921 1460 950 ultera
1475 922 1624 956 concione,

904 968 966 1002 post
978 963 1100 993 Pandia
1113 964 1222 993 decimo
1233 964 1290 994 die.
1302 964 1438 994 viderint
1453 963 1623 993 Atticarum

905 1006 1116 1046 antiquitatum
1133 1006 1311 1046 peritiores,
1325 1007 1398 1047 quid
1415 1007 1472 1037 hac
1488 1008 1528 1038 de
1549 1018 1626 1037 con-

900 1050 1022 1088 jectura
1038 1051 1079 1079 sit
1092 1051 1298 1080 statuendum.

948 1110 991 1115 ——-
1007 1095 1060 1122 27.
1084 1093 1207 1134 πομπῇ]
1235 1093 1358 1123 correxi
1385 1095 1502 1133 πομπὴ,
1527 1098 1558 1123 ut
1583 1093 1626 1123 sit

906 1135 1110 1165 nominativus
1132 1146 1188 1176 pro
1210 1137 1327 1166 dativo.
1370 1137 1430 1166 Sed
1454 1136 1554 1166 adhuc
1569 1137 1625 1166 de-

905 1183 975 1208 sunt
990 1178 1123 1208 articuli.
1139 1179 1301 1209 articulum
1318 1180 1356 1208 de
1372 1189 1438 1209 meo
1456 1180 1573 1210 addidi.
1590 1184 1625 1210 ut

905 1221 973 1250 sit
963 1234 978 1252 η
994 1223 1119 1262 πομπὴ,
1140 1233 1188 1251 και
1204 1223 1265 1257 τοῖς
1280 1221 1327 1253 ἐπι
1345 1221 1451 1262 Ληναίῳ
1472 1224 1485 1253 ἦ
1504 1225 1623 1264 πομπη,

904 1264 972 1295 scil.
983 1263 1074 1306 ἵτανῇ
1090 1275 1106 1294 e
1123 1265 1345 1318 superioribus.
1362 1276 1430 1295 cum
1446 1271 1494 1296 est
1509 1276 1623 1305 pompa

902 1307 935 1336 in
953 1296 1136 1347 Dionysiis’
1126 1309 1174 1339 επῖ
1185 1307 1300 1349 Ληναίῳ.
1329 1308 1438 1338 Num’
1427 1320 1474 1339 επι
1492 1308 1623 1340 Ληναίων.
1629 1338 1633 1340 .

902 1351 936 1380 in
951 1349 1084 1382 Lenaeis?

949 1395 1024 1424 518.
1036 1398 1066 1424 1.
1083 1392 1191 1435 ἑτέρου]
1207 1400 1277 1434 post
1291 1393 1384 1435 ἑτέρου
1399 1395 1522 1426 videtur
1536 1395 1625 1434 μηδὲν

905 1435 1027 1473 deesse,
1041 1439 1122 1478 qnod
1140 1439 1228 1468 facite
1243 1438 1345 1478 potuit
1358 1439 1504 1469 excidere
1520 1440 1560 1468 ob
1574 1439 1621 1468 in-

906 1489 1036 1519 sequens
1058 1480 1142 1521 μηδὲ.
1169 1487 1205 1511 ut
1227 1492 1309 1512 nemo
1331 1484 1486 1522 quicquam
1509 1493 1527 1511 a
1553 1493 1623 1522 quo-

904 1533 1002 1563 quam,
1016 1534 1109 1565 ‘neque
1120 1526 1254 1565 pignoris
1268 1525 1339 1561 loco,
1354 1535 1446 1566 neque
1462 1527 1503 1560 vi,
1525 1523 1622 1565 auffe-

904 1572 964 1603 rat,
978 1578 1031 1606 per
1045 1568 1112 1598 illos
1126 1569 1197 1604 dies,
1208 1579 1244 1598 ne
1255 1569 1364 1599 abillis
1378 1569 1507 1610 quidem,
1521 1570 1570 1608 qui
1582 1569 1625 1598 ad*

903 1610 980 1639 diem
996 1622 1053 1641 non
1069 1611 1218 1641 solverint.

946 1671 988 1676 —
1004 1656 1036 1685 4.
1062 1654 1165 1695 αὐτοῦ]
1189 1665 1247 1684 non
1270 1653 1420 1693 displicet
1442 1656 1620 1694 conjectura

901 1696 1009 1726 Wolfii
1024 1697 1094 1727 κατ’
1107 1698 1206 1728 αὐτοῦ.
1221 1699 1258 1727 V.
1270 1709 1299 1728 v.
1316 1700 1348 1727 7.

945 1757 987 1762 --
1005 1741 1037 1771 5.
1067 1741 1128 1781 περὶ
1156 1743 1214 1772 τῶν
1240 1740 1336 1771 ἄλλων
1359 1742 1414 1770 τῶν
1440 1741 1627 1784 ἀδικούντων]“

902 1783 1018 1819 malim,
1034 1784 1095 1824 περὶ
1110 1786 1166 1814 τῶν
1178 1784 1254 1814 ἄλλο
1265 1796 1294 1814 τι
1310 1783 1483 1814 ἀδικούντων.
1499 1785 1534 1815 de
1548 1785 1620 1821 iltis,

901 1827 952 1866 qui
967 1828 1035 1857 aliis
1049 1829 1269 1868 quibuscunque
1284 1829 1316 1857 in
1332 1828 1416 1858 rebus
1430 1828 1617 1868 delinquunt.

943 1888 987 1892 —
1003 1873 1032 1901 8.
1049 1871 1146 1911 οὔσης]
1171 1871 1198 1900 si
1220 1872 1297 1901 bene
1321 1871 1423 1907 habet,
1439 1878 1618 1910 usurpatum

903 1918 950 1942 est
969 1923 1025 1952 pro
1041 1912 1215 1954 ταχθείσης.

944 1974 988 1978 -
1006 1960 1056 1986 11.
1085 1957 1173 1998 ὅπως]
1199 1958 1229 1987 h.
1247 1957 1268 1987 1.
1293 1961 1473 1997 usurpatum
1491 1961 1540 1987 est
1562 1968 1620 1997 pro

901 1998 991 2038 μόνον.

945 2042 1157 2073 519.14.ὁ’σα
1171 2042 1227 2083 μὲν
1238 2041 1346 2085 ουν-]
1364 2044 1448 2074 Citat
1463 2044 1492 2073 h.
1509 2044 1530 2074 l.
1547 2044 1617 2073 Ari-

902 2083 1001 2115 stides
1017 2097 1097 2127 τεχν,
1111 2097 1142 2125 p.
1154 2089 1230 2117 230.

943 2128 1074 2160 -ibid.
1098 2128 1298 2169 ἐναντιούμενος
1318 2129 1386 2170 ἡμῖν
1406 2129 1548 2169 ἀφεθῆναι
1567 2131 1620 2163 τῆς

898 2171 1024 2212 χορείας]
1053 2183 1070 2202 e
1095 2183 1206 2211 magna
1223 2172 1376 2217 codicum,
1392 2183 1459 2212 quae
1481 2173 1530 2203 hio
1557 2172 1618 2203 loci

900 2221 959 2250 est,
974 2215 1192 2255 discrepantia,
1208 2207 1348 2256 colligo
1340 2227 1371 2245 in
1388 2215 1458 2246 aliis
1474 2217 1546 2246 olim
1559 2227 1616 2256 pro

899 2262 1056 2297 postrema
1072 2269 1147 2288 voce
1163 2258 1260 2289 fuisse
1273 2259 1438 2300 στρατείας.
1454 2265 1488 2289 nt
1504 2260 1554 2289 alii
1572 2260 1617 2289 sic

899 2300 1057 2332 darent:'
1047 2301 1248 2342 εναντιούμενος
1262 2305 1330 2343 ἡμῖν
1345 2303 1469 2342 ἀξιοῦσιν
1484 2301 1617 2343 ἀφεθῆναι

898 2345 951 2379 τῆς
961 2344 1126 2387 στρατείας.
1150 2346 1232 2376 nubis
1252 2347 1419 2381 adversans,
1439 2346 1618 2385 postulanti-

899 2387 961 2424 bus,
981 2394 1015 2418 nt
1029 2399 1149 2428 aequum
1165 2395 1256 2429 atque
1277 2389 1426 2424 debitum,
1447 2399 1491 2419 eos
1504 2401 1522 2419 a
1538 2390 1616 2419 mili-

898 2432 946 2461 tiae
961 2433 1071 2462 muniis
1085 2433 1179 2472 perid
1196 2438 1307 2471 tempus
1322 2432 1422 2462 liberos
1437 2431 1547 2468 haberi,
1565 2434 1616 2463 vel

896 2475 1012 2505 absolvi.
1033 2476 1085 2505 atii
1108 2475 1170 2505 sic:
1191 2474 1393 2515 ἐναντιούμενος
1414 2476 1483 2514 ἡμῖν
1505 2475 1617 2515 ἀξιοῦσι

896 2520 940 2558 μὴ
965 2518 1110 2557 ἀφεθῆναι·
1129 2520 1180 2552 τῖς
1198 2518 1320 2561 χορείας.
1345 2519 1500 2549 adversans
1524 2520 1616 2556 nobis,

899 2563 1073 2602 urgentibus
1095 2567 1183 2602 atque
1195 2562 1424 2603 flagitantibus,
1440 2573 1477 2593 ne
1498 2573 1517 2591 a
1532 2561 1617 2603 sum

897 2606 992 2634 ctione
1007 2605 1171 2636 saltationis
1186 2606 1310 2636 solennis
1324 2606 1528 2642 absolveretur,
1543 2606 1614 2646 ipse

897 2648 1011 2678 Midias
1027 2653 1112 2686 puta.
1157 2649 1370 2688 Hermogenes
1384 2649 1457 2679 Aldi
1474 2649 1522 2689 (p.
1536 2651 1611 2679 410.

897 2691 952 2720 uit.
969 2692 1017 2722 ed.
1034 2692 1188 2732 Crispini)
1209 2693 1254 2722 sic
1270 2693 1379 2722 recitat
1393 2693 1472 2722 hunc
1490 2693 1590 2722 locum
1605 2703 1613 2720 ε

894 2734 993 2775 (Nam
1010 2735 1122 2765 Portus
1141 2735 1303 2765 lectionem
1328 2735 1470 2766 Aldinnm
1493 2736 1531 2765 ad
1547 2735 1615 2765 vul-

895 2783 994 2816 gatam
1011 2778 1152 2819 refinxit)
1168 2779 1234 2813 τοὺς
1254 2780 1393 2820 χορευτὰς
1413 2778 1527 2808 κωλύων
1542 2779 1613 2817 ἀφε-

894 2820 976 2851 θῆναι
991 2823 1042 2855 τῆς
1058 2821 1222 2863 στρατείας.
1238 2833 1306 2861 quae
1321 2832 1392 2851 vera
1404 2827 1451 2851 est
1467 2821 1570 2856 lectio,
1582 2827 1613 2851 et

894 2864 1029 2895 debebat
1051 2875 1067 2894 a
1088 2876 1136 2895 me
1153 2865 1381 2904 repraesentari,
1397 2864 1612 2902 fecissemque,

894 2907 920 2936 si
939 2907 1033 2938 citius
1059 2918 1096 2938 ea
1118 2908 1193 2938 mihi
1215 2909 1409 2938 innotuisset.
1433 2907 1481 2936 vel
1498 2907 1610 2937 etiam:

893 2949 1094 2991 ἐναντιούμενος
1120 2952 1200 2991 ἡμῖν,
1220 2950 1299 2982 ἕνεκα
1324 2952 1374 2979 τοῦ
1396 2949 1536 2989 ἀφεθῆναι
1561 2952 1614 2986 τῆς

892 2993 1058 3034 στρατείας.
1093 3006 1148 3036 quo
1172 2996 1286 3026 militiae
1308 2994 1486 3025 vacationem
1522 2995 1613 3033 impe-

894 3042 997 3068 ἴτω-ετ.
