1931 3322
510 216 573 258 IN
606 215 783 259 ORAT.
816 215 898 258 DE
931 213 1294 260 SYMMORIIS.
1524 216 1603 258 511

163 330 306 365 tanquam
321 334 378 364 pro
396 324 457 354 aris
473 329 505 354 et
517 324 803 359 focis,contendam.

206 386 249 392 —
261 370 313 399 ΞΟ.
327 368 500 408 ἀλυσιτελῆ]
518 369 664 398 inutilem.
681 367 802 407 elegans
816 377 868 396 vo-

163 413 231 442 cab.
251 412 424 450 decompos.
468 413 626 444 Λυσιτελῆς
645 412 729 440 utilis
743 412 823 449 παξιὶ
837 408 869 438 τὸ

164 454 238 485 λύειν
258 454 292 484 τὸ
313 453 396 487 τέλος
418 454 472 494 (de
497 456 583 492 cujus
611 454 696 483 vocis
717 453 812 482 forma
839 458 869 482 et

164 498 304 538 analogia
331 497 397 526 dixi
426 498 600 536 aliquando,
631 497 660 526 ni
686 496 786 531 fallor,
805 497 867 533 jam

164 541 261 579 ante),
285 541 355 570 binc
381 550 518 579 compos.
545 541 717 573 ἀλυσιτελὲς
743 538 868 568 inutilis.

163 584 297 613 Aristot.
312 583 382 613 Eth.
394 583 415 612 l.
434 583 499 612 viii.
516 583 564 612 fin.
586 579 615 611 εὖ
634 582 760 621 πάσχειν
775 582 828 620 γὰρ
845 580 867 609 οἳ

165 625 266 656 πολλοὶ
280 623 436 662 cedrenus,
451 625 484 655 τὸ
509 624 537 654 δὲ
561 625 646 654 ποιεῖν
668 623 812 662 φεύγουσιν
834 624 869 656 ὡς

162 668 343 703 ἀλυσιτελές.
380 669 511 708 plerique
533 669 610 696 enim
643 676 737 697 omnes
765 667 867 705 benefi-

163 714 242 742 cium
258 713 386 750 accipere
400 710 510 740 volunt.
533 707 570 739 Εῧ
585 710 713 750 πάσχειν
729 714 775 739 est
788 709 869 739 bene-

152 755 261 796 ficium
281 756 421 793 accipere,
445 752 672 792 εὗεςγετεῖσὲαι,
691 758 724 782 ut
739 751 768 783 εὖ
784 753 869 783 ποιεῖν

163 797 340 837 benefacere,
364 797 531 837 bemficium
549 795 694 837 conferre,
711 796 869 835 εὐεξγετεῖν.

162 840 260 880 igitur
275 837 305 870 εὖ
320 840 447 881 πάσχειν
473 844 531 868 etc.
552 839 683 879 plerique
698 839 869 879 beneficium

161 884 290 922 accipere
305 889 370 913 suut
386 883 496 922 parati,
513 883 602 920 pauci
617 884 688 912 dare
701 893 710 918 ,-
728 882 778 912 hoc
792 883 869 912 enim

151 927 299 967 fugiunt,
316 931 413 965 utpote
435 925 646 955 incommodum
669 936 722 955 nec
736 936 769 955 ex
792 936 822 955 re
837 926 871 955 iis

152 970 316 1011 ficturum,
330 969 510 999 utilitatibus
524 970 720 998 contrarium.

210 1030 254 1035 —
271 1013 353 1042 lbid.
376 1013 454 1051 φίλον
483 1013 652 1045 ἀλυσιτελῆ,
683 1010 868 1051 συμφὲξοντα

162 1053 274 1096 ἐχθρὸν]
286 1057 411 1085 amicum
422 1055 567 1089 inutilem,
581 1053 684 1084 hostem
699 1055 868 1084 conducibi-

164 1099 234 1128 lem:
256 1100 299 1128 At
312 1098 464 1138 quomodo
487 1097 611 1131 amicus,
629 1100 653 1126 si
671 1097 798 1132 inutilis,
817 1103 869 1127 aut

163 1141 318 1180 quomodo
332 1141 482 1176 inimicus,
500 1141 523 1169 si
547 1140 770 1170 conducibilis!
795 1151 868 1180 quo-

164 1185 256 1214 modo
272 1185 336 1214 haec
353 1183 527 1214 cohaerent?
542 1185 709 1222 junguntur
722 1184 783 1222 jam
798 1194 868 1223 gry-

164 1228 241 1266 phes
250 1227 347 1266 equiS.
364 1227 518 1266 Quicquid
531 1227 569 1256 ait
578 1227 615 1255 de
627 1226 744 1261 amicis,
755 1232 782 1255 et
792 1227 868 1256 forte

163 1269 245 1309 φίλος
266 1271 440 1304 ἀλυσιτελὴς
464 1271 511 1300 οἰκ
530 1269 595 1299 ’ἐστι
619 1269 715 1309 φίλος;
737 1274 766 1298 at
786 1275 869 1299 certe

162 1314 307 1344 inimicus
326 1314 429 1343 multis
440 1313 539 1343 modis
555 1314 715 1343 λυσιτελεῖν
730 1312 777 1342 καὶ
790 1325 868 1352 συμ-

164 1355 265 1396 φέρειν,
289 1357 371 1387 utilis
394 1363 421 1386 et
444 1357 639 1387 ‘conducibilis
656 1367 722 1391 esse,
748 1357 867 1394 poterit.

164 1401 218 1430 Uti
235 1401 348 1439 optime
364 1400 500 1429 ostendit
522 1400 707 1429 Plutarchus
724 1400 750 1429 in
768 1399 872 1428 libello

164 1453 253 1482 quem
270 1443 397 1483 scripsit
415 1443 454 1472 de
470 1443 529 1472 hoc
544 1448 719 1482 argumento
735 1454 741 1471 :
765 1444 826 1476 Πῶς
841 1443 874 1472 ἄν

163 1497 209 1520 ’τις
224 1485 294 1527 ὑπὲξ
308 1485 421 1527 ἐχθρῶν
433 1486 588 1525 ὧφελοῖτο;
611 1487 747 1526 quomodo
763 1487 827 1525 quis
840 1497 872 1515 er

163 1530 292 1560 inimicis
306 1531 466 1559 utilitatem
483 1539 583 1568 capere
598 1529 705 1567 possit?
738 1529 872 1559 Prosunt

164 1572 253 1602 nobis
274 1573 392 1602 inimici
425 1572 529 1602 multis
558 1573 669 1607 modis,
703 1583 871 1611 quanquam

164 1615 265 1652 inviti,
280 1615 412 1655 ideoque
422 1616 537 1654 οὐδε-μία
547 1615 632 1656 χάςις
644 1615 749 1648 αὐτοῖς.
794 1616 870 1645 Nam

163 1668 220 1689 uec
235 1659 345 1698 injuria
365 1660 402 1688 ab
417 1660 514 1689 invito
538 1659 667 1688 infertur
688 1669 742 1688 nec
759 1659 872 1688 benefi-

163 1702 244 1731 cium
269 1704 307 1732 ab
332 1703 427 1732 invito
455 1702 554 1736 datur,
574 1700 633 1732 οὔτ’
655 1701 794 1741 εὖεργετεῖ
815 1701 872 1732 οὔτ’

163 1745 261 1775 ἀδικεῖ
283 1757 329 1779 τις
352 1745 436 1775 ἄκων.
473 1746 607 1774 Possunt
629 1749 728 1774 tamen
754 1745 871 1775 inimici

161 1787 328 1828 συμφέρειν,
352 1789 425 1818 licet
453 1798 511 1817 non
538 1787 698 1827 εὗεξγετεῖν,
725 1788 815 1817 utiles
842 1793 872 1818 et

160 1831 376 1862 conducibiles
390 1841 469 1866 esse,
485 1831 558 1860 licet
574 1841 631 1860 uon
647 1830 786 1860 benefici.
833 1832 871 1861 Et

164 1885 224 1905 una
247 1874 371 1913 quidem
395 1874 606 1908 commoditas,
629 1884 696 1912 quae
721 1874 871 1904 redundat

162 1928 207 1948 ex
234 1918 373 1948 hostibus
400 1922 431 1947 et
453 1927 541 1956 quarn
560 1917 610 1946 bio
635 1917 730 1955 tangit
756 1918 870 1946 Demo-

164 1961 299 1998 sthenes,
316 1966 373 1997 est,
388 1958 632 2001 ἀντιπερίστασις,
654 1961 713 1989 viz.
735 1962 872 1999 oppositio

162 2003 297 2041 hostium,
324 2015 391 2044 quae
415 2014 473 2034 non
501 2008 615 2033 tanturn
639 2003 791 2033 cautiores
815 2014 870 2033 nos

162 2047 246 2083 facit,
270 2047 324 2077 sed
348 2052 378 2077 et
403 2046 562 2076 fortiores:
597 2051 698 2076 monet
720 2046 869 2085 siquidem

163 2100 232 2126 nos,
248 2096 300 2120 aut
322 2090 428 2120 saltem
450 2100 570 2120 monere
589 2089 693 2124 debet,
708 2089 790 2119 vires
817 2100 870 2118 nn—

162 2138 242 2163 stras
257 2143 378 2173 sparsas
396 2133 576 2172 recolligere
599 2139 630 2162 et
645 2132 769 2162 firmiter
786 2133 869 2162 unire

162 2177 271 2216 copias
285 2177 325 2206 ad
341 2176 547 2206 resistendum
561 2175 711 2205 communi
725 2176 870 2205 adversa-

163 2219 220 2250 rio.
259 2218 349 2250 ‘Euolat
370 2218 475 2260 ἓχθςὸς
495 2224 541 2249 est
565 2219 728 2258 aliquando
744 2218 870 2254 ἀκούσιος

162 2263 256 2302 φίλος,
277 2263 349 2303 quia
372 2263 498 2296 ἀκούσιος
525 2262 713 2297 διαλλακτὴς,
737 2272 870 2301 suosque

163 2313 271 2336 contra
281 2317 315 2336 se
329 2307 430 2336 hostes
440 2306 489 2335 vel
501 2305 615 2335 invitos
626 2304 786 2340 συνίστησι,
797 2316 869 2335 con-

163 2349 261 2379 sociat
277 2353 307 2378 et
316 2349 472 2389 conjungit
485 2355 515 2379 et
525 2352 726 2387 coagmentat.
756 2349 870 2378 Contra

164 2402 355 2422 communem
369 2392 486 2422 hostem
501 2392 680 2422 unanimiter
694 2391 871 2432 conspirant

161 2435 280 2473 Graeci3
295 2435 529 2465 reconciliantur
544 2440 576 2464 et
591 2435 620 2464 in
638 2435 763 2475 gratian·
782 2437 870 2466 rede-

163 2484 220 2509 unt
246 2478 335 2508 etiarn
364 2476 518 2508 Aristides
546 2483 578 2507 et
601 2477 836 2508 Themistocles.
859 2479 872 2508 ὅ

163 2520 247 2556 κοινὸς
261 2519 366 2563 ἐχθρὸς
385 2531 440 2552 nos
452 2521 493 2550 ad
513 2520 705 2551 concordiam
721 2528 873 2560 provocat

164 2570 197 2595 et
209 2564 320 2595 invitat
334 2565 377 2606 (Ο
392 2563 532 2603 utinam),
546 2568 579 2594 ut
590 2564 708 2603 junctis
720 2565 829 2594 studiis
842 2571 872 2594 et

165 2607 261 2638 unitis
278 2607 396 2639 viribus
421 2606 601 2648 ὁμοθυμαδὸν
618 2608 646 2637 ei
663 2618 718 2637 nos
738 2617 872 2647 oppona-

164 2662 243 2682 mus.
310 2651 485 2681 Prudenter
511 2651 615 2690 itaque
646 2651 872 2680 Onomademus

165 2694 262 2725 Chius
286 2695 370 2733 apud
391 2693 552 2735 Plut.jam
573 2694 657 2723 laud.
676 2693 790 2734 [prope
805 2694 870 2735 flu.]

165 2737 230 2777 qui,
245 2747 314 2767 cum
330 2737 361 2767 iu
383 2737 461 2767 chio
475 2742 542 2767 orta
557 2737 709 2767 seditione
731 2747 748 2766 a
764 2742 872 2776 poten-

166 2776 244 2811 tiore
260 2785 358 2811 staret
374 2786 473 2820 parte,
488 2780 627 2810 hortatus
643 2784 691 2809 est
705 2779 820 2816 socios,
836 2791 873 2810 ne

166 2833 273 2854 omnes
284 2823 481 2854 adversarios
492 2823 650 2862 ejicerent,
661 2823 715 2852 sed
727 2824 873 2861 quosdam

164 2867 195 2897 in
213 2866 288 2896 urbe
300 2867 521 2908 relinquerent:
546 2866 680 2906 alioquin
696 2866 774 2895 enirn
791 2866 874 2906 peri-

168 2909 271 2940 culum
291 2911 368 2946 fore,
394 2921 443 2946 ne,
458 2910 597 2939 omnibus
621 2908 751 2949 inimicis
773 2910 873 2939 subla-

168 2953 223 2988 tis,
241 2961 310 2982 cum
333 2953 441 2983 amicis
462 2953 571 2983 futurae
588 2952 665 2992 ipsis
685 2957 787 2983 essent
803 2962 875 2982 cou-

167 2995 338 3027 troversiae.
361 2994 434 3030 ὅπως
448 2997 491 3036 μὴ
507 2995 572 3036 πςὸς
592 2995 658 3028 τοὺς
676 2994 774 3035 φίλους
789 2995 877 3036 ἀρξώ-

167 3037 252 3079 μεθα
274 3036 473 3079 διαφέρεσθαι,
492 3041 547 3069 τῶν
563 3036 667 3079 ἔχθςῶν
689 3039 878 3070 παντάπασιν

903 321 1135 359 ἀπαλλαγέντες.
1149 326 1169 341 “
1181 333 1249 353 cum
1266 323 1376 353 desunt
1391 322 1495 352 hostes

987 365 1144 395 discordia
1168 365 1287 401 cives,”
1304 365 1394 396 testis
1423 367 1490 402 Gr.,
1520 365 1609 395 testis

902 409 1005 444 Rom„
1030 408 1118 437 testis
1138 409 1221 438 orbis
1246 409 1418 444 universus,
1444 409 1530 439 testis
1546 414 1610 438 eta

902 456 966 481 toto
997 450 1098 479 divisa
1130 451 1289 481 Britannia
1315 452 1438 487 mundo,
1469 456 1500 481 et
1529 462 1609 481 nunc

901 494 995 533 (prob
1012 493 1117 532 dolor)
1135 504 1149 522 a
1166 495 1279 532 seipsa.
1305 495 1453 524 Videmus
1464 505 1538 534 ergo
1555 495 1609 524 ho-

903 537 1016 566 minum
1039 546 1111 575 erga
1137 546 1191 566 nos
1215 536 1324 577 ἔχὲξαν
1343 548 1397 568 seu
1418 538 1608 571 inimicitiam

903 590 959 609 non
981 590 1101 618 semper
1117 589 1185 608 esse
1203 583 1361 620 συμφορὰν,
1378 581 1431 610 sed
1447 581 1610 620 aliquando

902 622 1113 662 συμφὲςουσαν,
1131 622 1333 661 “aliquisque
1353 624 1431 653 malo
1457 623 1514 663 fuit
1538 634 1610 654 usus

903 667 932 696 in
950 667 1003 696 illo
1014 665 1044 696 :¹¹
1061 671 1092 695 ut
1103 666 1198 694 verbo
1211 665 1320 700 dicam,
1330 665 1473 696 inimicus
1487 672 1548 703 est,
1558 671 1611 697 aut

904 719 972 739 esse
988 709 1112 748 poterit,
1130 719 1183 737 cos
1196 708 1395 742 fortitudinis,
1414 709 1555 739 stimulus
1565 709 1611 739 in·

903 753 1041 787 dustriae,
1050 752 1171 781 occasio
1187 751 1326 786 cautelae,
1338 761 1409 780 ansa
1422 752 1608 787 concordiae,

903 800 994 835 atque
1018 796 1074 824 hoc
1090 795 1181 824 modo
1203 794 1291 824 nobis
1312 795 1423 824 babere
1442 794 1515 823 licet
1530 806 1610 834 συμ-

903 838 1020 878 φέςοντα
1035 836 1141 879 ἐχθρόν.
1189 837 1345 876 Elegantis
1364 838 1453 876 hujus
1467 847 1542 867 usus
1558 838 1612 867 ad-

899 882 1009 920 jectivi
1041 882 1224 917 ἀλυσιτελῆς,
1250 891 1417 920 quanquam
1449 880 1528 911 forte
1553 891 1610 910 non

905 925 1016 964 ubique
1030 924 1175 960 occurrit,
1191 929 1290 954 tamen
1307 924 1377 963 quia
1391 923 1535 953 brevitati
1547 924 1610 962 jam

904 969 1012 998 studeo
1042 973 1072 998 et
1105 968 1142 997 ad
1166 967 1322 1006 epilogum
1339 967 1467 1002 anbelo,
1490 966 1611 1004 unicum

903 1016 1017 1040 tantum
1052 1010 1228 1049 exemplum
1257 1011 1416 1045 adducam,
1448 1011 1540 1049 idque
1571 1021 1610 1040 ex

904 1053 1036 1084 Aristot.
1060 1054 1132 1084 Etlr.
1149 1053 1215 1083 viii.
1227 1053 1281 1082 ult.
1299 1054 1362 1083 fere
1382 1053 1495 1083 verbis.
1508 1050 1538 1083 εὖ
1553 1054 1613 1082 πά-

903 1108 984 1137 σχειν
1004 1099 1056 1136 γὰρ
1081 1097 1103 1126 οἱ
1129 1096 1228 1125 πολλοὶ
1247 1095 1404 1128 Βούλονται·
1421 1096 1455 1126 τὸ
1473 1095 1502 1126 δὲ
1526 1096 1612 1126 ποιεῖν

903 1140 1049 1179 φεύγουσιν
1064 1141 1099 1173 ὡς
1110 1138 1292 1172 ἀλυσιτελες.
1311 1140 1444 1179 plerique
1459 1149 1552 1169 omnes
1567 1140 1613 1169 be-

903 1184 1041 1222 neficium
1065 1185 1193 1222 accipere
1213 1183 1314 1213 volunt
1340 1182 1390 1222 (ut
1415 1182 1493 1211 enim
1517 1188 1563 1211 est
1583 1179 1613 1212 εὖ

903 1227 1043 1267 πάσχειν,
1067 1227 1116 1256 cui
1140 1237 1222 1265 resp.
1247 1223 1276 1255 εὖ
1299 1225 1418 1265 ποιεῖν);
1443 1224 1612 1265 beneficium

903 1270 984 1305 dare,
1011 1281 1097 1310 quam
1121 1271 1211 1307 pauci
1230 1269 1274 1298 vel
1291 1269 1369 1298 nulli
1384 1268 1489 1310 fucere
1511 1274 1613 1298 amant

903 1319 956 1342 aut
975 1315 1076 1348 solent,
1100 1310 1299 1353 imofugiunt
1320 1318 1347 1341 et
1366 1316 1554 1346 avertuntur,
1577 1312 1613 1348 ὥς

906 1356 1088 1391 ἀλυσιτελὲς,
1114 1361 1211 1394 utpute
1233 1355 1341 1385 inutile
1357 1360 1385 1384 et
1401 1355 1611 1385 incommodum

907 1409 962 1429 esse
979 1410 1030 1429 nec
1047 1410 1079 1429 ex
1094 1409 1136 1429 re.

949 1461 992 1465 —
1008 1446 1059 1473 24.
1077 1440 1275 1483 ὁμοθυμαδὸν]
1295 1442 1384 1471 unitis
1404 1442 1520 1477 animis,
1536 1452 1614 1471 una-

908 1487 1036 1516 nimiter.
1083 1487 1154 1515 Vox
1178 1486 1348 1525 composita
1370 1495 1410 1514 ex
1427 1484 1613 1514 dictionibus

907 1528 974 1568 ὁμὸς
991 1536 1021 1559 et
1042 1529 1148 1569 ὃυμξς.
1195 1530 1243 1558 De
1264 1527 1420 1558 adverbiis
1444 1528 1534 1566 hujus
1551 1528 1614 1557 for-

907 1582 962 1601 mae
989 1583 1023 1602 ac
1047 1572 1270 1602 terminationis
1295 1571 1341 1600 bae
1368 1571 1483 1609 regulae
1508 1572 1611 1600 obser-

908 1621 1026 1646 ventur.
1070 1616 1136 1656 (1.)
1153 1615 1263 1645 Omnia
1277 1614 1426 1644 adverbia
1441 1613 1612 1644 desinentia

907 1658 1063 1688 ὶηδὸνευιιῐ
1072 1656 1613 1698 οκγὶοηε,υῑῖλαδὸν,6οτςυδὸν,κλαγ-

906 1701 993 1738 γηδέν,
1015 1701 1140 1741 σωρηδὸν,
1160 1700 1322 1740 ἀναφανδὸν,
1343 1699 1487 1740 ἀμφαδὸν,
1503 1707 1612 1739 κονιφη-

906 1743 957 1783 δὸν,
972 1744 1115 1784 πετξηδὸν,
1131 1743 1319 1783 ὁμοθυμαδὸν,
1333 1750 1393 1773 etc.
1422 1743 1487 1783 (⁶2.)
1503 1743 1614 1774 Omnia

906 1787 968 1817 fere
981 1788 1127 1818 adverbia
1141 1789 1229 1826 hujus
1239 1787 1460 1817 terminationis
1469 1786 1615 1817 denotant

906 1831 1146 1865 similitudinem,
1171 1836 1203 1860 et
1229 1831 1401 1869 significant
1435 1828 1512 1859 δίκην
1533 1829 1616 1866 τινὸς,

907 1875 937 1902 in
951 1884 1058 1904 morem
1074 1874 1121 1903 vel
1142 1874 1259 1904 modum
1282 1873 1423 1911 alicujus,
1440 1874 1610 1912 praesertim

907 1916 931 1945 si
947 1927 964 1946 a
979 1917 1180 1947 substantivis
1200 1922 1359 1946 sumuntur
1373 1920 1404 1945 et
1426 1917 1613 1954 respondent

909 1961 975 1990 Lat.
996 1960 1025 1989 in
1041 1962 1125 1995 atim,
1148 1965 1181 1989 ut
1198 1959 1324 2000 βοτρυδὸν
1338 1960 1515 1994 racematim,
1528 1969 1612 1988 race-

905 2013 1021 2032 morum
1035 2004 1064 2032 in
1084 2013 1196 2033 morem
1214 2008 1244 2032 et
1260 2003 1393 2037 modum,
1406 2001 1478 2032 δίκην
1490 2004 1544 2031 τῶν
1564 2002 1613 2034 Βο-

904 2046 1008 2087 τρύωνε
1031 2046 1184 2085 νεφεληδὸν,
1200 2047 1293 2076 instar
1302 2045 1444 2075 nubium.-
1470 2045 1612 2086 πετςηδὸν,

905 2089 1071 2129 Ιαρίᾱιιιίηιε
1089 2088 1252 2124 κοσκινηδὸν,
1262 2091 1353 2118 instar
1361 2088 1461 2118 cribri.
1487 2089 1613 2119 Lucian.

905 2132 934 2162 in
951 2133 1031 2162 Tim.
1049 2133 1093 2174 [§.
1111 2131 1160 2172 3.]
1177 2133 1264 2172 plura
1275 2131 1447 2170 hujusmodi
1465 2132 1611 2162 adverbia

904 2175 994 2215 hujus
1009 2176 1228 2206 terminationis
1237 2174 1352 2215 σωξηδὸν
1365 2175 1567 2205 accumulavit
1581 2180 1613 2205 et

904 2218 1111 2259 conglobavit,
1133 2229 1191 2258 pro
1218 2229 1274 2248 suo
1297 2229 1392 2254 more,
1415 2218 1543 2248 rotunde
1559 2220 1612 2249 ad-

904 2263 1026 2292 modum
1042 2267 1073 2292 et
1088 2263 1252 2301 eleganter.
1275 2263 1297 2292 οῖ
1318 2262 1435 2301 σεισμοὶ
1450 2261 1614 2298 κοσκινηδὸν,

902 2305 952 2335 καὶ
973 2306 987 2335 ἦ
1000 2307 1068 2347 χιὼν
1081 2304 1208 2346 σωξηδὸν,
1232 2305 1280 2334 καὶ
1300 2306 1314 2335 ἦ
1329 2304 1452 2346 χάλαζα
1467 2304 1610 2344 πετξηδόν.

905 2354 989 2379 terrae
1011 2353 1105 2378 motus
1127 2349 1278 2379 cribratim
1303 2349 1411 2389 (cribri
1439 2349 1532 2377 instar
1548 2348 1610 2378 fre-

904 2391 1056 2433 quentis),
1071 2398 1098 2422 et
1115 2392 1164 2422 nix
1179 2393 1348 2427 acervatim,
1363 2397 1390 2421 et
1404 2391 1520 2431 grando
1536 2391 1610 2430 lupi-

904 2435 1007 2465 datim.
1050 2434 1121 2476 (3.)
1143 2434 1302 2465 Adverbia
1326 2434 1355 2464 in
1377 2434 1417 2464 δὸν
1441 2434 1613 2464 desinentia

905 2479 1050 2517 pleraque
1079 2477 1255 2508 derivantur
1281 2488 1298 2507 a
1321 2477 1507 2508 nominibus:
1539 2489 1612 2518 pau-

905 2522 986 2551 ciora
1002 2532 1019 2552 a
1033 2522 1148 2552 verbis.
1195 2521 1224 2551 A
1238 2520 1409 2550 nominibus
1425 2521 1563 2559 plurima,
1579 2526 1612 2551 ut

906 2564 1032 2605 σωξηδὸν,
1041 2563 1208 2603 κλαγγηδὸν,
1218 2563 1319 2599 ἰλαδὸν,
1327 2564 1478 2603 νεφεληδὸν,
1487 2563 1612 2605 ῥοιζηδὸν,

907 2613 938 2638 et
952 2608 1013 2638 alia
1033 2607 1131 2647 plura,
1146 2617 1214 2647 quae
1236 2609 1297 2647 jam
1322 2617 1414 2647 supra
1437 2607 1611 2637 nominavi:

907 2661 1003 2690 pauca
1027 2651 1190 2681 admodum
1217 2661 1235 2680 a
1261 2650 1375 2688 verbis,
1399 2656 1431 2680 ut
1460 2650 1613 2686 συσταδὸν,

906 2696 1076 2729 comminus,
1087 2695 1164 2734 παςὲ
1174 2694 1206 2723 τὸ
1216 2695 1369 2732 συστῆναι;
1380 2692 1461 2734 ῥυδέν,
1465 2692 1494 2733 fl
1499 2702 1551 2722 uen
1557 2698 1612 2729 ter,

907 2736 1073 2778 affluenter.
1088 2737 1214 2778 affatim,
1225 2737 1351 2772 abunde,
1361 2746 1378 2766 a
1389 2735 1449 2776 ῥέοι,
1463 2735 1614 2777 ῥύω,]“1ιιι·,

907 2780 979 2821 ῥυδὸν
993 2781 1072 2819 apud
1086 2781 1180 2810 Hom.
1198 2785 1229 2810 et
1245 2780 1338 2810 semel
1355 2784 1468 2808 tantum
1486 2777 1563 2817 [Οά.
1577 2784 1612 2809 O-

908 2823 1000 2864 4¹25]
1018 2822 1098 2863 Κούρη
1121 2822 1145 2853 δ’
1159 2822 1218 2863 εἶμ’
1234 2821 1404 2862 Ἀξύβαντος
1417 2820 1472 2858 ἐγὼ
1485 2820 1556 2861 ῥυδὸν
1577 2823 1609 2850 α’.-

907 2865 1013 2905 φνείοιο,
1025 2866 1151 2908 uffbtim,
1163 2867 1278 2897 abunde
1288 2865 1387 2895 divitis
1399 2876 1407 2900 ;
1423 2864 1575 2903 ἀναφανδὸν
1586 2871 1616 2894 et

909 2909 1053 2949 ἀμφαδὸν,
1070 2914 1180 2948 aperte,
1198 2909 1308 2948 palum,
1324 2908 1363 2938 ab
1378 2905 1530 2946 ἀναφαίνω,
1547 2917 1615 2936 cum

909 2959 1014 2983 contra
1036 2952 1178 2992 κςυφηδὲν,
1199 2962 1214 2980 a
1233 2950 1350 2990 κρύπτοι
1370 2950 1505 2990 nineven,
1522 2950 1535 2980 ἢ
1552 2951 1615 2990 ἆμ-

910 2995 995 3036 φαδὸν
1006 2995 1034 3027 ἦὲ
1047 2995 1176 3036 κςυφηδὸν
1193 2995 1285 3024 Hom.
1302 2993 1379 3034 [Od.
1392 2998 1424 3023 Ξ.
1443 2992 1552 3033 3:30.];
1568 2993 1618 3023 αὐ-

910 3039 1055 3081 τοσχεδὸν,
1064 3048 1202 3077 compos.
1213 3048 1249 3067 ex
1259 3036 1355 3072 αὐτὸς,
1364 3041 1391 3065 et
1403 3035 1615 3078 σχεδὸνφνορι).
