1931 3322
464 214 527 256 IN
562 213 740 256 ORAT.
775 212 859 254 DE
892 212 1263 256 SYMMORHS.

130 332 202 362 e..g.
218 320 316 362 μέγας
328 320 418 361 Θυμὸς
437 321 560 352 divisim
584 326 629 351 est
644 319 678 350 τὸ
698 321 772 351 πολὺ
794 320 845 350 τοῦ

127 365 226 406 χόλου,
237 376 342 406 magua
354 367 400 395 ira
411 376 423 402 ,-
437 371 466 394 at
475 364 652 404 μεγάθυμος
659 363 845 403 conjunctim

129 415 179 439 est
201 409 214 440 ὃ
235 407 436 449 μεγαλόφρων,
455 406 679 448 μεγαλόψυχος,
695 414 844 442 strenuus,

128 462 174 482 mu
175 453 349 491 gnanimus:
363 453 408 482 sio
419 451 518 492 Θερμόν
528 451 612 490 ἔργον,
624 449 845 490 διαλελυμένως,

127 493 238 529 α’ναιδὲς
264 495 313 524 καὶ
342 493 443 535 θρασύ·
474 501 505 524 at
531 493 695 547 Θερμουργδς
722 493 786 533 α’νήρ
814 494 843 522 in

129 548 269 578 compos.
295 539 308 568 ὁ
337 537 497 580 θαῤῥαλέος,
525 538 573 567 καὶ
599 550 642 577 μη
669 535 779 577 ψυχξός
807 536 845 571 εἷς

127 592 213 622 εργον,
219 588 383 621 promptus,
394 583 529 621 diligens,
532 580 688 622 fervidus,
700 581 730 608 in
742 579 845 618 aliquo

129 635 224 664 opere
239 630 293 654 aut
307 625 443 664 negotio.
489 625 514 653 Ε
530 629 636 654 contra
647 624 710 670 jam
724 622 753 651 in
766 623 845 651 bono

127 677 220 698 sensu
243 667 315 699 δίκην
336 666 441 708 ἔχω’
431 678 458 697 εν
470 667 556 708 χερσὶ
571 656 694 696 divisim
711 670 742 695 et
756 670 847 695 extra

127 720 267 751 compos.
278 716 326 741 est
336 723 348 740 ο
341 710 456 744 ’δίκαιος
471 710 588 752 (inquit
599 710 708 740 Eusth.
712 708 739 749 ).
752 714 784 739 et
793 709 846 749 qui

123 755 176 792 jus
193 765 255 793 prae
269 754 370 784 oculis
386 759 416 784 et
437 764 499 793 prae
515 753 656 783 manibus
677 753 780 788 babet,
802 751 846 782 αέὶ

128 796 180 837 πρὸ
195 799 292 839 χειρῶν
305 789 355 828 οἷον
369 805 457 838 φερων
474 796 507 827 τὸ
523 796 633 827 δίκαιον·
648 802 680 827 at
693 795 847 837 χειροδίκης

129 840 159 869 in
175 851 312 880 compos.
328 841 359 870 in
374 841 510 880 pejorem
529 846 645 879 partem
668 840 845 876 sumitur,o
832 840 845 870 ὁ

128 882 227 921 βίαιος,
252 885 406 920 violemus,
431 884 494 937 qui,
509 886 562 923 jus
591 883 621 913 in
649 884 787 913 manibus
815 888 846 913 et

128 928 238 957 robore
254 927 403 967 corpori5‚
418 938 466 957 ουκ
484 926 510 957 ἒν
532 929 592 961 τοῖς
611 926 716 966 νόμοις,
732 925 804 956 α’λλ
819 925 846 956 ἐν

127 970 213 1010 χερσὶ
233 971 299 1004 ταῖς
315 970 418 1001 ἑαυτοῦ
440 968 563 1011 κείμενον
583 969 658 1011 ἔχων
678 969 712 999 ‘rei
734 969 845 1000 δίκαιον.

128 1013 180 1043 Sic
194 1012 280 1048 αὐτὸς
293 1013 417 1048 ἕκαστος
432 1014 558 1044 divisim
571 1014 647 1043 nihil
661 1013 733 1043 mali
746 1019 844 1049 sonat,

127 1062 160 1086 et
175 1057 307 1088 mediam
321 1058 430 1088 saltem
445 1057 696 1096 significationem
711 1057 845 1093 obtinet;

129 1105 160 1129 at
176 1101 363 1140 conjunctim
384 1106 416 1130 et
434 1100 466 1130 in
489 1111 626 1140 compos,
648 1098 845 1135 αὐθέκαστος,

128 1144 310 1184 plerumque
326 1144 355 1174 in
371 1144 556 1174 deteriorem
573 1148 688 1184 partem
703 1143 845 1180 sumitur,

128 1187 267 1222 αὐθαδῆς,
282 1186 413 1227 σιιληριίςξ

168 1240 214 1253 2-
229 1231 260 1261 5.
283 1229 525 1271 παροξυνομένων]
561 1230 699 1260 Verbum
725 1229 846 1269 παροξύ-

127 1273 230 1303 νεσθαι
245 1274 369 1304 videtur
382 1275 441 1304 hoc
452 1275 485 1304 in
500 1275 570 1303 loco
584 1274 614 1304 in
634 1273 790 1303 meliorem
815 1279 846 1303 et

130 1317 298 1347 molliorem
321 1323 439 1356 partem
461 1317 551 1352 sumi,
567 1322 600 1347 ut
615 1318 656 1347 sit
671 1317 744 1346 nihil
762 1317 846 1346 aliud

129 1371 219 1400 quam
242 1361 378 1396 incitari,
400 1361 539 1401 instigari
556 1361 596 1390 ad
611 1370 672 1390 rem
687 1361 845 1400 agendam,

127 1414 219 1442 pruno
234 1409 260 1433 et
274 1409 405 1443 prompto
417 1407 515 1434 animo
528 1413 585 1433 esse
604 1403 644 1432 ad
666 1404 848 1441 suscipienda

129 1448 266 1488 negotiu:
296 1452 344 1477 est
373 1447 452 1477 enim
475 1446 554 1482 μέση
577 1445 655 1485 λέξις
676 1446 847 1486 παροξύνειν,

128 1490 274 1531 lacessere,
285 1501 450 1530 provocare,
464 1492 596 1525 irritare,
609 1490 677 1519 sive
688 1490 725 1519 ad
738 1492 847 1520 bonum

127 1534 195 1565 sive
209 1534 248 1564 ad
264 1534 394 1564 malum:
420 1540 452 1564 et
467 1540 596 1573 utroque
612 1533 704 1563 modo
718 1544 848 1573 usurpa-

130 1578 224 1607 turin
244 1578 284 1607 N.
302 1577 338 1607 F.
384 1578 421 1607 Iu
445 1579 554 1607 bonam
577 1581 694 1616 partem
719 1579 849 1607 sumitur

129 1621 201 1653 Act.
216 1621 294 1651 xvii.
309 1623 359 1652 16.
376 1620 562 1660 Ιτιτοιροιιξύνείη
571 1619 604 1650 τὸ
619 1621 735 1660 πνεῦμα
748 1621 848 1656 αὑτοῦ,

129 1665 308 1694 irritabatur
322 1666 444 1702 spiritus
459 1665 533 1703 ejus,
549 1665 578 1693 h.
589 1675 617 1694 e.
631 1665 760 1694 honesto
774 1675 848 1703 quo-

130 1708 199 1740 dam
214 1708 322 1737 ardore
337 1712 368 1738 et
380 1709 449 1737 zelo
465 1708 700 1744 accendebatur,
717 1717 785 1737 cum
802 1709 848 1737 vi-

131 1751 220 1781 deret
235 1751 346 1781 Athen.
367 1751 486 1781 idolos:
511 1757 542 1780 at
559 1751 589 1780 in
608 1751 716 1780 malam
741 1755 757 1781 1
776 1751 848 1782 Cor.

130 1793 236 1825 xiii-5.
246 1795 260 1825 ἦ
270 1792 373 1832 α’γάπη
384 1794 413 1825 οὗ
424 1794 620 1834 παροξύνεται,
628 1805 686 1824 nou
696 1795 850 1830 irritatur,

130 1848 189 1867 non
205 1837 304 1878 filcile
323 1847 512 1876 provocatur,
534 1838 578 1867 uti
594 1849 648 1867 nos
671 1843 756 1868 recte
778 1849 851 1878 sup·

131 1881 263 1920 plemus.
286 1881 369 1910 Hinc
385 1886 417 1911 et
431 1891 542 1911 nomen
562 1880 746 1920 παροξυσμὸς
762 1881 848 1921 [Act.

132 1935 187 1954 xv.
198 1924 270 1965 39.]
286 1925 325 1954 de
339 1925 376 1954 P.
387 1929 417 1954 et
432 1926 479 1960 B„
489 1925 850 1964 exacerbatio,gravisdis-

129 1969 229 1998 sensio.
274 1968 376 1997 Beza:
400 1969 443 1999 sic
460 1969 557 2009 igitur
577 1973 648 1997 sunt
669 1968 850 1998 exacerbati.-

131 2021 201 2051 quae
215 2011 431 2050 interpretatio
455 2012 652 2051 quamobrem
669 2011 771 2041 doctis
787 2011 850 2040 dis-

132 2055 250 2094 plicere
271 2055 392 2087 debeat.
417 2056 549 2084 nondum
574 2054 726 2094 intelligo.
775 2055 850 2084 Tam

132 2099 254 2134 acerba,
275 2103 335 2128 tam
356 2099 444 2133 acris,
461 2109 581 2138 aspera,
601 2103 666 2127 erat
683 2098 850 2133 contentio,

133 2141 176 2172 uti
192 2152 248 2171 nos
263 2142 389 2181 optime.
434 2143 485 2172 Ita
500 2143 620 2172 Eccles.
633 2142 708 2171 Cau.
718 2142 780 2171 Int.
795 2143 851 2172 boc

132 2185 284 2216 vocabulo
296 2190 433 2221 utuntur,
445 2184 497 2215 ubi
509 2185 594 2215 aiunt
604 2184 771 2224 episcopos
783 2195 850 2216 esse

131 2228 247 2258 debere
273 2230 330 2258 sub
350 2230 494 2268 exemplo
508 2239 515 2258 :
541 2229 728 2268 παράκλησιν
752 2228 850 2258 ἅπασι

133 2270 199 2312 πρὸς
207 2269 308 2311 α’ρετῆν
322 2271 400 2307 εῖναι,
413 2272 462 2302 καὶ
476 2271 653 2313 αἷρχέτυπον,
667 2272 716 2302 καὶ
729 2272 850 2311 παροξυ-

132 2313 209 2355 σμὸν
227 2313 294 2354 πρὸς
309 2314 507 2357 α’γαθοεργίαν.
529 2315 681 2346 stimulum
704 2321 731 2346 et
752 2316 852 2346 calcar

132 2364 161 2388 et
176 2358 400 2389 incitamentum
417 2360 456 2388 ad
475 2359 548 2389 bonu
567 2369 664 2398 opem.
679 2365 710 2389 et
725 2370 851 2389 rursus:

134 2401 296 2441 ὑπόδειγμα
308 2401 374 2442 πρὸς
387 2404 484 2432 πᾶσαν
495 2401 593 2442 αἱρετὴν
603 2402 652 2432 και
668 2402 852 2443 παροξυσμὸν

135 2443 201 2487 πρὸς
219 2444 407 2486 χρηστότητα
425 2444 597 2485 προκεῖσθαι.
613 2453 648 2476 ut
662 2447 788 2486 exemplo
801 2457 852 2477 suo

134 2489 174 2518 ad
191 2489 330 2519 virtutem
344 2489 418 2519 alios
431 2489 582 2519 stimulent
595 2495 623 2519 et
637 2494 792 2523 exacuant.

177 2549 222 2554 —
236 2533 273 2562 .6.
295 2533 361 2566 τοὺς
379 2530 534 2566 διακοσίους
551 2543 599 2562 και
623 2531 750 2574 χιλίους]
774 2533 853 2564 mille

134 2580 161 2605 et
177 2575 324 2606 ducentos.
354 2576 504 2615 Loquitur
526 2581 640 2606 tanturn
664 2577 703 2606 de
726 2587 852 2606 numero

134 2618 209 2649 satis
223 2623 297 2648 noto
314 2623 346 2650 et
359 2624 508 2658 recept03
531 2619 613 2659 quod
630 2622 663 2649 ut
679 2620 790 2650 melius
806 2620 852 2649 in-

133 2661 301 2701 telligatur,
324 2662 356 2692 in
377 2663 554 2693 memoriam
577 2663 783 2698 revocandum
805 2669 854 2694 est

135 2706 217 2744 quod
232 2705 263 2735 in
284 2705 372 2736 initio
393 2706 528 2736 diximus
543 2707 583 2736 de
599 2706 731 2736 tribuum
747 2706 852 2736 classi·

135 2758 246 2789 umque
276 2749 494 2780 distributione
523 2750 606 2788 apud
638 2749 853 2781 Athenienses,

136 2792 274 2832 Populus
287 2793 353 2823 Att.
365 2793 395 2823 in
415 2795 455 2823 10
470 2793 568 2822 tribus
582 2798 648 2822 erut
662 2793 795 2828 divisos,
811 2804 851 2823 ex

135 2835 265 2873 singulis
281 2836 423 2866 tribubus
439 2839 502 2867 120
515 2836 718 2874 eligebantur,
728 2837 853 2875 quiprae

137 2878 208 2909 aliis
223 2879 369 2910 ditissimi
381 2885 480 2915 erant,
489 2880 541 2919 qui
554 2879 701 2918 pecunias
711 2880 741 2909 in
751 2881 854 2919 publi·

137 2931 207 2951 cum
219 2923 404 2959 conferrent,
416 2923 556 2962 liturgias
567 2923 699 2958 obirent,
711 2929 741 2952 et
753 2923 854 2962 publi-

137 2975 243 2995 corum
256 2976 413 2996 munerum
423 2977 516 2997 onera
529 2965 716 2996 sustinerent
729 2966 852 3006 singuli.

139 3008 182 3038 Hi
198 3011 259 3039 120
274 3009 386 3040 deinde
399 3009 429 3040 in
451 3011 530 3040 duas
545 3016 648 3049 partes
667 3020 854 3048 sexagenum

138 3051 293 3084 hominum
319 3058 404 3097 eruut
427 3053 595 3093 dispertiti,
623 3063 690 3092 quae
715 3055 854 3092 Symma-

1511 214 1598 256 485

879 319 931 349 riae
946 319 1138 350 dicebantur.
1175 322 1252 352 Cum
1265 320 1361 359 igitur
1374 319 1404 350 in
1417 329 1597 360 unaquaque

878 363 959 392 tribu
989 363 1058 392 duae
1087 369 1172 394 erant
1201 364 1382 403 Symmoriae
1408 374 1597 402 sexagenum

878 405 1031 438 bominum
1044 407 1184 446 singulae,
1196 407 1266 437 binc
1279 418 1316 437 ex
1327 407 1479 437 universis
1489 408 1597 437 decem

880 449 1020 478 tribubus
1035 456 1200 489 consurget
1209 461 1355 480 numerus
1369 453 1464 481 1200.
1500 451 1598 481 Facta

879 497 926 521 est
941 498 1041 521 autem
1057 493 1186 531 primum
1210 493 1276 523 haec
1297 493 1476 523 distributio
1500 494 1598 523 tribu-

880 545 929 564 um
944 534 974 564 in
999 536 1180 574 εμῃιῃοιίεε
1203 546 1256 565 seu
1281 537 1407 571 clusses,
1430 536 1600 567 Nausinico

879 578 1023 608 archonte
1040 589 1068 608 a.
1082 579 1253 628 &olymp
1274 583 1358 615 100,
1376 585 1408 609 ut
1427 581 1490 618 jam
1507 585 1598 610 antea

879 621 1029 658 diximus,
1047 623 1076 652 h.
1086 633 1114 652 e.
1129 622 1260 652 triennio
1276 629 1346 661 post
1360 628 1463 652 uatum
1480 624 1597 653 Demo-

881 665 956 695 stl1.:
975 670 1120 695 natusest
1130 666 1209 695 enim
1222 666 1381 695 Demosth.
1392 677 1418 696 a.
1429 670 1461 696 4.
1470 667 1597 706 Olymp-

881 710 933 739 99.
985 709 1057 739 Hoc
1081 714 1188 748 aperte
1214 719 1269 738 nos
1295 710 1386 738 docet
1410 710 1534 749 Ulpian.
1558 710 1600 739 ad

881 752 1007 792 Olyntb.
1017 759 1048 782 B.
1061 754 1122 783 vol.
1133 753 1176 783 vi.
1186 764 1215 793 p.
1227 754 1280 783 31.
1291 763 1336 791 sq.
1350 752 1401 782 ed.
1414 759 1513 782 nostr.
1541 754 1599 782 At-

880 806 939 834 que
953 796 1002 825 bic
1019 795 1141 835 quidem
1157 795 1397 835 Symmoriarum
1414 796 1490 826 ordo
1507 800 1538 824 et
1551 806 1601 824 ra-

880 839 923 868 tio
940 845 1004 869 erat
1017 840 1096 878 apud
1114 840 1329 874 Athenienses,
1343 844 1434 878 atque
1450 839 1598 869 hactenus

881 883 1003 921 antiqua
1019 883 1163 913 classium
1181 882 1370 912 distributio,
1394 885 1397 898 ¹
1415 883 1506 920 Quod
1524 893 1599 911 veru

881 926 930 955 hic
941 926 1079 965 sequitur
1091 928 1172 965 apud
1186 926 1367 964 Dem.,ipse
1379 925 1487 956 desuo
1501 925 1600 961 addit,

881 975 988 1008 estque
1004 970 1163 1009 proprium
1176 969 1277 1008 ipsius
1293 969 1470 998 inventum:
1491 976 1526 999 ut
1537 968 1600 999 viz.

880 1012 941 1042 illis
970 1013 1053 1043 mille
1084 1014 1239 1049 ducentis,
1269 1023 1305 1042 ex
1336 1013 1448 1051 quibus
1487 1012 1600 1051 viginti

880 1056 996 1086 classes
1014 1058 1208 1092 constabant,
1228 1056 1415 1085 adderentur
1433 1055 1484 1085 alii
1502 1055 1601 1085 octin-

881 1100 977 1139 genti,
986 1100 1038 1138 qui
1049 1100 1204 1130 efficerent
1214 1110 1371 1129 numerum
1383 1101 1480 1129 2000.
1509 1099 1602 1138 Quod

880 1153 918 1172 eo
927 1143 1057 1173 consilio
1069 1144 1152 1179 fecit,
1165 1148 1198 1172 ut
1212 1152 1251 1173 ex
1264 1143 1324 1173 boc
1339 1153 1435 1172 censu
1448 1142 1603 1182 exemptis

879 1185 930 1222 iis,
944 1186 1058 1225 quibus
1078 1188 1131 1217 lex
1155 1187 1203 1217 vel
1230 1186 1310 1216 ratio
1337 1187 1386 1216 vel
1409 1186 1603 1216 consuetudo

880 1229 1102 1260 immunitatem
1125 1241 1143 1260 a
1168 1230 1291 1260 tributis
1316 1229 1513 1268 liturgiisque
1529 1239 1602 1259 con-

880 1273 987 1309 cessit,
1004 1273 1109 1313 quales
1123 1279 1211 1304 erant
1225 1272 1388 1313 ἐωίκληροι,
1401 1271 1521 1312 ὀρφανοὶ,
1533 1279 1604 1304 κλη-

881 1317 1015 1358 ρουχικοῖ,
1029 1322 1061 1347 et
1074 1317 1230 1353 κοινωνικοὶ,
1247 1322 1291 1351 ut,
1305 1317 1353 1346 his
1368 1316 1527 1357 (inquam)
1544 1327 1602 1348 ex-

882 1360 1003 1398 emptis,
1018 1371 1162 1390 numerus
1178 1363 1264 1391 1200
1287 1360 1386 1390 adhuc
1397 1359 1517 1398 integer
1530 1370 1602 1399 per-

882 1408 1030 1433 maneret.
1061 1404 1206 1443 Sequitur
1219 1409 1251 1434 et
1262 1403 1322 1433 alia
1331 1403 1504 1433 subdivisio
1519 1414 1602 1444 sym-

882 1448 1048 1477 moriarum
1075 1447 1141 1477 sive
1162 1446 1319 1483 classium,
1347 1456 1436 1485 quam
1461 1447 1510 1476 bic
1532 1458 1604 1486 pro-

864 1503 867 1505 >
882 1490 972 1529 ponit
992 1495 1023 1520 et
1045 1492 1153 1521 suadet
1173 1490 1335 1520 Demosth.
1351 1489 1458 1520 τούτων
1473 1490 1608 1530 (inquit)

882 1536 939 1563 ’τῶν
966 1537 1136 1574 συμμοριῶν
1159 1533 1283 1564 ἑκάστην
1306 1533 1407 1564 διελεῖν
1432 1533 1538 1564 κελεύω
1568 1534 1606 1566 εἷς

884 1576 972 1607 πέντε
985 1577 1057 1618 μέρη
1073 1579 1154 1608 κατὰ
1171 1577 1277 1607 δώδεκα
1296 1576 1405 1616 ἄνδρας,
1422 1579 1464 1608 ita
1481 1582 1514 1607 ut
1530 1588 1605 1607 una·

884 1632 1012 1660 quaeque
1029 1621 1138 1651 elassis
1153 1621 1392 1651 distribueretur
1407 1620 1438 1650 in
1453 1622 1473 1650 5
1489 1627 1607 1660 partes,

884 1675 1009 1703 quarum
1027 1665 1157 1703 singulae
1180 1669 1286 1695 essent
1307 1663 1482 1694 duodenum
1510 1665 1609 1694 bomi-

886 1719 978 1737 num:
1008 1708 1170 1748 quinquies
1191 1709 1272 1738 enim
1296 1710 1337 1738 12
1364 1708 1478 1738 faciunt
1494 1710 1548 1744 60,
1565 1719 1605 1738 ex

886 1762 947 1791 quo
963 1761 1090 1782 numero
1107 1752 1219 1781 classis
1235 1752 1406 1781 constabat.

929 1812 973 1816 —
989 1797 1019 1825 9.
1042 1793 1214 1835 ἐπικλήρων]
1234 1793 1397 1834 Ἐπίκληροι
1409 1799 1480 1824 sunt
1492 1793 1606 1824 heredi-

886 1839 970 1867 tariae
992 1839 1120 1878 virgines
1139 1840 1206 1868 sive
1222 1840 1317 1868 unicae
1327 1837 1455 1871 heredes.
1472 1838 1608 1876 parenti-

888 1882 944 1911 bus
967 1892 1010 1911 s‹:.
1031 1882 1195 1912 defunctis.
1218 1879 1376 1920 ἓπίκληξος,
1395 1882 1480 1922 virgo
1502 1880 1608 1919 orphu-

886 1934 938 1959 πα,
955 1935 1016 1964 qua·
1033 1926 1061 1954 in
1079 1926 1228 1965 integram
1249 1924 1437 1954 hereditatem
1458 1924 1588 1954 succedit
1601 1936 1610 1954 .-

887 1973 977 2006 atque
995 1968 1037 1997 ita
1053 1968 1201 1998 differunt
1217 1966 1366 2007 ἐπίκληρος
1386 1972 1416 1996 et
1437 1965 1607 2007 ἐπίπροικος.

885 2009 1032 2051 ἐπίκληρος
1056 2016 1104 2041 est
1127 2011 1218 2042 unica
1240 2010 1343 2047 heres,
1368 2011 1564 2046 hereditaria,
1590 2021 1608 2041 ι

886 2056 993 2096 κλῐῐρος,
1007 2064 1076 2089 sors.
1089 2055 1246 2090 hereditas,
1258 2065 1326 2094 qnae
1339 2055 1525 2084 hereditario
1536 2056 1607 2094 jure

889 2099 1030 2137 pervenit
1054 2097 1101 2128 ἐπὶ
1125 2097 1172 2128 τὸν
1191 2100 1296 2137 κλῆρον.
1321 2099 1423 2127 Schol.
1446 2097 1606 2137 Aristoph.

888 2142 980 2171 Avib.
1000 2142 1129 2182 [1660.]
1145 2139 1291 2181 ἐπίκληρός
1306 2140 1386 2171 ἔστιν
1406 2142 1421 2172 ἦ
1439 2142 1482 2180 μῆ
1497 2140 1609 2182 ἔχουσα

886 2184 1025 2225 ἀδελφοὺς
1042 2184 1166 2225 ἑταίρους
1180 2184 1433 2225 συγκληρονόμους,
1450 2185 1530 2214 ἀλλὰ
1551 2196 1608 2224 μο-

886 2228 1086 2270 νοκληξονόμος.
1101 2235 1132 2259 at
1149 2227 1309 2269 ἐπίπρσικος
1324 2234 1372 2259 est
1386 2228 1475 2268 virgo
1491 2229 1608 2264 dotata,

886 2282 954 2311 quae
975 2271 1023 2302 ἐπὶ
1045 2272 1148 2313 προικὶ,
1162 2282 1231 2303 cum
1247 2272 1307 2303 sola
1323 2272 1399 2308 dote,
1419 2271 1529 2302 relicta
1549 2277 1609 2308 est,

885 2315 1032 2346 fratribus
1042 2317 1190 2356 reliquam
1205 2315 1407 2345 hereditatem
1420 2315 1610 2354 possidenti-

885 2360 954 2389 bus.
999 2360 1153 2399 Har-poor.
1172 2358 1319 2398 ἐπίκληρος
1340 2358 1396 2398 μέν
1418 2358 1498 2388 ἔστιν
1518 2359 1532 2388 ἦ
1555 2357 1605 2390 ἐπὶ

885 2414 973 2433 παντι
990 2403 1032 2441 τῷ
1049 2404 1140 2443 κληρῳ
1159 2403 1258 2443 ὄρφανῆ
1273 2400 1544 2441 καταλελειμμενη,
1563 2403 1608 2441 μῦ

885 2458 960 2480 οντος
975 2459 1047 2477 αυτη
1069 2446 1204 2485 οἰδελφου·
1227 2447 1241 2476 ἡ
1257 2445 1286 2475 δὲ
1301 2445 1373 2476 amn}
1392 2458 1439 2475 και
1459 2445 1606 2487 επικληρι-

887 2501 942 2523 τις.
957 2489 1115 2529 επὶπροικος
1126 2489 1177 2519 δὲ
1168 2502 1182 2520 η
1199 2489 1247 2520 ἔπι
1262 2487 1344 2529 μέρει
1358 2501 1412 2519 τινι
1428 2490 1477 2518 τοῦ
1492 2488 1606 2528 κληρου,

885 2534 955 2567 ὥςτε
969 2545 1072 2573 προικα
1088 2533 1175 2574 ἔχειν,
1186 2534 1315 2573 ἀδελφῶν
1329 2532 1402 2573 αυτῇ
1417 2543 1510 2562 evrem-
1535 2534 1604 2563 Neo

888 2577 1024 2615 virgines
1049 2577 1147 2606 solum
1176 2582 1206 2607 et
1231 2578 1368 2615 innuptae
1393 2576 1516 2615 puellm,
1547 2576 1604 2606 sed

886 2621 979 2650 etiam
1010 2625 1113 2660 nuptae
1138 2620 1293 2656 mulieres,
1321 2620 1433 2658 quibus
1460 2619 1608 2649 universa

886 2663 1040 2694 hereditas
1069 2663 1207 2699 obvenit,
1235 2662 1384 2704 ὲωίκληροι
1415 2663 1610 2692 dicebantur.

886 2706 973 2737 Suid.
993 2705 1060 2737 ὅταν
1083 2718 1154 2741 παις
1178 2706 1277 2747 ὀρφανὴ
1300 2706 1408 2747 πατρὸς
1427 2705 1476 2734 καὶ
1498 2717 1608 2757 fiknfpos·

884 2749 1013 2790 αδελφῶν
1025 2761 1057 2780 τε
1074 2748 1145 2780 οὐσα
1157 2749 1268 2790 ἔρημος,
1279 2762 1327 2779 και
1340 2750 1434 2789 ‘rab-tp
1447 2760 1525 2788 τυχῃ
1538 2759 1607 2779 υπο-

886 2793 1000 2832 κειμένη
1029 2792 1120 2834 ουσίᾳ,
1148 2794 1257 2824 ταύτην
1281 2794 1416 2822 καλουτιν
1445 2791 1609 2829 ἒωικληρον

886 2837 988 2876 ὅμοίως
1000 2836 1027 2867 δὲ
1043 2849 1090 2866 και
1102 2839 1151 2868 τῆν
1165 2838 1212 2868 non
1224 2835 1438 2875 γεγαμημένην,
1449 2846 1513 2864 οταν
1526 2847 1540 2875 ῃ
1557 2833 1607 2864 ἐπι

887 2881 925 2922 τῇ
934 2880 1015 2921 οὐσίᾳ
1028 2879 1076 2912 δ’λη
1075 2879 1350 2932 Μκαταλελειμμένη.
1362 2879 1489 2909 Aristot.
1502 2878 1607 2908 Ethic.

890 2924 955 2954 viii.
972 2927 1024 2954 10.
1045 2923 1126 2955 ἐνίοτε
1143 2923 1202 2954 δὲ“
1185 2935 1322 2964 αρχουσιν
1337 2922 1365 2952 αἱ
1385 2924 1524 2960 γυναῖκες,
1544 2919 1606 2950 ἐπί-

887 2973 981 3008 κληροι
996 2979 1090 2998 ouem.
1109 2977 1198 3007 quem
1215 2968 1314 2997 locum
1331 2976 1390 2996 non
1407 2966 1485 2995 male
1504 2964 1609 2994 reddit

888 3010 1061 3050 interpres:
1086 3011 1237 3041 interdum
1258 3008 1391 3049 vernfit,
1413 3015 1446 3039 nt
1474 3008 1608 3038 mulieres

891 3055 1045 3095 imperent,
1067 3065 1105 3085 ca·
1129 3064 1166 3084 sc.
1191 3053 1295 3093 quibem
1319 3053 1502 3092 amplissimae
1524 3061 1607 3082 vene-
