1931 3322
618 209 1108 254 ANNOTATIONES.

131 321 189 352 (τίω
202 320 404 362 principatus,
414 320 570 360 oppressis
584 320 753 360 opitulandi
769 330 840 349 con-

130 366 272 402 suetudo,
287 364 488 404 grassationes
504 369 535 393 et
555 363 672 403 injuriae
689 362 840 402 Philippi,

130 408 259 447 periculi
274 408 460 445 magnitudo,
477 407 537 437 nisi
554 407 581 436 ei
597 407 765 436 resistatur.

172 455 216 472 '—
230 450 304 480 ibid.
322 449 558 491 ἐνθυμουμένους]
574 451 696 480 Tribuit
710 449 754 479 eis
769 459 839 488 pru-

128 493 274 527 dentiam.
286 495 367 532 qnod
381 499 428 523 est
437 493 536 528 εὐνοίας
548 491 838 533 παρασκευαστικόν.

129 535 228 565 Recte
243 538 321 566 enim
343 537 453 566 Cicero
471 536 722 570 benevolentiam,
741 540 839 564 atten-

128 578 255 615 tionem,
271 580 471 615 docilitatem,
482 580 540 609 etsi
556 579 687 609 maxime
702 579 732 608 in
748 588 838 607 exon·-

128 621 201 657 diis,
215 632 274 651 non
290 622 320 652 in
337 623 412 652 solis
432 627 530 652 tamen
548 622 620 657 illis,
644 622 696 651 sed
718 630 773 660 per
791 626 839 650 to-

127 668 188 693 tam
204 666 382 702 oratiouem,
393 666 570 705 captandam
587 675 656 694 esse
673 668 784 694 monet.

169 724 213 730 —
225 708 302 738 ibid.
317 708 410 750 φημὶ]
425 710 500 743 dico,
515 707 642 748 offirma,
657 706 764 738 censeo.

170 765 214 772 ·-—
227 751 303 781 ibid.
319 751 471 792 ἐθελῆσαι]
493 752 629 788 Scilicet,
648 751 749 785 αὖτοὺς
761 751 839 779 ἐντι-

126 790 334 831 aufidianum
359 797 415 824 τῶν
433 793 619 825 Ὀλυνθιακῖὖν
639 794 840 835 ωξαγμάτων,

126 834 175 866 καὶ
190 834 301 868 eorunm
311 838 370 870 τοῖς
384 836 546 871 Ὀλυνθίοις.

169 878 296 909 —ibid.
309 878 438 910 ἐθελῆσαι
449 881 497 910 καὶ
511 880 724 922 παροξυνθῆναι]
738 881 840 910 Incre-

126 926 272 952 mentum.

171 981 215 986 -—
226 966 256 994 6.
273 964 489 1007 παροξυνθῆναι]
505 967 630 997 Scilicet
641 968 719 996 κατὰ
737 965 839 996 Φιλίπ-

129 1017 202 1043 ww,
231 1009 344 1041 exacui,
377 1010 499 1039 excitari
527 1015 628 1040 contra
658 1010 839 1048 Philippum,

130 1050 197 1079 sive
216 1049 254 1078 ad
277 1049 478 1085 iracundiam,
498 1053 562 1080 sive
578 1053 615 1081 ad
632 1063 695 1081 rem
717 1055 840 1082 strenue

129 1093 304 1131 gerendam.
348 1092 429 1121 Nam
451 1097 581 1131 utroque
598 1093 690 1120 modo
711 1095 841 1122 verbum

129 1136 188 1165 hoc
203 1135 319 1174 exponi
336 1139 450 1174 potest.

171 1195 215 1201 —
230 1178 307 1209 ibid.
327 1177 372 1216 τῷ
392 1176 514 1218 πολέμῳ
531 1175 692 1218 προσέχειν]
715 1176 844 1206 Scilicet

130 1221 177 1252 τὸν
191 1222 255 1256 νοῦν,
272 1221 344 1251 bello
359 1221 508 1250 intendere
522 1222 664 1256 animum,
678 1224 735 1249 toto
745 1221 844 1249 animo

129 1264 294 1294 incumbere
309 1264 342 1294 in
357 1263 479 1294 bellum.-
498 1264 542 1293 sic
558 1268 589 1292 et
604 1262 706 1292 Latini
729 1262 843 1299 dicunt,

131 1308 181 1338 vel
196 1308 357 1342 advertere,
372 1308 420 1336 vel
438 1308 570 1337 animum
585 1307 744 1336 advertere.

172 1350 308 1381 -ibid.
328 1348 403 1390 εἴπερ
417 1350 504 1390 ποτε]
522 1350 619 1389 Quasi
637 1350 739 1379 dicat:
765 1348 844 1378 Nul-

129 1394 194 1423 lum
213 1403 346 1433 unquam
366 1393 424 1423 fuit
445 1393 543 1433 magis
563 1393 767 1423 necessarium
793 1403 846 1431 ge-

131 1436 219 1467 rendi
232 1437 308 1467 belli
323 1441 457 1476 tempus.

173 1497 216 1503 ——-
230 1480 308 1510 ibid.
330 1479 407 1520 εἶπές
422 1490 493 1510 ποτε
508 1479 556 1509 καὶ
571 1480 627 1521 νῦν]
664 1481 688 1509 si
701 1489 845 1519 unquam,

131 1528 160 1553 et
178 1533 270 1559 nunc,
285 1523 317 1553 id
334 1527 391 1559 est,
408 1523 435 1552 si
453 1524 548 1553 ullum
569 1533 700 1562 unquam
719 1522 777 1552 fuit
794 1532 846 1551 ne-

132 1566 298 1596 cessarium
333 1566 460 1605 gerendi
493 1566 570 1597 belli
602 1571 737 1604 tempus,
767 1575 846 1594 nunc

132 1613 217 1639 certe
230 1613 288 1640 est.
309 1609 362 1639 Sic
377 1610 456 1639 enim
469 1609 584 1639 rectius
597 1609 744 1648 distingui
761 1614 847 1647 puto,

131 1662 224 1692 quam
243 1653 281 1689 si,
302 1651 386 1693 εἶπές
406 1662 477 1684 ποτε
500 1653 547 1682 καὶ
567 1653 609 1682 νῦν
624 1652 768 1694 χςῆμοιτιι
789 1652 846 1681 εἰσ-

133 1694 276 1737 φέροντας,
292 1697 504 1735 conjungatur.

175 1756 221 1763 ο-
243 1742 274 1770 7.
305 1740 451 1780 χρήματα
476 1737 669 1780 εἰσφέροντας]
700 1738 847 1769 Pecuniae

136 1787 207 1812 sunt
221 1783 307 1812 nervi
323 1782 484 1818 bellorum,
499 1793 558 1813 non
574 1783 673 1813 minus
689 1793 778 1821 quam
791 1782 849 1811 dif-

137 1825 260 1855 fidentia
273 1825 451 1864 sapientiae:
475 1836 564 1865 quam
587 1836 668 1865 aegre
690 1829 802 1861 autem,
819 1830 850 1855 et

137 1868 261 1897 minime
277 1867 426 1908 πςοθύμως
436 1869 638 1898 Athenienses
650 1868 765 1897 tributa
778 1879 850 1897 con-

138 1911 275 1946 tulerint,
294 1921 334 1940 ex
349 1911 455 1940 multis
470 1911 566 1940 nostri
581 1911 715 1941 auctoris
738 1911 849 1940 oratio-

138 1954 228 1984 nibus
241 1958 380 1992 apparet,
396 1953 639 1983 Androtioniana
652 1954 835 1993 praesertim.

181 2014 225 2019 —
239 1995 316 2026 ibid.
330 1994 523 2038 εἶσφέξοντας]
549 1995 734 2038 conferendo,
746 2007 852 2027 exeun-

138 2039 187 2076 do,
197 2040 362 2072 omittendo.

182 2083 316 2112 ——ibid.
343 2082 536 2124 εἰσφέροντας]
567 2083 765 2121 Distributio,
788 2094 852 2114 mo·

139 2125 213 2156 dum
230 2126 372 2165 gerendae
388 2127 432 2156 rei
445 2127 612 2156 declarans.

181 2186 224 2192 —
241 2171 271 2199 8.
294 2168 343 2198 καὶ
364 2168 452 2208 μηδὲν
473 2169 672 2211 ἐλλείποντας]
698 2170 752 2199 Sic
772 2180 853 2200 com-

140 2211 289 2251 plectitur
319 2211 408 2242 etiam
439 2223 475 2242 ea
502 2223 569 2252 quae
599 2224 659 2243 non
687 2217 853 2243 enumerat.

140 2255 220 2285 Haec
233 2255 394 2295 igitur„ut
409 2255 490 2292 dixi,
505 2260 553 2285 est
570 2256 793 2296 propositionis
806 2267 854 2286 re-

140 2298 262 2338 petitio,
279 2297 381 2338 specie
397 2299 616 2329 conclusionis.

183 2341 316 2372 -ihid.
339 2341 399 2372 οὐδὲ
424 2342 495 2383 γὰρ]
523 2343 616 2372 Ratio
640 2353 658 2373 a
681 2342 778 2382 turpi,
801 2353 854 2372 seu

141 2385 326 2415 necessario.
370 2386 449 2415 Nam
475 2390 506 2415 et
530 2391 619 2426 turpe
646 2391 706 2421 est,
728 2396 763 2416 ea
787 2396 854 2425 quae

142 2428 300 2467 exoptatis
313 2428 487 2467 negligere:
511 2434 542 2459 et
563 2439 675 2460 cavere
690 2429 853 2469 turpitudi-

141 2481 221 2514 nem,
237 2471 456 2501 necessarium.

184 2514 314 2544 —ibid.
336 2513 395 2544 οὐδὲ
420 2516 474 2555 γὰρ
497 2514 593 2555 λόγος]
622 2515 753 2546 Videtur
777 2515 856 2554 λόγος

141 2568 239 2588 veram
253 2566 383 2592 causam,
397 2559 550 2593 rationem,
558 2557 761 2600 defensionem,
771 2568 856 2589 excu-

140 2602 288 2637 sationem,
303 2599 421 2639 σκῆψις,
434 2606 619 2640 praetextum,
633 2603 855 2632 commentitiam

141 2650 228 2684 atque
258 2645 376 2674 inanem
406 2649 434 2674 et
461 2645 641 2680 simulatam,
674 2645 855 2684 significare.

144 2688 235 2724 Quod
256 2687 432 2723 discrimen,
453 2687 479 2717 si
497 2687 547 2717 cui
567 2687 722 2727 displicet,
743 2699 857 2718 συνωνυ·

143 2730 213 2771 μίαν
222 2735 253 2760 et
266 2732 360 2760 verba
375 2730 455 2759 idem
470 2730 673 2769 significantia
687 2741 754 2760 esse
765 2731 856 2761 dicat.

185 2776 269 2805 —9.
285 2772 331 2803 ἔθ’
341 2772 424 2813 ὑμῖν]
440 2772 483 2803 ἔτι
498 2774 576 2813 ὑμῖν,
589 2773 657 2805 κατ’
672 2774 859 2814 ἇπόστξοφον.

187 2833 231 2839 -—
245 2819 298 2847 10.
320 2815 543 2856 ἐκπολεμῶσαι]
565 2816 718 2856 πολεμίους
733 2820 859 2851 ποιῆσαι,

147 2859 235 2889 hostes
248 2860 418 2896 reddendos,
438 2860 479 2890 ad
500 2860 607 2890 bellum
632 2860 768 2898 Philippo
784 2860 860 2901 infe-

145 2901 271 2932 rendum
283 2903 478 2933 concitandos.
491 2902 658 2943 ἒκπολεμέω
670 2914 725 2943 per
735 2913 758 2938 ε,
773 2913 860 2942 espu-

144 2954 220 2985 gno:
243 2942 410 2985 ἐιιπολεμόω
426 2956 482 2985 per
499 2958 512 2976 ο
529 2947 612 2977 aliud
630 2951 686 2976 est.
731 2947 810 2976 Haec
824 2956 861 2976 eo

147 2991 272 3024 annoto,
286 2988 368 3026 quod
384 2994 576 3031 compertum
595 2991 705 3026 habeo,
726 2999 863 3028 magnos,

147 3034 184 3061 ut
205 3030 364 3068 habentur,
387 3031 542 3069 doctores,
559 3034 590 3064 iu
610 3033 788 3073 hujusmodi
807 3033 862 3064 mi-

1505 207 1584 250 331

874 317 957 346 nutis
979 318 1082 352 rebus,
1107 326 1145 345 ex
1167 316 1277 347 fiducia
1300 316 1501 356 ingeniorum,
1529 314 1588 344 do-

875 360 1039 398 ctrinaeque
1064 361 1261 398 persuasione
1286 362 1385 389 minus
1408 360 1586 398 diligentes,

874 401 1063 432 hallucinari.
1111 403 1177 440 Ego
1195 413 1266 432 vero
1283 414 1404 438 censeo,
1420 403 1446 432 ei
1464 402 1585 441 quido·

873 456 943 475 cere
959 445 1045 480 velit,
1065 450 1207 474 accurate
1224 445 1370 475 intuenda
1390 456 1459 475 esse
1475 443 1589 480 omnia,

873 499 930 518 nec
951 499 1007 518 suo
1028 489 1178 517 duntaxat
1200 489 1352 517 fidendum
1374 488 1510 526 ingenio,
1533 488 1587 518 sed

872 532 1078 561 consulendos
1106 541 1211 560 omnes
1241 531 1374 560 omnium
1401 540 1503 560 eorum
1532 531 1585 569 qui

871 575 977 604 haberi
1002 578 1133 613 possunt
1157 574 1389 604 commentarios
1416 579 1505 612 atque
1539 574 1587 603 in-

872 618 1118 656 terpretationes.
1164 617 1286 656 Alioqui
1302 628 1335 646 se
1350 616 1441 645 modo
1458 616 1586 655 turpiter

872 662 968 696 dabit,
988 662 1080 690 modo
1096 660 1195 690 minus
1210 660 1357 699 praeolare
1375 669 1428 688 suo
1444 659 1588 697 iungetur

872 705 984 734 officio.
1031 704 1103 733 Scio
1119 704 1206 743 quid,
1223 708 1254 733 et
1274 714 1328 733 cur
1346 702 1458 737 dicam,
1472 698 1508 735 εἷς
1524 702 1589 743 ἀνὴρ

873 749 901 777 οὐ
918 746 1014 777 πάνθ’
1031 747 1087 786 ὅξᾷ.

912 793 1011 820 --11.
1020 790 1199 831 acriam-w]
1212 789 1279 819 ὁκαὶ
1292 787 1491 828 ἧιιύτόματος,
1499 785 1547 817 καὶ
1555 785 1589 815 τὸ

873 834 1046 873 αὗτόματον,
1057 835 1087 863 id
1099 835 1174 872 quod
1185 834 1262 863 ultro
1272 840 1297 863 et
1306 833 1457 872 spontefit.
1471 832 1485 861 ἦ
1498 829 1589 870 τύχη,

873 878 921 906 καὶ
935 877 968 908 τὸ
983 877 1159 915 αὐτόματον,
1174 887 1300 916 quorum
1317 877 1374 906 hoc
1385 884 1496 908 casum,
1511 873 1589 903 illud

863 920 1022 962 fortunam
1032 921 1278 958 interpretantur.
1289 919 1425 960 prolixas
1434 918 1464 946 in
1477 915 1590 956 Physi-

875 965 919 994 cis
934 964 1093 993 Aristoteli
1110 963 1334 1002 disputationes
1348 964 1544 1001 pepererunt.

916 1024 959 1029 —-
970 1007 1046 1036 ibid.
1062 1005 1110 1036 καὶ
1124 1007 1222 1036 ταῦτα
1235 1007 1270 1041 ὡς
1285 1007 1331 1047 ἂν]
1346 1002 1555 1044 Ampliticatio
1570 1012 1589 1031 a

874 1051 976 1080 modo.

917 1111 959 1116 ——
974 1094 1049 1123 ibid.
1062 1095 1109 1124 nal
1123 1093 1235 1134 ταῖτα]
1253 1093 1350 1126 ἄλλως
1359 1103 1403 1128 τε,
1416 1091 1588 1131 praesertim,

874 1136 970 1173 idque,
982 1137 1184 1176 amplificandi
1200 1137 1347 1176 particula
1361 1147 1399 1166 ex
1413 1135 1513 1172 aliqua
1530 1133 1590 1162 cir-

876 1181 1067 1208 cumstaniia.
1094 1185 1126 1210 ut
1153 1180 1282 1209 Cicero:
1312 1184 1333 1196 “
1352 1181 1531 1218 Quanquam
1558 1180 1589 1205 te

877 1218 923 1248 M.
942 1219 974 1247 F.
998 1229 1106 1250 annum
1125 1224 1187 1259 jam
1206 1223 1380 1253 audientem
1397 1221 1590 1260 Cratippum,

876 1261 969 1300 idque
984 1261 1125 1296 Athenis,
1142 1263 1220 1294 &c.'’
1240 1295 1245 1299 ¹

920 1321 962 1327 -
973 1315 1042 1343 pen.
1054 1305 1076 1334 εἶ
1091 1304 1147 1343 μὲν
1158 1309 1227 1346 γὰς]
1242 1308 1416 1338 Declaratio
1427 1306 1592 1346 amplifica-

879 1347 981 1381 tionis,
996 1348 1147 1377 illustrata
1162 1352 1325 1380 contrario.

920 1408 962 1412 -—
977 1390 1053 1420 ibid.
1069 1390 1116 1428 ὑφ’
1131 1390 1223 1430 ὑμῶν]
1242 1391 1454 1422 Rati-minatur
1470 1403 1486 1422 a
1501 1401 1594 1422 causa

879 1433 1039 1469 efficiente,
1061 1444 1113 1464 seu
1128 1434 1316 1473 impellente.
1364 1436 1530 1465 persuasio
1547 1435 1595 1464 in-

879 1478 974 1512 firma,
992 1477 1094 1506 odium
1112 1481 1143 1506 et
1156 1482 1268 1512 metus,
1284 1483 1425 1507 constans
1441 1488 1532 1508 causa
1547 1483 1596 1507 est

879 1520 1122 1550 inimicitiarum.
1149 1521 1187 1549 ld
1200 1521 1294 1559 igitur
1305 1521 1386 1560 quod
1399 1531 1491 1559 supra
1501 1521 1596 1557 dixit,

881 1564 919 1593 de
946 1565 1117 1593 constantia
1141 1564 1370 1601 Olynthiorum,
1397 1564 1444 1592 hic
1470 1563 1596 1602 repetit.

880 1607 958 1637 Nam
979 1608 1015 1637 ad
1034 1607 1092 1636 tria
1108 1607 1374 1642 illaincommoda,
1388 1617 1455 1645 quae
1470 1607 1500 1635 in
1517 1617 1594 1645 prae-

881 1650 993 1680 satione
1021 1654 1161 1680 recenset
1190 1650 1352 1690 Ulpianus,
1381 1650 1494 1679 bellum
1527 1660 1596 1679 esse

881 1694 1023 1729 alienum,
1039 1694 1148 1723 deesse
1163 1693 1335 1732 pecuniam,
1356 1698 1510 1733 potentem
1529 1703 1597 1722 esse

884 1737 1075 1776 Philippum:
1099 1741 1237 1775 quartum
1261 1737 1352 1767 etiam
1374 1737 1442 1770 hoo,
1462 1735 1597 1774 suspicio

882 1781 921 1810 de
941 1780 1145 1810 inconstantia
1161 1779 1390 1819 Olynthiorum,
1409 1780 1530 1808 videtur
1547 1779 1599 1808 ad·

878 1823 967 1862 jungi
984 1833 1074 1862 posse
1089 1824 1204 1864 (neque
1222 1823 1302 1853 enim
1321 1823 1436 1861 alioqui
1452 1826 1483 1852 et
1497 1821 1598 1862 primo

882 1867 951 1896 loco
975 1867 1141 1906 posuisset,
1167 1871 1198 1895 et
1223 1866 1415 1906 repetiisset)
1436 1865 1496 1895 nisi
1528 1865 1597 1904 quis

883 1909 1037 1947 pertinere
1064 1909 1150 1938 malit
1173 1909 1211 1938 ad
1234 1910 1327 1939 tacite
1354 1909 1599 1947 amplificandum

885 1952 1097 1990 Olynthiorum
1112 1952 1292 1990 periculum,
1303 1952 1414 1991 quibus
1426 1951 1557 1989 eversis,
1567 1951 1599 1980 in

885 2000 968 2024 metu
984 1995 1077 2025 futuri
1094 1996 1154 2024 sint
1168 1995 1385 2025 Athenienses.
1404 2010 1407 2011 ⁷

927 2057 971 2062 -—-
986 2038 1060 2070 ibid.
1077 2037 1260 2079 πεισθέντες]
1274 2040 1301 2069 Α
1312 2038 1456 2079 πείθομαι,
1471 2038 1602 2078 persuasi

886 2082 985 2123 (qnod
1010 2082 1205 2123 participium
1228 2083 1258 2112 iu
1279 2083 1453 2112 Rhetoricis
1472 2082 1511 2111 ad
1534 2082 1603 2111 He-

886 2126 1023 2156 rennium
1046 2126 1160 2165 saepius
1182 2125 1371 2166 usurpatur),
1391 2125 1527 2160 adducti,
1546 2125 1602 2154 im·

883 2170 974 2208 pulsi,
989 2170 1108 2199 consilio
1119 2175 1146 2199 et
1159 2169 1287 2208 impulsu
1302 2175 1407 2199 nostro.
1439 2168 1522 2198 Hinc
1535 2177 1603 2197 ora-

888 2217 986 2242 torum
1007 2217 1184 2252 argumenta
1197 2213 1341 2242 dicuntur
1355 2211 1477 2246 πιθανὰ,
1494 2211 1524 2240 id
1543 2215 1602 2246 est,

886 2257 925 2286 ad
938 2256 1176 2294 persuadendum
1190 2257 1414 2286 accommodata.

928 2316 974 2322 —-
987 2299 1061 2329 ibid.
1079 2299 1229 2339 ἀνείλοντο]
1254 2300 1303 2329 Ab
1324 2296 1502 2339 ἀναιρεῖσθαι.
1540 2296 1602 2326 Sed

888 2343 1126 2378 observandum,
1141 2353 1209 2381 quae
1227 2349 1364 2380 tempora
1381 2341 1554 2376 verborum,
1570 2340 1603 2369 in

888 2396 947 2425 qua
963 2385 1084 2415 notione
1101 2385 1163 2415 sint
1179 2385 1349 2415 usitatiora.
1396 2384 1516 2414 Deinde
1531 2393 1603 2412 con-

889 2429 1094 2463 siderandum,
1111 2439 1147 2458 an
1164 2427 1317 2465 ἐπενεγκεῖν
1331 2428 1381 2470 (ut
1396 2426 1560 2467 Libanius)
1575 2431 1604 2456 et

889 2471 1035 2510 ἐξενεγκεῖν
1051 2472 1101 2511 (ut
1119 2472 1341 2501 Demosthenes
1356 2470 1479 2510 postea)
1495 2469 1541 2499 τὸν
1554 2469 1605 2500 πό-

889 2521 986 2554 λεμον,
1010 2515 1093 2545 idem
1119 2515 1159 2544 sit
1180 2515 1261 2552 quod
1285 2513 1444 2543 ἀνελέσθαι.
1468 2524 1504 2543 an
1529 2523 1604 2542 vero

890 2559 959 2595 hoc,
983 2559 1155 2597 propulsare
1179 2558 1297 2592 bellum,
1321 2568 1375 2588 nec
1398 2555 1606 2597 reformidare:

889 2602 953 2636 illa,
979 2600 1092 2641 inferre
1121 2600 1309 2638 significent?
1346 2602 1395 2630 An
1424 2610 1497 2629 vero
1526 2600 1607 2628 inter

890 2643 1011 2684 ἓκφέξειν
1039 2644 1086 2673 καὶ
1115 2643 1251 2685 ἐπιφέξειν
1275 2644 1336 2674 tale
1364 2643 1527 2673 discrimen
1553 2643 1606 2678 sii,

892 2688 981 2727 quale
997 2687 1074 2716 illud
1092 2687 1250 2717 Liiianum
1266 2692 1327 2717 est:
1347 2691 1367 2704 ‘¹
1379 2688 1445 2717 Nec
1462 2685 1606 2715 ostende-

891 2736 960 2761 runt
984 2730 1118 2772 (inquit)
1148 2731 1261 2760 bellurn
1278 2730 1366 2770 prins
1390 2739 1477 2769 quam
1496 2728 1606 2757 intule-

892 2773 992 2804 runt.”
1038 2775 1074 2804 ln
1106 2774 1241 2803 secunda
1266 2774 1389 2812 quidem
1421 2770 1604 2808 Philippica,

892 2819 942 2848 τὴν
956 2816 1010 2856 μὲν
1024 2815 1131 2857 ἔχθραν
1146 2819 1195 2848 τὴν
1208 2816 1281 2857 ωξός
1295 2818 1373 2853 ὑμᾶς
1387 2814 1471 2846 αὐτὸς·
1486 2812 1607 2853 ἀνῄρητο.

894 2870 986 2899 quum
1007 2860 1062 2896 ait,
1077 2859 1186 2900 ἔχθραν
1199 2858 1370 2898 ἆναιξεῖσθαι
1385 2856 1451 2896 eng-64·
1470 2867 1543 2889 τινα,
1561 2861 1610 2885 est

894 2905 1036 2942 suscipere
1062 2904 1201 2942 alicujus.
1228 2903 1277 2932 vel
1305 2911 1372 2931 cum
1401 2900 1498 2938 aliquo
1522 2899 1607 2938 (nam

895 2951 1060 2985 utrumque
1080 2945 1211 2983 dicitur)
1228 2944 1403 2975 inimicitias.
1436 2941 1610 2971 Dubitatio-

896 2999 951 3019 nes
966 2989 1141 3028 hujusmodi
1158 2989 1240 3018 nulla
1254 2987 1370 3017 ratione
1386 2984 1495 3015 melius
1510 2984 1610 3024 expli-

897 3033 961 3064 cari
975 3037 1115 3074 possent,
1125 3041 1215 3071 quam
1225 3030 1250 3060 si
1261 3040 1365 3061 omnes
1374 3028 1511 3068 ejusdem
1522 3027 1612 3059 verbi
