1948 3322
261 213 344 256 AD
376 207 742 255 ORATIONEM
776 206 860 250 DE

152 330 250 351 xenus
283 320 442 361 jiiberetur
477 315 690 348 Phocensibus
734 325 860 345 succur-

154 374 234 394 rere.

195 424 238 430 -—
255 407 303 436 23.
319 405 366 434 καῖ
379 403 412 434 τὸ
424 402 583 444 ψήφισμα]
601 402 770 441 interposui
786 411 831 431 τε.

196 467 239 472 ——
249 458 317 488 pen.
330 445 418 487 ουτοι]
431 453 490 477 stat
499 448 529 477 in
541 446 636 482 bivio,
647 450 680 475 ut
691 450 859 475 antrorsum

153 497 375 530 retrorsumque
392 496 507 530 vergat.
525 495 556 520 tu
573 490 651 526 (ing-e
667 488 734 523 tibi,
751 488 860 520 lector,

153 536 198 565 sic
208 545 275 564 esse
287 540 461 564 exaratum:
478 532 525 563 καῖ
539 543 595 562 νουν
607 531 720 573 ἔχοντες
731 542 815 565 ουτοι,
830 536 860 559 et

151 578 182 608 hi
198 577 320 616 quidem
344 578 510 616 sapientes,
531 587 602 605 ουτοι
620 574 768 605 ’πιστεύειν
790 573 860 604 ὑπη-

149 618 271 662 χθησαν,
295 620 325 650 hi
351 622 389 650 ad
412 620 595 650 credendum
622 619 859 648 adducebantur.

149 673 208 693 non
223 663 293 693 ideo
302 667 400 693 tamen
411 668 516 693 auctor
527 663 584 692 sim
595 661 692 691 literis
702 660 861 700 expressis

149 706 230 736 idem
248 706 428 736 vocabulum
445 704 600 736 exarandi.

192 750 274 780 358.
281 752 311 780 4.
321 748 439 790 ολεθρον]
455 749 558 805 malim
577 758 645 779 cum
668 747 797 778 articulo
813 746 861 777 τὸν

148 791 268 833 ’ὄλεθρον

190 852 235 858 -
249 839 280 866 7.
293 836 430 877 ὑπάξχειν
444 835 555 877 αὐτοῖς]
571 834 701 865 subaudi
718 833 802 864 εὔνουν
812 834 860 863 vel

148 876 238 918 φίλον,
261 890 298 909 ne
317 880 406 909 adde.
429 879 539 909 sufficit
563 878 642 908 enim
660 888 775 907 merum
791 888 859 907 ver-

152 923 233 952 bum.
241 923 380 952 reddidit
394 923 452 953 hoc
468 933 521 952 eos
538 922 646 951 molles
661 926 692 951 et
708 921 860 959 torpidos,

148 965 229 1004 quod
255 975 437 1006 persuasum
463 965 543 1005 ipsis
567 968 662 999 esset,
685 964 860 1003 Philippum

148 1007 227 1047 ipsis
239 1010 368 1039 amicum
381 1014 411 1039 et
425 1009 591 1048 propitium
607 1017 687 1038 esse.

193 1069 237 1074 -—-
254 1055 302 1082 10.
319 1051 416 1091 ἀλλὰ]
433 1057 481 1082 est
496 1051 641 1090 objectio,
656 1060 724 1089 quae
740 1050 771 1079 iu
788 1060 860 1080 con-

148 1093 255 1124 tinenti
268 1101 443 1125 removetur
451 1095 481 1124 in
491 1094 558 1124 istis
571 1105 578 1124 ε
594 1094 703 1126 τούτοις
712 1091 756 1122 δ’τι
764 1110 806 1114 —
815 1098 861 1122 at-

147 1138 200 1176 qui
214 1144 313 1167 tamen
329 1143 414 1167 erant
429 1148 523 1176 penes
541 1138 726 1170 Phocenses,
749 1136 860 1174 quibus

148 1180 307 1210 videretur
329 1181 476 1217 futurum,
498 1185 530 1210 ut
548 1179 727 1219 poenitentia
749 1184 859 1208 vestrae

145 1222 359 1263 imprudentioe
390 1233 446 1253 vos
483 1224 646 1262 aliquando
679 1223 859 1252 incesseret.

146 1266 247 1296 malim
263 1266 364 1305 itaque
379 1266 596 1305 μεταμελήσειν
610 1266 641 1296 in
656 1266 772 1295 futuro.
790 1268 793 1269 ⁷

188 1327 232 1332 -
247 1311 298 1340 13.
315 1308 479 1351 ἐπέδειξαν]
501 1309 564 1345 alii,
579 1310 752 1349 quicunque
767 1309 798 1338 id
814 1310 859 1338 fe-

146 1356 263 1389 cerunt,
275 1353 357 1392 quod
374 1353 443 1382 istis
457 1358 559 1384 essent
569 1352 782 1393 sapientiores,
800 1363 858 1382 non

146 1397 316 1426 nominatur
330 1398 382 1435 qui
395 1396 513 1427 fecerit.
808 1392 810 1395 ¹

189 1457 232 1462 —
245 1441 296 1470 16.
316 1438 349 1468 τὸ
369 1441 423 1480 γὰρ
440 1439 514 1480 ωςός
527 1438 610 1479 ἅνδξα
625 1438 682 1478 --]
704 1438 859 1468 Aristides

147 1482 187 1512 de
201 1484 240 1513 D.
252 1483 286 1512 C.
302 1492 333 1521 p.
346 1486 419 1513 ⁶214.
443 1482 484 1513 ἵνα
511 1481 534 1512 δ’
557 1482 600 1512 ἔτι
623 1480 797 1521 σαφέστερόν
816 1493 859 1510 σοι

146 1523 272 1564 γένηται,
293 1525 381 1556 ὁποῖόν
402 1524 434 1556 τί
458 1525 524 1556 ἐστι
539 1525 572 1555 τὸ
587 1525 632 1554 διὰ
648 1525 741 1563 μέσου
763 1523 860 1562 ἐμβα-

146 1569 202 1598 λεῖν
215 1567 309 1599 πλείω
319 1569 463 1608 νοήματα,
473 1568 555 1599 έκεῖνο
567 1566 755 1607 σαφέστατον
765 1568 860 1607 magei-

147 1611 253 1651 δἐιγμα
275 1611 301 1642 ἐν
324 1613 366 1650 τῷ
390 1615 440 1647 τῆς
472 1610 714 1652 παςαπςεσβείας.
744 1610 777 1640 τὸ
805 1612 860 1650 γὰξ

145 1654 212 1695 πρός
234 1654 315 1696 ἄνδρα
342 1654 444 1686 Θνητόν·
472 1653 497 1685 ἓν
519 1654 608 1694 νόημα
631 1653 664 1683 ἐκ,
685 1654 859 1694 ωςοσώτπου.

144 1699 194 1728 καὶ
223 1697 268 1728 διὰ
296 1698 404 1739 καιξούς
427 1709 506 1731 τινας
533 1698 686 1739 ἰσχύοντα,
715 1698 860 1736 γράφοντα

144 1741 241 1782 εἰρήνην
267 1740 412 1777 ἀθάνατον,
440 1740 604 1772 συνθέσθαι
629 1743 678 1771 τῆν
703 1742 782 1770 κατὰ
809 1743 860 1774 τῆς

145 1783 253 1819 πόλεως
257 1785 419 1838 αἷσχυνηνζ.
431 1798 464 1816 ‘1¹0
482 1795 610 1824 πρᾶγμαν
623 1796 655 1813 ΤΟ
669 1794 815 1824 γίνῦμξνῦν.
827 1796 860 1812 ΤΟ

143 1825 186 1856 δ”
176 1827 224 1857 εντ’
232 1827 321 1867 αὐτῷ,
336 1839 382 1857 και
391 1840 467 1858 ουπω
476 1828 667 1879 ἀπήρτισται,
678 1826 751 1856 ἀλλ’
757 1826 858 1866 έπεμ-

145 1869 252 1903 βάλλει
268 1873 363 1901 πίιλιν·
382 1874 444 1906 πῶς
458 1874 511 1911 γὰρ
527 1883 575 1900 ουκ
597 1871 626 1900 αἰ
620 1869 717 1911 ,σχςόν
738 1888 782 1892 -
805 1871 857 1900 sed

145 1913 196 1944 hic
215 1925 321 1944 rursus
334 1915 421 1944 locus
437 1915 557 1944 aliunde
571 1915 686 1953 petitus
707 1921 765 1949 est,
785 1924 829 1943 sc.
843 1924 859 1942 e

145 1967 177 1995 p.
193 1959 269 1987 381.
283 1959 333 1988 23.
351 1968 443 1996 quare
456 1957 608 1995 suspicor,
625 1962 692 1996 post
705 1954 860 1995 ἐπεμβάλ-

146 2005 188 2029 λει
200 2000 308 2030 deesse
322 2001 363 2030 νῦν
378 1999 411 2029 τὸ
430 1999 526 2040 πέζας.
551 2002 613 2033 πῶς
631 1999 695 2040 οὐχὶ
715 2000 861 2030 πάνδεινον.

144 2047 211 2073 tum
250 2043 392 2083 sequitur.
425 2053 538 2073 novum
577 2042 750 2082 exemplum
770 2054 777 2072 ;
813 2042 862 2072 καὶ

144 2086 230 2117 πάλιν
243 2103 297 2117 ——.

187 2145 231 2152 --
246 2133 297 2161 17.
311 2130 486 2171 γράφοντας]
504 2128 680 2168 suspicatus
699 2128 860 2168 aliquando

145 2183 210 2203 sum
230 2173 292 2213 leg.
319 2184 387 2203 esse
412 2174 572 2214 γράφοντας
595 2171 691 2212 εἰρήνην
711 2171 859 2208 ἀθάνατον,

144 2216 310 2246 condentes
327 2227 434 2256 pacem
447 2221 603 2251 aeternam,
615 2225 766 2254 nunquam
781 2216 861 2246 desi·

143 2263 255 2295 turam,
269 2259 406 2290 ἀθάνατον
419 2258 575 2290 συνθέσθαι
591 2259 760 2289 immortale
783 2258 859 2289 civi-

144 2303 201 2332 tati
213 2304 347 2333 dedecus
362 2304 505 2333 condere.

185 2363 230 2369 -—
244 2349 297 2378 19.
313 2349 368 2376 τῶν
382 2349 461 2386 wag&
482 2347 537 2376 τῶν
561 2344 672 2385 ἄλλων]
698 2346 858 2376 beneficiis

145 2393 178 2418 et
203 2390 400 2425 ornamentis,
417 2391 456 2420 ab
478 2390 558 2425 aliis,
581 2389 642 2419 diis
671 2389 858 2419 hominibus-

144 2443 215 2471 que,
242 2432 273 2462 in
300 2443 366 2463 eam
388 2433 522 2464 collatis.
545 2433 590 2462 sic
615 2432 690 2462 dant
714 2433 856 2472 vulgatae.

143 2475 265 2514 praetuli
278 2481 340 2506 tum
353 2478 408 2506 τῶν
420 2475 523 2506 ἄλλων.
538 2475 661 2505 omissis
674 2476 794 2506 duobus
804 2487 857 2506 vo-

142 2519 260 2549 cabulis
280 2519 481 2556 intermediis,
511 2530 590 2549 nuno
620 2528 678 2549 non
709 2520 857 2549 facturus.

142 2571 211 2592 nam
233 2563 357 2602 vulgata
385 2562 461 2593 vitio
486 2563 621 2593 carebat.
645 2562 675 2591 in
697 2562 754 2592 hac
779 2573 857 2592 nova

141 2605 274 2636 lectione
290 2605 451 2636 subaudiri
467 2606 561 2636 debet
583 2607 664 2647 γερῶν
687 2605 735 2635 vel
759 2608 857 2636 κλεῶν.

140 2647 296 2685 laudibus,
312 2649 488 2679 decoribus.

187 2709 229 2715 —
241 2693 294 2723 25.
305 2690 430 2734 υστῑρον]
442 2691 651 2732 postmodum,
666 2691 856 2731 temporibus

141 2733 307 2774 insecutis3
332 2741 404 2775 post
429 2746 483 2765 eus
504 2735 652 2765 Phocidis
675 2739 856 2775 caeteraeque

141 2779 273 2809 Graeciae
292 2789 394 2815 casus,
417 2779 467 2819 qui
493 2782 567 2819 post
582 2779 736 2808 conditam
760 2783 790 2808 et
816 2779 857 2808 si-

142 2827 261 2860 gnatam
276 2832 295 2853 a
311 2823 486 2852 Philocrate
500 2832 607 2861 pacem
625 2826 806 2852 evenerunt.

184 2865 258 2897 359.
272 2869 303 2898 5.
320 2865 442 2906 τούτων]
467 2865 609 2904 designat
628 2864 784 2895 AEschinis
808 2875 857 2895 so-

140 2907 291 2938 datiuum.

183 2967 225 2973 —
239 2949 258 2982 1
312 2951 524 2993 ’πηγγέλλετο]
547 2962 618 2981 num
633 2949 856 2988 ἀπηγγέλλετο.

142 2993 271 3024 nunciab
311 2999 372 3026 tur.

182 3052 226 3060 —-
240 3038 292 3070 27.
307 3037 346 3080 τῇ
359 3038 475 3079 τετράδι
489 3037 633 3078 φθίνοντος
648 3035 855 3078 ἔκκλησιίιζετε

893 205 1081 248 FALSA
1115 206 1479 250 LEGATIONE.

1549 209 1605 250 95

893 311 948 354 μὲν
971 313 1054 353 ὑμεῖς
1075 313 1139 343 τότ’
1162 314 1187 345 ἐν
1209 317 1346 358 Πειραιεῖ]
1372 317 1422 347 Sic
1443 316 1607 347 distinctus

894 362 1014 396 prostat
1037 356 1089 387 hic
1114 358 1200 388 locus
1223 358 1254 388 in
1278 360 1421 397 vulgatis.
1445 371 1532 398 quam
1559 360 1608 389 di-

894 400 1085 430 stinctionem
1103 401 1155 440 qui
1174 407 1352 439 sequuntur,
1366 403 1385 432 ii
1403 403 1506 442 utique
1523 409 1607 433 recte

894 442 961 472 τότε
989 443 1143 473 omittunt.
1175 454 1234 484 ego
1265 455 1337 473 vero
1369 450 1438 483 post
1465 445 1608 484 φθίνοντος

894 491 1035 526 punctum
1053 487 1154 525 posui.
1171 487 1300 516 subaudi
1319 488 1403 516 τοῦτο
1419 488 1504 517 δῆλον.
1523 500 1538 518 e
1556 490 1609 519 die

896 530 1044 559 XXVII.
1060 530 1173 559 mensis
1191 540 1299 568 nempe
1321 530 1380 559 hoc
1397 537 1526 561 constat.
1543 538 1606 563 tum

894 571 960 602 τότε
978 573 1111 608 servavi,
1128 574 1181 602 sed
1194 575 1248 613 γὰρ
1264 574 1302 602 de
1319 583 1387 603 meo
1403 574 1523 603 addidi.
1536 581 1607 605 tunc

895 616 974 646 enim
990 616 1164 645 concionem
1180 616 1337 646 habebatis
1353 617 1382 645 in
1397 617 1527 646 Piraeeo.

937 662 1011 690 360.
1043 660 1073 690 5.
1106 659 1191 700 αὐτὸ]
1223 659 1324 689 malim
1355 657 1436 689 τοῦτ’
1465 659 1545 689 αὐτό.
1575 660 1609 689 id

893 701 1007 741 ipsum,
1028 703 1109 742 quod
1127 703 1184 732 aio.
1206 702 1357 743 συμΒαρνει
1377 702 1519 739 congruit
1539 713 1607 732 cum

894 746 976 775 dieto
998 746 1147 782 Proxeni,
1162 745 1242 775 diem
1261 748 1340 776 hunc
1358 746 1524 776 XXVIII.
1541 756 1610 775 esse

894 788 1031 828 quintum
1057 790 1094 819 ab
1110 807 1153 812 —
1169 790 1273 818 Attica
1295 790 1403 818 dictio.
1427 787 1508 818 τοῦτ’
1527 788 1609 824 αὐτὸ,

895 832 962 862 scil.
978 831 1043 863 ἐστὶ
1054 832 1086 862 τὸ
1094 835 1239 874 «πρᾶγμα,
1255 831 1326 873 ὅπερ
1339 832 1444 870 ἔλεγες.
1489 831 1554 862 Iust
1570 841 1609 862 su.

894 875 978 906 recht
992 887 1030 907 so.
1046 876 1233 906 volckommen
1256 885 1296 905 so.
1317 877 1355 905 da
1378 876 1473 905 haben
1497 877 1552 904 wir
1571 885 1610 905 es.

896 918 937 949 Es
941 918 1033 960 fa'llt,
1049 929 1076 949 es
1090 918 1161 960 trg'ft
1173 918 1327 958 pizrzctlich
1343 917 1609 960 azgfdenfiiqften

898 962 962 1002 Tag
989 963 1074 1004 [just
1087 973 1124 993 so.
1136 962 1248 1002 rightly
1263 972 1300 992 so.
1319 963 1458 1001 precisely
1473 972 1511 991 so.
1529 961 1610 992 there

895 1015 935 1034 we
952 1006 1021 1036 have
1036 1007 1071 1036 it.
1087 1008 1111 1036 it
1122 1005 1214 1046 falls,
1238 1007 1263 1036 it
1283 1005 1408 1045 happens
1427 1005 1610 1046 pmzctuully

894 1059 933 1078 on
950 1049 997 1079 the
999 1048 1078 1101 fifth
1093 1049 1180 1090 day}

937 1111 978 1114 -—
988 1095 1018 1123 6.
1029 1089 1079 1132 occ]
1090 1098 1250 1131 utrumque
1263 1103 1321 1122 non
1333 1092 1544 1122 estmasculini
1558 1103 1611 1132 ge-

895 1134 988 1171 neris,
1006 1146 1103 1174 neque
1115 1135 1250 1165 cohaeret
1263 1146 1331 1165 cum
1342 1135 1457 1177 χρόνοις,
1469 1136 1523 1165 sed
1536 1146 1610 1166 neu-

894 1177 984 1213 triuS,
996 1179 1138 1218 idemque
1154 1179 1235 1208 valet
1250 1184 1341 1217 atque
1356 1179 1479 1215 τούτοις,
1494 1191 1513 1207 α
1528 1197 1582 1208 -.

935 1239 979 1244 —--
995 1224 1046 1252 19.
1070 1220 1238 1262 συμμαχία
1254 1219 1404 1252 Ἀθηναίων
1415 1223 1464 1252 καὶ
1481 1221 1609 1263 Φακέων]

894 1265 956 1294 duo
966 1265 1068 1294 media
1083 1266 1244 1300 vocabula,
1260 1270 1365 1295 utnon
1382 1265 1544 1294 admodum
1559 1276 1611 1294 ne-

894 1309 1041 1343 cessaria,
1062 1308 1148 1338 uncis
1164 1309 1287 1339 inclusi.
1333 1308 1416 1337 Satis
1433 1309 1510 1337 enim
1526 1319 1542 1338 e
1562 1319 1612 1338 su·

894 1352 1069 1390 perioribus
1085 1356 1214 1387 constat,
1231 1352 1405 1381 societatem
1433 1351 1504 1380 belli
1529 1352 1610 1382 desi-

895 1395 979 1434 gnari
993 1396 1204 1424 Phocensibus
1220 1405 1286 1424 cum
1300 1394 1540 1424 Atheniensibus
1552 1395 1611 1424 ini-

895 1443 965 1467 tam.
1013 1439 1126 1468 Verum
1150 1438 1264 1476 Taylor
1285 1438 1478 1467 omissionem
1502 1438 1609 1467 horum

895 1482 1056 1510 verborum
1074 1479 1220 1512 Ἀθηναίων
1234 1480 1280 1510 καὶ
1298 1479 1611 1521 inhonestvmjimtum

894 1524 1150 1562 appellat‚.homo
1167 1534 1224 1553 non
1241 1534 1310 1553 raro
1324 1525 1564 1553 suham-ebrosus
1579 1530 1610 1554 et

895 1572 1006 1605 praeter
1030 1567 1179 1596 rationem
1211 1567 1341 1596 calidus.
1388 1568 1471 1605 Ergo
1495 1567 1610 1597 factum

894 1610 925 1639 id
954 1621 1075 1650 quoque
1106 1610 1297 1639 inhonestum
1325 1616 1383 1645 est,
1413 1621 1481 1639 cum
1508 1617 1610 1640 onnon·

894 1653 962 1691 ipse
979 1654 1070 1692 paulo
1089 1658 1170 1688 ante,
1188 1663 1278 1682 versu
1294 1654 1346 1689 15,
1363 1656 1411 1684 τὴν
1429 1652 1611 1695 συμμαχίαν

894 1699 949 1726 τῶν
972 1696 1084 1726 Φωκέων
1105 1696 1195 1726 dixit.
1241 1697 1326 1736 Ergo
1342 1697 1467 1735 perinde
1489 1697 1613 1727 inhone-

896 1745 975 1769 stum
996 1741 1054 1769 erit
1077 1740 1190 1769 factum
1219 1750 1311 1770 versu
1332 1742 1381 1770 16.
1408 1742 1448 1769 τὰ
1474 1740 1611 1780 δόγματα

895 1783 940 1812 sic
961 1783 1041 1813 nude
1058 1782 1220 1822 appellari,
1237 1783 1301 1812 sine
1314 1786 1369 1812 τῶν
1383 1781 1609 1822 Ἀμφικτυόνων.

896 1827 1020 1856 verbum
1044 1826 1179 1855 καθεῖλεν
1201 1826 1280 1856 redit
1296 1827 1333 1856 ad
1353 1826 1541 1866 Philippum.
1559 1827 1613 1857 de-

895 1874 979 1899 creta
1006 1869 1279 1908 Amphictyonum,
1309 1880 1366 1908 per
1393 1881 1471 1908 quae,
1498 1871 1546 1900 vel
1579 1870 1611 1900 vi

895 1923 1035 1952 quorum,
1050 1912 1215 1952 Philippus
1232 1914 1344 1943 moenia
1356 1913 1481 1952 dejecit.

940 1974 981 1980 —-
996 1956 1052 1985 ult.
1070 1957 1155 1996 φησὶ]
1183 1955 1249 1985 scil.
1268 1957 1282 1986 ἦ
1306 1957 1454 1996 ὁμολογία,
1476 1956 1530 1985 illa
1554 1956 1615 1985 for-

896 1999 978 2028 mula
995 1999 1077 2038 pacti
1093 1999 1246 2028 conventi.

938 2043 1012 2072 361.
1030 2044 1060 2073 3
1082 2041 1169 2072 'rrum’
1184 2040 1345 2083 ἐπίστευον]
1369 2042 1491 2081 piaetuli
1507 2042 1613 2076 πάντες

895 2082 943 2115 ἐπ.
960 2086 1072 2114 crebro
1091 2086 1317 2115 Demosthenes
1333 2086 1391 2115 hoc
1408 2091 1508 2126 urget,
1534 2086 1613 2115 Pho-

896 2138 1004 2158 censes
1020 2138 1114 2159 umnes
1137 2139 1258 2167 pessum
1280 2128 1353 2164 isse,
1370 2129 1408 2158 ad
1424 2129 1612 2159 conflandam

895 2171 1014 2201 crimini
1040 2172 1097 2201 hoc
1119 2173 1263 2211 majorem
1281 2171 1438 2201 invidiam.
1484 2172 1613 2202 Consta-

895 2215 945 2244 bat
962 2225 1069 2254 nempe
1081 2225 1163 2254 resp.
1180 2215 1387 2245 Phocensium
1401 2215 1614 2254 compluribus

893 2258 1020 2288 minutis
1060 2258 1251 2294 civitatibus,
1289 2268 1364 2298 quas
1402 2259 1614 2298 complectens

894 2306 997 2331 orator
1010 2311 1106 2331 omnes
1121 2303 1269 2341 appellat.

935 2362 978 2367 —-
992 2347 1024 2375 4.
1038 2345 1085 2374 καὶ
1096 2343 1161 2385 πρὸς
1171 2347 1268 2376 τοῦτον
1278 2344 1372 2374 πάντ’
1385 2343 1538 2382 ἐσκόπουν,
1550 2343 1617 2385 πςός

893 2389 992 2419 τοῦτον
1022 2387 1186 2429 ἐποιοῦντο]
1218 2389 1365 2428 pleraque
1392 2389 1500 2418 horum
1527 2388 1615 2419 uncis

893 2431 1018 2468 inclusi,
1033 2437 1067 2461 ut
1082 2433 1278 2470 amputanda,
1292 2442 1360 2461 cum
1372 2432 1532 2462 manifesto
1543 2442 1615 2461 con-

893 2478 954 2505 stet
969 2473 1106 2506 ἐσκόπουν
1116 2486 1155 2505 ex
1172 2473 1277 2505 ἐποίουν
1291 2485 1450 2513 perperam
1466 2486 1535 2506 esse
1551 2475 1618 2505 effi-

893 2522 987 2548 ctum.
1033 2519 1178 2548 Arbitror
1208 2519 1313 2557 itaque
1338 2518 1438 2548 Iocum
1473 2519 1519 2548 sic
1545 2529 1614 2548 esse

892 2562 1038 2591 contiuuo
1049 2567 1149 2591 tractu
1161 2562 1322 2600 legendum
1333 2572 1340 2590 ι
1351 2562 1458 2595 πάντες
1469 2561 1617 2592 ἐπίστευον

892 2604 940 2633 καὶ
954 2604 1020 2645 πρὸς
1034 2607 1133 2635 τοῦτον
1147 2606 1252 2639 πάντες
1266 2603 1407 2635 ἐποιοῦντο
1423 2607 1472 2636 τὴν
1484 2605 1592 2645 εἰρήνην.

934 2666 978 2670 -
1000 2650 1030 2679 6.
1052 2649 1196 2678 σκοπεῖτε
1221 2647 1254 2678 τί
1276 2648 1510 2689 πιστεύσαντες]
1535 2659 1618 2687 prae-

892 2691 949 2720 tuli
971 2702 1066 2722 euow.
1093 2689 1136 2722 οἷα
1159 2703 1246 2722 πιστ.
1271 2696 1421 2731 spectate,
1446 2692 1615 2723 secundum

892 2740 1033 2772 quautam
1047 2735 1186 2764 fiduciam
1202 2734 1248 2775 [id
1262 2740 1323 2770 est,
1334 2745 1350 2764 e
1367 2742 1477 2773 quanta
1489 2736 1614 2778 fiducia]

893 2777 1070 2808 Phocenses
1087 2784 1199 2817 quanta
1216 2779 1246 2808 in
1263 2757 1341 2808 mala
1353 2777 1524 2808 inciderint.
1543 2779 1571 2807 h.
1586 2790 1615 2809 e.

892 2825 1019 2859 quantas
1052 2822 1081 2851 in
1111 2820 1215 2852 clades
1244 2832 1298 2851 eos
1326 2821 1494 2859 conjecerit
1523 2821 1617 2852 nimia

891 2864 1031 2902 ipsorum
1063 2869 1094 2894 et
1122 2865 1245 2894 incauta
1275 2864 1397 2894 fiducia.
1425 2876 1467 2893 οια
1492 2864 1615 2899 melius,

891 2917 980 2946 quam
1005 2906 1045 2944 τί,
1071 2918 1140 2938 cum
1165 2908 1251 2948 ὅμοια
1273 2914 1304 2938 et
1330 2907 1530 2946 παραπλήσια
1547 2919 1619 2937 con-

892 2951 1009 2980 cordat.

936 3011 978 3016 —
995 2995 1044 3024 19.
1059 2992 1158 3033 θέαμα
1169 2993 1260 3034 δεινὸν]
1274 2993 1486 3029 Hermogenes
1497 3003 1526 3031 p.
1544 2997 1617 3024 1⁴29.

892 3035 1061 3067 ἐνδιάσκευον
1075 3036 1098 3066 δ’
1114 3037 1198 3067 έκεῖνο
1213 3036 1247 3066 τὸ
1262 3035 1346 3076 μέςος
1359 3037 1411 3070 τῖες
1427 3035 1577 3074 διηγήσεως
1592 3037 1618 3068 ἐν
