1948 3322
522 241 608 285 AD
642 241 758 284 SUA
792 236 1297 282 DEMOSTHENICA.
1617 236 1645 276 5

177 352 281 383 causis
293 360 440 391 perquam
456 350 650 390 expedisset,
667 354 760 389 atque
776 345 984 379 necessarium
1008 344 1119 375 fuisset
1139 342 1250 380 reddi;
1275 341 1440 381 optaviqne
1465 339 1579 381 saepius
1593 335 1644 371 me

178 403 254 434 mihi
277 402 378 443 spatia
404 401 554 442 ampliora
580 401 726 441 primitus
750 400 854 431 statim
879 397 997 428 fixisse.
1040 397 1156 426 Verum
1181 405 1220 425 ne
1243 394 1312 433 ipse
1329 392 1453 432 quidem
1469 391 1645 433 praevidere

178 458 328 495 poteram,
344 453 500 484 materiam
518 453 598 483 inter
616 463 725 484 manns
741 451 785 482 ita
800 450 888 492 quasi
905 452 1114 480 succreturam
1131 457 1200 477 esse
1214 458 1224 485 3
1245 451 1310 475 tum
1328 443 1355 474 si
1368 448 1502 474 emtores
1513 445 1551 474 ad
1567 448 1648 485 op'us

177 505 255 537 XV.
271 506 456 546 voluminum
473 505 666 541 invitassem,
683 514 813 544 ecquem
827 514 887 533 non
903 498 1157 533 absterruissem?
1203 499 1302 528 Porro
1319 497 1345 527 si
1360 496 1535 527 recudenda
1550 497 1653 528 inter-⁴

176 559 310 598 pretatio
336 558 495 589 Wolfiana
516 558 638 593 suisset,
661 568 720 587 non
745 556 810 586 sola
834 566 927 591 mera,
957 554 1150 589 intemerata,
1171 550 1333 581 debuisset
1348 549 1576 589 repraesentari,
1592 550 1648 581 sed

177 609 270 639 etiam
286 610 497 648 annotationes
521 609 636 639 criticae
652 609 681 639 ei
700 608 865 644 substerni,
887 607 996 647 quibus
1018 607 1125 646 lapsus
1141 606 1208 644 ejus
1234 603 1365 641 benigne
1381 600 1602 637 indicarentur,
1617 605 1650 632 et

178 662 289 692 blande
305 661 548 701 castigarentur3
571 662 828 700 quemadmodum
846 659 1029 699 Sylburgius
1053 658 1084 687 in
1110 655 1261 696 Dionysio
1279 654 1489 684 Halicarnass.
1508 653 1585 692 Lapi
1602 658 1648 683 at-

177 723 238 752 que
255 713 375 743 Gelenii
391 713 661 752 interpretationes
678 712 843 743 recensuit.
887 713 964 751 Quae
978 720 1074 750 opera
1088 715 1121 739 ut
1137 713 1185 738 est
1198 707 1342 748 perutilis
1358 711 1387 736 ct
1403 705 1651 745 pernecessaria,

177 763 221 794 ita
235 774 254 794 a
268 774 335 794 mea
349 774 478 805 persona
493 765 647 801 abhorret,
664 775 723 804 qna
745 764 785 793 de
801 775 835 794 re
851 756 995 804 pluribn's
1012 762 1072 792 alio
1089 762 1160 792 loco
1176 759 1322 800 exposui.
1367 758 1591 789 Annotationes
1607 758 1650 788 ad

178 814 272 845 Dem.
295 826 379 845 meas
395 815 603 845 conscribenti
619 815 692 845 mihi
709 815 735 844 si
751 815 908 850 libuisset,
924 820 978 845 aut
994 814 1098 855 potius
1123 813 1277 848 licuisset,
1294 811 1482 842 WVolfianam
1497 810 1652 850 iuterpre-

177 865 324 896 tationem
339 866 504 905 inspicere,
516 866 632 897 nullum
647 867 774 897 dubium
791 871 853 906 est,
869 866 943 907 quin
959 877 996 896 ea
1009 866 1083 896 mihi
1102 865 1219 904 largam
1235 863 1394 894 materiam
1407 862 1652 902 disputationum

178 917 292 948 fuisset
304 919 490 958 praebitura:
515 929 622 948 verum
640 929 740 959 neque
764 919 978 949 allubescebat
1000 917 1175 958 aegrotanti,
1191 927 1290 956 neque
1308 916 1383 946 alias
1395 915 1567 955 jucundum
1587 919 1653 945 erat

179 975 403 1010 praeceptorem
430 975 462 1000 et
486 981 649 1000 censorem
677 981 782 1010 agere,
808 970 933 1009 otioque
959 980 1017 999 non
1035 969 1226 999 abundabam
1249 969 1336 1010 (nam
1350 968 1431 997 intra
1447 976 1562 1007 paucas
1577 967 1652 997 heb-

127 1047 130 1050 *
179 1024 328 1053 domadas
350 1023 432 1059 illas,
460 1024 575 1063 quibus
602 1023 828 1054 Wolfianarum
860 1027 891 1052 et
917 1023 1158 1062 Tayloranarum
1183 1021 1412 1051 annotationum
1430 1030 1467 1049 ea
1482 1029 1567 1059 parS,
1583 1030 1652 1058 quae

179 1073 338 1104 volumine
353 1074 412 1104 hoc
427 1075 606 1114 Apparatus
622 1074 760 1103 secundo
777 1073 954 1109 exhibetur,
971 1073 1028 1101 sub
1043 1071 1130 1111 prelo
1147 1071 1284 1107 sudaret,
1300 1070 1514 1100 annotationes
1524 1080 1601 1100 meae
1614 1070 1655 1099 ad

180 1125 389 1165 Philippicas,
405 1126 443 1155 ad
459 1136 505 1155 or.
521 1135 578 1164 pro
597 1135 712 1155 corona
727 1129 758 1154 et
786 1135 832 1154 or.
856 1124 894 1154 de
916 1124 993 1153 falsa
1013 1123 1181 1162 legatione,
1209 1133 1279 1152 cum
1294 1123 1351 1152 hac
1369 1121 1563 1161 prael'atione,
1579 1121 1655 1151 mihi

178 1177 313 1213 fuerunt,
325 1177 487 1216 animoque
503 1187 696 1216 corporeque
711 1177 823 1207 misere
839 1175 1008 1216 languenti,
1020 1175 1264 1212 conscribendae,
1279 1185 1317 1204 ne
1330 1184 1433 1214 operae
1445 1173 1656 1223 Qriarenturk

179 1228 313 1268 denique
335 1229 510 1259 cavendum
526 1234 603 1266 erat,
618 1239 656 1259 ne
681 1229 816 1259 materiae
832 1228 939 1258 alienae
964 1227 1125 1258 luxurians
1153 1226 1245 1267 copia
1263 1226 1366 1256 locum
1383 1225 1562 1256 domesticis
1578 1225 1656 1256 meis

179 1280 315 1321 copiolis
332 1281 523 1321 praeriperet.

225 1331 288 1362 His
295 1332 335 1362 de
345 1333 486 1363 omnibus
499 1343 574 1372 ergo
588 1331 655 1362 sive
662 1331 826 1369 addendis,
839 1331 908 1362 sive
920 1329 1125 1362 excludendis
1137 1329 1259 1360 videbit
1267 1335 1358 1369 atque
1367 1339 1423 1369 pro
1434 1327 1585 1358 arbitratu
1597 1338 1654 1359 suo

180 1383 304 1415 videbit
322 1383 364 1421 is,
384 1386 438 1424 qui
454 1385 529 1414 olim
545 1384 710 1424 aliquando
725 1395 836 1414 novam
861 1383 1082 1414 Demosthenis
1105 1387 1136 1413 et
1152 1386 1308 1412 oratorum
1323 1381 1472 1411 minorum
1485 1380 1655 1411 editionem

181 1446 275 1476 snper
288 1435 381 1476 hujus
393 1447 470 1467 meae
485 1437 691 1467 fundamentis
700 1436 823 1472 condet,
834 1436 886 1465 ubi
898 1435 1075 1466 deficientia
1088 1434 1297 1474 supplebit‚et
1308 1434 1439 1473 disjecta
1451 1432 1659 1462 membracol-

180 1487 259 1527 liget
269 1493 361 1527 atque
375 1489 544 1528 coaptabit.
576 1489 658 1518 Meis
671 1488 712 1518 de
725 1488 972 1518 annotationibus
997 1487 1081 1527 quod
1099 1496 1211 1517 novum
1227 1486 1286 1515 hoc
1301 1486 1382 1520 loco,
1398 1490 1511 1524 praeter
1526 1484 1579 1514 illa
1590 1485 1656 1524 jam

181 1539 297 1579 passim
308 1539 444 1570 locorum
457 1540 531 1570 alibi
545 1540 640 1575 dict‘a,
651 1539 763 1576 dicam,
776 1550 863 1580 paene
877 1539 921 1569 nil
936 1539 1046 1569 habeo.
1069 1540 1118 1569 Ab
1135 1537 1256 1568 homine
1269 1537 1454 1577 conscripta!
1468 1541 1552 1571 sunt,
1567 1546 1584 1565 e
1602 1546 1656 1566 va·

181 1591 319 1622 letudiue
334 1596 477 1632 torpente
489 1597 520 1622 et
535 1603 623 1632 paene
640 1592 679 1622 ad
695 1593 798 1622 omnia
812 1578 1000 1631 nauseante5
1024 1592 1062 1621 ab
1079 1591 1212 1626 homine,
1232 1601 1292 1620 non
1306 1594 1465 1620 ventosam
1482 1588 1659 1618 multifariae

180 1643 324 1674 lectionis
339 1644 467 1684 gloriam
482 1649 623 1681 venante,
641 1645 696 1674 sed
712 1654 803 1683 quem
819 1654 879 1673 non
891 1644 1034 1683 puderet,
1051 1644 1105 1674 nbi
1122 1643 1272 1673 lectorum
1290 1642 1481 1682 quorundam
1500 1640 1660 1670 videretur

181 1706 199 1726 e
211 1706 244 1725 re
255 1695 332 1731 sore,
343 1696 436 1726 etiam
448 1696 486 1726 ad
499 1697 615 1727 minuta
628 1701 657 1725 et
669 1695 915 1735 paedagogicalia
928 1695 1120 1725 descendere
1135 1706 1144 1732 3
1161 1695 1213 1734 qui
1227 1686 1441 1728 contenderet,
1452 1691 1591 1721 locorum
1605 1691 1660 1720 ob-

181 1757 341 1777 scurorum
355 1748 532 1783 sententias,
545 1748 610 1777 sine
619 1747 705 1784 odio,
714 1748 778 1776 sine
792 1747 1015 1777 obtrectatione
1028 1748 1221 1786 cujusquam,
1235 1745 1420 1785 simpliciter
1434 1748 1466 1772 et
1476 1743 1540 1773 sine
1557 1743 1661 1773 amba-

182 1798 284 1838 gibus,
303 1799 415 1838 quibus
430 1803 538 1839 posset
563 1799 670 1829 verbis
686 1798 875 1838 planissimis
892 1799 1054 1829 enucleare
1071 1804 1102 1828 et
1112 1798 1281 1828 declarare.
1327 1797 1414 1834 Quos
1430 1795 1548 1825 mutavi
1562 1795 1660 1831 locos,

182 1862 300 1890 quosve
315 1852 446 1888 correxi,
464 1853 530 1882 sive
551 1862 630 1887 mea,
644 1851 711 1881 sive
723 1851 873 1881 librorum
889 1851 1072 1881 auctoritate
1089 1851 1197 1887 fidens,
1213 1861 1267 1880 eos
1284 1849 1452 1888 diligenter
1468 1852 1498 1877 et
1509 1847 1661 1887 religiose

181 1902 329 1933 indicavi.
373 1905 528 1934 Auctores
555 1903 608 1934 ubi
632 1893 892 1943 nullos*pr0didi‚
909 1903 1093 1942 simpliciter
1108 1904 1220 1932 correxi
1236 1902 1354 1937 dicens,
1370 1900 1415 1930 ibi
1433 1899 1659 1929 correctionum

183 1959 325 1984 auctores
341 1961 412 1984 sunt
427 1955 563 1991 codices,
581 1955 648 1986 sive
669 1965 760 1985 manu
776 1955 898 1994 scripti,
915 1955 983 1984 sive
1001 1955 1117 1984 dudum
1133 1954 1218 1995 typis
1241 1953 1370 1990 excusi3
1393 1962 1521 1992 quornm
1538 1952 1662 1982 nomina

183 2005 213 2034 in
229 2006 418 2036 variantibus
432 2006 630 2042 lectionibus,
647 2007 756 2042 lector,
773 2006 924 2036 invenies.
970 2006 1187 2036 Correctiones
1203 2016 1309 2035 rursus
1325 2005 1363 2034 ab
1379 2005 1447 2044 ipso
1462 2008 1576 2033 memet
1590 2013 1662 2042 pro-

183 2055 292 2092 fectas,
308 2061 511 2096 praeterquam
529 2059 612 2097 quod
628 2058 659 2087 in
682 2057 751 2098 ipso
767 2063 856 2087 textu
873 2058 1031 2087 asteriscis
1047 2057 1207 2097 insignivi,
1227 2058 1258 2087 in
1275 2056 1524 2087 annotationibus
1539 2052 1662 2096 quoque

184 2107 361 2138 nominatim
378 2109 552 2148 quibusque
568 2109 648 2139 locis
671 2109 740 2139 cavi
764 2110 942 2145 admonere,
965 2109 1040 2149 quid
1070 2119 1171 2138 meum
1189 2115 1292 2147 esset3
1315 2114 1346 2139 et
1363 2119 1456 2138 cansa
1483 2107 1663 2137 mutationis

183 2159 235 2188 ubi
252 2159 351 2189 minus
368 2165 475 2199 aperta
492 2160 662 2196 videretur,
682 2171 749 2190 eam
761 2160 959 2190 mutationem
977 2158 1085 2199 paucis
1103 2161 1207 2189 verbis
1223 2171 1355 2199 purgare
1382 2165 1473 2200 atque
1488 2159 1662 2199 approbare

183 2210 338 2241 contendi.
368 2206 496 2241 lVincta.
515 2222 584 2242 mea
607 2217 721 2242 memet
747 2212 868 2242 caedere
891 2212 971 2242 haud
989 2212 1113 2251 puduit.
1156 2213 1193 2242 In
1223 2212 1330 2242 Wolfii
1348 2216 1378 2241 et
1392 2211 1519 2254 Taylori
1536 2211 1662 2240 metalla

182 2271 221 2292 ne
235 2262 416 2300 inciderem,
432 2263 541 2293 sedulo
555 2264 636 2299 cavi,
651 2274 833 2304 quamquam
848 2274 906 2294 non
920 2264 1035 2303 ubique
1050 2264 1187 2301 locorum
1205 2263 1299 2303 effugi
1316 2263 1497 2304 imprudens
1515 2273 1583 2292 curn
1601 2262 1663 2299 his,

183 2319 236 2344 aut
250 2324 319 2344 cum
346 2314 542 2351 Marklando,
567 2315 759 2345 collisionem
785 2315 926 2345 invitam.
970 2316 1073 2346 Locos
1097 2315 1337 2346 Scholiastarum
1364 2315 1404 2344 ad
1431 2315 1662 2353 Hermogenem

183 2366 325 2396 crebrius
339 2365 481 2402 recitavi,
492 2377 551 2396 non
563 2377 623 2406 quo
636 2368 786 2397 bonarum
799 2367 1009 2397 doctrinarum
1019 2372 1110 2407 atque
1121 2377 1268 2396 novarum
1282 2371 1312 2396 et
1322 2366 1526 2396 inauditarum
1537 2364 1663 2395 summi-

185 2427 246 2458 que
273 2417 481 2448 faciendarum
502 2418 586 2458 pleni
603 2424 718 2455 essent,
734 2420 788 2449 sed
813 2430 873 2458 quo
900 2418 1042 2448 collectio
1059 2419 1123 2448 baec
1148 2418 1262 2448 Aldina
1285 2417 1413 2447 inventu
1430 2417 1588 2448 rarissima
1606 2420 1667 2455 est,

184 2470 274 2508 cnjus
290 2479 415 2499 usuram
430 2470 603 2504 Ernestius‚
621 2470 735 2507 senior,
750 2472 790 2500 V.
808 2472 844 2501 C.
869 2471 1045 2509 Theologus
1068 2476 1099 2500 et
1124 2471 1266 2500 literator
1290 2470 1416 2506 nobilis,
1441 2468 1663 2510 praedicatione

184 2532 253 2552 mea
278 2522 387 2560 major,
410 2521 487 2551 mihi
503 2524 669 2559 concessit,
693 2523 720 2553 si
747 2524 817 2562 quis
840 2523 918 2552 forte
945 2523 1086 2552 literatus
1109 2522 1145 2552 ad
1177 2523 1284 2551 horum
1314 2521 1560 2551 Scholiastarum
1578 2525 1608 2549 et
1624 2518 1663 2548 ad

185 2578 324 2603 veterum
339 2572 564 2610 technicorum,
588 2584 642 2604 sen
659 2575 894 2610 rhetoricorum,
917 2574 969 2613 qui
986 2574 1154 2604 secundum
1175 2573 1288 2603 Aldum
1305 2573 1391 2613 typis
1406 2582 1559 2612 nunquam
1576 2575 1665 2600 reno·

184 2624 251 2655 vati
267 2629 350 2662 suut,
365 2625 548 2655 incitaretur
564 2627 668 2656 studio
692 2626 891 2666 recoquendi.
937 2627 1016 2656 Haec
1043 2627 1137 2655 ferme
1166 2625 1265 2655 forma
1290 2630 1338 2654 est
1353 2635 1490 2655 mearum
1507 2624 1544 2653 ad
1571 2623 1663 2652 Dem.

185 2679 427 2716 annotationum,
443 2689 570 2718 qnorum
587 2689 660 2719 pars
675 2690 756 2709 nunc
772 2681 803 2710 in
821 2681 878 2710 hoc
896 2680 1033 2709 secundo
1047 2681 1221 2718 Apparatus
1240 2678 1396 2708 volumine
1415 2677 1529 2716 prodit,
1547 2675 1664 2713 reliqua

184 2730 215 2760 in
231 2731 327 2760 tertio
343 2732 518 2769 prodibunt,
537 2731 563 2761 si
582 2741 637 2772 per
654 2733 714 2761 sata
726 2731 845 2768 licebit,
862 2731 1049 2762 inservitura
1065 2732 1214 2761 lectorum
1232 2731 1350 2765 usibus,
1365 2733 1397 2759 et
1412 2727 1548 2758 obnoxia
1564 2727 1665 2756 sutura

185 2793 347 2812 censorum
369 2783 505 2822 aequitati
521 2788 573 2813 aut
588 2783 826 2819 malevolentiae,
843 2783 1055 2824 intelligentia?
1071 2788 1125 2813 ant
1141 2782 1304 2821 imperitiae
1321 2787 1353 2811 et
1369 2779 1547 2811 temeritati.
1592 2778 1661 2808 Jam

186 2838 338 2873 superest,
354 2826 387 2864 u't
403 2835 442 2865 de
460 2835 648 2866 variantibus
660 2835 847 2866 lectionibus
864 2836 975 2872 dicam,
992 2847 1060 2876 quae
1077 2836 1152 2866 meis
1167 2835 1206 2865 ad
1223 2834 1493 2865 Demosthenicam
1510 2833 1663 2870 quamque

186 2885 354 2917 orationem
369 2887 618 2918 annotationibus
639 2888 785 2927 subjectae
803 2892 883 2917 sunt.

228 2937 399 2978 Negotium
415 2939 548 2978 spissum
573 2945 605 2970 et
629 2950 776 2980 perquam
800 2940 976 2976 molestum,
999 2940 1039 2968 ob
1063 2938 1289 2978 indiligentiam
1317 2942 1468 2968 veterum,
1491 2933 1574 2964 uude
1591 2940 1664 2962 snas

187 2989 338 3020 lectiones
357 2990 546 3027 hausissent,
559 2990 698 3021 dilucide
717 2997 751 3021 et
765 2992 860 3022 certis
877 2996 968 3031 atque
982 2990 1121 3021 indubiis
1137 2989 1218 3019 notis
1231 2994 1262 3019 et
1277 2987 1453 3018 nominibus
1469 2981 1665 3026 designandi.

189 3041 374 3073 Dubitabam
390 3042 493 3082 itaque
508 3042 609 3080 initio,
631 3054 702 3074 num
726 3043 871 3075 meliores
898 3048 1014 3074 tantum
1040 3042 1190 3073 lectiones
1210 3052 1227 3071 e
1250 3041 1404 3079 farragine
1420 3048 1558 3070 mearum
1575 3035 1664 3068 sche-
