<?xml version="1.0" encoding="UTF-8"?>
<!DOCTYPE html PUBLIC "-//W3C//DTD XHTML 1.0 Transitional//EN"
    "http://www.w3.org/TR/xhtml1/DTD/xhtml1-transitional.dtd">
<html xmlns="http://www.w3.org/1999/xhtml" xml:lang="en" lang="en">
 <head>
  <title>
</title>
<meta http-equiv="Content-Type" content="text/html;charset=utf-8" />
  <meta name='ocr-system' content='tesseract 3.04.00' />
  <meta name='ocr-capabilities' content='ocr_page ocr_carea ocr_par ocr_line ocrx_word'/>
</head>
<body>
  <div class='ocr_page' id='page_1' title='image "./oratoresatticie09dobs/oratoresatticie09dobs_0298.png"; bbox 0 0 1931 3323; ppageno 0'>
   <div class='ocr_carea' id='block_1_1' title="bbox 293 212 374 252">
    <p class='ocr_par' dir='ltr' id='par_1_1' title="bbox 293 212 374 252">
     <span class='ocr_line' id='line_1_1' title="bbox 293 212 374 252; baseline 0 0"><span class='ocrx_word' id='word_1_1' title='bbox 293 212 374 252; x_wconf 77' lang='lat'><strong>286</strong></span> 
     </span>
    </p>
   </div>
   <div class='ocr_carea' id='block_1_2' title="bbox 272 322 1003 3070">
    <p class='ocr_par' dir='ltr' id='par_1_2' title="bbox 291 322 1003 535">
     <span class='ocr_line' id='line_1_2' title="bbox 295 322 1001 360; baseline 0.004 -7"><span class='ocrx_word' id='word_1_2' title='bbox 295 324 350 353; x_wconf 86' lang='lat' dir='ltr'><strong>sed</strong></span> <span class='ocrx_word' id='word_1_3' title='bbox 367 323 458 353; x_wconf 85' lang='lat' dir='ltr'><strong>etiam</strong></span> <span class='ocrx_word' id='word_1_4' title='bbox 473 322 637 359; x_wconf 87' lang='lat' dir='ltr'><strong>interdum,</strong></span> <span class='ocrx_word' id='word_1_5' title='bbox 649 328 683 353; x_wconf 89' lang='lat' dir='ltr'><strong>ut</strong></span> <span class='ocrx_word' id='word_1_6' title='bbox 698 324 758 360; x_wconf 80' lang='lat' dir='ltr'><strong>nic,</strong></span> <span class='ocrx_word' id='word_1_7' title='bbox 776 326 1001 356; x_wconf 74' lang='lat' dir='ltr'>translationem</span> 
     </span>
     <span class='ocr_line' id='line_1_3' title="bbox 293 368 1003 409; baseline 0 -10"><span class='ocrx_word' id='word_1_8' title='bbox 293 382 310 399; x_wconf 77' lang='lat' dir='ltr'><strong>a</strong></span> <span class='ocrx_word' id='word_1_9' title='bbox 325 376 410 409; x_wconf 85' lang='lat' dir='ltr'><strong>purte</strong></span> <span class='ocrx_word' id='word_1_10' title='bbox 427 371 481 399; x_wconf 85' lang='lat' dir='ltr'><strong>hae</strong></span> <span class='ocrx_word' id='word_1_11' title='bbox 497 369 526 398; x_wconf 91' lang='lat' dir='ltr'><strong>in</strong></span> <span class='ocrx_word' id='word_1_12' title='bbox 543 373 658 408; x_wconf 82' lang='lat' dir='ltr'><strong>partem</strong></span> <span class='ocrx_word' id='word_1_13' title='bbox 675 368 772 398; x_wconf 85' lang='lat' dir='ltr'><strong>aliam.</strong></span> <span class='ocrx_word' id='word_1_14' title='bbox 802 369 913 399; x_wconf 78' lang='lat' dir='ltr'><strong>Fuerat</strong></span> <span class='ocrx_word' id='word_1_15' title='bbox 928 381 1003 409; x_wconf 85' lang='lat' dir='ltr'><strong>puer</strong></span> 
     </span>
     <span class='ocr_line' id='line_1_4' title="bbox 293 414 1002 451; baseline 0 -9"><span class='ocrx_word' id='word_1_16' title='bbox 293 419 362 442; x_wconf 86' lang='lat' dir='ltr'><strong>ante</strong></span> <span class='ocrx_word' id='word_1_17' title='bbox 378 414 409 442; x_wconf 85' lang='lat' dir='ltr'><strong>id</strong></span> <span class='ocrx_word' id='word_1_18' title='bbox 426 417 547 451; x_wconf 85' lang='lat' dir='ltr'><strong>tempus</strong></span> <span class='ocrx_word' id='word_1_19' title='bbox 566 422 660 451; x_wconf 87' lang='lat' dir='ltr'><strong>penes</strong></span> <span class='ocrx_word' id='word_1_20' title='bbox 680 418 816 448; x_wconf 81' lang='lat' dir='ltr'><strong>matrem,</strong></span> <span class='ocrx_word' id='word_1_21' title='bbox 837 414 899 451; x_wconf 82' lang='lat' dir='ltr'><strong>jam</strong></span> <span class='ocrx_word' id='word_1_22' title='bbox 915 420 1002 451; x_wconf 85' lang='lat' dir='ltr'><strong>pater</strong></span> 
     </span>
     <span class='ocr_line' id='line_1_5' title="bbox 293 455 1000 494; baseline -0.001 -9"><span class='ocrx_word' id='word_1_23' title='bbox 293 466 363 486; x_wconf 89' lang='lat' dir='ltr'><strong>eum</strong></span> <span class='ocrx_word' id='word_1_24' title='bbox 379 456 466 486; x_wconf 73' lang='grc' dir='ltr'>πάλιν</span> <span class='ocrx_word' id='word_1_25' title='bbox 487 455 525 485; x_wconf 89' lang='lat' dir='ltr'><strong>ad</strong></span> <span class='ocrx_word' id='word_1_26' title='bbox 546 466 588 490; x_wconf 84' lang='lat' dir='ltr'><strong>se,</strong></span> <span class='ocrx_word' id='word_1_27' title='bbox 611 455 641 485; x_wconf 86' lang='lat' dir='ltr'><strong>h.</strong></span> <span class='ocrx_word' id='word_1_28' title='bbox 656 465 683 484; x_wconf 88' lang='lat' dir='ltr'><strong>e.</strong></span> <span class='ocrx_word' id='word_1_29' title='bbox 708 455 737 484; x_wconf 90' lang='lat' dir='ltr'><strong>in</strong></span> <span class='ocrx_word' id='word_1_30' title='bbox 762 461 878 494; x_wconf 84' lang='lat' dir='ltr'><strong>partem</strong></span> <span class='ocrx_word' id='word_1_31' title='bbox 901 456 1000 491; x_wconf 80' lang='lat' dir='ltr'><strong>aliam,</strong></span> 
     </span>
     <span class='ocr_line' id='line_1_6' title="bbox 291 498 770 535; baseline -0.002 -6"><span class='ocrx_word' id='word_1_32' title='bbox 291 499 504 535; x_wconf 79' lang='lat' dir='ltr'>transferebat,</span> <span class='ocrx_word' id='word_1_33' title='bbox 521 504 552 529; x_wconf 87' lang='lat' dir='ltr'><strong>et</strong></span> <span class='ocrx_word' id='word_1_34' title='bbox 566 498 770 528; x_wconf 62' lang='lat' dir='ltr'><strong>admiscebat.</strong></span> 
     </span>
    </p>

    <p class='ocr_par' dir='ltr' id='par_1_3' title="bbox 290 541 1001 707">
     <span class='ocr_line' id='line_1_7' title="bbox 334 541 1001 580; baseline -0.001 -7"><span class='ocrx_word' id='word_1_35' title='bbox 334 560 376 565; x_wconf 91' lang='lat'>—</span> <span class='ocrx_word' id='word_1_36' title='bbox 388 545 439 573; x_wconf 64' lang='lat'><strong>2⁹2.</strong></span> <span class='ocrx_word' id='word_1_37' title='bbox 452 541 697 580; x_wconf 75' lang='grc' dir='ltr'><strong>τετελευτηκέναι]</strong></span> <span class='ocrx_word' id='word_1_38' title='bbox 717 547 786 580; x_wconf 89' lang='lat' dir='ltr'><strong>post</strong></span> <span class='ocrx_word' id='word_1_39' title='bbox 799 541 1001 572; x_wconf 80' lang='grc' dir='ltr'>τετελευτηκέ-</span> 
     </span>
     <span class='ocr_line' id='line_1_8' title="bbox 291 585 999 625; baseline 0 -10"><span class='ocrx_word' id='word_1_40' title='bbox 291 597 333 615; x_wconf 72' lang='grc' dir='ltr'>ναι</span> <span class='ocrx_word' id='word_1_41' title='bbox 355 586 464 615; x_wconf 77' lang='lat' dir='ltr'>deesse</span> <span class='ocrx_word' id='word_1_42' title='bbox 479 585 593 624; x_wconf 84' lang='lat' dir='ltr'><strong>aliquid</strong></span> <span class='ocrx_word' id='word_1_43' title='bbox 610 585 839 625; x_wconf 60' lang='lat' dir='ltr'><strong>is,{quicunqne</strong></span> <span class='ocrx_word' id='word_1_44' title='bbox 854 586 921 619; x_wconf 77' lang='lat' dir='ltr'><strong>fuit,</strong></span> <span class='ocrx_word' id='word_1_45' title='bbox 948 586 999 625; x_wconf 90' lang='lat' dir='ltr'><strong>qui</strong></span> 
     </span>
     <span class='ocr_line' id='line_1_9' title="bbox 290 628 999 667; baseline 0 -9"><span class='ocrx_word' id='word_1_46' title='bbox 290 629 452 659; x_wconf 82' lang='lat' dir='ltr'><strong>lectionem</strong></span> <span class='ocrx_word' id='word_1_47' title='bbox 476 629 506 658; x_wconf 91' lang='lat' dir='ltr'><strong>in</strong></span> <span class='ocrx_word' id='word_1_48' title='bbox 531 628 666 667; x_wconf 80' lang='lat' dir='ltr'>margine</span> <span class='ocrx_word' id='word_1_49' title='bbox 697 629 796 657; x_wconf 83' lang='lat' dir='ltr'><strong>Lutet.</strong></span> <span class='ocrx_word' id='word_1_50' title='bbox 830 633 999 658; x_wconf 75' lang='lat' dir='ltr'>annotatam</span> 
     </span>
     <span class='ocr_line' id='line_1_10' title="bbox 290 670 749 707; baseline -0.004 -5"><span class='ocrx_word' id='word_1_51' title='bbox 290 677 478 702; x_wconf 86' lang='lat' dir='ltr'><strong>commentus</strong></span> <span class='ocrx_word' id='word_1_52' title='bbox 497 676 556 707; x_wconf 92' lang='lat' dir='ltr'><strong>est,</strong></span> <span class='ocrx_word' id='word_1_53' title='bbox 574 673 650 701; x_wconf 90' lang='lat' dir='ltr'><strong>bene</strong></span> <span class='ocrx_word' id='word_1_54' title='bbox 661 670 749 701; x_wconf 83' lang='lat' dir='ltr'><strong>vidit.</strong></span> 
     </span>
    </p>

    <p class='ocr_par' dir='ltr' id='par_1_4' title="bbox 288 713 999 926">
     <span class='ocr_line' id='line_1_11' title="bbox 333 713 999 754; baseline -0.005 -8"><span class='ocrx_word' id='word_1_55' title='bbox 333 717 427 747; x_wconf 82' lang='lat'><strong>1365.</strong></span> <span class='ocrx_word' id='word_1_56' title='bbox 442 717 474 744; x_wconf 94' lang='grc'><strong>7.</strong></span> <span class='ocrx_word' id='word_1_57' title='bbox 500 716 535 748; x_wconf 81' lang='grc' dir='ltr'><strong>ὡς</strong></span> <span class='ocrx_word' id='word_1_58' title='bbox 549 713 594 744; x_wconf 78' lang='grc' dir='ltr'>τὸν</span> <span class='ocrx_word' id='word_1_59' title='bbox 609 713 640 743; x_wconf 80' lang='grc' dir='ltr'><strong>ἐκ</strong></span> <span class='ocrx_word' id='word_1_60' title='bbox 655 714 715 754; x_wconf 75' lang='lat'><strong>—-]</strong></span> <span class='ocrx_word' id='word_1_61' title='bbox 742 718 812 752; x_wconf 90' lang='lat' dir='ltr'><strong>post</strong></span> <span class='ocrx_word' id='word_1_62' title='bbox 828 714 862 747; x_wconf 81' lang='grc' dir='ltr'><strong>ὡς</strong></span> <span class='ocrx_word' id='word_1_63' title='bbox 878 714 999 744; x_wconf 87' lang='lat' dir='ltr'><strong>videtur</strong></span> 
     </span>
     <span class='ocr_line' id='line_1_12' title="bbox 289 757 999 796; baseline -0.003 -8"><span class='ocrx_word' id='word_1_64' title='bbox 289 758 389 788; x_wconf 78' lang='grc' dir='ltr'>ἑαυτοῦ</span> <span class='ocrx_word' id='word_1_65' title='bbox 399 757 466 789; x_wconf 78' lang='grc' dir='ltr'>ὄντα,</span> <span class='ocrx_word' id='word_1_66' title='bbox 478 758 595 787; x_wconf 79' lang='lat' dir='ltr'><strong>deesse.</strong></span> <span class='ocrx_word' id='word_1_67' title='bbox 609 762 748 796; x_wconf 78' lang='lat' dir='ltr'><strong>tanquam</strong></span> <span class='ocrx_word' id='word_1_68' title='bbox 761 766 793 785; x_wconf 74' lang='lat' dir='ltr'><strong>ex</strong></span> <span class='ocrx_word' id='word_1_69' title='bbox 805 766 831 784; x_wconf 84' lang='lat' dir='ltr'><strong>se</strong></span> <span class='ocrx_word' id='word_1_70' title='bbox 841 762 954 786; x_wconf 79' lang='lat' dir='ltr'><strong>natum.</strong></span> <span class='ocrx_word' id='word_1_71' title='bbox 968 761 999 786; x_wconf 89' lang='lat' dir='ltr'><strong>et</strong></span> 
     </span>
     <span class='ocr_line' id='line_1_13' title="bbox 289 799 997 837; baseline -0.003 -6"><span class='ocrx_word' id='word_1_72' title='bbox 289 801 395 831; x_wconf 88' lang='lat' dir='ltr'><strong>addidi</strong></span> <span class='ocrx_word' id='word_1_73' title='bbox 420 801 520 831; x_wconf 72' lang='grc' dir='ltr'>ἑαυτοῦ</span> <span class='ocrx_word' id='word_1_74' title='bbox 535 801 574 829; x_wconf 88' lang='lat' dir='ltr'><strong>de</strong></span> <span class='ocrx_word' id='word_1_75' title='bbox 590 810 668 829; x_wconf 85' lang='lat' dir='ltr'><strong>meo.</strong></span> <span class='ocrx_word' id='word_1_76' title='bbox 689 799 763 828; x_wconf 89' lang='lat' dir='ltr'><strong>alias</strong></span> <span class='ocrx_word' id='word_1_77' title='bbox 782 809 838 837; x_wconf 90' lang='lat' dir='ltr'><strong>pro</strong></span> <span class='ocrx_word' id='word_1_78' title='bbox 861 800 896 833; x_wconf 80' lang='grc' dir='ltr'><strong>ὡς</strong></span> <span class='ocrx_word' id='word_1_79' title='bbox 918 800 997 829; x_wconf 86' lang='lat' dir='ltr'><strong>suffi-</strong></span> 
     </span>
     <span class='ocr_line' id='line_1_14' title="bbox 289 842 998 881; baseline -0.003 -7"><span class='ocrx_word' id='word_1_80' title='bbox 289 845 429 874; x_wconf 88' lang='lat' dir='ltr'><strong>ciendum</strong></span> <span class='ocrx_word' id='word_1_81' title='bbox 446 850 492 873; x_wconf 89' lang='lat' dir='ltr'><strong>est</strong></span> <span class='ocrx_word' id='word_1_82' title='bbox 512 843 555 878; x_wconf 75' lang='grc' dir='ltr'>ὢν,</span> <span class='ocrx_word' id='word_1_83' title='bbox 574 843 653 881; x_wconf 87' lang='lat' dir='ltr'><strong>quod</strong></span> <span class='ocrx_word' id='word_1_84' title='bbox 674 843 746 871; x_wconf 91' lang='lat' dir='ltr'><strong>dant</strong></span> <span class='ocrx_word' id='word_1_85' title='bbox 764 842 857 880; x_wconf 84' lang='lat' dir='ltr'>aliqui</span> <span class='ocrx_word' id='word_1_86' title='bbox 877 842 998 872; x_wconf 84' lang='lat' dir='ltr'><strong>codices</strong></span> 
     </span>
     <span class='ocr_line' id='line_1_15' title="bbox 288 886 595 926; baseline -0.016 -8"><span class='ocrx_word' id='word_1_87' title='bbox 288 897 306 917; x_wconf 87' lang='lat' dir='ltr'><strong>a</strong></span> <span class='ocrx_word' id='word_1_88' title='bbox 321 888 454 926; x_wconf 86' lang='lat' dir='ltr'><strong>Tayloro</strong></span> <span class='ocrx_word' id='word_1_89' title='bbox 471 886 595 915; x_wconf 81' lang='lat' dir='ltr'><strong>laudati.</strong></span> 
     </span>
    </p>

    <p class='ocr_par' dir='ltr' id='par_1_5' title="bbox 285 928 997 1046">
     <span class='ocr_line' id='line_1_16' title="bbox 335 928 996 969; baseline -0.005 -8"><span class='ocrx_word' id='word_1_90' title='bbox 335 932 428 961; x_wconf 82' lang='lat'><strong>1366.</strong></span> <span class='ocrx_word' id='word_1_91' title='bbox 442 931 492 960; x_wconf 84' lang='lat'><strong>13.</strong></span> <span class='ocrx_word' id='word_1_92' title='bbox 508 928 645 967; x_wconf 75' lang='grc' dir='ltr'>γήμαντά</span> <span class='ocrx_word' id='word_1_93' title='bbox 660 928 709 969; x_wconf 77' lang='grc' dir='ltr'><strong>γε]</strong></span> <span class='ocrx_word' id='word_1_94' title='bbox 725 929 800 958; x_wconf 88' lang='lat' dir='ltr'><strong>bene</strong></span> <span class='ocrx_word' id='word_1_95' title='bbox 811 928 912 957; x_wconf 86' lang='lat' dir='ltr'><strong>habet.</strong></span> <span class='ocrx_word' id='word_1_96' title='bbox 923 933 996 958; x_wconf 82' lang='lat' dir='ltr'><strong>tam-</strong></span> 
     </span>
     <span class='ocr_line' id='line_1_17' title="bbox 286 971 997 1012; baseline -0.001 -9"><span class='ocrx_word' id='word_1_97' title='bbox 286 975 338 1004; x_wconf 82' lang='lat' dir='ltr'><strong>etsi</strong></span> <span class='ocrx_word' id='word_1_98' title='bbox 364 973 468 1002; x_wconf 74' lang='lat' dir='ltr'><strong>ritibus</strong></span> <span class='ocrx_word' id='word_1_99' title='bbox 492 973 627 1012; x_wconf 79' lang='lat' dir='ltr'><em>legitimis</em></span> <span class='ocrx_word' id='word_1_100' title='bbox 648 981 710 1001; x_wconf 85' lang='lat' dir='ltr'><strong>eam</strong></span> <span class='ocrx_word' id='word_1_101' title='bbox 737 971 922 1001; x_wconf 78' lang='lat' dir='ltr'><strong>matrimonio</strong></span> <span class='ocrx_word' id='word_1_102' title='bbox 941 973 997 1002; x_wconf 81' lang='lat' dir='ltr'><strong>da-</strong></span> 
     </span>
     <span class='ocr_line' id='line_1_18' title="bbox 285 1018 378 1046; baseline 0 0"><span class='ocrx_word' id='word_1_103' title='bbox 285 1018 378 1046; x_wconf 74' lang='lat' dir='ltr'><strong>scisset.</strong></span> 
     </span>
    </p>

    <p class='ocr_par' dir='ltr' id='par_1_6' title="bbox 285 1055 996 1176">
     <span class='ocr_line' id='line_1_19' title="bbox 329 1055 995 1098; baseline -0.003 -9"><span class='ocrx_word' id='word_1_104' title='bbox 329 1077 373 1082; x_wconf 90' lang='lat'>—</span> <span class='ocrx_word' id='word_1_105' title='bbox 385 1061 435 1089; x_wconf 87' lang='lat'><strong>14.</strong></span> <span class='ocrx_word' id='word_1_106' title='bbox 445 1057 539 1088; x_wconf 69' lang='grc' dir='ltr'>ἐπειδῆ</span> <span class='ocrx_word' id='word_1_107' title='bbox 556 1068 588 1087; x_wconf 86' lang='grc' dir='ltr'><strong>τε</strong></span> <span class='ocrx_word' id='word_1_108' title='bbox 600 1055 737 1098; x_wconf 66' lang='grc' dir='ltr'>ἐπείσθη]</span> <span class='ocrx_word' id='word_1_109' title='bbox 752 1057 930 1097; x_wconf 80' lang='lat' dir='ltr'><strong>particulam</strong></span> <span class='ocrx_word' id='word_1_110' title='bbox 943 1068 995 1087; x_wconf 90' lang='lat' dir='ltr'><strong>co-</strong></span> 
     </span>
     <span class='ocr_line' id='line_1_20' title="bbox 285 1101 996 1141; baseline -0.003 -9"><span class='ocrx_word' id='word_1_111' title='bbox 285 1103 440 1141; x_wconf 89' lang='lat' dir='ltr'><strong>pulantem</strong></span> <span class='ocrx_word' id='word_1_112' title='bbox 457 1112 490 1130; x_wconf 88' lang='grc' dir='ltr'><strong>τε</strong></span> <span class='ocrx_word' id='word_1_113' title='bbox 507 1112 523 1130; x_wconf 91' lang='lat' dir='ltr'><strong>e</strong></span> <span class='ocrx_word' id='word_1_114' title='bbox 542 1102 616 1130; x_wconf 85' lang='lat' dir='ltr'><strong>Bav.</strong></span> <span class='ocrx_word' id='word_1_115' title='bbox 633 1101 748 1132; x_wconf 86' lang='lat' dir='ltr'><strong>addidi.</strong></span> <span class='ocrx_word' id='word_1_116' title='bbox 773 1101 849 1131; x_wconf 89' lang='lat' dir='ltr'><strong>alias</strong></span> <span class='ocrx_word' id='word_1_117' title='bbox 871 1101 996 1131; x_wconf 88' lang='lat' dir='ltr'><strong>maluis-</strong></span> 
     </span>
     <span class='ocr_line' id='line_1_21' title="bbox 285 1143 610 1176; baseline 0 -1"><span class='ocrx_word' id='word_1_118' title='bbox 285 1156 348 1176; x_wconf 85' lang='lat' dir='ltr'><strong>sem</strong></span> <span class='ocrx_word' id='word_1_119' title='bbox 363 1145 424 1176; x_wconf 73' lang='grc' dir='ltr'><strong>ἐπεὶ</strong></span> <span class='ocrx_word' id='word_1_120' title='bbox 440 1143 467 1174; x_wconf 71' lang='grc' dir='ltr'><strong>δὲ</strong></span> <span class='ocrx_word' id='word_1_121' title='bbox 484 1143 610 1175; x_wconf 75' lang='grc' dir='ltr'><strong>ἐπείσθη.</strong></span> 
     </span>
    </p>

    <p class='ocr_par' dir='ltr' id='par_1_7' title="bbox 284 1186 995 1357">
     <span class='ocr_line' id='line_1_22' title="bbox 328 1186 994 1228; baseline -0.002 -10"><span class='ocrx_word' id='word_1_122' title='bbox 328 1191 424 1219; x_wconf 85' lang='grc'><strong>1367.</strong></span> <span class='ocrx_word' id='word_1_123' title='bbox 446 1191 498 1218; x_wconf 74' lang='lat'><strong>¹27.</strong></span> <span class='ocrx_word' id='word_1_124' title='bbox 526 1186 795 1228; x_wconf 75' lang='grc' dir='ltr'>ἀποπεφασμένως]</span> <span class='ocrx_word' id='word_1_125' title='bbox 821 1187 906 1218; x_wconf 82' lang='lat' dir='ltr'><strong>Citat</strong></span> <span class='ocrx_word' id='word_1_126' title='bbox 927 1188 994 1217; x_wconf 90' lang='lat' dir='ltr'><strong>h.l.</strong></span> 
     </span>
     <span class='ocr_line' id='line_1_23' title="bbox 285 1231 994 1271; baseline -0.003 -9"><span class='ocrx_word' id='word_1_127' title='bbox 285 1233 440 1271; x_wconf 87' lang='lat' dir='ltr'><strong>Harpocr.</strong></span> <span class='ocrx_word' id='word_1_128' title='bbox 455 1231 485 1260; x_wconf 90' lang='lat' dir='ltr'><strong>h.</strong></span> <span class='ocrx_word' id='word_1_129' title='bbox 500 1242 528 1260; x_wconf 94' lang='lat' dir='ltr'><strong>v.</strong></span> <span class='ocrx_word' id='word_1_130' title='bbox 557 1231 716 1260; x_wconf 81' lang='lat' dir='ltr'><strong>Sententia</strong></span> <span class='ocrx_word' id='word_1_131' title='bbox 736 1236 802 1260; x_wconf 89' lang='lat' dir='ltr'><strong>est:</strong></span> <span class='ocrx_word' id='word_1_132' title='bbox 826 1231 994 1270; x_wconf 86' lang='lat' dir='ltr'><strong>Epaenetns</strong></span> 
     </span>
     <span class='ocr_line' id='line_1_24' title="bbox 284 1274 995 1314; baseline -0.001 -10"><span class='ocrx_word' id='word_1_133' title='bbox 284 1275 423 1311; x_wconf 83' lang='lat' dir='ltr'><strong>disertis,</strong></span> <span class='ocrx_word' id='word_1_134' title='bbox 437 1274 586 1304; x_wconf 78' lang='lat' dir='ltr'><strong>districtis</strong></span> <span class='ocrx_word' id='word_1_135' title='bbox 601 1274 703 1303; x_wconf 88' lang='lat' dir='ltr'><strong>verbis</strong></span> <span class='ocrx_word' id='word_1_136' title='bbox 725 1274 824 1303; x_wconf 83' lang='lat' dir='ltr'><strong>aiebat</strong></span> <span class='ocrx_word' id='word_1_137' title='bbox 846 1274 995 1314; x_wconf 79' lang='lat' dir='ltr'><strong>Stephani</strong></span> 
     </span>
     <span class='ocr_line' id='line_1_25' title="bbox 284 1319 641 1357; baseline -0.006 -9"><span class='ocrx_word' id='word_1_138' title='bbox 284 1319 406 1348; x_wconf 87' lang='lat' dir='ltr'><strong>domum</strong></span> <span class='ocrx_word' id='word_1_139' title='bbox 422 1319 550 1357; x_wconf 84' lang='lat' dir='ltr'><strong>lupanar</strong></span> <span class='ocrx_word' id='word_1_140' title='bbox 564 1327 641 1347; x_wconf 84' lang='lat' dir='ltr'><strong>esse.</strong></span> 
     </span>
    </p>

    <p class='ocr_par' dir='ltr' id='par_1_8' title="bbox 284 1360 996 1435">
     <span class='ocr_line' id='line_1_26' title="bbox 326 1360 996 1401; baseline -0.001 -10"><span class='ocrx_word' id='word_1_141' title='bbox 326 1380 369 1384; x_wconf 86' lang='lat'><strong>-—-</strong></span> <span class='ocrx_word' id='word_1_142' title='bbox 384 1361 440 1391; x_wconf 92' lang='lat' dir='ltr'><strong>ult.</strong></span> <span class='ocrx_word' id='word_1_143' title='bbox 470 1360 587 1401; x_wconf 74' lang='grc' dir='ltr'>αὐτοὺς]</span> <span class='ocrx_word' id='word_1_144' title='bbox 614 1361 812 1399; x_wconf 84' lang='lat' dir='ltr'><strong>Stephanum,</strong></span> <span class='ocrx_word' id='word_1_145' title='bbox 843 1361 996 1396; x_wconf 83' lang='lat' dir='ltr'><strong>Neaeram,</strong></span> 
     </span>
     <span class='ocr_line' id='line_1_27' title="bbox 284 1406 470 1435; baseline -0.005 -1"><span class='ocrx_word' id='word_1_146' title='bbox 284 1406 470 1435; x_wconf 85' lang='lat' dir='ltr'><strong>Phanonem.</strong></span> 
     </span>
    </p>

    <p class='ocr_par' dir='ltr' id='par_1_9' title="bbox 281 1445 996 1565">
     <span class='ocr_line' id='line_1_28' title="bbox 326 1445 996 1486; baseline -0.006 -7"><span class='ocrx_word' id='word_1_147' title='bbox 326 1450 421 1479; x_wconf 78' lang='lat'><strong>1368.</strong></span> <span class='ocrx_word' id='word_1_148' title='bbox 439 1450 469 1477; x_wconf 68' lang='lat'><strong>2.</strong></span> <span class='ocrx_word' id='word_1_149' title='bbox 483 1447 531 1476; x_wconf 73' lang='grc' dir='ltr'><strong>καὶ</strong></span> <span class='ocrx_word' id='word_1_150' title='bbox 548 1449 596 1479; x_wconf 67' lang='grc' dir='ltr'>’τὴν</span> <span class='ocrx_word' id='word_1_151' title='bbox 607 1446 730 1486; x_wconf 68' lang='grc' dir='ltr'>γξαφῆν]</span> <span class='ocrx_word' id='word_1_152' title='bbox 744 1445 846 1475; x_wconf 85' lang='lat' dir='ltr'><strong>malim</strong></span> <span class='ocrx_word' id='word_1_153' title='bbox 861 1458 867 1475; x_wconf 77' lang='lat' dir='ltr'>z</span> <span class='ocrx_word' id='word_1_154' title='bbox 884 1447 933 1475; x_wconf 72' lang='grc' dir='ltr'><strong>τοῦ</strong></span> <span class='ocrx_word' id='word_1_155' title='bbox 948 1446 996 1475; x_wconf 74' lang='grc' dir='ltr'><strong>καὶ</strong></span> 
     </span>
     <span class='ocr_line' id='line_1_29' title="bbox 281 1489 996 1530; baseline -0.003 -9"><span class='ocrx_word' id='word_1_156' title='bbox 281 1493 330 1522; x_wconf 72' lang='grc' dir='ltr'>τὴν</span> <span class='ocrx_word' id='word_1_157' title='bbox 349 1491 464 1530; x_wconf 69' lang='grc' dir='ltr'>γραφήν.</span> <span class='ocrx_word' id='word_1_158' title='bbox 485 1490 574 1519; x_wconf 87' lang='lat' dir='ltr'><strong>facile</strong></span> <span class='ocrx_word' id='word_1_159' title='bbox 598 1491 699 1528; x_wconf 81' lang='lat' dir='ltr'><strong>potuit</strong></span> <span class='ocrx_word' id='word_1_160' title='bbox 715 1491 764 1519; x_wconf 80' lang='grc' dir='ltr'><strong>τοῦ</strong></span> <span class='ocrx_word' id='word_1_161' title='bbox 785 1489 813 1518; x_wconf 89' lang='lat' dir='ltr'><strong>in</strong></span> <span class='ocrx_word' id='word_1_162' title='bbox 838 1489 996 1519; x_wconf 86' lang='lat' dir='ltr'><strong>collisione</strong></span> 
     </span>
     <span class='ocr_line' id='line_1_30' title="bbox 282 1532 678 1565; baseline -0.008 0"><span class='ocrx_word' id='word_1_163' title='bbox 282 1545 353 1565; x_wconf 81' lang='lat' dir='ltr'><strong>cum</strong></span> <span class='ocrx_word' id='word_1_164' title='bbox 366 1532 528 1564; x_wconf 73' lang='grc' dir='ltr'><strong><em>Ἐπαινέτου</em></strong></span> <span class='ocrx_word' id='word_1_165' title='bbox 542 1533 678 1562; x_wconf 87' lang='lat' dir='ltr'><strong>interire.</strong></span> 
     </span>
    </p>

    <p class='ocr_par' dir='ltr' id='par_1_10' title="bbox 280 1574 996 1744">
     <span class='ocr_line' id='line_1_31' title="bbox 323 1574 996 1617; baseline -0.003 -10"><span class='ocrx_word' id='word_1_166' title='bbox 323 1596 366 1600; x_wconf 93' lang='lat'>—</span> <span class='ocrx_word' id='word_1_167' title='bbox 383 1580 413 1608; x_wconf 84' lang='lat'><strong>6.</strong></span> <span class='ocrx_word' id='word_1_168' title='bbox 444 1575 528 1605; x_wconf 73' lang='grc' dir='ltr'>αὐτὸν</span> <span class='ocrx_word' id='word_1_169' title='bbox 556 1574 708 1617; x_wconf 72' lang='grc' dir='ltr'>ἀφεῖσθαι]</span> <span class='ocrx_word' id='word_1_170' title='bbox 740 1586 799 1605; x_wconf 87' lang='lat' dir='ltr'><strong>nou</strong></span> <span class='ocrx_word' id='word_1_171' title='bbox 829 1577 996 1615; x_wconf 85' lang='lat' dir='ltr'><strong>Epaenetus</strong></span> 
     </span>
     <span class='ocr_line' id='line_1_32' title="bbox 282 1619 994 1658; baseline -0.004 -7"><span class='ocrx_word' id='word_1_172' title='bbox 282 1620 487 1651; x_wconf 81' lang='lat' dir='ltr'><strong>absolvendus</strong></span> <span class='ocrx_word' id='word_1_173' title='bbox 512 1625 577 1649; x_wconf 87' lang='lat' dir='ltr'><strong>erat</strong></span> <span class='ocrx_word' id='word_1_174' title='bbox 599 1630 616 1648; x_wconf 89' lang='lat' dir='ltr'><strong>a</strong></span> <span class='ocrx_word' id='word_1_175' title='bbox 638 1619 823 1654; x_wconf 82' lang='lat' dir='ltr'><strong>vadimonio,</strong></span> <span class='ocrx_word' id='word_1_176' title='bbox 847 1620 901 1648; x_wconf 85' lang='lat' dir='ltr'><strong>scd</strong></span> <span class='ocrx_word' id='word_1_177' title='bbox 917 1629 994 1658; x_wconf 89' lang='lat' dir='ltr'><strong>prae-</strong></span> 
     </span>
     <span class='ocr_line' id='line_1_33' title="bbox 283 1662 993 1701; baseline -0.001 -8"><span class='ocrx_word' id='word_1_178' title='bbox 283 1665 350 1699; x_wconf 91' lang='lat' dir='ltr'><strong>des,</strong></span> <span class='ocrx_word' id='word_1_179' title='bbox 368 1663 602 1693; x_wconf 82' lang='lat' dir='ltr'><strong>Aristomachus</strong></span> <span class='ocrx_word' id='word_1_180' title='bbox 615 1668 645 1691; x_wconf 90' lang='lat' dir='ltr'><strong>et</strong></span> <span class='ocrx_word' id='word_1_181' title='bbox 658 1662 883 1700; x_wconf 80' lang='lat' dir='ltr'><strong>Nausipliilus;</strong></span> <span class='ocrx_word' id='word_1_182' title='bbox 900 1673 993 1701; x_wconf 71' lang='lat' dir='ltr'><strong>quare</strong></span> 
     </span>
     <span class='ocr_line' id='line_1_34' title="bbox 280 1704 877 1744; baseline -0.005 -8"><span class='ocrx_word' id='word_1_183' title='bbox 280 1712 404 1737; x_wconf 79' lang='lat' dir='ltr'><strong>autumo</strong></span> <span class='ocrx_word' id='word_1_184' title='bbox 418 1707 478 1744; x_wconf 83' lang='lat' dir='ltr'><strong>leg.</strong></span> <span class='ocrx_word' id='word_1_185' title='bbox 497 1716 585 1735; x_wconf 85' lang='lat' dir='ltr'><strong>esse:</strong></span> <span class='ocrx_word' id='word_1_186' title='bbox 606 1705 709 1739; x_wconf 67' lang='grc' dir='ltr'>αὐτοὺς</span> <span class='ocrx_word' id='word_1_187' title='bbox 723 1704 877 1744; x_wconf 62' lang='grc' dir='ltr'>ἀφεῖσθαι.</span> 
     </span>
    </p>

    <p class='ocr_par' dir='ltr' id='par_1_11' title="bbox 282 1746 993 1876">
     <span class='ocr_line' id='line_1_35' title="bbox 324 1746 993 1788; baseline -0.007 -7"><span class='ocrx_word' id='word_1_188' title='bbox 324 1752 431 1780; x_wconf 68' lang='grc'><strong>-24.</strong></span> <span class='ocrx_word' id='word_1_189' title='bbox 447 1748 602 1788; x_wconf 73' lang='grc' dir='ltr'>ἐγγυητὰς]</span> <span class='ocrx_word' id='word_1_190' title='bbox 628 1754 699 1787; x_wconf 84' lang='lat' dir='ltr'><strong>post</strong></span> <span class='ocrx_word' id='word_1_191' title='bbox 725 1746 866 1786; x_wconf 74' lang='grc' dir='ltr'><strong>ἐγγυητὰς</strong></span> <span class='ocrx_word' id='word_1_192' title='bbox 892 1747 993 1777; x_wconf 87' lang='lat' dir='ltr'><strong>malim</strong></span> 
     </span>
     <span class='ocr_line' id='line_1_36' title="bbox 282 1791 993 1831; baseline -0.004 -8"><span class='ocrx_word' id='word_1_193' title='bbox 282 1793 346 1826; x_wconf 75' lang='grc' dir='ltr'>τοὺς</span> <span class='ocrx_word' id='word_1_194' title='bbox 362 1792 444 1828; x_wconf 87' lang='lat' dir='ltr'><strong>addi,</strong></span> <span class='ocrx_word' id='word_1_195' title='bbox 459 1793 578 1830; x_wconf 76' lang='lat' dir='ltr'><strong>praedes,</strong></span> <span class='ocrx_word' id='word_1_196' title='bbox 595 1792 645 1831; x_wconf 77' lang='lat' dir='ltr'><strong>qui</strong></span> <span class='ocrx_word' id='word_1_197' title='bbox 660 1792 747 1821; x_wconf 83' lang='lat' dir='ltr'><strong>etiam</strong></span> <span class='ocrx_word' id='word_1_198' title='bbox 764 1791 849 1820; x_wconf 72' lang='lat' dir='ltr'><strong>iidem</strong></span> <span class='ocrx_word' id='word_1_199' title='bbox 865 1792 993 1820; x_wconf 72' lang='lat' dir='ltr'><strong>reconci-</strong></span> 
     </span>
     <span class='ocr_line' id='line_1_37' title="bbox 282 1834 670 1876; baseline -0.005 -11"><span class='ocrx_word' id='word_1_200' title='bbox 282 1836 399 1866; x_wconf 76' lang='lat' dir='ltr'><strong>liatores</strong></span> <span class='ocrx_word' id='word_1_201' title='bbox 410 1834 670 1876; x_wconf 78' lang='lat' dir='ltr'><strong>gratiaefuerunt.</strong></span> 
     </span>
    </p>

    <p class='ocr_par' dir='ltr' id='par_1_12' title="bbox 281 1876 993 2218">
     <span class='ocr_line' id='line_1_38' title="bbox 322 1876 993 1917; baseline -0.004 -8"><span class='ocrx_word' id='word_1_202' title='bbox 322 1890 366 1901; x_wconf 45' lang='lat' dir='ltr'><strong>——e</strong></span> <span class='ocrx_word' id='word_1_203' title='bbox 382 1879 437 1909; x_wconf 85' lang='lat' dir='ltr'><strong>ult.</strong></span> <span class='ocrx_word' id='word_1_204' title='bbox 453 1878 554 1917; x_wconf 72' lang='grc' dir='ltr'>αὑτοῦ]</span> <span class='ocrx_word' id='word_1_205' title='bbox 580 1882 653 1916; x_wconf 89' lang='lat' dir='ltr'><strong>post</strong></span> <span class='ocrx_word' id='word_1_206' title='bbox 669 1878 755 1906; x_wconf 73' lang='grc' dir='ltr'>αὑτοῦ</span> <span class='ocrx_word' id='word_1_207' title='bbox 773 1876 894 1906; x_wconf 81' lang='lat' dir='ltr'><strong>videtur</strong></span> <span class='ocrx_word' id='word_1_208' title='bbox 910 1876 993 1906; x_wconf 69' lang='grc' dir='ltr'>αὐτὸν</span> 
     </span>
     <span class='ocr_line' id='line_1_39' title="bbox 281 1920 993 1960; baseline -0.006 -8"><span class='ocrx_word' id='word_1_209' title='bbox 281 1923 401 1952; x_wconf 74' lang='lat' dir='ltr'><strong>deesse.</strong></span> <span class='ocrx_word' id='word_1_210' title='bbox 426 1921 506 1960; x_wconf 87' lang='lat' dir='ltr'><strong>quod</strong></span> <span class='ocrx_word' id='word_1_211' title='bbox 530 1924 577 1949; x_wconf 88' lang='lat' dir='ltr'><strong>est</strong></span> <span class='ocrx_word' id='word_1_212' title='bbox 598 1920 636 1948; x_wconf 78' lang='lat' dir='ltr'><strong>ad</strong></span> <span class='ocrx_word' id='word_1_213' title='bbox 660 1920 839 1958; x_wconf 81' lang='lat' dir='ltr'><strong>Epaenetum</strong></span> <span class='ocrx_word' id='word_1_214' title='bbox 862 1921 993 1949; x_wconf 81' lang='lat' dir='ltr'><strong>referen-</strong></span> 
     </span>
     <span class='ocr_line' id='line_1_40' title="bbox 282 1962 993 1998; baseline -0.006 -3"><span class='ocrx_word' id='word_1_215' title='bbox 282 1966 366 1995; x_wconf 88' lang='lat' dir='ltr'><strong>dum.</strong></span> <span class='ocrx_word' id='word_1_216' title='bbox 392 1974 461 1994; x_wconf 86' lang='lat' dir='ltr'><strong>nam</strong></span> <span class='ocrx_word' id='word_1_217' title='bbox 485 1963 572 1998; x_wconf 86' lang='lat' dir='ltr'><strong>alias,</strong></span> <span class='ocrx_word' id='word_1_218' title='bbox 594 1962 647 1991; x_wconf 89' lang='lat' dir='ltr'><strong>illo</strong></span> <span class='ocrx_word' id='word_1_219' title='bbox 675 1962 800 1992; x_wconf 85' lang='lat' dir='ltr'><strong>omisso.</strong></span> <span class='ocrx_word' id='word_1_220' title='bbox 826 1962 993 1992; x_wconf 80' lang='lat' dir='ltr'><strong>exsisteret</strong></span> 
     </span>
     <span class='ocr_line' id='line_1_41' title="bbox 282 2005 993 2048; baseline -0.004 -10"><span class='ocrx_word' id='word_1_221' title='bbox 282 2020 338 2048; x_wconf 80' lang='lat' dir='ltr'><strong>pei·</strong></span> <span class='ocrx_word' id='word_1_222' title='bbox 362 2008 448 2047; x_wconf 86' lang='lat' dir='ltr'><strong>leges</strong></span> <span class='ocrx_word' id='word_1_223' title='bbox 467 2005 702 2036; x_wconf 83' lang='lat' dir='ltr'><strong>constructionis</strong></span> <span class='ocrx_word' id='word_1_224' title='bbox 726 2005 788 2035; x_wconf 81' lang='lat' dir='ltr'><strong>haec</strong></span> <span class='ocrx_word' id='word_1_225' title='bbox 809 2006 993 2035; x_wconf 85' lang='lat' dir='ltr'><strong>absurdissi-</strong></span> 
     </span>
     <span class='ocr_line' id='line_1_42' title="bbox 281 2048 993 2088; baseline -0.007 -6"><span class='ocrx_word' id='word_1_226' title='bbox 281 2062 330 2081; x_wconf 86' lang='lat' dir='ltr'><strong>ma</strong></span> <span class='ocrx_word' id='word_1_227' title='bbox 355 2050 515 2085; x_wconf 86' lang='lat' dir='ltr'><strong>sententia,</strong></span> <span class='ocrx_word' id='word_1_228' title='bbox 539 2048 752 2088; x_wconf 87' lang='lat' dir='ltr'><strong>Nausiphilum</strong></span> <span class='ocrx_word' id='word_1_229' title='bbox 773 2053 803 2077; x_wconf 86' lang='lat' dir='ltr'><strong>et</strong></span> <span class='ocrx_word' id='word_1_230' title='bbox 824 2048 993 2078; x_wconf 78' lang='lat' dir='ltr'><strong>Aristoma-</strong></span> 
     </span>
     <span class='ocr_line' id='line_1_43' title="bbox 281 2092 991 2135; baseline -0.003 -11"><span class='ocrx_word' id='word_1_231' title='bbox 281 2095 369 2124; x_wconf 85' lang='lat' dir='ltr'><strong>chum</strong></span> <span class='ocrx_word' id='word_1_232' title='bbox 382 2095 488 2135; x_wconf 69' lang='grc' dir='ltr'>γραφῆν</span> <span class='ocrx_word' id='word_1_233' title='bbox 498 2096 603 2122; x_wconf 85' lang='lat' dir='ltr'><strong>contra</strong></span> <span class='ocrx_word' id='word_1_234' title='bbox 611 2092 795 2131; x_wconf 86' lang='lat' dir='ltr'><strong>Stephanum</strong></span> <span class='ocrx_word' id='word_1_235' title='bbox 808 2092 844 2121; x_wconf 88' lang='lat' dir='ltr'><strong>ad</strong></span> <span class='ocrx_word' id='word_1_236' title='bbox 856 2092 991 2130; x_wconf 86' lang='lat' dir='ltr'><strong>judicem</strong></span> 
     </span>
     <span class='ocr_line' id='line_1_44' title="bbox 281 2135 991 2171; baseline -0.003 -4"><span class='ocrx_word' id='word_1_237' title='bbox 281 2138 443 2167; x_wconf 84' lang='lat' dir='ltr'><strong>detulisse.</strong></span> <span class='ocrx_word' id='word_1_238' title='bbox 489 2136 550 2165; x_wconf 89' lang='lat' dir='ltr'><strong>Sed</strong></span> <span class='ocrx_word' id='word_1_239' title='bbox 568 2136 632 2164; x_wconf 87' lang='lat' dir='ltr'><strong>haec</strong></span> <span class='ocrx_word' id='word_1_240' title='bbox 648 2140 695 2165; x_wconf 86' lang='lat' dir='ltr'><strong>est</strong></span> <span class='ocrx_word' id='word_1_241' title='bbox 711 2135 860 2164; x_wconf 85' lang='lat' dir='ltr'><strong>sententia</strong></span> <span class='ocrx_word' id='word_1_242' title='bbox 875 2146 880 2163; x_wconf 75' lang='grc' dir='ltr'>ε</span> <span class='ocrx_word' id='word_1_243' title='bbox 898 2135 991 2171; x_wconf 72' lang='grc' dir='ltr'>αὐτὸν,</span> 
     </span>
     <span class='ocr_line' id='line_1_45' title="bbox 282 2178 840 2218; baseline -0.007 -8"><span class='ocrx_word' id='word_1_244' title='bbox 282 2191 362 2216; x_wconf 86' lang='lat' dir='ltr'><strong>eum,</strong></span> <span class='ocrx_word' id='word_1_245' title='bbox 381 2181 558 2218; x_wconf 88' lang='lat' dir='ltr'><strong>Epaenetum</strong></span> <span class='ocrx_word' id='word_1_246' title='bbox 574 2183 658 2217; x_wconf 86' lang='lat' dir='ltr'><strong>puta,</strong></span> <span class='ocrx_word' id='word_1_247' title='bbox 672 2178 703 2206; x_wconf 91' lang='lat' dir='ltr'><strong>id</strong></span> <span class='ocrx_word' id='word_1_248' title='bbox 720 2178 840 2207; x_wconf 83' lang='lat' dir='ltr'><strong>fecisse.</strong></span> 
     </span>
    </p>

    <p class='ocr_par' dir='ltr' id='par_1_13' title="bbox 274 2218 992 2953">
     <span class='ocr_line' id='line_1_46' title="bbox 326 2218 991 2261; baseline -0.002 -9"><span class='ocrx_word' id='word_1_249' title='bbox 326 2225 420 2254; x_wconf 84' lang='lat'><strong>1369.</strong></span> <span class='ocrx_word' id='word_1_250' title='bbox 434 2225 484 2252; x_wconf 71' lang='lat'><strong>12.</strong></span> <span class='ocrx_word' id='word_1_251' title='bbox 494 2218 571 2254; x_wconf 59' lang='grc' dir='ltr'>οὗτος</span> <span class='ocrx_word' id='word_1_252' title='bbox 580 2221 627 2250; x_wconf 73' lang='grc' dir='ltr'><strong>οὐκ</strong></span> <span class='ocrx_word' id='word_1_253' title='bbox 641 2220 802 2261; x_wconf 78' lang='grc' dir='ltr'>ἐτόλμησε]</span> <span class='ocrx_word' id='word_1_254' title='bbox 820 2221 991 2260; x_wconf 82' lang='lat' dir='ltr'><strong>negativam</strong></span> 
     </span>
     <span class='ocr_line' id='line_1_47' title="bbox 280 2264 992 2296; baseline -0.001 0"><span class='ocrx_word' id='word_1_255' title='bbox 280 2266 462 2296; x_wconf 77' lang='lat' dir='ltr'><strong>auctoritate</strong></span> <span class='ocrx_word' id='word_1_256' title='bbox 475 2275 542 2294; x_wconf 87' lang='lat' dir='ltr'><strong>mea</strong></span> <span class='ocrx_word' id='word_1_257' title='bbox 557 2264 673 2293; x_wconf 81' lang='lat' dir='ltr'><strong>addidi.</strong></span> <span class='ocrx_word' id='word_1_258' title='bbox 689 2274 747 2293; x_wconf 89' lang='lat' dir='ltr'><strong>non</strong></span> <span class='ocrx_word' id='word_1_259' title='bbox 764 2265 842 2293; x_wconf 87' lang='lat' dir='ltr'><strong>enim</strong></span> <span class='ocrx_word' id='word_1_260' title='bbox 861 2265 992 2295; x_wconf 82' lang='lat' dir='ltr'><strong>audebat</strong></span> 
     </span>
     <span class='ocr_line' id='line_1_48' title="bbox 280 2307 991 2350; baseline -0.004 -10"><span class='ocrx_word' id='word_1_261' title='bbox 280 2310 451 2350; x_wconf 76' lang='lat' dir='ltr'><strong>Stephanus</strong></span> <span class='ocrx_word' id='word_1_262' title='bbox 479 2318 581 2338; x_wconf 87' lang='lat' dir='ltr'><strong>coram</strong></span> <span class='ocrx_word' id='word_1_263' title='bbox 607 2307 713 2346; x_wconf 84' lang='lat' dir='ltr'><strong>judice</strong></span> <span class='ocrx_word' id='word_1_264' title='bbox 743 2307 937 2341; x_wconf 82' lang='lat' dir='ltr'><strong>contendere,</strong></span> <span class='ocrx_word' id='word_1_265' title='bbox 960 2314 991 2338; x_wconf 88' lang='lat' dir='ltr'><strong>et</strong></span> 
     </span>
     <span class='ocr_line' id='line_1_49' title="bbox 275 2351 991 2391; baseline -0.006 -8"><span class='ocrx_word' id='word_1_266' title='bbox 275 2355 344 2391; x_wconf 88' lang='lat' dir='ltr'><strong>jure</strong></span> <span class='ocrx_word' id='word_1_267' title='bbox 361 2352 515 2387; x_wconf 82' lang='lat' dir='ltr'><strong>evincere,</strong></span> <span class='ocrx_word' id='word_1_268' title='bbox 533 2352 713 2390; x_wconf 84' lang='lat' dir='ltr'><strong>Epaenetum</strong></span> <span class='ocrx_word' id='word_1_269' title='bbox 738 2359 807 2380; x_wconf 80' lang='lat' dir='ltr'><strong>esse</strong></span> <span class='ocrx_word' id='word_1_270' title='bbox 828 2351 991 2380; x_wconf 78' lang='lat' dir='ltr'><strong>mmchum.</strong></span> 
     </span>
     <span class='ocr_line' id='line_1_50' title="bbox 279 2393 989 2435; baseline -0.003 -10"><span class='ocrx_word' id='word_1_271' title='bbox 279 2396 410 2435; x_wconf 80' lang='lat' dir='ltr'><strong>Vulgata</strong></span> <span class='ocrx_word' id='word_1_272' title='bbox 427 2395 453 2424; x_wconf 89' lang='lat' dir='ltr'><strong>si</strong></span> <span class='ocrx_word' id='word_1_273' title='bbox 470 2399 622 2429; x_wconf 84' lang='lat' dir='ltr'><strong>servetur,</strong></span> <span class='ocrx_word' id='word_1_274' title='bbox 645 2404 704 2422; x_wconf 89' lang='lat' dir='ltr'><strong>non</strong></span> <span class='ocrx_word' id='word_1_275' title='bbox 725 2393 825 2432; x_wconf 81' lang='lat' dir='ltr'><strong>possit</strong></span> <span class='ocrx_word' id='word_1_276' title='bbox 841 2398 941 2422; x_wconf 85' lang='lat' dir='ltr'><strong>orator</strong></span> <span class='ocrx_word' id='word_1_277' title='bbox 958 2394 989 2423; x_wconf 93' lang='lat' dir='ltr'><strong>id</strong></span> 
     </span>
     <span class='ocr_line' id='line_1_51' title="bbox 278 2437 989 2477; baseline -0.001 -9"><span class='ocrx_word' id='word_1_278' title='bbox 278 2439 409 2474; x_wconf 85' lang='lat' dir='ltr'><strong>efficere,</strong></span> <span class='ocrx_word' id='word_1_279' title='bbox 425 2438 507 2477; x_wconf 87' lang='lat' dir='ltr'><strong>quod</strong></span> <span class='ocrx_word' id='word_1_280' title='bbox 525 2437 600 2467; x_wconf 88' lang='lat' dir='ltr'><strong>vult.</strong></span> <span class='ocrx_word' id='word_1_281' title='bbox 648 2437 721 2466; x_wconf 91' lang='lat' dir='ltr'><strong>Vult</strong></span> <span class='ocrx_word' id='word_1_282' title='bbox 740 2441 839 2466; x_wconf 84' lang='lat' dir='ltr'><strong>autem</strong></span> <span class='ocrx_word' id='word_1_283' title='bbox 858 2437 989 2473; x_wconf 86' lang='lat' dir='ltr'><strong>efficere,</strong></span> 
     </span>
     <span class='ocr_line' id='line_1_52' title="bbox 278 2480 989 2516; baseline -0.001 -5"><span class='ocrx_word' id='word_1_284' title='bbox 278 2482 454 2511; x_wconf 90' lang='lat' dir='ltr'><strong>Phanonem</strong></span> <span class='ocrx_word' id='word_1_285' title='bbox 478 2480 577 2510; x_wconf 87' lang='lat' dir='ltr'><strong>civem</strong></span> <span class='ocrx_word' id='word_1_286' title='bbox 599 2480 731 2510; x_wconf 77' lang='lat' dir='ltr'><strong>Atticam</strong></span> <span class='ocrx_word' id='word_1_287' title='bbox 754 2490 811 2509; x_wconf 89' lang='lat' dir='ltr'><strong>non</strong></span> <span class='ocrx_word' id='word_1_288' title='bbox 831 2490 909 2516; x_wconf 79' lang='lat' dir='ltr'><strong>esse,</strong></span> <span class='ocrx_word' id='word_1_289' title='bbox 935 2481 989 2510; x_wconf 86' lang='lat' dir='ltr'><strong>sed</strong></span> 
     </span>
     <span class='ocr_line' id='line_1_53' title="bbox 277 2523 989 2564; baseline -0.001 -10"><span class='ocrx_word' id='word_1_290' title='bbox 277 2524 479 2564; x_wconf 84' lang='lat' dir='ltr'><strong>peregrinam.</strong></span> <span class='ocrx_word' id='word_1_291' title='bbox 497 2528 529 2553; x_wconf 86' lang='lat' dir='ltr'><strong>et</strong></span> <span class='ocrx_word' id='word_1_292' title='bbox 543 2523 646 2562; x_wconf 87' lang='lat' dir='ltr'><strong>ipsum</strong></span> <span class='ocrx_word' id='word_1_293' title='bbox 665 2523 851 2561; x_wconf 84' lang='lat' dir='ltr'><strong>Stephanum</strong></span> <span class='ocrx_word' id='word_1_294' title='bbox 868 2523 925 2552; x_wconf 86' lang='lat' dir='ltr'><strong>hoo</strong></span> <span class='ocrx_word' id='word_1_295' title='bbox 946 2524 989 2553; x_wconf 88' lang='lat' dir='ltr'><strong>fa</strong></span> 
     </span>
     <span class='ocr_line' id='line_1_54' title="bbox 274 2566 987 2598; baseline -0.001 -1"><span class='ocrx_word' id='word_1_296' title='bbox 274 2568 343 2598; x_wconf 79' lang='lat' dir='ltr'><strong>teri.</strong></span> <span class='ocrx_word' id='word_1_297' title='bbox 389 2567 452 2596; x_wconf 91' lang='lat' dir='ltr'><strong>Sed</strong></span> <span class='ocrx_word' id='word_1_298' title='bbox 477 2567 505 2595; x_wconf 92' lang='lat' dir='ltr'><strong>in</strong></span> <span class='ocrx_word' id='word_1_299' title='bbox 529 2566 649 2596; x_wconf 83' lang='lat' dir='ltr'><strong>civibus</strong></span> <span class='ocrx_word' id='word_1_300' title='bbox 675 2566 865 2595; x_wconf 86' lang='lat' dir='ltr'><strong>solummodo</strong></span> <span class='ocrx_word' id='word_1_301' title='bbox 889 2567 987 2596; x_wconf 90' lang='lat' dir='ltr'><strong>locum</strong></span> 
     </span>
     <span class='ocr_line' id='line_1_55' title="bbox 275 2608 988 2650; baseline -0.003 -9"><span class='ocrx_word' id='word_1_302' title='bbox 275 2611 368 2641; x_wconf 88' lang='lat' dir='ltr'><strong>habet</strong></span> <span class='ocrx_word' id='word_1_303' title='bbox 391 2608 424 2640; x_wconf 78' lang='grc' dir='ltr'><strong>τὸ</strong></span> <span class='ocrx_word' id='word_1_304' title='bbox 453 2608 551 2641; x_wconf 76' lang='grc' dir='ltr'>λαβεῖν</span> <span class='ocrx_word' id='word_1_305' title='bbox 575 2608 689 2650; x_wconf 81' lang='grc' dir='ltr'>μοιχόν.</span> <span class='ocrx_word' id='word_1_306' title='bbox 743 2609 872 2638; x_wconf 89' lang='lat' dir='ltr'><strong>Duobus</strong></span> <span class='ocrx_word' id='word_1_307' title='bbox 899 2620 988 2649; x_wconf 81' lang='lat' dir='ltr'><strong>argu-</strong></span> 
     </span>
     <span class='ocr_line' id='line_1_56' title="bbox 276 2652 986 2690; baseline -0.003 -6"><span class='ocrx_word' id='word_1_308' title='bbox 276 2652 388 2684; x_wconf 87' lang='lat' dir='ltr'><strong>mentis</strong></span> <span class='ocrx_word' id='word_1_309' title='bbox 422 2652 544 2681; x_wconf 81' lang='lat' dir='ltr'><strong>conticit</strong></span> <span class='ocrx_word' id='word_1_310' title='bbox 572 2652 781 2690; x_wconf 85' lang='lat' dir='ltr'><strong>Apollodorus</strong></span> <span class='ocrx_word' id='word_1_311' title='bbox 812 2652 986 2682; x_wconf 81' lang='lat' dir='ltr'><strong>Phanonem</strong></span> 
     </span>
     <span class='ocr_line' id='line_1_57' title="bbox 276 2695 988 2736; baseline -0.001 -10"><span class='ocrx_word' id='word_1_312' title='bbox 276 2695 469 2736; x_wconf 81' lang='lat' dir='ltr'><strong>peregrinam</strong></span> <span class='ocrx_word' id='word_1_313' title='bbox 489 2704 569 2733; x_wconf 69' lang='lat' dir='ltr'><strong>esse.</strong></span> <span class='ocrx_word' id='word_1_314' title='bbox 614 2696 643 2723; x_wconf 92' lang='lat'><strong>1.</strong></span> <span class='ocrx_word' id='word_1_315' title='bbox 661 2705 765 2724; x_wconf 86' lang='lat' dir='ltr'><strong>omnes</strong></span> <span class='ocrx_word' id='word_1_316' title='bbox 781 2695 916 2724; x_wconf 84' lang='lat' dir='ltr'><strong>homines</strong></span> <span class='ocrx_word' id='word_1_317' title='bbox 935 2706 988 2725; x_wconf 90' lang='lat' dir='ltr'><strong>no-</strong></span> 
     </span>
     <span class='ocr_line' id='line_1_58' title="bbox 274 2737 987 2772; baseline -0.003 -2"><span class='ocrx_word' id='word_1_318' title='bbox 274 2744 344 2770; x_wconf 91' lang='lat' dir='ltr'><strong>runt</strong></span> <span class='ocrx_word' id='word_1_319' title='bbox 361 2749 424 2769; x_wconf 89' lang='lat' dir='ltr'><strong>eam</strong></span> <span class='ocrx_word' id='word_1_320' title='bbox 441 2747 522 2772; x_wconf 87' lang='lat' dir='ltr'><strong>esse,</strong></span> <span class='ocrx_word' id='word_1_321' title='bbox 539 2740 571 2766; x_wconf 88' lang='lat' dir='ltr'><strong>et</strong></span> <span class='ocrx_word' id='word_1_322' title='bbox 586 2737 724 2766; x_wconf 87' lang='lat' dir='ltr'><strong>constitit</strong></span> <span class='ocrx_word' id='word_1_323' title='bbox 744 2738 775 2766; x_wconf 92' lang='lat' dir='ltr'><strong>id</strong></span> <span class='ocrx_word' id='word_1_324' title='bbox 791 2738 869 2767; x_wconf 88' lang='lat' dir='ltr'><strong>inter</strong></span> <span class='ocrx_word' id='word_1_325' title='bbox 885 2749 987 2768; x_wconf 88' lang='lat' dir='ltr'><strong>omnes</strong></span> 
     </span>
     <span class='ocr_line' id='line_1_59' title="bbox 277 2779 985 2815; baseline -0.003 -2"><span class='ocrx_word' id='word_1_326' title='bbox 277 2794 316 2813; x_wconf 87' lang='lat' dir='ltr'><strong>ex</strong></span> <span class='ocrx_word' id='word_1_327' title='bbox 345 2781 468 2812; x_wconf 87' lang='lat' dir='ltr'><strong>indiciis</strong></span> <span class='ocrx_word' id='word_1_328' title='bbox 496 2779 671 2815; x_wconf 80' lang='lat' dir='ltr'><strong>notissimis,</strong></span> <span class='ocrx_word' id='word_1_329' title='bbox 702 2785 733 2809; x_wconf 89' lang='lat' dir='ltr'><strong>et</strong></span> <span class='ocrx_word' id='word_1_330' title='bbox 763 2781 844 2810; x_wconf 89' lang='lat' dir='ltr'><strong>haud</strong></span> <span class='ocrx_word' id='word_1_331' title='bbox 874 2782 985 2811; x_wconf 86' lang='lat' dir='ltr'><strong>dubiis.</strong></span> 
     </span>
     <span class='ocr_line' id='line_1_60' title="bbox 277 2823 986 2865; baseline -0.003 -9"><span class='ocrx_word' id='word_1_332' title='bbox 277 2830 308 2857; x_wconf 66' lang='lat' dir='ltr'><strong>Q.</strong></span> <span class='ocrx_word' id='word_1_333' title='bbox 324 2826 392 2865; x_wconf 87' lang='lat' dir='ltr'><strong>ipse</strong></span> <span class='ocrx_word' id='word_1_334' title='bbox 409 2823 580 2863; x_wconf 87' lang='lat' dir='ltr'><strong>Stephanus</strong></span> <span class='ocrx_word' id='word_1_335' title='bbox 594 2823 716 2852; x_wconf 77' lang='lat' dir='ltr'><strong>fatetur.</strong></span> <span class='ocrx_word' id='word_1_336' title='bbox 731 2823 802 2861; x_wconf 87' lang='lat' dir='ltr'><strong>qui?</strong></span> <span class='ocrx_word' id='word_1_337' title='bbox 818 2834 875 2853; x_wconf 90' lang='lat' dir='ltr'><strong>non</strong></span> <span class='ocrx_word' id='word_1_338' title='bbox 892 2825 986 2854; x_wconf 82' lang='lat' dir='ltr'><strong>audc-</strong></span> 
     </span>
     <span class='ocr_line' id='line_1_61' title="bbox 277 2866 985 2906; baseline -0.003 -8"><span class='ocrx_word' id='word_1_339' title='bbox 277 2871 328 2898; x_wconf 87' lang='lat' dir='ltr'><strong>bat</strong></span> <span class='ocrx_word' id='word_1_340' title='bbox 349 2869 379 2898; x_wconf 94' lang='lat' dir='ltr'><strong>in</strong></span> <span class='ocrx_word' id='word_1_341' title='bbox 403 2868 582 2906; x_wconf 81' lang='lat' dir='ltr'><strong>Epaenetum</strong></span> <span class='ocrx_word' id='word_1_342' title='bbox 603 2866 671 2903; x_wconf 79' lang='lat' dir='ltr'><strong>jure</strong></span> <span class='ocrx_word' id='word_1_343' title='bbox 695 2875 784 2904; x_wconf 84' lang='lat' dir='ltr'><strong>agere</strong></span> <span class='ocrx_word' id='word_1_344' title='bbox 807 2867 897 2896; x_wconf 84' lang='lat' dir='ltr'><strong>titulo</strong></span> <span class='ocrx_word' id='word_1_345' title='bbox 920 2879 985 2906; x_wconf 79' lang='grc' dir='ltr'>μοι·</span> 
     </span>
     <span class='ocr_line' id='line_1_62' title="bbox 276 2908 748 2953; baseline -0.011 -12"><span class='ocrx_word' id='word_1_346' title='bbox 276 2910 370 2953; x_wconf 72' lang='grc' dir='ltr'>χείας,</span> <span class='ocrx_word' id='word_1_347' title='bbox 385 2909 483 2949; x_wconf 86' lang='lat' dir='ltr'><strong>stupri</strong></span> <span class='ocrx_word' id='word_1_348' title='bbox 498 2909 567 2938; x_wconf 83' lang='lat' dir='ltr'><strong>filiae</strong></span> <span class='ocrx_word' id='word_1_349' title='bbox 585 2918 646 2937; x_wconf 75' lang='lat' dir='ltr'><strong>suae</strong></span> <span class='ocrx_word' id='word_1_350' title='bbox 663 2908 748 2937; x_wconf 80' lang='lat' dir='ltr'><strong>illati.</strong></span> 
     </span>
    </p>

    <p class='ocr_par' dir='ltr' id='par_1_14' title="bbox 272 2951 983 3070">
     <span class='ocr_line' id='line_1_63' title="bbox 318 2951 983 2993; baseline -0.005 -9"><span class='ocrx_word' id='word_1_351' title='bbox 318 2972 360 2977; x_wconf 92' lang='lat'><strong>—-</strong></span> <span class='ocrx_word' id='word_1_352' title='bbox 370 2954 422 2984; x_wconf 82' lang='lat'><strong>15.</strong></span> <span class='ocrx_word' id='word_1_353' title='bbox 433 2953 534 2993; x_wconf 68' lang='grc' dir='ltr'>αὐτὴν]</span> <span class='ocrx_word' id='word_1_354' title='bbox 551 2951 710 2987; x_wconf 86' lang='lat' dir='ltr'><strong>redundat,</strong></span> <span class='ocrx_word' id='word_1_355' title='bbox 724 2951 777 2981; x_wconf 82' lang='lat' dir='ltr'><strong>sed</strong></span> <span class='ocrx_word' id='word_1_356' title='bbox 793 2962 849 2981; x_wconf 91' lang='lat' dir='ltr'><strong>non</strong></span> <span class='ocrx_word' id='word_1_357' title='bbox 862 2951 983 2988; x_wconf 80' lang='lat' dir='ltr'><strong>vitiose,</strong></span> 
     </span>
     <span class='ocr_line' id='line_1_64' title="bbox 272 2994 983 3037; baseline -0.004 -9"><span class='ocrx_word' id='word_1_358' title='bbox 272 2997 405 3037; x_wconf 87' lang='lat' dir='ltr'><strong>positum</strong></span> <span class='ocrx_word' id='word_1_359' title='bbox 426 2996 457 3026; x_wconf 88' lang='lat' dir='ltr'><strong>in</strong></span> <span class='ocrx_word' id='word_1_360' title='bbox 479 2994 604 3036; x_wconf 80' lang='lat' dir='ltr'><strong>gratiam</strong></span> <span class='ocrx_word' id='word_1_361' title='bbox 621 2994 747 3024; x_wconf 86' lang='lat' dir='ltr'><strong>lectoris</strong></span> <span class='ocrx_word' id='word_1_362' title='bbox 772 2998 801 3024; x_wconf 84' lang='lat' dir='ltr'><strong>et</strong></span> <span class='ocrx_word' id='word_1_363' title='bbox 823 2995 983 3031; x_wconf 83' lang='lat' dir='ltr'><strong>auditoris,</strong></span> 
     </span>
     <span class='ocr_line' id='line_1_65' title="bbox 272 3037 980 3070; baseline -0.004 0"><span class='ocrx_word' id='word_1_364' title='bbox 272 3044 304 3070; x_wconf 89' lang='lat' dir='ltr'><strong>ut</strong></span> <span class='ocrx_word' id='word_1_365' title='bbox 329 3040 367 3070; x_wconf 81' lang='lat' dir='ltr'><strong>ad</strong></span> <span class='ocrx_word' id='word_1_366' title='bbox 396 3039 479 3070; x_wconf 88' lang='lat' dir='ltr'><strong>filum</strong></span> <span class='ocrx_word' id='word_1_367' title='bbox 508 3037 653 3069; x_wconf 83' lang='lat' dir='ltr'><strong>orationis</strong></span> <span class='ocrx_word' id='word_1_368' title='bbox 681 3042 854 3068; x_wconf 82' lang='lat' dir='ltr'><strong>revocetur.</strong></span> <span class='ocrx_word' id='word_1_369' title='bbox 901 3038 980 3067; x_wconf 82' lang='lat' dir='ltr'><strong>Con-</strong></span> 
     </span>
    </p>
   </div>
   <div class='ocr_carea' id='block_1_3' title="bbox 665 215 1371 261">
    <p class='ocr_par' dir='ltr' id='par_1_15' title="bbox 665 215 1371 261">
     <span class='ocr_line' id='line_1_66' title="bbox 665 215 1371 261; baseline 0.006 -4"><span class='ocrx_word' id='word_1_370' title='bbox 665 215 698 259; x_wconf 87' lang='lat' dir='ltr'><strong>I.</strong></span> <span class='ocrx_word' id='word_1_371' title='bbox 724 217 757 260; x_wconf 91' lang='lat' dir='ltr'><strong>I.</strong></span> <span class='ocrx_word' id='word_1_372' title='bbox 791 216 1012 259; x_wconf 85' lang='lat' dir='ltr'><strong>REISKE</strong></span> <span class='ocrx_word' id='word_1_373' title='bbox 1044 219 1371 261; x_wconf 86' lang='lat' dir='ltr'><strong>ANNOTATA</strong></span> 
     </span>
    </p>
   </div>
   <div class='ocr_carea' id='block_1_4' title="bbox 1015 326 1744 3076">
    <p class='ocr_par' dir='ltr' id='par_1_16' title="bbox 1035 326 1743 496">
     <span class='ocr_line' id='line_1_67' title="bbox 1037 326 1742 367; baseline 0.007 -13"><span class='ocrx_word' id='word_1_374' title='bbox 1037 326 1166 356; x_wconf 86' lang='lat' dir='ltr'><strong>structio</strong></span> <span class='ocrx_word' id='word_1_375' title='bbox 1175 327 1295 366; x_wconf 83' lang='lat' dir='ltr'><strong>periodi</strong></span> <span class='ocrx_word' id='word_1_376' title='bbox 1308 331 1442 367; x_wconf 63' lang='lat' dir='ltr'><strong>trajectae</strong></span> <span class='ocrx_word' id='word_1_377' title='bbox 1458 329 1523 358; x_wconf 77' lang='lat' dir='ltr'><strong>haec</strong></span> <span class='ocrx_word' id='word_1_378' title='bbox 1540 332 1605 358; x_wconf 81' lang='lat' dir='ltr'><strong>est:</strong></span> <span class='ocrx_word' id='word_1_379' title='bbox 1623 329 1659 363; x_wconf 76' lang='grc' dir='ltr'><strong>εἷς</strong></span> <span class='ocrx_word' id='word_1_380' title='bbox 1675 341 1742 359; x_wconf 87' lang='grc' dir='ltr'>τοσ-</span> 
     </span>
     <span class='ocr_line' id='line_1_68' title="bbox 1036 369 1742 411; baseline 0.007 -14"><span class='ocrx_word' id='word_1_381' title='bbox 1036 369 1111 399; x_wconf 79' lang='grc' dir='ltr'>οῦτον</span> <span class='ocrx_word' id='word_1_382' title='bbox 1134 369 1270 403; x_wconf 70' lang='grc' dir='ltr'>ἀναιδείας</span> <span class='ocrx_word' id='word_1_383' title='bbox 1287 369 1361 401; x_wconf 65' lang='grc' dir='ltr'>’ἦλθε</span> <span class='ocrx_word' id='word_1_384' title='bbox 1388 370 1527 411; x_wconf 72' lang='grc' dir='ltr'>Στέφανος</span> <span class='ocrx_word' id='word_1_385' title='bbox 1540 389 1583 394; x_wconf 89' lang='grc'>-</span> <span class='ocrx_word' id='word_1_386' title='bbox 1598 373 1674 402; x_wconf 77' lang='grc' dir='ltr'>ὥστε</span> <span class='ocrx_word' id='word_1_387' title='bbox 1700 375 1742 411; x_wconf 70' lang='grc' dir='ltr'><strong>μὴ</strong></span> 
     </span>
     <span class='ocr_line' id='line_1_69' title="bbox 1035 412 1743 453; baseline 0.006 -13"><span class='ocrx_word' id='word_1_388' title='bbox 1035 412 1162 451; x_wconf 71' lang='grc' dir='ltr'>ἀγαπᾷν,</span> <span class='ocrx_word' id='word_1_389' title='bbox 1176 413 1197 442; x_wconf 84' lang='grc' dir='ltr'><strong>εἰ</strong></span> <span class='ocrx_word' id='word_1_390' title='bbox 1213 412 1292 452; x_wconf 81' lang='grc' dir='ltr'>μόνον</span> <span class='ocrx_word' id='word_1_391' title='bbox 1307 413 1428 453; x_wconf 75' lang='grc' dir='ltr'>ἔφασκον</span> <span class='ocrx_word' id='word_1_392' title='bbox 1440 416 1530 446; x_wconf 70' lang='grc' dir='ltr'>ἀστὴν</span> <span class='ocrx_word' id='word_1_393' title='bbox 1546 415 1612 446; x_wconf 69' lang='grc' dir='ltr'>εἶναι</span> <span class='ocrx_word' id='word_1_394' title='bbox 1627 417 1676 446; x_wconf 71' lang='grc' dir='ltr'>τὴν</span> <span class='ocrx_word' id='word_1_395' title='bbox 1691 426 1743 445; x_wconf 79' lang='grc' dir='ltr'><strong>πε-</strong></span> 
     </span>
     <span class='ocr_line' id='line_1_70' title="bbox 1035 454 1515 496; baseline 0.008 -12"><span class='ocrx_word' id='word_1_396' title='bbox 1035 458 1153 494; x_wconf 73' lang='grc' dir='ltr'>ριφανῶς</span> <span class='ocrx_word' id='word_1_397' title='bbox 1167 454 1337 496; x_wconf 68' lang='grc' dir='ltr'><strong><em>ἐγνωσμένην</em></strong></span> <span class='ocrx_word' id='word_1_398' title='bbox 1348 456 1421 496; x_wconf 78' lang='grc' dir='ltr'>ξένην</span> <span class='ocrx_word' id='word_1_399' title='bbox 1437 458 1515 489; x_wconf 68' lang='grc' dir='ltr'>εῖναι.</span> 
     </span>
    </p>

    <p class='ocr_par' dir='ltr' id='par_1_17' title="bbox 1034 498 1744 658">
     <span class='ocr_line' id='line_1_71' title="bbox 1079 498 1742 540; baseline 0.005 -13"><span class='ocrx_word' id='word_1_400' title='bbox 1079 516 1119 520; x_wconf 89' lang='lat'>—</span> <span class='ocrx_word' id='word_1_401' title='bbox 1144 498 1221 529; x_wconf 89' lang='lat' dir='ltr'><strong>ibid.</strong></span> <span class='ocrx_word' id='word_1_402' title='bbox 1250 500 1425 540; x_wconf 73' lang='grc' dir='ltr'><strong>κατιδόντες]</strong></span> <span class='ocrx_word' id='word_1_403' title='bbox 1460 505 1508 531; x_wconf 84' lang='lat' dir='ltr'><strong>est</strong></span> <span class='ocrx_word' id='word_1_404' title='bbox 1538 501 1742 532; x_wconf 80' lang='lat' dir='ltr'><strong>nominativus</strong></span> 
     </span>
     <span class='ocr_line' id='line_1_72' title="bbox 1034 541 1743 582; baseline 0.006 -13"><span class='ocrx_word' id='word_1_405' title='bbox 1034 541 1202 577; x_wconf 87' lang='lat' dir='ltr'><strong>absolutus,</strong></span> <span class='ocrx_word' id='word_1_406' title='bbox 1218 553 1274 582; x_wconf 86' lang='lat' dir='ltr'><strong>per</strong></span> <span class='ocrx_word' id='word_1_407' title='bbox 1298 554 1367 574; x_wconf 87' lang='lat' dir='ltr'><strong>sese</strong></span> <span class='ocrx_word' id='word_1_408' title='bbox 1389 549 1482 580; x_wconf 66' lang='lat' dir='ltr'><strong>stam,</strong></span> <span class='ocrx_word' id='word_1_409' title='bbox 1505 555 1572 575; x_wconf 78' lang='lat' dir='ltr'><strong>cum</strong></span> <span class='ocrx_word' id='word_1_410' title='bbox 1595 544 1743 580; x_wconf 76' lang='lat' dir='ltr'><strong>vidissem,</strong></span> 
     </span>
     <span class='ocr_line' id='line_1_73' title="bbox 1035 583 1744 626; baseline 0.007 -14"><span class='ocrx_word' id='word_1_411' title='bbox 1035 583 1083 614; x_wconf 88' lang='lat' dir='ltr'><strong>vel</strong></span> <span class='ocrx_word' id='word_1_412' title='bbox 1100 586 1367 616; x_wconf 72' lang='lat' dir='ltr'><strong>mzimadvertissent</strong></span> <span class='ocrx_word' id='word_1_413' title='bbox 1391 587 1565 626; x_wconf 86' lang='lat' dir='ltr'><strong>Stephanus</strong></span> <span class='ocrx_word' id='word_1_414' title='bbox 1587 592 1618 617; x_wconf 88' lang='lat' dir='ltr'><strong>et</strong></span> <span class='ocrx_word' id='word_1_415' title='bbox 1633 588 1744 617; x_wconf 80' lang='lat' dir='ltr'><strong>&#39;Neaera</strong></span> 
     </span>
     <span class='ocr_line' id='line_1_74' title="bbox 1035 627 1200 658; baseline 0.018 -3"><span class='ocrx_word' id='word_1_416' title='bbox 1035 632 1065 656; x_wconf 84' lang='lat' dir='ltr'><strong>et</strong></span> <span class='ocrx_word' id='word_1_417' title='bbox 1083 627 1200 658; x_wconf 89' lang='lat' dir='ltr'><strong>Phano.</strong></span> 
     </span>
    </p>

    <p class='ocr_par' dir='ltr' id='par_1_18' title="bbox 1034 670 1742 742">
     <span class='ocr_line' id='line_1_75' title="bbox 1074 670 1742 714; baseline 0.003 -14"><span class='ocrx_word' id='word_1_418' title='bbox 1074 688 1117 693; x_wconf 86' lang='lat'><strong>-—</strong></span> <span class='ocrx_word' id='word_1_419' title='bbox 1129 673 1181 701; x_wconf 87' lang='lat'><strong>19.</strong></span> <span class='ocrx_word' id='word_1_420' title='bbox 1193 670 1292 714; x_wconf 74' lang='grc' dir='ltr'>εῖσῆει]</span> <span class='ocrx_word' id='word_1_421' title='bbox 1305 683 1363 703; x_wconf 89' lang='lat' dir='ltr'><strong>non</strong></span> <span class='ocrx_word' id='word_1_422' title='bbox 1379 674 1564 712; x_wconf 83' lang='lat' dir='ltr'><strong>Stephanus,</strong></span> <span class='ocrx_word' id='word_1_423' title='bbox 1575 673 1629 704; x_wconf 86' lang='lat' dir='ltr'><strong>sed</strong></span> <span class='ocrx_word' id='word_1_424' title='bbox 1641 673 1742 703; x_wconf 81' lang='lat' dir='ltr'><strong>&#39;Pheo-</strong></span> 
     </span>
     <span class='ocr_line' id='line_1_76' title="bbox 1033 722 1140 751; baseline 0 -9"><span class='ocrx_word' id='word_1_425' title='bbox 1033 722 1140 751; x_wconf 84' lang='lat' dir='ltr'><strong>genes.</strong></span> 
     </span>
    </p>

    <p class='ocr_par' dir='ltr' id='par_1_19' title="bbox 1032 757 1742 966">
     <span class='ocr_line' id='line_1_77' title="bbox 1075 757 1742 800; baseline 0.005 -15"><span class='ocrx_word' id='word_1_426' title='bbox 1075 773 1117 778; x_wconf 81' lang='lat'>—</span> <span class='ocrx_word' id='word_1_427' title='bbox 1130 759 1182 786; x_wconf 65' lang='lat'><strong>20.</strong></span> <span class='ocrx_word' id='word_1_428' title='bbox 1203 757 1251 786; x_wconf 74' lang='grc' dir='ltr'><strong>καὶ</strong></span> <span class='ocrx_word' id='word_1_429' title='bbox 1267 760 1315 789; x_wconf 80' lang='grc' dir='ltr'>τῆν</span> <span class='ocrx_word' id='word_1_430' title='bbox 1331 759 1433 800; x_wconf 70' lang='grc' dir='ltr'>ἄςχην]</span> <span class='ocrx_word' id='word_1_431' title='bbox 1459 769 1516 788; x_wconf 90' lang='lat' dir='ltr'><strong>non</strong></span> <span class='ocrx_word' id='word_1_432' title='bbox 1531 761 1580 790; x_wconf 72' lang='grc' dir='ltr'>τὴν</span> <span class='ocrx_word' id='word_1_433' title='bbox 1594 759 1643 789; x_wconf 78' lang='grc' dir='ltr'><strong>τοῦ</strong></span> <span class='ocrx_word' id='word_1_434' title='bbox 1656 758 1742 792; x_wconf 78' lang='grc' dir='ltr'>Βασι-</span> 
     </span>
     <span class='ocr_line' id='line_1_78' title="bbox 1033 796 1740 841; baseline 0.007 -15"><span class='ocrx_word' id='word_1_435' title='bbox 1033 796 1103 831; x_wconf 80' lang='grc' dir='ltr'>λέως</span> <span class='ocrx_word' id='word_1_436' title='bbox 1127 802 1183 828; x_wconf 79' lang='grc' dir='ltr'>τῶν</span> <span class='ocrx_word' id='word_1_437' title='bbox 1209 801 1290 839; x_wconf 73' lang='grc' dir='ltr'>ιερῶν,</span> <span class='ocrx_word' id='word_1_438' title='bbox 1315 812 1382 831; x_wconf 89' lang='lat' dir='ltr'><strong>nam</strong></span> <span class='ocrx_word' id='word_1_439' title='bbox 1410 812 1445 831; x_wconf 84' lang='lat' dir='ltr'><strong>ea</strong></span> <span class='ocrx_word' id='word_1_440' title='bbox 1469 802 1641 841; x_wconf 87' lang='lat' dir='ltr'><strong>Theogenis</strong></span> <span class='ocrx_word' id='word_1_441' title='bbox 1666 808 1740 837; x_wconf 84' lang='lat' dir='ltr'><strong>erat,</strong></span> 
     </span>
     <span class='ocr_line' id='line_1_79' title="bbox 1032 841 1740 883; baseline 0.008 -14"><span class='ocrx_word' id='word_1_442' title='bbox 1032 841 1087 869; x_wconf 89' lang='lat' dir='ltr'><strong>sed</strong></span> <span class='ocrx_word' id='word_1_443' title='bbox 1102 844 1153 876; x_wconf 74' lang='grc' dir='ltr'><strong>τῆς</strong></span> <span class='ocrx_word' id='word_1_444' title='bbox 1168 842 1325 883; x_wconf 72' lang='grc' dir='ltr'>παρεδρίας,</span> <span class='ocrx_word' id='word_1_445' title='bbox 1338 844 1515 882; x_wconf 77' lang='lat' dir='ltr'><strong>dignitatem</strong></span> <span class='ocrx_word' id='word_1_446' title='bbox 1532 845 1698 875; x_wconf 84' lang='lat' dir='ltr'><strong>assessoris</strong></span> <span class='ocrx_word' id='word_1_447' title='bbox 1711 846 1740 874; x_wconf 88' lang='lat' dir='ltr'><strong>in</strong></span> 
     </span>
     <span class='ocr_line' id='line_1_80' title="bbox 1032 884 1739 927; baseline 0.008 -15"><span class='ocrx_word' id='word_1_448' title='bbox 1032 884 1175 920; x_wconf 86' lang='lat' dir='ltr'><strong>concilio,</strong></span> <span class='ocrx_word' id='word_1_449' title='bbox 1198 885 1246 914; x_wconf 84' lang='lat' dir='ltr'><strong>vel</strong></span> <span class='ocrx_word' id='word_1_450' title='bbox 1266 887 1396 926; x_wconf 82' lang='lat' dir='ltr'><strong>collegio</strong></span> <span class='ocrx_word' id='word_1_451' title='bbox 1421 887 1503 927; x_wconf 85' lang='lat' dir='ltr'><strong>regis</strong></span> <span class='ocrx_word' id='word_1_452' title='bbox 1526 898 1691 919; x_wconf 84' lang='lat' dir='ltr'><strong>sacrorum.</strong></span> <span class='ocrx_word' id='word_1_453' title='bbox 1711 900 1739 918; x_wconf 86' lang='lat' dir='ltr'><strong>v.</strong></span> 
     </span>
     <span class='ocr_line' id='line_1_81' title="bbox 1033 929 1245 966; baseline 0.024 -12"><span class='ocrx_word' id='word_1_454' title='bbox 1033 938 1062 966; x_wconf 87' lang='lat' dir='ltr'><strong>p.</strong></span> <span class='ocrx_word' id='word_1_455' title='bbox 1080 929 1175 958; x_wconf 72' lang='lat'><strong>1372.</strong></span> <span class='ocrx_word' id='word_1_456' title='bbox 1194 930 1245 959; x_wconf 73' lang='lat'><strong>24.</strong></span> 
     </span>
    </p>

    <p class='ocr_par' dir='ltr' id='par_1_20' title="bbox 1030 972 1742 1130">
     <span class='ocr_line' id='line_1_82' title="bbox 1076 972 1740 1013; baseline 0.009 -14"><span class='ocrx_word' id='word_1_457' title='bbox 1076 972 1170 1001; x_wconf 79' lang='grc'><strong>1370.</strong></span> <span class='ocrx_word' id='word_1_458' title='bbox 1186 973 1216 1001; x_wconf 83' lang='grc'><strong>5.</strong></span> <span class='ocrx_word' id='word_1_459' title='bbox 1242 972 1377 1013; x_wconf 74' lang='grc' dir='ltr'>ἀκοῦσαι]</span> <span class='ocrx_word' id='word_1_460' title='bbox 1398 977 1468 1012; x_wconf 89' lang='lat' dir='ltr'><strong>post</strong></span> <span class='ocrx_word' id='word_1_461' title='bbox 1491 973 1611 1004; x_wconf 74' lang='grc' dir='ltr'>ἀκοῦσαι</span> <span class='ocrx_word' id='word_1_462' title='bbox 1635 975 1740 1005; x_wconf 86' lang='lat' dir='ltr'><strong>addidi</strong></span> 
     </span>
     <span class='ocr_line' id='line_1_83' title="bbox 1031 1013 1741 1053; baseline 0.01 -12"><span class='ocrx_word' id='word_1_463' title='bbox 1031 1013 1129 1043; x_wconf 60' lang='grc' dir='ltr'>«ποῖα-ιν.</span> <span class='ocrx_word' id='word_1_464' title='bbox 1154 1024 1334 1053; x_wconf 89' lang='lat' dir='ltr'><strong>quamquam</strong></span> <span class='ocrx_word' id='word_1_465' title='bbox 1354 1016 1462 1045; x_wconf 87' lang='lat' dir='ltr'><strong>melius</strong></span> <span class='ocrx_word' id='word_1_466' title='bbox 1485 1017 1583 1046; x_wconf 84' lang='lat' dir='ltr'><strong>adhuc</strong></span> <span class='ocrx_word' id='word_1_467' title='bbox 1598 1018 1741 1048; x_wconf 86' lang='lat' dir='ltr'><strong>existimo</strong></span> 
     </span>
     <span class='ocr_line' id='line_1_84' title="bbox 1031 1056 1742 1101; baseline 0.01 -17"><span class='ocrx_word' id='word_1_468' title='bbox 1031 1056 1076 1084; x_wconf 88' lang='lat' dir='ltr'><strong>sic</strong></span> <span class='ocrx_word' id='word_1_469' title='bbox 1092 1057 1167 1096; x_wconf 86' lang='lat' dir='ltr'><strong>legi:</strong></span> <span class='ocrx_word' id='word_1_470' title='bbox 1185 1056 1204 1086; x_wconf 80' lang='grc' dir='ltr'><em>ἃ</em></span> <span class='ocrx_word' id='word_1_471' title='bbox 1219 1056 1247 1087; x_wconf 78' lang='grc' dir='ltr'><strong>δὲ</strong></span> <span class='ocrx_word' id='word_1_472' title='bbox 1259 1058 1328 1097; x_wconf 78' lang='grc' dir='ltr'><strong>μηδ’</strong></span> <span class='ocrx_word' id='word_1_473' title='bbox 1341 1057 1499 1090; x_wconf 75' lang='grc' dir='ltr'>ἐπακοῦσαι</span> <span class='ocrx_word' id='word_1_474' title='bbox 1512 1062 1600 1091; x_wconf 75' lang='grc' dir='ltr'>πᾶσιν</span> <span class='ocrx_word' id='word_1_475' title='bbox 1612 1061 1679 1101; x_wconf 72' lang='grc' dir='ltr'>ὑμῖν</span> <span class='ocrx_word' id='word_1_476' title='bbox 1693 1059 1742 1091; x_wconf 70' lang='grc' dir='ltr'>οἷόν</span> 
     </span>
     <span class='ocr_line' id='line_1_85' title="bbox 1030 1109 1162 1130; baseline 0.025 -3"><span class='ocrx_word' id='word_1_477' title='bbox 1030 1110 1050 1127; x_wconf 73' lang='lat'><strong>&#39;1&#39;</strong></span> <span class='ocrx_word' id='word_1_478' title='bbox 1074 1109 1162 1130; x_wconf 68' lang='lat' dir='ltr'><strong>EO&#39;TW·</strong></span> 
     </span>
    </p>

    <p class='ocr_par' dir='ltr' id='par_1_21' title="bbox 1039 1142 1740 1216">
     <span class='ocr_line' id='line_1_86' title="bbox 1073 1142 1740 1185; baseline 0.006 -12"><span class='ocrx_word' id='word_1_479' title='bbox 1073 1159 1114 1164; x_wconf 88' lang='lat'><strong>——</strong></span> <span class='ocrx_word' id='word_1_480' title='bbox 1131 1146 1182 1174; x_wconf 70' lang='lat'><strong>20.</strong></span> <span class='ocrx_word' id='word_1_481' title='bbox 1204 1142 1302 1185; x_wconf 58' lang='lat' dir='ltr'><strong>tamo]</strong></span> <span class='ocrx_word' id='word_1_482' title='bbox 1320 1144 1392 1175; x_wconf 85' lang='lat' dir='ltr'><strong>dedi</strong></span> <span class='ocrx_word' id='word_1_483' title='bbox 1408 1143 1516 1182; x_wconf 66' lang='grc' dir='ltr'>ἔθεντο,</span> <span class='ocrx_word' id='word_1_484' title='bbox 1540 1146 1608 1177; x_wconf 87' lang='lat' dir='ltr'><strong>scil.</strong></span> <span class='ocrx_word' id='word_1_485' title='bbox 1631 1147 1652 1177; x_wconf 81' lang='grc' dir='ltr'><strong>οἱ</strong></span> <span class='ocrx_word' id='word_1_486' title='bbox 1673 1147 1740 1177; x_wconf 83' lang='grc' dir='ltr'>τότε</span> 
     </span>
     <span class='ocr_line' id='line_1_87' title="bbox 1029 1183 1175 1216; baseline 0.016 -2.161"><span class='ocrx_word' id='word_1_487' title='bbox 1029 1183 1175 1216; x_wconf 76' lang='grc' dir='ltr'>Ἀθηναιοι.</span> 
     </span>
    </p>

    <p class='ocr_par' dir='ltr' id='par_1_22' title="bbox 1028 1228 1741 1528">
     <span class='ocr_line' id='line_1_88' title="bbox 1072 1228 1739 1272; baseline 0.007 -14"><span class='ocrx_word' id='word_1_488' title='bbox 1072 1246 1114 1252; x_wconf 77' lang='lat'><strong>—</strong></span> <span class='ocrx_word' id='word_1_489' title='bbox 1131 1230 1185 1260; x_wconf 89' lang='lat' dir='ltr'><strong>ult.</strong></span> <span class='ocrx_word' id='word_1_490' title='bbox 1200 1228 1244 1270; x_wconf 75' lang='grc' dir='ltr'>ὴν]</span> <span class='ocrx_word' id='word_1_491' title='bbox 1264 1230 1363 1260; x_wconf 89' lang='lat' dir='ltr'><strong>malim</strong></span> <span class='ocrx_word' id='word_1_492' title='bbox 1387 1231 1502 1263; x_wconf 81' lang='grc' dir='ltr'>ταύτην.</span> <span class='ocrx_word' id='word_1_493' title='bbox 1530 1242 1587 1262; x_wconf 86' lang='lat' dir='ltr'><strong>non</strong></span> <span class='ocrx_word' id='word_1_494' title='bbox 1604 1234 1739 1272; x_wconf 87' lang='lat' dir='ltr'><strong>pendent</strong></span> 
     </span>
     <span class='ocr_line' id='line_1_89' title="bbox 1030 1271 1740 1315; baseline 0.011 -15"><span class='ocrx_word' id='word_1_495' title='bbox 1030 1271 1096 1301; x_wconf 84' lang='lat' dir='ltr'><strong>sine</strong></span> <span class='ocrx_word' id='word_1_496' title='bbox 1121 1273 1218 1303; x_wconf 84' lang='lat' dir='ltr'><strong>fulcro</strong></span> <span class='ocrx_word' id='word_1_497' title='bbox 1235 1272 1264 1302; x_wconf 88' lang='lat' dir='ltr'><strong>hi</strong></span> <span class='ocrx_word' id='word_1_498' title='bbox 1282 1274 1458 1304; x_wconf 87' lang='lat' dir='ltr'><strong>nominativi</strong></span> <span class='ocrx_word' id='word_1_499' title='bbox 1479 1275 1638 1315; x_wconf 76' lang='grc' dir='ltr'>ποιούμενος</span> <span class='ocrx_word' id='word_1_500' title='bbox 1659 1277 1670 1306; x_wconf 81' lang='grc' dir='ltr'>ὅ</span> <span class='ocrx_word' id='word_1_501' title='bbox 1695 1277 1740 1308; x_wconf 77' lang='grc' dir='ltr'><strong>δῆ-</strong></span> 
     </span>
     <span class='ocr_line' id='line_1_90' title="bbox 1028 1316 1739 1358; baseline 0.009 -14"><span class='ocrx_word' id='word_1_502' title='bbox 1028 1326 1093 1354; x_wconf 80' lang='grc' dir='ltr'>μος,</span> <span class='ocrx_word' id='word_1_503' title='bbox 1120 1317 1173 1346; x_wconf 88' lang='lat' dir='ltr'><strong>sed</strong></span> <span class='ocrx_word' id='word_1_504' title='bbox 1200 1317 1328 1346; x_wconf 89' lang='lat' dir='ltr'><strong>redeunt</strong></span> <span class='ocrx_word' id='word_1_505' title='bbox 1354 1318 1391 1347; x_wconf 88' lang='lat' dir='ltr'><strong>ad</strong></span> <span class='ocrx_word' id='word_1_506' title='bbox 1417 1316 1578 1358; x_wconf 72' lang='grc' dir='ltr'>γράψαντες</span> <span class='ocrx_word' id='word_1_507' title='bbox 1604 1319 1739 1350; x_wconf 74' lang='grc' dir='ltr'>ἔστησαν.</span> 
     </span>
     <span class='ocr_line' id='line_1_91' title="bbox 1029 1359 1741 1401; baseline 0.008 -15"><span class='ocrx_word' id='word_1_508' title='bbox 1029 1368 1096 1387; x_wconf 89' lang='lat' dir='ltr'><strong>cum</strong></span> <span class='ocrx_word' id='word_1_509' title='bbox 1123 1359 1210 1398; x_wconf 67' lang='grc' dir='ltr'>δῆμος</span> <span class='ocrx_word' id='word_1_510' title='bbox 1234 1360 1273 1389; x_wconf 86' lang='lat' dir='ltr'><strong>sit</strong></span> <span class='ocrx_word' id='word_1_511' title='bbox 1288 1370 1395 1390; x_wconf 89' lang='lat' dir='ltr'><strong>nomen</strong></span> <span class='ocrx_word' id='word_1_512' title='bbox 1411 1360 1631 1397; x_wconf 83' lang='lat' dir='ltr'><strong>multitudinis,</strong></span> <span class='ocrx_word' id='word_1_513' title='bbox 1647 1364 1741 1401; x_wconf 89' lang='lat' dir='ltr'><strong>aequi-</strong></span> 
     </span>
     <span class='ocr_line' id='line_1_92' title="bbox 1029 1401 1741 1444; baseline 0.007 -14"><span class='ocrx_word' id='word_1_514' title='bbox 1029 1401 1125 1439; x_wconf 86' lang='lat' dir='ltr'><strong>pollet</strong></span> <span class='ocrx_word' id='word_1_515' title='bbox 1140 1402 1261 1441; x_wconf 84' lang='lat' dir='ltr'><strong>plurali.</strong></span> <span class='ocrx_word' id='word_1_516' title='bbox 1285 1407 1336 1432; x_wconf 90' lang='lat' dir='ltr'><strong>aut</strong></span> <span class='ocrx_word' id='word_1_517' title='bbox 1352 1403 1426 1432; x_wconf 86' lang='lat' dir='ltr'><strong>alias</strong></span> <span class='ocrx_word' id='word_1_518' title='bbox 1446 1403 1535 1433; x_wconf 88' lang='lat' dir='ltr'><strong>deest</strong></span> <span class='ocrx_word' id='word_1_519' title='bbox 1557 1410 1631 1444; x_wconf 87' lang='lat' dir='ltr'><strong>post</strong></span> <span class='ocrx_word' id='word_1_520' title='bbox 1647 1405 1741 1435; x_wconf 81' lang='grc' dir='ltr'>ποιού-</span> 
     </span>
     <span class='ocr_line' id='line_1_93' title="bbox 1028 1445 1737 1489; baseline 0.007 -15"><span class='ocrx_word' id='word_1_521' title='bbox 1028 1455 1122 1482; x_wconf 76' lang='grc' dir='ltr'>μενος,</span> <span class='ocrx_word' id='word_1_522' title='bbox 1140 1456 1207 1475; x_wconf 88' lang='lat' dir='ltr'><strong>voc.</strong></span> <span class='ocrx_word' id='word_1_523' title='bbox 1224 1445 1296 1486; x_wconf 80' lang='grc' dir='ltr'>ἔχει,</span> <span class='ocrx_word' id='word_1_524' title='bbox 1313 1450 1363 1475; x_wconf 90' lang='lat' dir='ltr'><strong>aut</strong></span> <span class='ocrx_word' id='word_1_525' title='bbox 1385 1445 1558 1487; x_wconf 73' lang='grc' dir='ltr'>παρέχεται,</span> <span class='ocrx_word' id='word_1_526' title='bbox 1579 1453 1632 1478; x_wconf 90' lang='lat' dir='ltr'><strong>aut</strong></span> <span class='ocrx_word' id='word_1_527' title='bbox 1652 1450 1737 1489; x_wconf 80' lang='grc' dir='ltr'>τηρεῖ,</span> 
     </span>
     <span class='ocr_line' id='line_1_94' title="bbox 1028 1489 1294 1528; baseline 0.008 -12"><span class='ocrx_word' id='word_1_528' title='bbox 1028 1492 1080 1517; x_wconf 85' lang='lat' dir='ltr'><strong>aut</strong></span> <span class='ocrx_word' id='word_1_529' title='bbox 1096 1489 1194 1519; x_wconf 88' lang='lat' dir='ltr'><strong>simile</strong></span> <span class='ocrx_word' id='word_1_530' title='bbox 1211 1489 1294 1528; x_wconf 89' lang='lat' dir='ltr'><strong>quid.</strong></span> 
     </span>
    </p>

    <p class='ocr_par' dir='ltr' id='par_1_23' title="bbox 1028 1531 1740 1776">
     <span class='ocr_line' id='line_1_95' title="bbox 1072 1531 1738 1574; baseline 0.006 -13"><span class='ocrx_word' id='word_1_531' title='bbox 1072 1533 1167 1561; x_wconf 83' lang='grc'><strong>1371.</strong></span> <span class='ocrx_word' id='word_1_532' title='bbox 1191 1536 1220 1562; x_wconf 72' lang='lat'><strong>⁶2.</strong></span> <span class='ocrx_word' id='word_1_533' title='bbox 1249 1533 1297 1562; x_wconf 74' lang='grc' dir='ltr'>τήν</span> <span class='ocrx_word' id='word_1_534' title='bbox 1320 1531 1353 1570; x_wconf 77' lang='grc' dir='ltr'><strong>γέ</strong></span> <span class='ocrx_word' id='word_1_535' title='bbox 1381 1543 1424 1562; x_wconf 87' lang='grc' dir='ltr'><strong>σοι</strong></span> <span class='ocrx_word' id='word_1_536' title='bbox 1450 1531 1651 1574; x_wconf 69' lang='grc' dir='ltr'>δοθησομένην]</span> <span class='ocrx_word' id='word_1_537' title='bbox 1675 1534 1738 1565; x_wconf 86' lang='lat' dir='ltr'><strong>sine</strong></span> 
     </span>
     <span class='ocr_line' id='line_1_96' title="bbox 1029 1574 1739 1616; baseline 0.008 -14"><span class='ocrx_word' id='word_1_538' title='bbox 1029 1574 1121 1604; x_wconf 87' lang='lat' dir='ltr'><strong>dubio</strong></span> <span class='ocrx_word' id='word_1_539' title='bbox 1137 1575 1193 1605; x_wconf 86' lang='lat' dir='ltr'><strong>fuit</strong></span> <span class='ocrx_word' id='word_1_540' title='bbox 1215 1575 1300 1610; x_wconf 88' lang='lat' dir='ltr'><strong>olim,</strong></span> <span class='ocrx_word' id='word_1_541' title='bbox 1316 1580 1348 1604; x_wconf 92' lang='lat' dir='ltr'><strong>ut</strong></span> <span class='ocrx_word' id='word_1_542' title='bbox 1370 1575 1459 1614; x_wconf 83' lang='lat' dir='ltr'><strong>Tayl.</strong></span> <span class='ocrx_word' id='word_1_543' title='bbox 1481 1577 1626 1615; x_wconf 88' lang='lat' dir='ltr'><strong>conjecit,</strong></span> <span class='ocrx_word' id='word_1_544' title='bbox 1642 1577 1685 1616; x_wconf 69' lang='grc' dir='ltr'><strong>τῷ</strong></span> <span class='ocrx_word' id='word_1_545' title='bbox 1706 1589 1739 1616; x_wconf 86' lang='grc' dir='ltr'><strong>γε</strong></span> 
     </span>
     <span class='ocr_line' id='line_1_97' title="bbox 1029 1616 1740 1657; baseline 0.007 -11"><span class='ocrx_word' id='word_1_546' title='bbox 1029 1616 1150 1656; x_wconf 78' lang='grc' dir='ltr'>Διονύσῳ</span> <span class='ocrx_word' id='word_1_547' title='bbox 1165 1617 1218 1647; x_wconf 79' lang='grc' dir='ltr'>δοθ.</span> <span class='ocrx_word' id='word_1_548' title='bbox 1235 1619 1356 1647; x_wconf 85' lang='lat' dir='ltr'><strong>videtur</strong></span> <span class='ocrx_word' id='word_1_549' title='bbox 1373 1618 1477 1648; x_wconf 83' lang='lat' dir='ltr'><strong>ultima</strong></span> <span class='ocrx_word' id='word_1_550' title='bbox 1493 1620 1611 1657; x_wconf 80' lang='lat' dir='ltr'><strong>syllaba</strong></span> <span class='ocrx_word' id='word_1_551' title='bbox 1628 1631 1656 1650; x_wconf 86' lang='lat' dir='ltr'><strong>v.</strong></span> <span class='ocrx_word' id='word_1_552' title='bbox 1674 1627 1740 1651; x_wconf 85' lang='grc' dir='ltr'>Διο-</span> 
     </span>
     <span class='ocr_line' id='line_1_98' title="bbox 1028 1659 1741 1704; baseline 0.007 -16"><span class='ocrx_word' id='word_1_553' title='bbox 1028 1659 1098 1699; x_wconf 74' lang='grc' dir='ltr'>νύσῳ</span> <span class='ocrx_word' id='word_1_554' title='bbox 1111 1661 1139 1689; x_wconf 86' lang='grc' dir='ltr'><strong>ῐη</strong></span> <span class='ocrx_word' id='word_1_555' title='bbox 1156 1672 1200 1690; x_wconf 86' lang='grc' dir='ltr'><strong>σοι</strong></span> <span class='ocrx_word' id='word_1_556' title='bbox 1217 1670 1390 1699; x_wconf 84' lang='lat' dir='ltr'><strong>superesse.</strong></span> <span class='ocrx_word' id='word_1_557' title='bbox 1402 1667 1453 1690; x_wconf 81' lang='lat' dir='ltr'><strong>aut</strong></span> <span class='ocrx_word' id='word_1_558' title='bbox 1468 1662 1543 1692; x_wconf 85' lang='lat' dir='ltr'><strong>alias</strong></span> <span class='ocrx_word' id='word_1_559' title='bbox 1560 1663 1620 1702; x_wconf 85' lang='lat' dir='ltr'><strong>leg.</strong></span> <span class='ocrx_word' id='word_1_560' title='bbox 1635 1665 1682 1694; x_wconf 69' lang='grc' dir='ltr'>τὴν</span> <span class='ocrx_word' id='word_1_561' title='bbox 1696 1664 1741 1704; x_wconf 76' lang='grc' dir='ltr'><strong>τᾷἶ</strong></span> 
     </span>
     <span class='ocr_line' id='line_1_99' title="bbox 1028 1701 1738 1746; baseline 0.009 -16"><span class='ocrx_word' id='word_1_562' title='bbox 1028 1701 1145 1733; x_wconf 65' lang='grc' dir='ltr'>ξασιλεῖ</span> <span class='ocrx_word' id='word_1_563' title='bbox 1152 1703 1286 1743; x_wconf 61' lang='lat' dir='ltr'><strong>&amp;odvia-osa..</strong></span> <span class='ocrx_word' id='word_1_564' title='bbox 1297 1707 1327 1733; x_wconf 91' lang='lat' dir='ltr'><strong>et</strong></span> <span class='ocrx_word' id='word_1_565' title='bbox 1337 1704 1441 1743; x_wconf 82' lang='lat' dir='ltr'><strong>recepi</strong></span> <span class='ocrx_word' id='word_1_566' title='bbox 1450 1705 1573 1744; x_wconf 83' lang='lat' dir='ltr'><strong>Taylori</strong></span> <span class='ocrx_word' id='word_1_567' title='bbox 1581 1708 1738 1746; x_wconf 83' lang='lat' dir='ltr'><strong>conjectu-</strong></span> 
     </span>
     <span class='ocr_line' id='line_1_100' title="bbox 1028 1746 1240 1776; baseline 0.01 -3"><span class='ocrx_word' id='word_1_568' title='bbox 1028 1756 1088 1774; x_wconf 85' lang='lat' dir='ltr'><strong>ram</strong></span> <span class='ocrx_word' id='word_1_569' title='bbox 1107 1746 1240 1776; x_wconf 83' lang='grc' dir='ltr'>Διονύσω.</span> 
     </span>
    </p>

    <p class='ocr_par' dir='ltr' id='par_1_24' title="bbox 1025 1788 1738 2123">
     <span class='ocr_line' id='line_1_101' title="bbox 1070 1788 1738 1830; baseline 0.009 -13"><span class='ocrx_word' id='word_1_570' title='bbox 1070 1806 1112 1810; x_wconf 83' lang='grc'><strong>-</strong></span> <span class='ocrx_word' id='word_1_571' title='bbox 1128 1790 1158 1818; x_wconf 84' lang='grc'><strong>5.</strong></span> <span class='ocrx_word' id='word_1_572' title='bbox 1187 1788 1230 1818; x_wconf 71' lang='grc' dir='ltr'><strong>ἵνα</strong></span> <span class='ocrx_word' id='word_1_573' title='bbox 1249 1790 1291 1827; x_wconf 67' lang='grc' dir='ltr'><strong>μὴ</strong></span> <span class='ocrx_word' id='word_1_574' title='bbox 1311 1789 1427 1830; x_wconf 75' lang='grc' dir='ltr'>πολλοὶ]</span> <span class='ocrx_word' id='word_1_575' title='bbox 1456 1790 1563 1821; x_wconf 88' lang='lat' dir='ltr'><strong>mirum</strong></span> <span class='ocrx_word' id='word_1_576' title='bbox 1587 1792 1738 1829; x_wconf 86' lang='lat' dir='ltr'><strong>videatur,</strong></span> 
     </span>
     <span class='ocr_line' id='line_1_102' title="bbox 1028 1831 1738 1880; baseline 0.008 -20"><span class='ocrx_word' id='word_1_577' title='bbox 1028 1831 1109 1880; x_wconf 82' lang='lat' dir='ltr'><strong>quod</strong></span> <span class='ocrx_word' id='word_1_578' title='bbox 1127 1833 1163 1861; x_wconf 89' lang='lat' dir='ltr'><strong>ab</strong></span> <span class='ocrx_word' id='word_1_579' title='bbox 1179 1833 1320 1862; x_wconf 88' lang='lat' dir='ltr'><strong>omnibus</strong></span> <span class='ocrx_word' id='word_1_580' title='bbox 1345 1833 1539 1864; x_wconf 77' lang='lat' dir='ltr'><strong>sanctissime</strong></span> <span class='ocrx_word' id='word_1_581' title='bbox 1561 1838 1652 1874; x_wconf 82' lang='lat' dir='ltr'><strong>atque</strong></span> <span class='ocrx_word' id='word_1_582' title='bbox 1667 1837 1738 1866; x_wconf 90' lang='lat' dir='ltr'><strong>reli-</strong></span> 
     </span>
     <span class='ocr_line' id='line_1_103' title="bbox 1027 1874 1738 1913; baseline 0.01 -11"><span class='ocrx_word' id='word_1_583' title='bbox 1027 1874 1199 1912; x_wconf 82' lang='lat' dir='ltr'><strong>giosissime</strong></span> <span class='ocrx_word' id='word_1_584' title='bbox 1217 1875 1443 1905; x_wconf 85' lang='lat' dir='ltr'><strong>observandum</strong></span> <span class='ocrx_word' id='word_1_585' title='bbox 1463 1881 1624 1913; x_wconf 79' lang='lat' dir='ltr'><strong>statuatur,</strong></span> <span class='ocrx_word' id='word_1_586' title='bbox 1643 1879 1675 1908; x_wconf 87' lang='lat' dir='ltr'><strong>id</strong></span> <span class='ocrx_word' id='word_1_587' title='bbox 1691 1880 1738 1909; x_wconf 87' lang='lat' dir='ltr'><strong>di-</strong></span> 
     </span>
     <span class='ocr_line' id='line_1_104' title="bbox 1025 1917 1736 1961; baseline 0.01 -16"><span class='ocrx_word' id='word_1_588' title='bbox 1025 1917 1227 1955; x_wconf 77' lang='lat' dir='ltr'><strong>ligentissime</strong></span> <span class='ocrx_word' id='word_1_589' title='bbox 1238 1918 1341 1947; x_wconf 89' lang='lat' dir='ltr'><strong>celari.</strong></span> <span class='ocrx_word' id='word_1_590' title='bbox 1366 1919 1428 1948; x_wconf 90' lang='lat' dir='ltr'><strong>Sed</strong></span> <span class='ocrx_word' id='word_1_591' title='bbox 1446 1924 1578 1956; x_wconf 84' lang='lat' dir='ltr'><strong>veteres,</strong></span> <span class='ocrx_word' id='word_1_592' title='bbox 1591 1932 1650 1960; x_wconf 89' lang='lat' dir='ltr'><strong>quo</strong></span> <span class='ocrx_word' id='word_1_593' title='bbox 1663 1922 1736 1961; x_wconf 90' lang='lat' dir='ltr'><strong>quid</strong></span> 
     </span>
     <span class='ocr_line' id='line_1_105' title="bbox 1029 1960 1737 2002; baseline 0.008 -13"><span class='ocrx_word' id='word_1_594' title='bbox 1029 1960 1181 1999; x_wconf 82' lang='lat' dir='ltr'><strong>vulgatius</strong></span> <span class='ocrx_word' id='word_1_595' title='bbox 1194 1967 1288 1997; x_wconf 84' lang='lat' dir='ltr'><strong>esset,</strong></span> <span class='ocrx_word' id='word_1_596' title='bbox 1311 1965 1393 1991; x_wconf 87' lang='lat' dir='ltr'><strong>tanto</strong></span> <span class='ocrx_word' id='word_1_597' title='bbox 1416 1962 1446 1991; x_wconf 87' lang='lat' dir='ltr'><strong>id</strong></span> <span class='ocrx_word' id='word_1_598' title='bbox 1476 1964 1628 2002; x_wconf 81' lang='lat' dir='ltr'><strong>profanius</strong></span> <span class='ocrx_word' id='word_1_599' title='bbox 1646 1965 1737 1995; x_wconf 87' lang='lat' dir='ltr'><strong>habe-</strong></span> 
     </span>
     <span class='ocr_line' id='line_1_106' title="bbox 1028 2003 1736 2046; baseline 0.008 -14"><span class='ocrx_word' id='word_1_600' title='bbox 1028 2003 1117 2041; x_wconf 84' lang='lat' dir='ltr'><strong>bant;</strong></span> <span class='ocrx_word' id='word_1_601' title='bbox 1139 2008 1325 2044; x_wconf 86' lang='lat' dir='ltr'><strong>quapropter</strong></span> <span class='ocrx_word' id='word_1_602' title='bbox 1346 2015 1406 2043; x_wconf 89' lang='lat' dir='ltr'><strong>quo</strong></span> <span class='ocrx_word' id='word_1_603' title='bbox 1429 2006 1502 2044; x_wconf 91' lang='lat' dir='ltr'><strong>quid</strong></span> <span class='ocrx_word' id='word_1_604' title='bbox 1526 2007 1687 2046; x_wconf 88' lang='lat' dir='ltr'><strong>augustius</strong></span> <span class='ocrx_word' id='word_1_605' title='bbox 1705 2014 1736 2039; x_wconf 88' lang='lat' dir='ltr'><strong>et</strong></span> 
     </span>
     <span class='ocr_line' id='line_1_107' title="bbox 1028 2047 1733 2083; baseline 0.009 -8"><span class='ocrx_word' id='word_1_606' title='bbox 1028 2047 1160 2076; x_wconf 88' lang='lat' dir='ltr'><strong>sanetius</strong></span> <span class='ocrx_word' id='word_1_607' title='bbox 1177 2048 1292 2077; x_wconf 85' lang='lat' dir='ltr'><strong>vellent</strong></span> <span class='ocrx_word' id='word_1_608' title='bbox 1307 2047 1421 2083; x_wconf 82' lang='lat' dir='ltr'><strong>baberi,</strong></span> <span class='ocrx_word' id='word_1_609' title='bbox 1437 2053 1520 2078; x_wconf 86' lang='lat' dir='ltr'><strong>tanto</strong></span> <span class='ocrx_word' id='word_1_610' title='bbox 1537 2050 1688 2081; x_wconf 85' lang='lat' dir='ltr'><strong>curiosius</strong></span> <span class='ocrx_word' id='word_1_611' title='bbox 1703 2052 1733 2081; x_wconf 90' lang='lat' dir='ltr'><strong>id</strong></span> 
     </span>
     <span class='ocr_line' id='line_1_108' title="bbox 1027 2090 1558 2123; baseline 0.006 -4"><span class='ocrx_word' id='word_1_612' title='bbox 1027 2090 1227 2120; x_wconf 82' lang='lat' dir='ltr'><strong>occultabant.</strong></span> <span class='ocrx_word' id='word_1_613' title='bbox 1245 2091 1324 2120; x_wconf 87' lang='lat' dir='ltr'><strong>unde</strong></span> <span class='ocrx_word' id='word_1_614' title='bbox 1339 2101 1424 2121; x_wconf 84' lang='lat' dir='ltr'><strong>sacra</strong></span> <span class='ocrx_word' id='word_1_615' title='bbox 1438 2101 1558 2123; x_wconf 81' lang='lat' dir='ltr'><strong>arcana.</strong></span> 
     </span>
    </p>

    <p class='ocr_par' dir='ltr' id='par_1_25' title="bbox 1023 2133 1736 2301">
     <span class='ocr_line' id='line_1_109' title="bbox 1069 2133 1736 2175; baseline 0.009 -14"><span class='ocrx_word' id='word_1_616' title='bbox 1069 2136 1112 2155; x_wconf 75' lang='lat'><strong>—&#39;</strong></span> <span class='ocrx_word' id='word_1_617' title='bbox 1130 2136 1178 2164; x_wconf 62' lang='lat'><strong>12.</strong></span> <span class='ocrx_word' id='word_1_618' title='bbox 1202 2133 1275 2172; x_wconf 72' lang='grc' dir='ltr'>ἄξιον</span> <span class='ocrx_word' id='word_1_619' title='bbox 1297 2133 1535 2175; x_wconf 70' lang='grc' dir='ltr'>τιμωρήσασθαι]</span> <span class='ocrx_word' id='word_1_620' title='bbox 1560 2146 1628 2166; x_wconf 85' lang='lat' dir='ltr'><strong>cum</strong></span> <span class='ocrx_word' id='word_1_621' title='bbox 1645 2138 1736 2167; x_wconf 88' lang='lat' dir='ltr'><strong>modo</strong></span> 
     </span>
     <span class='ocr_line' id='line_1_110' title="bbox 1026 2176 1735 2219; baseline 0.008 -15"><span class='ocrx_word' id='word_1_622' title='bbox 1026 2177 1219 2214; x_wconf 84' lang='lat' dir='ltr'><strong>praeoesserit</strong></span> <span class='ocrx_word' id='word_1_623' title='bbox 1249 2176 1334 2215; x_wconf 77' lang='grc' dir='ltr'>ἄξιον,</span> <span class='ocrx_word' id='word_1_624' title='bbox 1360 2177 1460 2206; x_wconf 89' lang='lat' dir='ltr'><strong>malim</strong></span> <span class='ocrx_word' id='word_1_625' title='bbox 1488 2176 1572 2217; x_wconf 76' lang='grc' dir='ltr'>ἀξίως</span> <span class='ocrx_word' id='word_1_626' title='bbox 1597 2191 1665 2219; x_wconf 81' lang='grc' dir='ltr'>τιμ.</span> <span class='ocrx_word' id='word_1_627' title='bbox 1690 2181 1735 2210; x_wconf 75' lang='lat' dir='ltr'><strong>di-</strong></span> 
     </span>
     <span class='ocr_line' id='line_1_111' title="bbox 1023 2220 1734 2265; baseline 0.01 -19"><span class='ocrx_word' id='word_1_628' title='bbox 1023 2221 1091 2257; x_wconf 80' lang='lat' dir='ltr'><strong>gnis</strong></span> <span class='ocrx_word' id='word_1_629' title='bbox 1118 2221 1208 2249; x_wconf 81' lang='lat' dir='ltr'><strong>modis</strong></span> <span class='ocrx_word' id='word_1_630' title='bbox 1240 2220 1478 2250; x_wconf 78' lang='lat' dir='ltr'><strong>animadvertere.</strong></span> <span class='ocrx_word' id='word_1_631' title='bbox 1506 2221 1558 2250; x_wconf 88' lang='lat' dir='ltr'><strong>vel</strong></span> <span class='ocrx_word' id='word_1_632' title='bbox 1585 2223 1688 2260; x_wconf 88' lang='lat' dir='ltr'><strong>potius</strong></span> <span class='ocrx_word' id='word_1_633' title='bbox 1715 2221 1734 2265; x_wconf 70' lang='grc' dir='ltr'><em>ᾖ</em></span> 
     </span>
     <span class='ocr_line' id='line_1_112' title="bbox 1025 2260 1603 2301; baseline 0.007 -11"><span class='ocrx_word' id='word_1_634' title='bbox 1025 2260 1107 2299; x_wconf 74' lang='grc' dir='ltr'>ἄξιον,</span> <span class='ocrx_word' id='word_1_635' title='bbox 1128 2273 1186 2301; x_wconf 82' lang='lat' dir='ltr'><strong>qua</strong></span> <span class='ocrx_word' id='word_1_636' title='bbox 1199 2273 1254 2301; x_wconf 84' lang='lat' dir='ltr'><strong>par</strong></span> <span class='ocrx_word' id='word_1_637' title='bbox 1269 2267 1319 2292; x_wconf 85' lang='lat' dir='ltr'><strong>est.</strong></span> <span class='ocrx_word' id='word_1_638' title='bbox 1338 2266 1370 2292; x_wconf 91' lang='lat' dir='ltr'><strong>ut</strong></span> <span class='ocrx_word' id='word_1_639' title='bbox 1384 2263 1455 2292; x_wconf 91' lang='lat' dir='ltr'><strong>dedi</strong></span> <span class='ocrx_word' id='word_1_640' title='bbox 1471 2263 1509 2293; x_wconf 89' lang='lat' dir='ltr'><strong>de</strong></span> <span class='ocrx_word' id='word_1_641' title='bbox 1526 2274 1603 2294; x_wconf 86' lang='lat' dir='ltr'><strong>meo.</strong></span> 
     </span>
    </p>

    <p class='ocr_par' dir='ltr' id='par_1_26' title="bbox 1023 2304 1735 2463">
     <span class='ocr_line' id='line_1_113' title="bbox 1068 2304 1733 2346; baseline 0.011 -13"><span class='ocrx_word' id='word_1_642' title='bbox 1068 2322 1110 2327; x_wconf 89' lang='lat'><strong>—-</strong></span> <span class='ocrx_word' id='word_1_643' title='bbox 1123 2308 1174 2336; x_wconf 89' lang='grc'><strong>18.</strong></span> <span class='ocrx_word' id='word_1_644' title='bbox 1185 2304 1210 2335; x_wconf 80' lang='grc' dir='ltr'>ἐν</span> <span class='ocrx_word' id='word_1_645' title='bbox 1224 2306 1328 2346; x_wconf 72' lang='grc' dir='ltr'>κανοῖς]</span> <span class='ocrx_word' id='word_1_646' title='bbox 1347 2306 1437 2345; x_wconf 77' lang='lat' dir='ltr'><strong>apud,</strong></span> <span class='ocrx_word' id='word_1_647' title='bbox 1451 2306 1499 2336; x_wconf 85' lang='lat' dir='ltr'><strong>vel</strong></span> <span class='ocrx_word' id='word_1_648' title='bbox 1516 2313 1584 2337; x_wconf 82' lang='lat' dir='ltr'><strong>ante</strong></span> <span class='ocrx_word' id='word_1_649' title='bbox 1594 2310 1733 2340; x_wconf 80' lang='lat' dir='ltr'><strong>canistra.</strong></span> 
     </span>
     <span class='ocr_line' id='line_1_114' title="bbox 1023 2348 1735 2388; baseline 0.008 -12"><span class='ocrx_word' id='word_1_650' title='bbox 1023 2349 1093 2376; x_wconf 71' lang='grc' dir='ltr'>κανᾶ</span> <span class='ocrx_word' id='word_1_651' title='bbox 1110 2354 1178 2378; x_wconf 89' lang='lat' dir='ltr'><strong>sunt</strong></span> <span class='ocrx_word' id='word_1_652' title='bbox 1193 2348 1254 2377; x_wconf 81' lang='lat' dir='ltr'><strong>illae</strong></span> <span class='ocrx_word' id='word_1_653' title='bbox 1271 2349 1401 2387; x_wconf 72' lang='lat' dir='ltr'><strong>scaphae,</strong></span> <span class='ocrx_word' id='word_1_654' title='bbox 1415 2349 1443 2378; x_wconf 90' lang='lat' dir='ltr'><strong>in</strong></span> <span class='ocrx_word' id='word_1_655' title='bbox 1456 2350 1565 2388; x_wconf 91' lang='lat' dir='ltr'><strong>quibus</strong></span> <span class='ocrx_word' id='word_1_656' title='bbox 1576 2355 1642 2381; x_wconf 83' lang='lat' dir='ltr'><strong>erat</strong></span> <span class='ocrx_word' id='word_1_657' title='bbox 1653 2353 1735 2382; x_wconf 87' lang='lat' dir='ltr'><strong>mola</strong></span> 
     </span>
     <span class='ocr_line' id='line_1_115' title="bbox 1024 2390 1734 2434; baseline 0.01 -15"><span class='ocrx_word' id='word_1_658' title='bbox 1024 2390 1115 2426; x_wconf 82' lang='lat' dir='ltr'><strong>salsa,</strong></span> <span class='ocrx_word' id='word_1_659' title='bbox 1140 2401 1207 2430; x_wconf 88' lang='lat' dir='ltr'><strong>quae</strong></span> <span class='ocrx_word' id='word_1_660' title='bbox 1231 2392 1325 2430; x_wconf 81' lang='lat' dir='ltr'><strong>capiti</strong></span> <span class='ocrx_word' id='word_1_661' title='bbox 1343 2392 1475 2422; x_wconf 85' lang='lat' dir='ltr'><strong>victimae</strong></span> <span class='ocrx_word' id='word_1_662' title='bbox 1498 2392 1734 2434; x_wconf 81' lang='lat' dir='ltr'><strong>inspergebamr</strong></span> 
     </span>
     <span class='ocr_line' id='line_1_116' title="bbox 1024 2434 1290 2463; baseline 0.008 -2"><span class='ocrx_word' id='word_1_663' title='bbox 1024 2443 1081 2463; x_wconf 90' lang='lat' dir='ltr'><strong>una</strong></span> <span class='ocrx_word' id='word_1_664' title='bbox 1097 2444 1165 2463; x_wconf 88' lang='lat' dir='ltr'><strong>cum</strong></span> <span class='ocrx_word' id='word_1_665' title='bbox 1181 2434 1290 2463; x_wconf 85' lang='lat' dir='ltr'><strong>cultro.</strong></span> 
     </span>
    </p>

    <p class='ocr_par' dir='ltr' id='par_1_27' title="bbox 1021 2477 1734 2562">
     <span class='ocr_line' id='line_1_117' title="bbox 1065 2477 1734 2519; baseline 0.006 -13"><span class='ocrx_word' id='word_1_666' title='bbox 1065 2494 1107 2498; x_wconf 90' lang='lat'><strong>-—</strong></span> <span class='ocrx_word' id='word_1_667' title='bbox 1126 2479 1175 2508; x_wconf 85' lang='lat'><strong>19.</strong></span> <span class='ocrx_word' id='word_1_668' title='bbox 1190 2480 1244 2508; x_wconf 73' lang='grc' dir='ltr'>τῶν</span> <span class='ocrx_word' id='word_1_669' title='bbox 1259 2477 1432 2519; x_wconf 77' lang='grc' dir='ltr'>λεγομενων]</span> <span class='ocrx_word' id='word_1_670' title='bbox 1454 2479 1557 2508; x_wconf 81' lang='lat' dir='ltr'><strong>malim</strong></span> <span class='ocrx_word' id='word_1_671' title='bbox 1575 2482 1630 2510; x_wconf 76' lang='grc' dir='ltr'>τῶν</span> <span class='ocrx_word' id='word_1_672' title='bbox 1645 2491 1734 2519; x_wconf 66' lang='grc' dir='ltr'>γιγνο-</span> 
     </span>
     <span class='ocr_line' id='line_1_118' title="bbox 1021 2518 1688 2562; baseline 0.008 -14"><span class='ocrx_word' id='word_1_673' title='bbox 1021 2518 1121 2558; x_wconf 80' lang='grc' dir='ltr'>μὲνων.</span> <span class='ocrx_word' id='word_1_674' title='bbox 1135 2530 1183 2550; x_wconf 80' lang='lat' dir='ltr'><strong>eor</strong></span> <span class='ocrx_word' id='word_1_675' title='bbox 1187 2531 1246 2556; x_wconf 81' lang='lat' dir='ltr'><strong>um,</strong></span> <span class='ocrx_word' id='word_1_676' title='bbox 1262 2531 1324 2560; x_wconf 79' lang='lat' dir='ltr'><strong>quae</strong></span> <span class='ocrx_word' id='word_1_677' title='bbox 1341 2523 1418 2552; x_wconf 81' lang='lat' dir='ltr'><strong>inter</strong></span> <span class='ocrx_word' id='word_1_678' title='bbox 1434 2523 1489 2551; x_wconf 77' lang='lat' dir='ltr'><strong>ista</strong></span> <span class='ocrx_word' id='word_1_679' title='bbox 1502 2532 1585 2552; x_wconf 79' lang='lat' dir='ltr'><strong>sacra</strong></span> <span class='ocrx_word' id='word_1_680' title='bbox 1594 2522 1688 2562; x_wconf 77' lang='lat' dir='ltr'><strong>fiant.</strong></span> 
     </span>
    </p>

    <p class='ocr_par' dir='ltr' id='par_1_28' title="bbox 1021 2563 1732 2860">
     <span class='ocr_line' id='line_1_119' title="bbox 1065 2563 1730 2605; baseline 0.006 -13"><span class='ocrx_word' id='word_1_681' title='bbox 1065 2581 1107 2585; x_wconf 89' lang='lat'><strong>——</strong></span> <span class='ocrx_word' id='word_1_682' title='bbox 1123 2565 1174 2593; x_wconf 66' lang='lat'><strong>94.</strong></span> <span class='ocrx_word' id='word_1_683' title='bbox 1190 2563 1319 2605; x_wconf 74' lang='grc' dir='ltr'>Θεόγνια]</span> <span class='ocrx_word' id='word_1_684' title='bbox 1345 2565 1389 2594; x_wconf 87' lang='lat' dir='ltr'><strong>sic</strong></span> <span class='ocrx_word' id='word_1_685' title='bbox 1414 2565 1503 2594; x_wconf 86' lang='lat' dir='ltr'><strong>etiam</strong></span> <span class='ocrx_word' id='word_1_686' title='bbox 1531 2566 1630 2594; x_wconf 89' lang='lat' dir='ltr'><strong>estin</strong></span> <span class='ocrx_word' id='word_1_687' title='bbox 1656 2567 1730 2596; x_wconf 88' lang='lat' dir='ltr'><strong>Bav.</strong></span> 
     </span>
     <span class='ocr_line' id='line_1_120' title="bbox 1023 2605 1732 2647; baseline 0.006 -12"><span class='ocrx_word' id='word_1_688' title='bbox 1023 2606 1076 2635; x_wconf 83' lang='lat' dir='ltr'><strong>sed</strong></span> <span class='ocrx_word' id='word_1_689' title='bbox 1095 2605 1199 2636; x_wconf 71' lang='grc' dir='ltr'>Θεοίνια,</span> <span class='ocrx_word' id='word_1_690' title='bbox 1222 2607 1380 2637; x_wconf 84' lang='lat' dir='ltr'><strong>contendit</strong></span> <span class='ocrx_word' id='word_1_691' title='bbox 1397 2608 1457 2647; x_wconf 85' lang='lat' dir='ltr'><strong>leg.</strong></span> <span class='ocrx_word' id='word_1_692' title='bbox 1482 2618 1550 2637; x_wconf 90' lang='lat' dir='ltr'><strong>esse</strong></span> <span class='ocrx_word' id='word_1_693' title='bbox 1570 2608 1732 2647; x_wconf 78' lang='lat' dir='ltr'><strong>Taytorus.</strong></span> 
     </span>
     <span class='ocr_line' id='line_1_121' title="bbox 1023 2651 1731 2690; baseline 0.004 -13"><span class='ocrx_word' id='word_1_694' title='bbox 1023 2659 1080 2678; x_wconf 90' lang='lat' dir='ltr'><strong>non</strong></span> <span class='ocrx_word' id='word_1_695' title='bbox 1101 2655 1210 2685; x_wconf 86' lang='lat' dir='ltr'><strong>tamen,</strong></span> <span class='ocrx_word' id='word_1_696' title='bbox 1227 2661 1320 2690; x_wconf 85' lang='lat' dir='ltr'><strong>penes</strong></span> <span class='ocrx_word' id='word_1_697' title='bbox 1337 2661 1382 2680; x_wconf 84' lang='lat' dir='ltr'><strong>me</strong></span> <span class='ocrx_word' id='word_1_698' title='bbox 1399 2651 1533 2689; x_wconf 87' lang='lat' dir='ltr'><strong>quidem,</strong></span> <span class='ocrx_word' id='word_1_699' title='bbox 1551 2656 1634 2680; x_wconf 85' lang='lat' dir='ltr'><strong>caret</strong></span> <span class='ocrx_word' id='word_1_700' title='bbox 1649 2653 1731 2681; x_wconf 87' lang='lat' dir='ltr'><strong>omni</strong></span> 
     </span>
     <span class='ocr_line' id='line_1_122' title="bbox 1022 2692 1732 2733; baseline 0.006 -12"><span class='ocrx_word' id='word_1_701' title='bbox 1022 2693 1238 2730; x_wconf 76' lang='lat' dir='ltr'><strong>probabilitate</strong></span> <span class='ocrx_word' id='word_1_702' title='bbox 1249 2694 1381 2731; x_wconf 84' lang='lat' dir='ltr'><strong>vulgata,</strong></span> <span class='ocrx_word' id='word_1_703' title='bbox 1392 2703 1457 2722; x_wconf 87' lang='lat' dir='ltr'><strong>nam</strong></span> <span class='ocrx_word' id='word_1_704' title='bbox 1471 2692 1586 2731; x_wconf 72' lang='grc' dir='ltr'>Θεόγνισι</span> <span class='ocrx_word' id='word_1_705' title='bbox 1601 2701 1732 2733; x_wconf 88' lang='lat' dir='ltr'><strong>possunt</strong></span> 
     </span>
     <span class='ocr_line' id='line_1_123' title="bbox 1022 2735 1731 2774; baseline 0.006 -11"><span class='ocrx_word' id='word_1_706' title='bbox 1022 2745 1090 2764; x_wconf 86' lang='lat' dir='ltr'><strong>esse</strong></span> <span class='ocrx_word' id='word_1_707' title='bbox 1117 2747 1166 2774; x_wconf 89' lang='lat' dir='ltr'><strong>qu·</strong></span> <span class='ocrx_word' id='word_1_708' title='bbox 1160 2735 1202 2766; x_wconf 72' lang='lat' dir='ltr'><strong>isi</strong></span> <span class='ocrx_word' id='word_1_709' title='bbox 1230 2737 1368 2774; x_wconf 73' lang='grc' dir='ltr'>Θεογὸνια.</span> <span class='ocrx_word' id='word_1_710' title='bbox 1392 2735 1506 2765; x_wconf 76' lang='lat' dir='ltr'><strong>natales</strong></span> <span class='ocrx_word' id='word_1_711' title='bbox 1531 2735 1597 2766; x_wconf 72' lang='lat' dir='ltr'><strong>Dei.</strong></span> <span class='ocrx_word' id='word_1_712' title='bbox 1642 2738 1731 2768; x_wconf 87' lang='lat' dir='ltr'><strong>Conf.</strong></span> 
     </span>
     <span class='ocr_line' id='line_1_124' title="bbox 1024 2778 1729 2819; baseline 0.004 -12"><span class='ocrx_word' id='word_1_713' title='bbox 1024 2778 1185 2808; x_wconf 83' lang='lat' dir='ltr'><strong>Ruhnken.</strong></span> <span class='ocrx_word' id='word_1_714' title='bbox 1199 2778 1227 2808; x_wconf 89' lang='lat' dir='ltr'><strong>in</strong></span> <span class='ocrx_word' id='word_1_715' title='bbox 1241 2781 1332 2808; x_wconf 81' lang='lat' dir='ltr'><strong>Auet.</strong></span> <span class='ocrx_word' id='word_1_716' title='bbox 1343 2779 1459 2808; x_wconf 83' lang='lat' dir='ltr'><strong>emend.</strong></span> <span class='ocrx_word' id='word_1_717' title='bbox 1474 2778 1509 2807; x_wconf 81' lang='lat' dir='ltr'><strong>ad</strong></span> <span class='ocrx_word' id='word_1_718' title='bbox 1522 2778 1659 2819; x_wconf 81' lang='lat' dir='ltr'><strong>Hesych.</strong></span> <span class='ocrx_word' id='word_1_719' title='bbox 1674 2786 1695 2810; x_wconf 89' lang='lat' dir='ltr'><strong>t.</strong></span> <span class='ocrx_word' id='word_1_720' title='bbox 1705 2782 1729 2810; x_wconf 89' lang='lat'><strong>1.</strong></span> 
     </span>
     <span class='ocr_line' id='line_1_125' title="bbox 1021 2824 1143 2860; baseline 0.036 -16"><span class='ocrx_word' id='word_1_721' title='bbox 1021 2832 1051 2860; x_wconf 81' lang='lat' dir='ltr'><strong>p</strong></span> <span class='ocrx_word' id='word_1_722' title='bbox 1070 2824 1143 2852; x_wconf 72' lang='lat'><strong>999.</strong></span> 
     </span>
    </p>

    <p class='ocr_par' dir='ltr' id='par_1_29' title="bbox 1018 2861 1731 2990">
     <span class='ocr_line' id='line_1_126' title="bbox 1065 2861 1730 2904; baseline 0.003 -11"><span class='ocrx_word' id='word_1_723' title='bbox 1065 2866 1206 2895; x_wconf 55' lang='lat'><strong>13721.</strong></span> <span class='ocrx_word' id='word_1_724' title='bbox 1229 2863 1277 2893; x_wconf 72' lang='grc' dir='ltr'><strong>καὶ</strong></span> <span class='ocrx_word' id='word_1_725' title='bbox 1301 2861 1413 2894; x_wconf 47' lang='lat' dir='ltr'><strong>abaco&amp;</strong></span> <span class='ocrx_word' id='word_1_726' title='bbox 1429 2862 1550 2904; x_wconf 74' lang='grc' dir='ltr'>αὐταῖς]</span> <span class='ocrx_word' id='word_1_727' title='bbox 1576 2864 1596 2894; x_wconf 83' lang='lat' dir='ltr'><strong>f.</strong></span> <span class='ocrx_word' id='word_1_728' title='bbox 1620 2876 1668 2895; x_wconf 73' lang='grc' dir='ltr'><strong>και</strong></span> <span class='ocrx_word' id='word_1_729' title='bbox 1685 2877 1730 2896; x_wconf 84' lang='grc' dir='ltr'><strong>οτι</strong></span> 
     </span>
     <span class='ocr_line' id='line_1_127' title="bbox 1018 2906 1731 2949; baseline 0.004 -13"><span class='ocrx_word' id='word_1_730' title='bbox 1018 2906 1130 2943; x_wconf 79' lang='grc' dir='ltr'>οῖδεν,</span> <span class='ocrx_word' id='word_1_731' title='bbox 1115 2921 1134 2936; x_wconf 77' lang='grc' dir='ltr'><strong>α.</strong></span> <span class='ocrx_word' id='word_1_732' title='bbox 1149 2906 1201 2937; x_wconf 74' lang='grc' dir='ltr'>οὐδ’</span> <span class='ocrx_word' id='word_1_733' title='bbox 1215 2907 1328 2941; x_wconf 78' lang='grc' dir='ltr'>αὐταῖς.</span> <span class='ocrx_word' id='word_1_734' title='bbox 1343 2910 1371 2935; x_wconf 89' lang='lat' dir='ltr'><strong>et</strong></span> <span class='ocrx_word' id='word_1_735' title='bbox 1386 2916 1448 2936; x_wconf 81' lang='lat' dir='ltr'><strong>eam</strong></span> <span class='ocrx_word' id='word_1_736' title='bbox 1463 2908 1536 2937; x_wconf 80' lang='lat' dir='ltr'><strong>scire</strong></span> <span class='ocrx_word' id='word_1_737' title='bbox 1550 2917 1594 2944; x_wconf 81' lang='lat' dir='ltr'><strong>ea,</strong></span> <span class='ocrx_word' id='word_1_738' title='bbox 1611 2918 1674 2949; x_wconf 75' lang='lat' dir='ltr'><em>‹111ae</em></span> <span class='ocrx_word' id='word_1_739' title='bbox 1695 2919 1731 2939; x_wconf 81' lang='lat' dir='ltr'><strong>ue</strong></span> 
     </span>
     <span class='ocr_line' id='line_1_128' title="bbox 1019 2949 1379 2990; baseline 0 -12"><span class='ocrx_word' id='word_1_740' title='bbox 1019 2950 1084 2989; x_wconf 76' lang='lat' dir='ltr'><strong>ipsis</strong></span> <span class='ocrx_word' id='word_1_741' title='bbox 1098 2950 1214 2990; x_wconf 76' lang='lat' dir='ltr'><strong>quidem</strong></span> <span class='ocrx_word' id='word_1_742' title='bbox 1228 2950 1294 2979; x_wconf 77' lang='lat' dir='ltr'><strong>licet</strong></span> <span class='ocrx_word' id='word_1_743' title='bbox 1310 2949 1379 2978; x_wconf 80' lang='lat' dir='ltr'><strong>illis.</strong></span> 
     </span>
    </p>

    <p class='ocr_par' dir='ltr' id='par_1_30' title="bbox 1015 2991 1727 3076">
     <span class='ocr_line' id='line_1_129' title="bbox 1060 2991 1727 3033; baseline 0.004 -12"><span class='ocrx_word' id='word_1_744' title='bbox 1060 3010 1100 3015; x_wconf 78' lang='lat'>—</span> <span class='ocrx_word' id='word_1_745' title='bbox 1119 2996 1148 3023; x_wconf 76' lang='lat'><strong>2.</strong></span> <span class='ocrx_word' id='word_1_746' title='bbox 1164 2993 1229 3025; x_wconf 74' lang='grc' dir='ltr'>ταῖς</span> <span class='ocrx_word' id='word_1_747' title='bbox 1245 2992 1374 3033; x_wconf 71' lang='grc' dir='ltr'>ὁρώσαις]</span> <span class='ocrx_word' id='word_1_748' title='bbox 1399 2991 1499 3021; x_wconf 83' lang='lat' dir='ltr'><strong>malim</strong></span> <span class='ocrx_word' id='word_1_749' title='bbox 1516 2992 1583 3026; x_wconf 74' lang='grc' dir='ltr'>ταῖς</span> <span class='ocrx_word' id='word_1_750' title='bbox 1598 2993 1727 3033; x_wconf 71' lang='grc' dir='ltr'>δρώσαις.</span> 
     </span>
     <span class='ocr_line' id='line_1_130' title="bbox 1015 3033 1654 3076; baseline 0.006 -14"><span class='ocrx_word' id='word_1_751' title='bbox 1015 3035 1219 3076; x_wconf 71' lang='lat' dir='ltr'><strong>peragentibus</strong></span> <span class='ocrx_word' id='word_1_752' title='bbox 1233 3037 1285 3065; x_wconf 79' lang='lat' dir='ltr'><strong>ista</strong></span> <span class='ocrx_word' id='word_1_753' title='bbox 1302 3033 1534 3075; x_wconf 77' lang='lat' dir='ltr'><strong>sacrafoeminis.</strong></span> <span class='ocrx_word' id='word_1_754' title='bbox 1553 3046 1569 3066; x_wconf 82' lang='lat' dir='ltr'><strong>a</strong></span> <span class='ocrx_word' id='word_1_755' title='bbox 1583 3035 1654 3076; x_wconf 74' lang='grc' dir='ltr'>δρᾷν.</span> 
     </span>
    </p>
   </div>
  </div>
 </body>
</html>
