1931 3322
628 179 1119 223 ANNOTATIONES.
1525 180 1612 223 317

149 300 219 331 quae
234 289 315 330 apud
330 289 445 320 nullum
461 288 554 319 alium
571 287 754 328 scriptorem
768 297 859 327 repe-

148 333 335 363 riantur—is
360 333 454 371 igitur
484 331 654 362 Pausanias
681 331 711 360 in
737 332 860 361 Messe-

148 376 246 405 niacis
271 376 315 405 sic
337 375 465 404 scribit:
490 373 522 404 τὸ
546 373 574 404 δὲ
599 373 696 414 δένδρον
712 372 760 404 τόν
772 373 861 414 ἒςινεόν

149 417 249 449 πολλοὶ
264 417 463 447 τῶνἙλλήνων
472 417 595 453 amen,
608 416 686 447 αὐτοὶ
702 416 730 446 δὲ
744 417 765 446 οἶ
781 423 860 446 Μεσ-

150 461 234 491 σήνιοι
248 460 349 501 τράγον
362 462 500 490 καλοῦσα
524 461 584 490 hoc
601 464 660 495 est,
679 459 860 499 Capi-{ficum

149 503 280 533 arborem
307 504 396 533 multi
421 503 591 534 Graecorum
615 501 781 543 olynthum,
807 503 861 540 ipsi

149 551 248 575 autem
265 545 402 577 Messenii
420 551 554 587 tragum,
579 546 636 575 hoc
651 550 711 581 est,
726 555 861 584 caprum,

148 593 263 619 τοι-απτ.

192 648 236 654 —
255 631 332 662 ibid.
356 631 400 672 ἦν]
427 631 674 665 Observandum,
699 640 761 660 una
786 640 862 660 voce

150 673 210 703 tria
225 678 364 714 tempora
378 674 594 714 comprehendi
607 684 615 702 ε
638 674 862 713 imperfectum,

150 717 330 756 perfectum,
347 717 695 757 plusquamperfectum,
720 727 758 746 ne
783 727 862 746 sem-

150 770 208 799 per
230 759 458 799 interpreteris,
483 770 583 790 eram:
618 760 673 790 sed
700 759 863 798 aliquando

151 801 325 843 etiam,fui‚
338 802 518 844 etsueram:
542 807 576 832 ut
590 803 640 833 hic
651 801 778 843 {bfuit
805 803 865 833 Est

151 845 230 875 enim
247 846 402 886 Olynthus
419 847 469 886 (ut
485 846 642 875 Diodorus
665 846 719 876 lib.
736 849 787 876 19.
803 850 863 875 tra-

151 888 214 928 dit)
241 889 366 920 condita
391 889 578 929 Olympiade
609 891 661 920 86.
698 887 862 928 Περδίκκας,

150 930 260 971 inquit,
282 932 415 964 Μακεδὼν
438 931 540 963 «πείθει
563 931 723 966 Χαλκιδέας
733 930 865 963 ’Ὄλυνθον

151 973 327 1015 συνοικίζεινι
350 977 388 1005 ab
402 976 590 1015 Euthycrate
605 980 636 1005 et
649 976 805 1005 Lasthene
821 976 864 1004 ci-

153 1018 255 1054 vibus,
265 1018 399 1057 prodita,
410 1023 498 1058 capta
509 1029 527 1048 a
536 1018 694 1058 Philippo,
703 1024 733 1048 et
746 1023 864 1057 aequata

154 1061 243 1091 solo:
266 1072 357 1101 quam
380 1063 447 1101 ejus
466 1061 625 1092 victoriam
647 1071 717 1091 cum
739 1061 863 1101 quidam

152 1105 335 1141 celebraret,
359 1106 440 1143 quod
466 1105 644 1144 praeclaram
672 1105 775 1134 urbem
805 1114 863 1134 uno

152 1147 204 1176 die
231 1147 406 1184 evertisset,
434 1148 512 1177 alius
542 1147 717 1186 respondit,
746 1151 754 1164 ‘
767 1147 864 1185 Atqui

151 1189 244 1220 talem
270 1191 374 1220 urbem
398 1191 534 1220 nondum
562 1188 721 1225 condidit,’
747 1189 864 1229 signifi-

152 1243 238 1269 cans,
249 1239 409 1264 exstruere
424 1232 604 1273 praeclarius
614 1242 695 1267 esse,
709 1242 799 1272 quam
811 1233 863 1263 de-

153 1281 287 1306 struere.
331 1277 431 1306 Recte
446 1287 529 1307 sane.

196 1337 239 1342 —
249 1318 326 1350 ibid.
340 1318 397 1350 {wi
413 1318 534 1361 Θρᾴκης]
548 1319 581 1349 id
593 1324 652 1356 est,
669 1317 695 1349 ἒν
708 1317 748 1360 τ’ῗί
760 1316 864 1361 Θξςίκῃ,

152 1362 187 1393 in
199 1362 338 1393 tl'hracz'a.
351 1373 411 1393 non
423 1368 470 1393 est
480 1363 707 1402 exponendum,
717 1363 756 1392 ad
770 1362 866 1392 Thra-

152 1407 248 1436 ciam.-
271 1411 334 1437 tum
358 1406 443 1437 enim-
460 1407 601 1437 Graecum
625 1410 719 1446 esset,
743 1404 807 1445 πρὸς
829 1406 868 1447 τῇ

156 1448 259 1490 Θρᾴκῃ.
283 1449 338 1479 sed
359 1449 409 1479 hic
431 1449 506 1479 nihil
523 1454 607 1479 vetat
630 1449 745 1485 dicere,
770 1449 865 1488 Olyn-

155 1491 223 1522 thus
227 1491 301 1532 fuit
314 1492 386 1522 urbs
400 1491 541 1523 Thraciae.
585 1493 727 1531 Amplior
741 1492 820 1522 enim
836 1496 866 1521 et

154 1535 344 1574 frequentior
376 1540 425 1565 est
454 1535 573 1566 Graecis
610 1535 864 1576 praepositionum

155 1587 241 1614 usus,
272 1588 362 1618 quam
391 1579 521 1609 Latinis.
568 1579 743 1619 Diligenter
771 1579 866 1618 igitur

155 1621 391 1657 observandum,
420 1623 543 1661 qnando
572 1622 603 1652 in
633 1622 788 1660 genitivos
815 1625 867 1651 aut

156 1664 321 1701 ablativos;
344 1665 466 1704 quando
489 1665 519 1694 in
545 1665 699 1704 adjectiva
729 1664 864 1701 nomina,

156 1708 279 1746 quando
290 1707 321 1737 in
336 1708 414 1738 alios
425 1718 527 1743 casus,
544 1708 604 1738 siut
619 1708 846 1738 convertendae.

200 1768 244 1773 —-
257 1751 333 1782 ibid.
349 1749 471 1793 Θςςίκης]
488 1750 567 1793 Θρᾷξ
580 1761 635 1790 pro
647 1750 746 1792 Θςάΐξ,
759 1751 867 1780 Ionice

157 1793 254 1833 Θρῆἴξ.
298 1793 420 1836 Θρᾷσσα
441 1795 491 1825 vel
522 1794 644 1834 Θρᾷττα
671 1800 701 1824 et
728 1794 868 1835 Θρήϊσσα,

158 1835 289 1866 Thracia
315 1837 437 1867 mulier.
482 1837 588 1877 Θρᾴκη,
613 1838 745 1867 Thracia
770 1837 868 1876 regio.

159 1877 276 1919 Θρᾴκιος
290 1884 320 1910 et
331 1879 462 1920 Θρηΐκιος,
475 1881 672 1919 adjectivum.
696 1880 846 1910 Horatius
860 1891 866 1910 ε

160 1924 182 1938 “
196 1921 300 1952 Otium
315 1923 399 1952 bello
414 1923 528 1953 furiosa
541 1922 691 1959 Thrace,'’
706 1933 762 1962 pro
774 1924 869 1953 Thra·

160 1963 219 2000 cia,
237 1966 346 1995 Graeca
358 1965 572 1996 terminatione
582 1966 675 1996 dixit.
699 1967 758 1996 Est
771 1972 870 1995 autem

161 2008 296 2048 Europae
309 2008 394 2048 regio
410 2008 609 2049 amplissima,
624 2009 751 2039 finitima
767 2010 871 2039 Mace—

160 2050 273 2082 doniae.
317 2052 549 2092 Descriptiones
580 2053 721 2092 petendae
753 2055 823 2082 sunt
854 2063 871 2082 e

159 2093 323 2131 Strabone,
336 2095 432 2131 Mela,
446 2096 559 2132 Plinio,
574 2095 739 2126 Ptolemaeo
752 2106 758 2124 :
783 2096 872 2136 situs,

159 2147 177 2167 e
200 2137 313 2167 tabulis
328 2138 562 2178 Geograpbicis.
605 2140 871 2178 Supervacaneum

161 2179 243 2210 enim
259 2185 318 2217 est,
333 2180 364 2210 in
376 2181 510 2220 singulis
523 2181 602 2212 locis
617 2186 776 2212 auctorum
789 2186 872 2212 totas

161 2227 244 2253 artes
263 2227 297 2253 et
319 2223 466 2254 historias
483 2225 653 2264 explicare,
668 2236 736 2265 quae
756 2226 872 2255 rectius

161 2276 179 2296 e
211 2265 276 2296 suis
305 2277 435 2306 quaeque
465 2268 668 2307 scriptoribus
699 2272 871 2298 sumuntur.

163 2309 310 2340 Breviter
337 2311 500 2341 admonere
524 2312 685 2346 lectorem,
711 2316 760 2341 est
786 2310 872 2342 satis.

166 2351 270 2390 Quare
285 2363 342 2383 nos
360 2353 390 2382 in
414 2353 473 2384 hoc
495 2365 617 2394 genere,
640 2354 698 2383 nisi
715 2354 872 2393 postulare

163 2395 333 2425 necessitas
345 2396 496 2433 videatur,
511 2407 658 2436 nusquam
673 2397 787 2427 erimus
807 2398 874 2427 ton-

164 2438 278 2478 giores.

208 2481 285 2511 ibid.
309 2480 480 2524 Ἓλληνικόν]
494 2481 621 2514 εἘλληνα
644 2483 766 2524 quidam
790 2485 875 2515 Deu-

165 2524 305 2561 calionis,
334 2525 386 2555 alii
412 2525 520 2556 Pbtbii
541 2527 693 2563 Thessali,
713 2528 802 2558 Jovis
822 2527 875 2557 olii

166 2567 262 2598 filium
287 2567 413 2604 faciunt,
442 2574 534 2608 atque
560 2571 599 2598 ab
620 2580 657 2600 eo
679 2569 821 2604 Ἓλληνας
846 2575 877 2600 et

164 2609 294 2641 Ἐλλάδα
315 2621 424 2642 nomen
451 2611 610 2652 accepisse
632 2613 756 2643 dicunt:
785 2624 875 2652 quum

167 2653 256 2693 prius
274 2653 389 2694 singuli
412 2655 517 2695 populi
539 2655 603 2685 suis
624 2656 805 2695 quibusdam
822 2667 877 2696 ap-

167 2696 397 2737 pellationibus,
414 2703 448 2728 ut
470 2698 586 2733 Boeoti,
602 2698 754 2734 Thessali,
768 2700 877 2735 Attici,

168 2739 292 2779 Argivi,
308 2739 368 2770 &c.
383 2741 433 2770 vel
456 2741 562 2781 Γραικοὶ
580 2741 679 2782 (quod
695 2743 876 2773 vocabulum

170 2786 202 2812 et
214 2783 314 2813 Latini
328 2783 536 2826 retinuerunt)
549 2785 786 2815 nominarentur.
830 2787 878 2816 Ab

164 2823 270 2856 ’Ἐλλην
281 2826 314 2856 fit
329 2827 517 2866 adjectivum
533 2827 703 2864 Ἑλληνικὸς,
715 2830 741 2864 ἦ,
758 2827 794 2858 ὄν.
817 2829 878 2858 Sed

170 2866 204 2896 τὸ
217 2867 382 2905 Ἓλληνικόν,
398 2875 429 2900 et
444 2872 484 2901 τιὶ
497 2870 659 2907 Ἑλληνικὰ,
674 2872 774 2911 (qnod
796 2877 825 2902 et
849 2872 878 2901 in

171 2909 241 2940 aliis
261 2911 414 2952 plerisque
438 2913 472 2943 fit
495 2914 673 2954 adjectivis)
689 2915 880 2945 substantive

172 2953 236 2982 ἀντὶ
249 2954 298 2983 τοῦ
312 2953 457 2992 Ἐλλήνων,
468 2967 523 2996 pro
535 2957 615 2997 ipsis
628 2958 754 2993 Graeeis,
772 2964 821 2989 aut
834 2969 879 2988 re-

173 2995 231 3027 bus
245 2997 422 3030 Graecorutn
434 3000 531 3039 gestis
545 3006 710 3041 ponuntur.

937 304 979 309 —
994 287 1070 317 ibid.
1093 287 1139 327 δὲ]
1166 288 1248 325 Vero,
1274 296 1385 326 autem,
1410 290 1469 322 sed.
1493 299 1541 326 ac,
1565 294 1612 326 at,

893 336 991 369 atque.
1037 330 1115 366 Quae
1140 332 1290 369 particula
1304 344 1396 372 qnmn
1415 333 1532 362 Graeeis
1548 334 1612 362 fre-

894 373 1095 412 quentissima
1121 374 1173 409 sit,
1201 379 1232 403 et
1257 376 1349 405 toties
1375 376 1440 405 sine
1468 375 1611 405 molestia

893 415 992 454 repeti
1009 426 1067 444 non
1084 417 1203 454 possit:
1229 417 1305 446 alias
1329 419 1508 453 omittenda,
1532 419 1610 448 alias

894 458 997 497 plnres
1020 459 1166 488 clausulae
1190 469 1248 488 uno
1268 461 1382 490 ambitu
1411 462 1612 499 comprehen-

895 502 1004 530 dendae
1021 501 1174 531 videntur.
1219 502 1281 531 Sed
1297 503 1336 531 de
1353 504 1409 532 hac
1424 504 1512 541 plura
1527 504 1611 533 dixi-

895 554 963 573 mus
979 544 1008 573 in
1025 545 1176 583 paraenesi
1194 545 1372 575 Isocratica.

938 605 980 609 ——
996 587 1072 616 ibid.
1087 587 1181 628 ταύτῃ
1197 590 1252 616 τῶν
1267 586 1448 628 ἐνοικούντων]
1472 590 1533 618 Pro
1557 591 1613 618 τῶν

895 629 1036 659 οἰκούντων
1052 628 1077 659 ἒν
1092 630 1197 672 ταύτῃ.
1242 631 1344 660 Verbo
1368 632 1540 670 composito
1564 643 1612 662 re-

898 673 1010 708 soluto,
1027 678 1057 702 et
1077 673 1297 712 praepositione
1314 684 1369 703 suo
1387 674 1471 703 casui
1493 676 1613 713 juncta.

897 716 949 746 Sic
966 721 1092 756 propter
1107 716 1331 747 concinniorem
1345 726 1451 746 sonum
1467 718 1612 746 naturalis

899 760 973 789 ordo
989 760 1241 796 constructionis,
1253 770 1336 799 saepe
1352 760 1488 789 nonnihil
1502 760 1613 789 immu-

898 807 999 832 tatur:
1025 813 1092 842 quae
1108 814 1158 833 res
1176 803 1278 833 minus
1293 804 1322 833 in
1338 803 1427 832 bonis
1453 802 1614 842 scriptori·

898 846 955 875 bus
975 851 1114 876 versatos
1134 846 1298 886 aliquando
1323 846 1493 885 perturbat.
1518 846 1613 886 ταύτῃ

898 889 1021 919 dativus
1038 890 1074 918 ab
1088 886 1178 926 οὗτος,
1195 889 1281 925 αὕτη,
1297 891 1393 925 τοῦτο,
1409 899 1490 927 saepe
1504 889 1615 918 adver-

898 932 1021 967 biascit,
1035 937 1065 962 et
1076 932 1239 971 significat,
1252 933 1310 962 hoc
1324 933 1407 968 loco,
1424 931 1478 962 hac
1493 932 1528 962 de
1541 942 1616 962 cau-

897 986 940 1010 sa,
956 977 987 1004 in
999 975 1052 1005 hac
1066 981 1161 1014 parte.

941 1035 984 1040 —
996 1018 1072 1047 ibid.
1089 1017 1178 1060 γένος]
1192 1019 1305 1055 Genus,
1321 1030 1402 1060 gens,
1420 1021 1457 1050 ab
1469 1019 1615 1049 inusitato

898 1062 995 1090 verbo
1008 1060 1087 1099 γένω.
1120 1064 1181 1092 Sed
1195 1063 1298 1093 Graeci
1315 1074 1396 1102 soepe
1415 1064 1521 1092 dicunt
1536 1060 1616 1097 εἶδος,

899 1105 950 1133 ubi
974 1104 1075 1133 Latini
1089 1115 1202 1145 genus.-
1226 1111 1272 1142 ut,
1289 1108 1386 1136 πολλὰ
1408 1106 1464 1136 εἴδη
1480 1108 1534 1135 τῶν
1549 1115 1613 1134 συν-

898 1148 1116 1187 αλλαγμάτων,
1132 1149 1227 1179 multa
1240 1159 1348 1189 genera
1364 1155 1581 1178 contractuum.

942 1208 986 1213 -—
996 1191 1073 1220 ibid.
1089 1190 1147 1222 ἀπὸ
1161 1191 1313 1232 Χαλκίδος]
1324 1193 1350 1221 A
1366 1192 1516 1227 Chalcide,
1529 1190 1614 1221 scili-

899 1239 949 1263 cet
959 1232 1107 1269 ἒληλυθός,
1120 1234 1291 1274 ὡρμημένον,
1301 1235 1503 1265 Chalcidicum
1511 1234 1614 1270 ‚Chal-

898 1276 962 1306 cide
974 1275 1151 1317 profectum.
1174 1277 1298 1318 χαλκὸς,
1308 1288 1354 1308 crs.
1369 1277 1506 1319 χαλκίδες
1519 1278 1614 1316 igitur

899 1320 1005 1358 plures
1021 1321 1111 1350 urbes
1130 1319 1222 1350 dictae
1246 1325 1328 1361 sunt,
1344 1332 1361 1351 a
1375 1321 1490 1351 fodinis
1508 1320 1618 1350 metal-

900 1362 982 1398 licis,
998 1372 1065 1402 quae
1078 1364 1159 1402 apud
1177 1364 1344 1393 Germanos
1359 1374 1375 1393 a
1392 1365 1546 1394 montibus
1564 1368 1615 1392 aut

900 1405 1035 1436 vallibus
1052 1406 1223 1445 plerunque
1239 1417 1347 1438 nomen
1363 1407 1485 1443 habent,
1507 1406 1617 1437 addito

900 1449 966 1479 divi
984 1449 1116 1488 alicujus
1133 1449 1271 1480 nomine:
1297 1454 1329 1479 ut
1348 1450 1389 1479 D.
1406 1453 1499 1480 Annae
1515 1460 1618 1486 mons,

899 1491 1051 1523 Joachimi
1068 1492 1168 1522 vallis.
1201 1492 1253 1522 Sic
1267 1497 1370 1522 nostra
1385 1493 1492 1531 lingua
1507 1493 1616 1522 dicun-

900 1539 950 1565 tur
967 1535 1058 1565 Hatae
1076 1536 1173 1576 (qnod
1195 1546 1212 1565 a
1233 1536 1343 1565 Graeco
1360 1535 1415 1569 ἃλς
1434 1535 1484 1575 fit)
1500 1536 1615 1575 oppida

900 1578 1084 1608 salinarum:
1109 1584 1143 1608 ut
1168 1578 1250 1608 Hala
1274 1579 1420 1615 Suevica,
1450 1579 1621 1618 Saxonica7

899 1621 929 1651 in
946 1622 1020 1651 OEni
1037 1622 1177 1652 vallibus.

943 1682 987 1687 -—
1002 1667 1033 1695 3.
1055 1666 1107 1698 τῆς
1130 1664 1156 1695 ἒν
1169 1663 1286 1705 Εὐβοία]
1312 1665 1440 1695 Scilicet
1455 1665 1547 1700 οὔσης,
1565 1666 1615 1695 vel

899 1706 1056 1747 γενομένης,
1072 1710 1135 1747 ejus
1149 1719 1212 1748 quae
1225 1714 1277 1744 est,
1296 1708 1433 1750 velfuzt,
1447 1709 1478 1738 in
1492 1708 1615 1744 Euboeu,

904 1750 1046 1782 Euboicae.
1079 1750 1201 1785 Εὑξοΐδος
1230 1750 1327 1790 (quod
1356 1756 1387 1781 et
1413 1751 1556 1788 Εὗβοῖδος,
1583 1757 1619 1781 nt

902 1796 984 1833 apud
999 1795 1194 1834 Sophoclem,
1211 1793 1330 1824 Εὖέοῖδα
1341 1793 1460 1835 χώραν),
1474 1794 1617 1829 Εὖβοϊκές.

903 1835 1002 1868 sacam
1023 1838 1084 1868 dici
1101 1838 1225 1868 videtur
1245 1848 1264 1867 a
1287 1838 1412 1868 bonitale
1426 1839 1521 1874 boum,
1537 1843 1572 1868 ut
1587 1843 1619 1868 et

902 1881 1024 1910 Italiam
1047 1882 1155 1911 volunt
1178 1881 1287 1921 (habet
1311 1886 1342 1910 et
1366 1880 1485 1911 Βοιωτία
1507 1891 1616 1910 nomen

903 1922 969 1953 ἀπὸ
995 1925 1046 1958 τῆς
1070 1924 1156 1963 θοὸς),
1177 1924 1314 1954 Insulam
1341 1934 1406 1953 eam
1431 1934 1501 1953 esse
1525 1924 1618 1953 maris

904 1967 1014 2007 AEgaei,
1040 1967 1163 2001 Atticae,
1189 1966 1379 2006 Boeotiaeque
1395 1966 1539 2002 vicinam,
1563 1977 1617 1996 no-

903 2014 967 2039 tun·
982 2014 1046 2039 est:
1062 2010 1153 2040 hodie
1162 2010 1391 2049 Nigropontum
1403 2015 1531 2039 vocant:
1548 2020 1617 2039 cum

905 2053 975 2082 olim
990 2053 1099 2093 Μακρῖς
1110 2053 1278 2090 diceretur,
1289 2053 1371 2091 quod
1385 2057 1526 2091 porrecta
1535 2058 1620 2083 esset.

904 2096 933 2125 iu
950 2096 1184 2135 longitudinem.

948 2157 990 2162 --
1010 2140 1086 2169 ibid.
1117 2138 1278 2181 Ἀθηναίων]
1303 2138 1406 2170 Ἀθήνη
1433 2145 1465 2170 et
1483 2137 1616 2175 Ἀθηναῖοι,

904 2186 1060 2212 contracte
1068 2181 1189 2219 Ἀθηνᾶ,
1200 2194 1267 2223 quae
1281 2183 1339 2212 alio
1351 2183 1472 2212 nomine
1483 2184 1618 2219 Παλλὰς,

905 2235 923 2255 a
938 2226 1081 2255 vibranda
1097 2226 1192 2263 hasta,
1203 2231 1236 2256 ut
1253 2226 1360 2256 Latine
1378 2226 1516 2255 RIinerna
1532 2236 1549 2255 a
1563 2228 1618 2256 vni-

904 2270 1017 2306 nando,
1041 2269 1070 2299 in
1093 2269 1288 2299 contentione
1312 2279 1378 2298 cum
1403 2270 1547 2308 Neptuno
1573 2269 1622 2298 vi-

906 2311 999 2347 ctrix,
1010 2313 1078 2342 urbi
1092 2313 1163 2343 olim
1179 2317 1210 2342 et
1222 2312 1295 2342 belli
1306 2315 1337 2341 et
1349 2311 1508 2351 sapientiae
1523 2312 1620 2351 gloria

904 2356 1128 2385 florentissimae
1154 2366 1172 2385 a
1201 2357 1381 2385 Mahumete
1408 2354 1543 2384 'I'urcico
1567 2359 1616 2394 ty-

907 2408 1001 2428 ranno
1028 2404 1098 2428 ante
1124 2409 1218 2429 annos
1244 2398 1308 2428 sere
1333 2402 1454 2428 centum
1481 2397 1621 2428 funditus

908 2441 1032 2477 deletae,
1047 2452 1154 2471 nomen
1168 2441 1278 2471 fecisse
1294 2441 1486 2480 perhibetur.
1531 2440 1621 2471 Unde

910 2485 1001 2514 Plato
1019 2488 1048 2514 1.
1066 2485 1104 2514 de
1128 2484 1283 2524 Legibus:
1307 2482 1331 2512 οἳ
1352 2483 1408 2522 ξένε
1424 2482 1559 2515 Ἀθηναῖε·
1593 2485 1623 2513 οὗ

909 2528 964 2567 γάρ
988 2539 1021 2557 σε
1043 2526 1176 2557 Ἀττικὸν
1197 2525 1330 2566 ἐθέλοιμ’
1349 2527 1382 2558 ἂν
1403 2526 1620 2567 προσαγορεύειν·

910 2571 998 2605 δοκεῖς
1011 2571 1066 2610 γάρ
1080 2582 1131 2610 μοι
1145 2572 1196 2604 τῆς
1218 2569 1276 2600 θεοῦ
1300 2568 1460 2610 ἐπωνυμίας
1483 2569 1559 2608 ἄξιος
1582 2570 1623 2601 εῖ-

911 2625 954 2643 ναι
981 2616 1096 2653 μᾶλλον
1125 2611 1362 2653 ἐπονομάζεσθαι.
1402 2614 1458 2643 hoc
1489 2617 1537 2642 est
1552 2624 1558 2642 :
1595 2614 1622 2644 O

911 2657 1006 2696 hospes
1021 2656 1220 2687 Atheniensis:
1246 2666 1337 2697 neque
1359 2667 1423 2687 vero
1443 2663 1470 2686 te
1489 2656 1622 2686 Atticum

910 2700 1059 2739 appellare
1079 2700 1175 2735 velim,
1188 2710 1278 2740 quum
1294 2701 1352 2729 deae
1367 2700 1414 2741 (id
1432 2704 1487 2734 est,
1507 2699 1622 2728 Miner-

912 2743 976 2781 vae)
991 2745 1028 2773 sis
1041 2748 1226 2784 cognomento
1249 2743 1380 2783 dignior.
1425 2743 1506 2771 Vere
1526 2741 1624 2780 igitur

911 2791 1022 2825 poeta:

913 2834 935 2846 “
947 2829 1142 2861 Conveniunt
1155 2827 1288 2869 (inquit)
1302 2828 1373 2858 satis
1396 2827 1516 2857 nomina
1540 2837 1624 2868 saepe

1043 2871 1140 2903 suis.''

956 2934 998 2938 —
1021 2916 1097 2947 ibid.
1118 2915 1246 2955 ἄποικος]
1275 2914 1401 2944 Colono:
1425 2912 1589 2951 adjective,
1613 2914 1629 2942 ὃ

913 2959 961 2989 καὶ
980 2960 992 2989 ῗι
1009 2959 1134 2992 ἄποικος,
1151 2958 1197 2986 καὶ
1222 2958 1252 2987 τὶ
1276 2958 1406 2986 &wo-nov.
1451 2956 1529 2986 Item
1555 2956 1629 2985 sub-

916 3003 1061 3037 stantive,
1077 3003 1098 3032 οἱ
1112 3002 1242 3039 ἄποικοι,
1257 3001 1358 3029 coloni.
1398 2999 1486 3030 vnde
1500 3000 1628 3030 verbum
