1964 3323
325 191 404 233 184

474 324 561 368 AD
596 304 967 369 ORATIONEM
1002 326 1344 370 SECUNDAM
1374 328 1614 372 CONTRA

786 392 1313 436 ARISTOGITONEM.

362 509 435 538 801.
451 510 481 537 41.
496 508 544 538 καὶ
557 507 767 550 Βλάπτεσθαι]
784 510 873 548 Tayl.
886 510 1028 541 malitnaz

317 550 459 589 μάλιστα
475 551 679 583 Βλάπτεσὲαι.
697 553 778 592 quod
794 552 883 583 facile
904 554 1028 589 ferrem,

316 599 347 623 et
372 594 539 633 reciperem
568 596 669 632 etiam,
695 596 720 625 si
750 596 873 626 codices
901 597 1026 633 darent;

315 637 435 666 omuino
467 642 565 668 tamen
595 639 802 668 necessarium
832 649 891 669 non
921 644 1027 680 putem

314 690 392 710 esse.

357 740 400 746 —-
417 725 447 753 7.
464 723 547 766 ὑπὲρ]
563 724 663 753 malim
680 725 803 754 abesse.

355 783 399 788 —
416 769 446 797 9.
469 766 537 808 ὑπὲξ
555 769 608 797 τῶν
630 767 734 808 κοινῶν]
756 767 886 797 subaud.
907 775 1022 808 συμφε-

329 808 417 839 ὄντων.

312 821 325 850 ρ
356 870 399 875 —
417 855 466 882 10.
478 864 528 886 της
543 852 647 883 τούτων
661 849 774 893 κακίας]
790 853 883 882 verba
894 852 960 882 haec
972 854 1025 883 ab-

315 900 387 925 sunt
397 905 414 924 a
429 896 533 925 multis
548 895 720 931 codicibus,
737 901 768 925 et
782 895 872 924 facile
886 901 1026 934 possunt.

314 939 375 968 Sed
390 939 631 968 subaudiendum
646 942 711 968 tum
727 938 769 968 sit
779 937 1026 979 ‘retiremfructus

313 981 403 1020 hujus
417 984 460 1011 ‘rei
477 982 593 1023 [noxiae
608 986 681 1020 puta
695 981 912 1021 indulgentiae]
933 992 1025 1013 neces-

313 1025 390 1054 sario
395 1024 503 1066 ferant
519 1034 612 1054 omnes
623 1024 678 1054 hac
692 1026 808 1055 civitate
813 1023 966 1065 fruentes.

354 1084 398 1091 --
414 1070 464 1098 14.
489 1067 608 1109 ἤνεγκεν]
626 1067 754 1107 perinde
774 1072 832 1103 est,
858 1067 923 1098 sive
939 1069 1024 1098 τοῦτο

314 1110 521 1147 subaudiatur,
542 1112 691 1142 redeunte
715 1111 754 1141 ad
782 1111 972 1151 praemissum
993 1124 1023 1142 τι

312 1153 459 1190 oratione,
476 1154 542 1185 sive
558 1152 636 1188 οὗτος
652 1155 863 1190 subaudiatur,
878 1154 890 1183 ὁ
904 1154 1014 1189 ναύτης.

353 1214 398 1220 -—-
412 1200 464 1228 22.
475 1197 535 1232 τοῖς
548 1197 603 1236 μὲν
615 1215 657 1220 —
671 1198 685 1238 ]
705 1197 855 1227 immerito
870 1198 958 1228 locus
975 1197 1024 1228 bic

309 1240 414 1269 nescio
430 1242 518 1279 cujus
534 1239 715 1281 ἀκυρολογίας
732 1240 791 1271 fuit
807 1245 978 1276 accusatus,
993 1245 1024 1271 et

309 1293 365 1322 pro
376 1285 521 1314 mendoso
530 1286 690 1314 traductus
701 1288 732 1314 et
741 1284 927 1323 exagitatus.
946 1284 1022 1314 Sen-

309 1326 405 1356 tentia
419 1328 484 1357 haec
506 1331 570 1357 est:
606 1327 810 1358 Existimabat
826 1327 907 1357 enim
927 1327 1021 1357 Solon

307 1370 456 1408 temporis
478 1381 592 1401 moram
614 1371 659 1400 nil
681 1370 814 1406 officere,
836 1380 895 1409 quo
921 1370 1020 1400 minus

301 1412 438 1450 judices,
467 1413 558 1444 etiam
587 1412 740 1453 aliquanto
769 1417 907 1452 tempore
936 1419 1020 1452 post,

304 1455 402 1485 factas
422 1455 551 1495 privatis
571 1457 697 1496 injurias
716 1459 969 1495 exsequerentur,
989 1461 1021 1487 et

306 1498 369 1528 vim
397 1499 497 1538 passis
516 1501 569 1539 jus
591 1510 712 1540 aequum
733 1499 911 1530 redderent.
934 1499 1020 1529 nullo

304 1546 406 1571 autern
421 1543 514 1573 modo
533 1543 601 1574 fieri
614 1554 720 1583 posse,
734 1547 767 1572 ut
785 1541 905 1581 judices
925 1542 1019 1573 otium

304 1585 440 1615 facerent
462 1585 536 1622 illis,
563 1586 589 1616 si
616 1586 669 1626 qui
692 1585 883 1626 majestatem
909 1586 1018 1625 populi

303 1627 466 1658 laesissent.
481 1629 625 1668 λαμβάνει
636 1627 680 1668 τξὸ
689 1627 860 1669 ἀδικουμένῳ
870 1627 902 1658 τὸ
915 1627 1020 1659 δίκαιον

302 1671 402 1710 judex
417 1671 557 1710 injuriam
575 1671 745 1701 vindicans.

346 1731 390 1737 ·—
411 1716 463 1745 24.
485 1715 547 1750 τοῖς
568 1713 608 1755 δ’]
635 1714 760 1744 correxi
783 1724 852 1744 meo
877 1714 1017 1754 periculo

301 1757 367 1790 τοὺς
379 1755 403 1786 δ’
417 1775 458 1780 --
475 1757 506 1787 in
522 1757 708 1788 accusativo.
722 1758 805 1796 quod
821 1757 903 1787 idem
918 1762 965 1787 est
981 1767 1016 1787 ac

302 1799 329 1829 si
338 1799 489 1830 dixisset:
507 1800 554 1831 οὐκ
565 1799 630 1831 εῖναι
645 1799 673 1830 δὲ
685 1799 718 1830 τὸ
730 1799 882 1841 περιμένειν
891 1799 1018 1834 τούτους.

302 1853 363 1872 non
376 1854 456 1879 esse,
470 1844 519 1875 vel
534 1850 676 1882 negatum
689 1854 770 1880 esse,
783 1850 815 1873 ut
826 1843 949 1882 judices
962 1844 1017 1874 hos

303 1886 514 1925 opperiantur.
561 1886 678 1916 Dicunt
690 1886 788 1916 Graeci
799 1886 1016 1925 dejudicibus,

300 1939 355 1959 eos
376 1928 528 1970 περιμένειν
546 1931 613 1964 τοὺς
629 1930 801 1965 ἀδικοῦντας,
818 1929 948 1960 subaudi
967 1928 1018 1964 ἕως

297 1970 373 2003 δίκην
395 1973 476 2009 δῶσι,
498 1983 568 2004 cum
588 1973 760 2004 criminosis
783 1983 898 2003 moram
916 1973 1019 2003 indul-

299 2019 382 2055 gent,
406 2026 506 2056 neque
528 2017 590 2047 cita
611 2016 876 2047 animadversione
898 2026 952 2046 eos
971 2016 1018 2046 in-

297 2063 467 2090 sectantur.

342 2119 386 2125 —
397 2102 472 2133 ibid.
483 2101 516 2132 τό
527 2101 727 2142 έκδικούμενον]
739 2102 824 2133 uncis
832 2102 956 2133 inclusi.
969 2101 1016 2133 vi-

298 2145 414 2175 detur
406 2146 536 2175 inlibris
549 2146 731 2184 quibusdam
744 2146 905 2175 Demosth.
918 2145 1016 2177 fuisse

301 2187 366 2240 sic'.
382 2189 604 2229 -περιμεῖναι,
624 2200 657 2218 το
677 2190 733 2228 γὰρ
753 2187 940 2228 ἐκδικούμενον
961 2190 1017 2231 οὐχ

297 2229 425 2262 ὑπέσται
436 2232 519 2262 -in
532 2232 620 2262 aliis.
614 2233 832 2273 ;-περιμεῖναι.
849 2231 882 2261 τό
897 2234 952 2273 γὰς
969 2244 1015 2262 τι·

298 2274 497 2316 μωςησόμενον
511 2286 565 2316 ουχ
576 2274 714 2306 ὑπέσται.
758 2276 841 2305 Bene
854 2275 946 2305 habet
961 2275 1017 2317 οὐχ

300 2317 440 2348 ὑπέσται.
464 2320 554 2358 Saepe
570 2319 670 2348 solent
685 2322 822 2348 oratores
835 2319 873 2348 ab
890 2318 1016 2358 obliqua

299 2362 434 2391 oratione
457 2363 495 2392 ad
511 2366 622 2392 rectam
639 2361 781 2398 transire,
796 2362 967 2400 praesertim
983 2362 1015 2391 in

301 2405 451 2442 ejusmodi
476 2409 642 2441 structura,
668 2409 759 2444 atque
786 2404 852 2434 haec
876 2408 934 2435 est.
961 2405 1015 2447 οὐχ

299 2446 426 2478 ὑπέσται
437 2458 493 2486 pro
503 2448 558 2490 οὐχ
569 2447 744 2479 ὑπέσεσθαι.
757 2447 811 2478 ubi
823 2448 1015 2479 subauditur.

301 2490 348 2520 Sic
362 2491 512 2531 cogitabat
527 2491 613 2521 Solon
627 2501 731 2522 secum.
748 2491 801 2521 alii
817 2491 944 2521 codices
958 2492 1011 2522 ali-

298 2540 355 2570 ter,
366 2534 421 2563 sed
432 2544 490 2564 non
502 2534 626 2572 melius,
638 2535 722 2571 dant,
735 2546 751 2565 e
762 2534 858 2571 varia,
870 2535 901 2565 ni
912 2535 1014 2572 fallor,

296 2576 442 2607 lectione.

341 2623 415 2651 80⁶2.
431 2622 462 2650 Ξ.
480 2619 603 2661 τούτοις]
628 2620 709 2650 idem
729 2625 776 2651 est
798 2625 890 2660 atque
911 2621 1012 2660 τούτῳ.

297 2662 368 2694 huic
387 2664 442 2697 rei,
461 2662 529 2692 scil.
553 2664 591 2704 τῇ
610 2663 735 2704 ὑμετέρα
758 2664 949 2703 καταγνώσει,
965 2674 1013 2694 ve-

295 2711 361 2737 strae
395 2707 628 2736 condemnationi
662 2707 858 2738 immanentes.
891 2708 1013 2744 τούτοις,

297 2750 379 2790 quod
396 2759 482 2789 paene
504 2749 619 2779 oblitus
642 2760 724 2779 eram
748 2751 923 2787 admonere,
942 2761 1012 2781 cor-

296 2793 410 2823 rectius
428 2792 512 2827 dedi,
523 2802 580 2831 pro
596 2793 720 2832 vulgato
734 2793 846 2823 vitioso
862 2793 987 2829 τούτους.

339 2854 382 2859 —-
396 2839 425 2867 8.
457 2835 643 2876 ἐμμένοντες]
669 2835 756 2866 uncis
787 2836 910 2867 inclusi.
934 2838 1010 2868 bene

297 2881 403 2909 Graece
427 2879 540 2909 dicitur
561 2877 687 2920 στέργειν
709 2878 773 2914 τινῖ,
797 2881 831 2909 in
851 2880 953 2920 aliqua
977 2891 1010 2910 ‘re

296 2924 487 2963 acquiescere,
499 2932 566 2952 eam
581 2922 653 2952 boni
669 2925 700 2951 et
715 2922 795 2961 aequi
810 2922 933 2953 habere.

335 2984 377 2988 -ω
396 2967 446 2996 16.
465 2963 688 3006 μετατεθέντα]
709 2965 829 2995 correxi
845 2976 1006 3006 μεταστα-

1060 521 1091 550 p.
1105 512 1179 541 637.
1192 510 1325 549 vulgatae
1340 511 1475 550 praefert.

1103 572 1145 578 —-
1161 556 1213 585 20.
1229 552 1257 593 ὃ]
1272 554 1301 584 id
1324 558 1383 590 est,
1400 552 1433 583 δι’
1451 551 1475 590 ὃ,
1493 558 1677 593 quapropter.
1720 551 1774 583 Sic

1060 597 1174 636 passim
1197 595 1359 628 occurrit‘c)
1378 602 1567 637 usurpatum.
1612 597 1776 627 Verumta-

1060 650 1128 670 men
1144 650 1202 669 non
1218 639 1323 676 video,
1337 651 1404 679 quae
1425 639 1467 670 sit
1484 639 1552 681 ejus
1571 638 1620 670 vis
1637 639 1687 670 hic
1701 638 1774 670 loci.

1059 683 1167 713 melius
1183 683 1360 713 conveniret
1374 681 1389 713 ἦ
1403 683 1452 713 vel
1467 681 1493 713 ἦ.

1101 744 1144 749 -
1159 728 1211 757 202.
1224 725 1337 766 δωρεᾶς]
1355 737 1387 757 v.
1400 737 1432 765 p.
1447 728 1521 757 801.
1534 727 1566 755 ’7.
1584 729 1614 755 et
1630 727 1704 756 806.
1721 728 1775 756 11.

1102 771 1176 800 803.
1198 771 1230 799 7.
1252 769 1285 798 τὸ
1309 767 1456 810 δύνασθαι]
1482 769 1604 808 reperio
1629 768 1659 798 in
1685 768 1773 798 libris

1058 811 1146 841 meis.
1166 811 1266 841 malim
1287 817 1386 842 tamen
1407 817 1460 842 aut
1473 811 1515 852 τῷ
1535 812 1561 842 δ.
1582 812 1665 851 quod
1681 811 1778 842 Wolf

1058 854 1156 889 dedit,
1172 864 1238 890 sua,
1253 855 1285 884 ni
1303 855 1404 890 fallor,
1419 855 1615 890 auctoritate,
1631 858 1683 884 aut
1698 852 1726 890 ἐς
1738 853 1773 884 τό

1058 896 1208 926 δύνασθαι.
1234 899 1356 927 tametsi
1376 907 1436 927 non
1460 898 1569 936 ignoro
1591 897 1623 927 in
1646 897 1774 937 vulgata

1058 950 1148 979 posse
1169 942 1250 971 κατὰ
1266 941 1315 970 vel
1331 939 1360 974 ἐς
1379 940 1548 977 subaudiri,
1563 943 1594 970 et
1614 940 1772 979 vulgatam

1057 983 1173 1022 optimo
1186 984 1255 1021 jure
1270 988 1300 1013 et
1317 983 1462 1014 facillimo
1475 984 1568 1013 modo
1579 983 1716 1013 defendi.

1099 1044 1140 1048 —
1158 1029 1209 1056 102.
1224 1026 1332 1068 αὐτῶν]
1352 1026 1456 1057 malim
1471 1026 1568 1061 αὐτὴν,
1585 1027 1773 1066 semetipsam.

1099 1087 1142 1093 -
1157 1073 1207 1100 14.
1225 1068 1270 1110 ἐφ’
1285 1067 1337 1110 οἷς]
1352 1069 1416 1100 illis
1432 1070 1465 1100 in
1480 1069 1593 1106 causis,
1612 1069 1644 1099 in
1659 1069 1772 1108 quibus

1055 1111 1107 1142 lex
1130 1113 1247 1148 statuit,
1262 1116 1295 1142 ut
1314 1113 1357 1150 ei,
1371 1112 1426 1152 qui
1447 1123 1540 1143 causa
1557 1111 1718 1148 ceciderit,
1735 1123 1771 1142 ne

1055 1155 1189 1195 quintam
1203 1155 1328 1196 quidem
1339 1155 1553 1195 suffragiorum
1567 1159 1686 1195 partem
1700 1156 1773 1186 ade·

1054 1202 1139 1238 ptus,
1149 1199 1179 1229 in
1194 1203 1353 1239 posterum
1363 1210 1401 1230 ne
1411 1199 1504 1229 liceat
1516 1199 1636 1229 actione
1646 1199 1772 1239 publica

1056 1242 1185 1280 aliquem
1204 1242 1359 1273 insectari.

1098 1286 1172 1316 805.
1188 1286 1220 1316 5.
1235 1285 1319 1327 ὑπὲρ]
1337 1285 1447 1315 abesse
1461 1283 1578 1315 malim.

1097 1330 1172 1359 804.
1187 1328 1238 1359 15.
1254 1327 1376 1368 τούτων]
1391 1327 1442 1357 alii
1457 1328 1532 1357 dant
1545 1327 1652 1357 τοῦτον.
1663 1325 1707 1356 nil
1721 1336 1770 1357 re-

1053 1370 1132 1400 serre
1157 1371 1298 1402 arbitror.
1326 1371 1408 1411 αἳςεῖν
1436 1372 1500 1400 τινὰ.
1526 1369 1610 1406 τινὸς,
1639 1369 1771 1400 subaudi

1053 1412 1144 1450 ἕνεκα,
1158 1414 1208 1444 vel
1225 1413 1295 1456 δίκῃ,
1310 1414 1358 1443 vel
1376 1412 1484 1462 γραφῇ,
1500 1416 1560 1449 est,
1575 1411 1696 1443 actione
1711 1411 1771 1443 cri-

1053 1456 1144 1486 minis
1159 1447 1291 1496 aliquem
1306 1466 1428 1496 capere,
1443 1456 1474 1486 id
1491 1460 1542 1486 est
1555 1455 1772 1492 condemnare,

1053 1500 1084 1529 in
1106 1510 1201 1530 causa
1225 1510 1295 1530 esse
1315 1499 1488 1539 judicibus,
1510 1503 1544 1530 nt
1566 1509 1636 1530 eum
1658 1499 1771 1529 conde-

1054 1547 1169 1573 mnent.
1190 1553 1305 1583 ecquem
1319 1544 1409 1578 enim,
1427 1553 1446 1572 a
1465 1551 1492 1573 se
1506 1547 1688 1578 accusatum,
1702 1551 1771 1582 per-

1052 1587 1125 1626 egit,
1133 1586 1325 1625 injadicium
1336 1586 1527 1625 productum,
1539 1585 1569 1616 h.
1578 1596 1606 1616 e.
1615 1585 1772 1624 coramju-

1052 1629 1176 1664 dinibus,
1187 1639 1287 1660 eorum
1295 1630 1464 1666 criminum,
1476 1638 1600 1669 quorum
1613 1629 1710 1669 ipsum
1722 1629 1770 1659 in·

1051 1672 1191 1702 cusabat?

1094 1732 1138 1738 —-
1154 1717 1206 1745 17.
1222 1715 1271 1745 καὶ
1291 1717 1346 1755 γᾶς
1361 1713 1443 1745 ταῦθ’
1456 1713 1529 1745 οὕτω
1544 1713 1639 1749 σκαιὸς
1649 1731 1691 1737 -—-
1706 1714 1721 1755 ]
1737 1713 1768 1744 in

1052 1758 1122 1789 aliis
1138 1763 1186 1788 est
1200 1758 1248 1788 καὶ
1269 1760 1324 1798 γᾶς
1344 1760 1421 1798 παρὰ
1438 1755 1524 1788 ταῦθ’
1537 1755 1609 1786 οὕτω
1628 1768 1678 1787 σκ.
1700 1758 1767 1787 sine

1051 1801 1147 1831 dubio
1163 1802 1223 1841 leg.
1238 1802 1287 1831 καὶ
1302 1803 1357 1841 γὰρ
1376 1800 1437 1841 περὶ
1452 1798 1537 1830 ταῦθ’
1551 1798 1623 1830 οὕτω
1645 1811 1694 1830 σκ.
1710 1810 1769 1830 sae-

1051 1844 1179 1884 pissime
1192 1847 1270 1885 παξὰ
1285 1849 1316 1874 et
1331 1843 1392 1884 περὶ
1408 1844 1438 1874 in
1454 1844 1542 1874 libris
1558 1843 1638 1873 inter
1647 1853 1681 1874 se
1696 1853 1767 1882 per-

1051 1891 1208 1918 mutantur
1222 1897 1231 1924 3
1254 1887 1284 1917 id
1300 1888 1382 1926 quod
1402 1898 1441 1916 ex
1458 1896 1495 1916 eo
1511 1886 1556 1922 fit,
1572 1886 1653 1926 quod
1670 1886 1768 1916 ambae

1051 1930 1287 1970 praepositiones
1324 1930 1431 1960 eadem
1474 1929 1554 1968 sigla
1588 1935 1766 1960 exarantur.

1051 1974 1134 2013 quod
1150 1974 1313 2004 admonere
1326 1982 1454 2003 necesse
1469 1972 1558 2003 nobis
1575 1972 1688 2003 iterum
1703 1973 1767 2012 jam

1052 2021 1143 2057 atque
1157 2016 1268 2047 iterum
1281 2017 1349 2047 fuit.

1093 2077 1137 2084 —
1151 2063 1204 2091 21.
1221 2071 1282 2094 τοις
1298 2058 1402 2100 καιροῖς
1420 2056 1608 2098 ἐναντιοῦται]
1636 2057 1766 2089 subaudi

1051 2114 1094 2134 τοι
1098 2115 1112 2138 ς
1124 2115 1160 2144 τῃ
1172 2101 1260 2133 ’πόλει
1273 2101 1476 2143 συμφέρουσιν,
1488 2099 1613 2140 ἑτοίμοις
1621 2100 1768 2143 ὑπάρχου-

1051 2158 1103 2177 σιν.
1130 2136 1320 2186 praesentibus
1343 2144 1610 2185 opportunitatibus
1633 2145 1702 2180 bene
1730 2144 1767 2174 de

1049 2190 1123 2220 vobis
1137 2189 1276 2219 merendi.

1091 2250 1134 2256 -—
1150 2233 1201 2262 25.
1217 2228 1388 2270 ἀκολουθεῖν]
1407 2229 1507 2260 minus
1522 2229 1618 2269 probo
1638 2228 1765 2260 codices

1047 2274 1130 2311 illos,
1152 2274 1205 2315 qui
1223 2273 1386 2304 ἀκολουθεῖν
1401 2273 1557 2303 omittunt.
1573 2272 1699 2304 differre
1717 2273 1764 2303 vi-

1048 2319 1158 2349 dentur
1172 2317 1335 2348 ἀκολουθεῖν
1359 2321 1390 2347 et
1407 2315 1623 2347 ἐπακολουθεῖν.
1640 2316 1699 2346 boc
1716 2321 1775 2359 est,

1049 2361 1142 2397 servi,
1158 2361 1236 2392 illud
1252 2359 1354 2390 amici.
1370 2369 1480 2391 servus
1496 2370 1578 2400 pone
1593 2359 1764 2400 insequitur

1047 2416 1064 2435 e
1080 2404 1224 2444 vestigio,
1240 2401 1433 2440 ἐπακολουθεῖ,
1451 2403 1494 2434 nil
1511 2402 1587 2442 agit,
1605 2402 1664 2433 nisi
1680 2403 1764 2442 quod

1048 2448 1146 2478 cernit
1166 2449 1274 2478 herum
1290 2447 1382 2483 velle,
1397 2446 1528 2477 inservit
1546 2447 1613 2485 ejus
1631 2446 1763 2477 libidini.

1047 2492 1099 2522 sed
1112 2491 1228 2522 amicus
1244 2488 1399 2527 ἀκολουθεῖ,
1410 2494 1533 2521 euntem
1547 2488 1676 2520 amicum
1688 2499 1762 2529 pro-

1048 2535 1196 2575 sequitur,
1213 2534 1342 2564 consilio
1357 2533 1447 2573 regit.

1091 2596 1134 2601 —
1147 2579 1204 2608 ult.
1228 2577 1342 2619 ταῦτα]
1367 2575 1490 2607 correxi
1515 2574 1626 2612 ταύτὰ,
1651 2574 1761 2605 eadem.

1047 2622 1109 2651 Sed
1125 2626 1195 2651 ante
1215 2622 1303 2652 ποιειν
1317 2632 1347 2661 p.
1367 2622 1440 2652 806.
1463 2622 1492 2649 1.
1509 2620 1618 2649 deesse
1635 2617 1763 2648 videtur

1047 2665 1135 2704 ὑμας.
1151 2664 1245 2695 dictio
1260 2663 1377 2706 ἐλέγχει
1392 2665 1433 2694 τὰ
1446 2661 1598 2703 ἆωόῤῥητα
1613 2662 1664 2695 τῆς
1677 2667 1762 2691 πολι-

1045 2706 1124 2744 τείας
1139 2707 1302 2748 significat,
1321 2707 1435 2737 nudum
1451 2705 1530 2745 reip.
1550 2705 1631 2734 latus
1647 2704 1759 2744 aperit,

1045 2751 1182 2781 denudat
1197 2752 1264 2790 ejus
1279 2750 1418 2786 vulnera,
1428 2748 1574 2788 cogitque
1588 2757 1667 2785 eam,
1679 2758 1760 2778 mor-

1045 2795 1100 2824 bos
1116 2794 1333 2831 clandestinos,
1348 2802 1425 2832 quos
1440 2792 1494 2822 illa
1512 2791 1688 2821 adhucdum
1704 2791 1758 2821 de-

1044 2841 1149 2868 center
1179 2837 1394 2878 sapienterque
1420 2835 1585 2869 celaverat,
1612 2834 1759 2873 prodere.

1043 2881 1102 2911 Est
1113 2881 1236 2911 autem
1227 2892 1257 2910 m
1273 2879 1389 2910 morbis
1405 2878 1482 2918 reip.
1501 2877 1550 2908 vel
1565 2876 1758 2916 gravissimis

1041 2923 1242 2954 inconstantia
1258 2924 1462 2954 decretorum.

1084 2969 1159 2998 806.
1174 2969 1203 2997 2.
1218 2963 1412 3006 διασπᾶσθαι]
1426 2964 1477 2994 alii
1491 2964 1563 2993 dant
1577 2961 1757 2995 διαβοᾶσθαι.

291 3008 384 3039 θέντα.
405 3008 587 3048 quodetiam
604 3009 784 3040 Valkenaer.
801 3009 837 3039 ad
853 3010 1005 3041 Herodot.
1038 3009 1112 3050 quid
1137 3010 1162 3040 si
1186 3020 1226 3041 ex
1249 3009 1296 3040 his
1318 3009 1435 3040 duabus
1460 3006 1645 3038 lectionibus
1671 3016 1758 3036 unam
