1948 3322
468 193 553 236 AD
587 190 1032 235 OLYNTHIACAM
1064 190 1350 234 TERTIAM.

232 321 274 327 —-
292 307 341 335 11.
362 302 463 344 ἐχθρὸν
486 302 510 332 δ’
525 301 572 342 ἐφ’
592 304 668 343 ἡμᾶς
678 301 736 342 -]
760 301 843 332 Citat
865 300 895 329 h.

186 346 212 377 -l.
227 347 436 386 Hermogenes
447 357 477 386 p.
491 348 562 377 198.
576 347 626 376 ubi
640 346 772 376 Aldinns
786 345 894 374 Herm.

187 391 233 420 sic
251 391 388 419 exhibet:
411 389 456 429 ἐφ’
479 391 556 430 ἡμᾶς
569 388 671 430 ἐχθρὸν
688 389 789 423 αὐτοὺς
812 394 894 418 τηλι-

187 434 282 463 κοῦτον
296 433 468 472 ἦσκίικαμεν.
490 438 521 463 et
542 432 668 474 ἷσχυςός,
695 431 708 463 ἢ
731 431 798 471 παρ’
819 433 897 471 ἡμῶν

185 475 278 505 ἀὐτῶν
289 474 381 514 γέγονε
395 475 544 511 Φίλιππος.

230 535 273 540 —
288 522 340 551 25.
363 519 411 548 καὶ
432 521 489 561 νῦν]
514 519 644 549 subaudi
663 517 735 559 ἔχει.
752 517 833 558 qnod
851 522 893 546 ta·

187 559 250 590 cite
264 561 468 602 supplendum
486 567 532 592 est
549 573 565 591 e
581 563 739 601 praemisso
756 561 829 602 εἶχε.

230 605 273 634 37
277 625 285 633 .
300 608 330 635 2.
355 605 437 645 ὑμεῖς
453 604 476 634 δ’
491 604 729 646 ἐκνενευξισμένοι]
749 615 778 634 v.
795 606 893 634 Koen.

187 646 226 676 ad
241 649 372 687 Gregor.
384 648 521 678 Corinth.
537 650 575 679 de
592 648 743 678 Dialectis
756 658 825 687 pag.
843 651 895 678 ⁶25.

186 691 239 721 96.
263 695 295 720 et
316 691 359 720 ibi
380 691 580 722 Valckenaer.
603 692 752 730 Hermog.
773 701 803 730 p.
821 693 894 722 243.

182 733 242 762 ult.
272 733 295 763 εἲ
323 731 346 763 δ’
367 733 511 775 ὑπερξοιῖεν
535 734 583 765 ἐπὶ
609 734 693 764 πλέον
717 735 746 763 αἱ
773 734 895 774 τροπαὶ,

185 776 362 817 σκληρότερον
383 779 492 808 ποιοῦσι
512 777 558 808 τὸν
580 777 669 816 λόγον,
683 777 778 817 ὥσπερ
799 778 846 806 καὶ
863 776 895 807 τὸ

181 817 418 860 ἐκνενευρισμένοι,
432 821 479 850 καὶ
495 820 529 850 τὸ
545 822 704 861 πεπρακὼς
723 819 831 857 ἑαυτὸν,
847 821 895 850 καὶ

185 860 219 891 τὸ
233 863 404 893 λωποδυτεῖν
417 866 465 894 τῆν
480 864 600 895 ἑλλάδοι.
617 865 689 894 item
707 876 735 903 p.
752 866 826 894 250.
843 867 896 894 14.

182 905 337 936 Aristides
353 907 390 936 de
407 908 541 937 dictione
556 908 641 938 civili
657 918 689 946 p.
704 910 777 938 264.
794 913 896 946 antep-

186 948 239 978 ubi
255 949 309 978 Ar.
327 950 457 980 Aldinus
476 952 625 981 vocabula
642 950 690 980 καὶ
709 950 896 991 πεςιῃξημὲνοι

183 997 217 1020 et
232 990 379 1030 γεγένησθε
391 993 516 1023 omittit.
551 995 650 1024 Verba
666 993 812 1023 Aristidis
832 995 895 1023 lnafc

184 1040 274 1064 sunt:
290 1035 337 1065 καὶ
357 1035 390 1065 τό
413 1034 574 1067 διαξίιλλειν
587 1036 616 1067 δὴ
632 1036 779 1076 πρόσωπα
793 1035 897 1076 ἔνδοξα,

185 1077 221 1111 ὡς
252 1077 375 1112 ἀτόπως
400 1079 514 1120 ἔχοντα,
541 1080 720 1119 σφοδρότητα
745 1079 827 1108 ποιεῖ’.
849 1080 896 1112 ὡς·

183 1120 268 1160 ὑμεῖς
282 1120 310 1150 δὲ
327 1120 339 1149 ὅ
351 1122 635 1161 δῆμος-ρι-ωοῐοτει
651 1127 698 1152 est
711 1123 801 1151 Lanr.
817 1123 845 1151 Ν
849 1132 896 1151 οι·-

185 1164 287 1192 manni
302 1164 342 1193 ad
359 1165 386 1193 h.
402 1164 421 1193 l.
435 1166 589 1194 annotatio
603 1175 674 1204 pag.
693 1166 767 1196 4⁷3.

228 1223 272 1228 —
286 1208 317 1236 5.
341 1207 524 1248 ἀγαπῶντες]
547 1209 759 1247 Hermogenes
774 1218 804 1247 p.
821 1209 894 1239 250.

184 1248 286 1279 iocum
310 1250 388 1280 lmnc
409 1261 426 1280 e
450 1251 595 1281 memoria
617 1252 749 1281 recitans
767 1251 810 1281 ita
823 1252 893 1282 dat:

185 1293 364 1331 ἀγαπῶντες,
386 1294 409 1323 εἶ
432 1292 553 1335 θεωρικὰ
575 1294 589 1326 ἢ
613 1294 704 1328 βοΐδια
729 1293 897 1335 πέμψουσιν

184 1335 254 1375 ὑμῖν
267 1336 306 1370 εἷς
321 1339 376 1370 τὰς
390 1335 494 1377 ἓορτάς.

228 1396 272 1401 -
289 1382 340 1410 16.
361 1380 512 1421 γενέσθαι]
548 1381 617 1411 loco
641 1392 670 1410 v.
694 1380 820 1420 γενέσθαι
843 1382 896 1412 dat

187 1420 358 1462 Dionysius
375 1423 447 1454 Hal.
460 1423 586 1464 ἑκάστῳ.
604 1429 636 1454 ut
647 1426 705 1455 hoc
715 1425 894 1465 amplector,

186 1464 232 1495 ita
246 1476 351 1496 rursus
367 1467 445 1496 illud
462 1468 615 1498 dimittere
629 1469 734 1504 nolim,
750 1471 802 1499 sed
816 1469 896 1499 arbi-

186 1511 253 1538 tror
267 1510 415 1539 ambobus
430 1512 581 1549 copulatis
597 1511 810 1551 primigeniam
828 1522 895 1542 ora-

185 1551 263 1582 toris
273 1562 392 1582 manum
405 1554 506 1589 reddi,
521 1560 551 1584 ut
568 1555 608 1584 sit
619 1555 817 1586 constructio:
831 1554 896 1596 μεί-

189 1593 243 1633 ζων
256 1593 350 1628 ζλάΒη
366 1595 430 1637 ἐμοὶ
444 1599 540 1627 ταῦτα
556 1597 672 1634 εἷπόντι,
685 1598 699 1630 ἢ
712 1599 828 1637 ἑκάστῳ
841 1602 896 1629 τῶν

184 1639 375 1669 πεποιηκότων
393 1638 481 1670 ἐκεῖνοι
502 1640 648 1679 γενέσθαι.
670 1652 760 1681 quam
776 1643 895 1672 unicui-

185 1690 246 1719 que
262 1692 378 1718 eorum,
395 1683 446 1723 qui
462 1683 493 1714 in
507 1695 598 1714 causa
608 1686 741 1720 fuerunt,
754 1691 785 1714 ut
796 1686 895 1722 istaec,

187 1734 256 1763 quae
271 1725 353 1762 dixi,
372 1726 416 1756 ita
441 1731 473 1757 ut
497 1728 576 1765 dixi,
594 1729 761 1758 evenirent.
785 1727 799 1759 ἢ
816 1739 894 1768 pone

187 1766 286 1800 Βλάβη
301 1769 474 1800 addendum
490 1771 578 1802 facile
590 1772 691 1811 potuit
705 1772 734 1801 in
745 1783 895 1802 concursu

187 1820 290 1841 secum
307 1813 391 1842 elidi.

230 1870 274 1877 ·—-
288 1857 340 1886 24.
362 1856 546 1899 λημμάτων]
569 1869 628 1888 non
645 1858 793 1898 displicet
806 1859 895 1889 Lam-

186 1896 251 1926 bini
267 1899 454 1938 λημματίων.
574 1936 577 1938 v

231 1957 274 1963 —-
297 1943 348 1972 25.
372 1941 486 1983 σιτίοις]
516 1945 703 1974 constructio
726 1945 818 1984 paulo
840 1945 895 1975 im-

188 1981 332 2021 plicatior
346 1984 409 2014 haec
425 1991 492 2015 est:
516 1986 535 2015 ἃ
554 1986 620 2017 ἔοικε
639 1989 698 2022 τοῖς
715 1987 814 2022 σιτίοις
837 1989 896 2023 τοῖς

187 2024 334 2064 διδομένοις
356 2030 434 2065 παρὰ
455 2031 510 2059 τῶν
532 2029 629 2069 ἷαρτῶν
651 2033 710 2064 τοῖς
732 2031 895 2061 ἀσθενοῦσι.

190 2067 328 2099 imitatus
339 2071 430 2100 esth.
446 2072 466 2101 l.
486 2073 692 2103 Philostratus
707 2084 737 2113 p.
755 2076 829 2105 306.
844 2077 894 2104 ⁰27.

231 2113 283 2142 38.
302 2115 330 2142 1.
350 2115 387 2143 σὺ
401 2114 582 2156 μισθοφορὰν
601 2116 707 2158 λέγεις]
725 2117 756 2146 id
771 2123 828 2153 est,
845 2117 897 2147 δεῖν

188 2155 279 2205 ἡμᾶς,
293 2154 365 2186 δίκην
381 2156 471 2196 ξένων,
486 2157 589 2198 μισθὸν
603 2162 683 2200 vag&
698 2161 748 2194 τῆς
764 2159 896 2201 πατρίδος

185 2204 283 2239 φερειν.

229 2259 273 2265 -
288 2244 317 2274 2.
340 2245 390 2275 τὴν
406 2243 492 2276 αὒτῆν
505 2245 640 2276 ἁπάντων
655 2244 800 2288 σύνταξιν]
828 2247 895 2278 scil.

1582 190 1634 233 21

928 298 1005 339 φημὶ
1025 297 1077 327 δεῖν
1093 296 1171 328 εῖναι.
1194 302 1224 327 et
1246 299 1388 337 protinus
1410 299 1547 339 quidem,
1571 300 1638 331 sine

930 341 1133 376 cunctatione,
1146 341 1210 370 sine
1223 342 1411 380 ambagibus,
1423 344 1523 383 planis
1533 344 1637 374 verbis

929 386 989 422 aio,
1012 384 1126 414 civium
1149 384 1280 414 omnium
1306 385 1411 414 eadem
1432 397 1499 416 esse
1524 387 1638 418 debere

930 428 1101 468 stipendia3
1123 438 1173 457 sen
1193 427 1241 456 aio
1258 428 1301 456 fas
1319 437 1385 456 esse
1402 428 1486 458 cives
1503 431 1639 470 singulos

930 482 1066 511 quosque
1083 470 1236 510 stipendia
1253 472 1330 499 ferre
1349 471 1467 500 eadem.

971 533 1015 538 —-
1035 517 1065 545 8.
1090 516 1129 544 τὰ
1149 514 1205 554 νῦν]
1231 513 1298 543 scil.
1320 512 1479 553 συμὲαίνει.
1502 520 1640 555 tempora

929 557 955 588 si
971 569 1031 598 qua
1045 558 1179 587 incidant
1196 558 1243 586 his
1260 557 1382 592 similia,
1399 555 1427 587 εἴ
1437 557 1567 594 βελτίων,
1581 561 1641 591 eris

931 602 978 631 vir
990 602 1086 636 sortis,
1098 601 1177 630 civis
1190 602 1298 636 bonus,
1310 600 1451 641 ὑωάςχων
1460 604 1640 641 στρατιώτης

929 643 1024 680 αὐτος,
1041 655 1078 674 eo
1093 644 1173 683 quod
1188 644 1275 673 miles
1287 644 1341 679 sis,
1356 654 1413 672 non
1431 645 1551 674 demum
1565 655 1637 675 con-

931 689 1125 724 scribendus,
1148 697 1245 726 neque
1274 687 1479 721 exercendus,
1503 688 1558 717 sed
1576 690 1639 727 jam

929 731 1124 771 conscriptus
1139 731 1254 760 dudum
1273 734 1304 759 et
1319 730 1520 768 exercitatus,
1540 737 1569 762 et
1587 742 1641 770 pa·
1655 749 1661 755 .

929 780 1012 804 ratus
1032 776 1070 805 ad
1086 774 1313 804 inserviendum
1334 774 1450 813 patriae,
1469 778 1500 803 et
1516 775 1640 814 quidem

929 817 1024 854 αὐτὸς,
1039 818 1068 847 in
1086 828 1212 858 corpure
1228 822 1291 853 tuo,
1307 826 1366 846 non
1382 817 1494 853 alieno,
1510 819 1590 857 quod
1606 819 1637 849 in

930 861 975 890 tui
993 861 1092 891 vicem
1108 862 1222 890 mittas.

972 923 1015 927 —-
1031 908 1081 935 11.
1107 903 1132 934 ἐν
1147 904 1191 945 ἴση
1208 903 1306 944 τάξει]
1330 903 1458 944 respicit
1482 915 1521 934 ex
1544 915 1640 945 oppo-

931 948 990 977 sito
1007 948 1042 977 ad
1062 948 1250 988 praemissum
1267 947 1413 982 ἀτάκτως.
1453 948 1545 978 Nunc
1561 949 1641 978 acci·

930 991 977 1030 pit
993 991 1135 1030 quisque,
1160 991 1213 1026 ait,
1233 991 1299 1021 sine
1320 997 1403 1021 certo
1426 991 1535 1021 ordin-e
1550 1002 1638 1022 sunm

930 1034 1111 1069 theoricum,
1135 1034 1210 1063 alias
1236 1035 1317 1073 plus,
1344 1034 1420 1064 alias
1441 1034 1564 1072 minus3
1587 1041 1641 1065 ant

930 1077 982 1106 alii
1005 1078 1166 1116 pensiones
1189 1077 1363 1115 spissiores,
1390 1077 1443 1106 alii
1465 1079 1618 1108 tenuiores
1639 1089 1648 1116 ;

930 1120 988 1149 hoc
1003 1130 1109 1149 mense
1126 1130 1193 1149 cum
1210 1120 1330 1149 tulisset
1344 1130 1449 1159 parum
1462 1121 1549 1159 quid,
1562 1131 1641 1160 prae-

930 1168 1051 1192 tereunt
1068 1172 1187 1193 menses
1205 1173 1310 1192 rursus
1327 1163 1511 1201 complures,
1528 1165 1640 1203 quibus

929 1215 1057 1245 prorsus
1077 1206 1117 1235 nil
1135 1206 1254 1236 auffert.
1297 1207 1364 1236 Jam
1381 1217 1454 1236 vero
1471 1208 1640 1238 secundum

930 1259 995 1279 eam
1025 1250 1297 1289 dispensationem,
1328 1251 1415 1289 cujus
1446 1260 1504 1286 ego
1536 1257 1641 1282 auctor

931 1303 1009 1329 sum,
1020 1293 1228 1332 unusquisque
1242 1302 1344 1322 mense
1358 1303 1479 1332 quoque
1492 1299 1597 1329 ratam,
1611 1299 1642 1324 et

930 1336 988 1365 sibi
1004 1346 1125 1375 semper
1139 1347 1240 1375 parem
1256 1336 1383 1366 aufferet
1396 1337 1571 1374 pensionem
1584 1350 1593 1377 3
1610 1343 1641 1368 et

930 1390 1034 1409 omnes
1059 1380 1221 1418 pensiones
1247 1379 1346 1409 ferent
1375 1380 1454 1409 inter
1481 1391 1514 1410 se
1539 1391 1641 1420 pares,

929 1432 1018 1452 nemo
1033 1423 1222 1463 ampliorem,
1238 1433 1327 1462 qnam
1343 1422 1430 1452 alter.

971 1484 1015 1488 -
1031 1470 1081 1497 12.
1104 1465 1296 1507 λαμζανὲτω]
1329 1466 1498 1506 Dionysius
1522 1466 1553 1497 in
1576 1467 1641 1497 vita

930 1510 1002 1539 Isaei
1018 1521 1047 1549 p.
1067 1512 1141 1540 108.
1156 1510 1204 1540 ed.
1216 1510 1302 1549 Sylb.
1314 1510 1384 1549 (sen
1399 1516 1510 1540 nostrae
1525 1522 1554 1551 p.
1566 1513 1640 1543 335.

929 1554 965 1583 Τ.
986 1553 1059 1583 VII.
1083 1558 1233 1583 oratorum
1251 1553 1447 1592 Graecorum)
1470 1554 1520 1582 nbi
1543 1559 1640 1584 totum

929 1597 1010 1626 hunc
1033 1597 1134 1626 locum
1156 1598 1275 1632 recitat,
1293 1596 1529 1636 παραλαμβάνων
1544 1598 1607 1634 dat,
1624 1608 1641 1628 e

929 1640 1086 1676 memoria,
1103 1640 1133 1670 ni
1148 1640 1244 1675 fallor,
1260 1646 1312 1669 ant
1324 1640 1397 1669 alias
1413 1640 1586 1670 addendum
1601 1640 1641 1670 sit

929 1684 1076 1722 ὠφελήσει.
1089 1702 1132 1706 -—
1145 1683 1302 1723 λαμβάνων
1318 1684 1397 1713 Bav.
1414 1683 1443 1712 in
1463 1688 1563 1720 texto,
1584 1685 1640 1714 sed

929 1737 1021 1766 super
1036 1728 1141 1768 ὠφελεῖ
1151 1727 1391 1766 superscriptum
1403 1731 1450 1756 est
1461 1739 1505 1767 γε.
1518 1726 1639 1766 λαμβα-

927 1768 1007 1800 νέτω.
1027 1771 1115 1801 Unde
1124 1770 1283 1810 colligo,in
1301 1770 1389 1799 libris
1400 1770 1582 1809 quibusdam
1600 1771 1643 1800 ita

929 1813 1024 1843 fuisse
1049 1819 1228 1843 exaratum:
1254 1813 1309 1843 ὅσοι
1324 1809 1401 1848 οἶτος
1419 1815 1460 1843 νῦν
1478 1814 1527 1842 ἅτ.
1547 1820 1574 1842 λ.
1593 1814 1640 1844 οὐκ

929 1857 1042 1896 ὠφελεῖ,
1057 1855 1200 1896 ὠφελείτω
1215 1856 1302 1886 ταῦτ’
1317 1855 1343 1886 ἐν
1358 1857 1376 1885 ἴ.
1395 1868 1424 1887 τ.
1441 1857 1610 1896 λαμβάνων.

971 1918 1015 1923 ——
1036 1903 1088 1931 14.
1111 1902 1184 1931 πλὴν
1207 1899 1317 1941 μικρὸν]
1342 1901 1508 1940 interponit
1524 1901 1641 1941 Diony-

929 1943 993 1974 sius
1010 1956 1051 1974 τι.

973 2005 1013 2009 ——
1031 1989 1084 2018 15.
1106 1988 1155 2017 τῆν
1180 1987 1280 2028 αυτ-ἢν]
1305 1987 1438 2016 cohaeret
1457 1996 1526 2016 cum
1549 1988 1643 2027 τάξιν,

929 2040 987 2059 non
1004 2030 1175 2069 praemissu,
1200 2031 1252 2060 sed
1277 2030 1456 2068 insequente
1482 2040 1569 2059 versu
1592 2033 1643 2060 17.

930 2073 1125 2103 Constructio
1143 2077 1190 2103 est
1202 2085 1209 2102 z
1230 2073 1331 2110 ἤγαγον
1345 2075 1393 2103 τὴν
1406 2072 1487 2103 πόλιν
1498 2072 1536 2105 εἷς
1549 2073 1642 2112 τάξιν,

931 2117 1050 2150 ποιήσας
1072 2117 1119 2157 [id
1136 2121 1195 2151 est,
1211 2116 1256 2146 διὰ
1273 2117 1322 2146 τοῦ
1342 2116 1472 2156 ποιῆσαι]
1489 2117 1537 2146 την
1555 2116 1642 2147 αὐτὴν

930 2159 1013 2198 τάξιν
1026 2161 1075 2189 τοῦ
1091 2159 1317 2199 στςατεύεσὲαι,
1334 2160 1382 2188 τοῦ
1398 2159 1556 2198 λαμβάνειν
1571 2165 1632 2190 etc.

973 2220 1016 2225 —-
1043 2205 1093 2233 17.
1121 2201 1211 2244 ἔχοι.]
1243 2202 1374 2234 subaudi
1402 2203 1506 2233 «ποιεῖν.
1541 2203 1640 2233 facere

930 2246 1038 2285 possit.

503 2391 587 2432 AD
620 2391 1027 2434 PHILIPPICAM
1061 2390 1330 2434 PRIMAM.

232 2500 285 2529 40.
304 2500 331 2527 1.
357 2497 452 2538 εἰμὲν
466 2499 609 2541 πάρὲι-]
632 2499 715 2530 citat
730 2499 760 2530 h.
777 2499 797 2530 l.
815 2500 897 2530 Her-

187 2551 334 2580 mogenes
350 2551 380 2580 p.
396 2543 469 2571 177.
486 2545 516 2572 1.
532 2542 583 2572 ubi
600 2542 711 2572 Aldina
726 2543 771 2573 sic
787 2543 858 2573 dat:
875 2543 897 2573 εἶ

186 2584 243 2624 μὲν
256 2584 317 2624 περὶ
335 2585 427 2614 καινοῦ
446 2583 516 2620 τινδς
533 2585 702 2625 προύτίθετο
722 2587 898 2627 πράγματος

186 2626 287 2666 λέγειν,
303 2625 325 2657 ὦ
337 2626 482 2659 Ἀθηναῖοι.
498 2633 529 2658 et
544 2638 634 2658 versu
649 2631 678 2660 6.
693 2631 834 2664 πολλάκις
849 2629 896 2661 ἤδη

187 2671 322 2712 πρότερον
343 2671 483 2711 εἰρήκασιν
501 2668 584 2701 οὗτοι.
606 2671 678 2702 item
693 2683 722 2712 p.
747 2675 820 2704 027⁷.
845 2674 896 2703 ubi

189 2713 235 2744 sic
251 2714 402 2753 disputat:
423 2715 472 2745 τοῦ
487 2713 628 2754 προοιμίου
643 2716 656 2746 ἡ
674 2715 730 2756 μὲν
745 2716 896 2757 πςὲτοισις,

187 2754 232 2787 ἶίτι
253 2757 296 2787 δεῖ
306 2756 354 2786 καὶ
367 2757 495 2798 νεωτέρου
508 2756 593 2794 ὄντος,
610 2759 658 2787 καὶ
675 2760 786 2800 πρώτου
804 2759 896 2797 λέγον-

188 2810 249 2836 τος,
273 2799 442 2841 ἀνέχεσθαι·
468 2800 497 2830 αῖ
521 2800 549 2831 δὲ
575 2801 684 2836 ταύτης
706 2803 896 2837 κατασκευαὶ,

185 2840 230 2874 ἔτι
244 2842 332 2884 μηδὲν
341 2843 364 2873 οἱ
381 2843 562 2884 πξεσόύτεςοι
574 2846 629 2874 τῶν
643 2845 752 2876 δεόντων
763 2845 899 2885 εἰρήκασιν

187 2883 236 2916 ἐπὶ
250 2887 363 2916 πολλῶν
377 2885 539 2918 ἐκκλησιῶν.
561 2888 609 2917 καὶ
625 2888 650 2918 εἴ
662 2899 730 2922 τινες
745 2888 848 2919 ἄλλαι.
864 2888 898 2924 ἃς

189 2927 220 2960 231
255 2932 438 2964 κατασκευὰς
471 2929 617 2971 ωροῧταξε
647 2934 697 2965 τῆς
726 2933 898 2971 προτάσεως.

193 2972 270 3002 ltem
287 2973 473 3005 Scholiastes
489 2974 526 3004 ad
550 2974 759 3014 Hermogenis
778 2986 809 3016 p.
826 2977 901 3006 226.

191 3014 240 3045 his
248 3015 350 3046 verbis
366 3027 398 3056 p.
413 3019 487 3049 385.
501 3017 550 3048 ed.
565 3017 785 3059 ΛΙᾶ.ὂςθώσας,
801 3017 899 3050 τουτέ-

930 2510 981 2530 στι
996 2498 1064 2529 κατ’
1078 2498 1156 2539 ὃρθῆν
1170 2502 1283 2530 πτῶσιν
1294 2497 1439 2539 προφέρων
1451 2498 1497 2530 τδν
1512 2499 1589 2538 λόγον
1600 2516 1643 2523 -·

932 2543 1104 2581 πλαγιάσας
1120 2542 1148 2572 δὲ
1160 2541 1332 2583 -μεξίσας
1346 2542 1386 2572 δὲ.
1402 2540 1460 2572 οἷον·
1478 2543 1499 2572 εἶ
1512 2543 1567 2582 μὲν
1578 2544 1640 2583 περὶ

930 2588 1021 2616 καινοῦ
1033 2586 1105 2620 τινὸς
1117 2585 1233 2626 πςάγμ.
1248 2584 1412 2626 πςοὺτίθετο
1423 2584 1522 2623 λέγειν.
1532 2585 1546 2616 ἢ
1557 2584 1640 2616 οὕτω·

931 2630 1041 2670 Κροῖσος
1055 2628 1095 2665 ἷν,
1107 2629 1192 2663 Λυδὸς
1206 2628 1262 2668 μὲν
1277 2628 1362 2667 γένος,
1377 2631 1456 2663 «παῖς
1472 2629 1499 2659 δὲ
1514 2628 1642 2659 Ἀλυάτ-

931 2684 998 2708 τεω,
1013 2672 1137 2714 τύραννος
1152 2672 1179 2702 δὲ
1194 2671 1301 2702 ἐθνέων.
1316 2672 1492 2711 συμπλέξας
1507 2672 1534 2702 δὲ
1547 2690 1599 2701 -.

974 2734 1017 2738 ——-
1029 2718 1059 2747 3.
1075 2719 1131 2746 τῶν
1145 2715 1299 2757 εἰωθότων]
1319 2716 1386 2746 scil.
1400 2717 1511 2756 γνώμην
1524 2714 1644 2756 άωοφῇ-

930 2758 1043 2789 νασθαι.

974 2820 1016 2825 ——
1028 2804 1077 2833 13.
1094 2801 1106 2831 ὃ
1118 2803 1172 2842 γάρ
1185 2801 1249 2832 ἐστι
1262 2800 1415 2843 χείριστον]
1430 2802 1642 2838 Hermogenes

932 2856 964 2885 p.
980 2847 1053 2876 364.
1077 2845 1107 2874 in
1131 2845 1234 2885 capite
1254 2846 1314 2882 περὶ
1335 2843 1482 2877 δεινότητος
1499 2843 1643 2882 proponit

932 2889 1009 2919 hanc
1025 2888 1240 2927 cogitationem
1262 2889 1291 2918 in
1313 2888 1464 2926 exemplis
1485 2897 1586 2916 earnm
1604 2885 1643 2916 ἐν·

932 2934 1014 2968 νοιῶν,
1030 2942 1105 2971 quas
1122 2931 1257 2972 appellat
1271 2930 1450 2971 παςειδόξους,
1463 2929 1507 2958 καὶ
1524 2927 1646 2966 &aetiam

934 2975 981 3005 καὶ
999 2972 1115 3010 Βιαίους,
1129 2975 1176 3004 καὶ
1189 2972 1420 3015 πεςινενοημὲνοις.

978 3036 1020 3042 ·—-
1036 3021 1087 3051 15.
1111 3017 1142 3047 τί
1155 3016 1196 3049 οὖν
1210 3017 1274 3048 ἐστὶ
1291 3017 1390 3058 τοῦτο]
1409 3026 1500 3056 super
1516 3016 1645 3047 artificio
