1931 3322
349 227 414 270 IN
447 227 623 269 ORAT.
656 227 738 269 DE
769 224 1076 268 RHODIOR.
1111 224 1464 267 LIBERTATE.
1556 225 1640 268 539

186 343 292 364 vreare
312 335 378 372 ejus
392 332 507 363 favoris
529 343 564 363 ac
580 334 802 364 benevolentiae
822 344 896 372 erga

188 377 294 407 hostes
327 376 430 415 Reip„
456 377 558 406 dicere
589 377 686 406 solent
717 387 798 412 eum,
827 376 896 415 ξένον

187 430 290 450 corum
308 420 355 449 vel
372 419 503 459 «πρόξενον
518 419 631 449 fuisse:
654 419 725 458 ξένον
746 421 895 456 privatum

187 461 326 502 hospitem
351 464 443 492 unius
468 463 608 501 alicujus,
635 467 665 491 et
692 462 812 503 πρόξενον
840 472 895 499 pro

188 504 295 544 hospite
326 507 413 535 totius
435 515 533 535 eorum
563 506 701 535 civitatis.
754 506 800 534 lta
832 505 895 534 De-

187 549 298 578 mosth.
317 554 432 584 noster,
444 548 495 577 ubi
508 548 684 578 AEschinem
700 547 895 586 Philippismi

187 590 366 621 insimulare
383 591 460 626 vult,
476 591 517 620 ait
534 591 667 629 Philippi
692 591 809 626 legatos
826 591 894 628 ejus

190 634 330 672 hospites
359 633 455 663 fuisse
487 634 541 673 [de
566 633 637 662 Cor.
655 633 680 672 §.
702 633 767 674 ue.J
796 633 817 662 οἳ
842 635 895 672 γὰρ

188 676 333 717 ’πρέσβεις
353 677 427 715 δεῦρο
448 674 610 714 ἀφικόμενοι
634 676 712 715 παξὰ
735 678 785 705 σοῦ
810 676 896 705 κατέ-

186 725 260 756 λυον,
279 719 409 759 Alexim,
419 718 467 747 καὶ
478 719 515 748 σὺ
528 717 678 758 προυξένεις
688 719 788 749 αὐτῶν.
807 720 849 759 le«
843 722 896 750 ati

184 763 269 802 apud
292 768 320 792 te
342 761 575 797 diver-‚sabaium
599 767 688 802 tnqne
712 772 755 792 eos
775 762 896 800 hospitio

185 805 301 851 publico
313 804 479 843 excipiebas,
495 810 528 833 tn
546 815 590 834 eos
605 804 681 844 hospi
676 806 726 834 tio
739 805 897 843 excipiebas

186 843 302 878 nomine
330 847 468 878 civitatis.
496 847 527 876 id
559 848 638 877 enim
665 853 709 878 est
744 849 897 888 ωροξενειν.

184 891 255 922 Jam
272 901 344 921 vero
367 901 384 920 e
406 895 512 920 contra
526 889 621 920 iidem
647 892 810 927 Rhetores,
826 902 895 921 cum

187 933 266 963 hanc
289 933 496 972 suspicionem
523 943 541 962 a
570 945 604 964 se
632 935 750 964 amoliri
776 935 894 970 volunt,

185 976 278 1015 longe
308 981 339 1006 et
365 976 475 1006 sedulo
504 986 521 1005 a
547 987 581 1006 se
612 979 795 1008 submovent
818 978 894 1007 hauc

186 1017 275 1058 ξενίαν
296 1024 328 1049 et
353 1017 500 1060 προξενίαν.
523 1020 604 1058 quod
631 1020 705 1050 facit
732 1022 894 1051 Demosth-

187 1063 246 1092 hoc
260 1063 290 1092 iu
307 1062 395 1092 loco:
419 1061 489 1092 Non
505 1067 544 1091 est
561 1063 636 1102 quod
649 1066 758 1102 putetis
772 1075 815 1094 me
830 1062 897 1104 πςός

186 1106 271 1147 χάριν
294 1104 384 1144 λέγειν
412 1107 468 1135 τῶν
493 1104 612 1141 Ῥοδίων,
642 1116 675 1135 ex
702 1107 812 1148 affec-tn
843 1113 896 1136 ant

174 1149 289 1189 jovere
317 1150 349 1178 in
380 1148 508 1179 Rhodios
536 1148 594 1179 hoec
629 1148 734 1186 (licere,
771 1151 825 1180 sed
856 1162 894 1180 ex

189 1192 290 1222 studio
311 1191 342 1222 iu
371 1192 484 1231 Remp.
507 1196 538 1221 et
560 1194 729 1223 communis
755 1194 894 1223 utilitatis

187 1244 301 1265 causa:
324 1234 408 1264 nulla
429 1234 509 1264 enim
533 1235 606 1264 mihi
628 1236 792 1266 intercedit
821 1237 895 1266 ami-

187 1277 263 1310 citia
285 1282 338 1308 aut
361 1278 555 1308 necessitudo
579 1289 647 1308 cum
677 1281 806 1310 Rhodiis
830 1280 896 1310 uni-

187 1321 291 1351 versis
307 1325 358 1351 aut
372 1331 441 1351 cum
459 1321 521 1351 ullo
538 1321 673 1360 ipsorum
691 1324 812 1363 aliquo:
838 1334 896 1363 ego

187 1364 274 1394 nuno
290 1364 434 1403 hospitali
452 1364 574 1394 viuculo
591 1370 642 1395 aut
657 1366 756 1396 officio
778 1367 818 1396 iis
842 1369 896 1396 ob-

187 1407 311 1437 strictus
327 1412 378 1437 aut
393 1407 523 1437 devotus
541 1419 605 1438 sum
620 1419 628 1437 ι
653 1409 715 1439 οὔτε
727 1412 780 1450 γὰρ
796 1409 895 1450 πςὸξε-

183 1460 227 1485 νος
240 1461 268 1480 ιι.
278 1461 309 1481 τ.
322 1456 352 1480 λ.
395 1450 516 1490 Πξόξενοι
533 1451 622 1481 etiam
640 1452 821 1483 dicebantur
833 1465 896 1483 me-

189 1493 325 1523 diatores
338 1498 369 1523 et
383 1494 596 1524 conciliatores
612 1501 833 1532 contractuum,
850 1496 895 1526 in-

187 1541 339 1575 terpretes
354 1547 407 1567 seu
432 1537 543 1576 pararii
559 1539 596 1567 ad
614 1540 803 1578 exaequanda
817 1551 895 1569 mer-

187 1578 268 1610 cium
285 1580 381 1620 pretia
396 1580 475 1610 inter
489 1587 642 1619 emptores
659 1589 688 1611 et
710 1584 895 1618 venditorem

188 1623 242 1662 qui
256 1623 445 1653 communius
458 1624 634 1663 πξοξενηταῖ,
652 1625 719 1656 Lat.
735 1631 895 1665 prorenetae

184 1666 233 1704 (in
252 1667 324 1705 jure
350 1666 468 1705 Rom),
493 1667 544 1705 qui
572 1668 651 1698 inter
674 1670 752 1698 duos
777 1675 893 1699 contra-

187 1709 295 1739 hentes
409 1720 443 1738 se
458 1709 685 1749 interponerent
697 1712 895 1742 conciliandae

187 1751 345 1791 emptioni,
370 1751 555 1792 emptionum
580 1760 758 1792 proxenetae
785 1760 816 1784 et
842 1765 895 1795 pa-

187 1795 271 1832 terii,
296 1796 348 1836 qni
371 1796 427 1825 Gr.
450 1799 599 1836 προπῶλαι
622 1802 652 1826 et
678 1798 841 1837 πξοπρίιτοιι
865 1803 896 1828 et

187 1839 386 1877 μεσοπράτοιι,
407 1837 490 1876 μέσον
505 1841 556 1874 τῆς
579 1841 709 1879 πράσεως
726 1842 897 1870 mediatores

187 1881 371 1916 venditionis,
387 1881 439 1920 qui
455 1882 578 1921 proprie
595 1883 800 1932 interpretes:
827 1895 894 1913 nam

181 1926 314 1963 pretium
330 1935 349 1954 a
364 1925 419 1954 Gr.
438 1925 564 1975 πράτιον,
584 1926 671 1964 qnasi
693 1937 808 1956 merces
829 1938 896 1966 quae

188 1967 334 1998 vendenti
357 1967 478 2004 dantur,
507 1968 549 2007 τῷ
573 1970 679 2010 orfani-tp,
703 1975 794 2009 atque
822 1970 896 2000 inde

187 2011 328 2061 interpres
345 2011 391 2040 liis
407 2011 531 2065 proprie
547 2013 597 2050 qui
614 2013 626 2042 ὁ
642 2013 813 2052 ωροπςάτης
828 2015 882 2044 Gr.
874 2036 896 2049 .,

185 2054 274 2093 quasi
289 2054 490 2096 μετοπξάτης,
503 2056 616 2084 medius
634 2056 711 2085 inter
727 2057 895 2087 vendentem

186 2102 215 2128 et
245 2103 391 2127 ementem.
438 2097 482 2127 Hi
512 2098 606 2137 igitur
635 2098 817 2139 interpretes
841 2111 894 2130 seu

188 2140 340 2180 sequestri
356 2150 408 2170 seu
422 2141 606 2171 mediatores
628 2152 681 2172 seu
706 2143 815 2181 pararii
839 2154 894 2173 seu

187 2183 401 2214 conciliatores
412 2188 632 2222 contractuum,
642 2185 805 2225 πςοξενηταῖ
815 2197 831 2216 a
839 2188 893 2216 Gr.

185 2227 377 2262 dicebantur,
406 2228 494 2266 quasi
530 2234 745 2268 procuratores
775 2234 895 2260 contra-

185 2274 301 2307 ctuum,
322 2276 492 2309 proxenetae.
518 2272 556 2301 de
580 2272 691 2310 quibus
714 2273 823 2303 titulus
847 2277 896 2303 est

185 2312 218 2343 in
234 2313 399 2344 Pandectis
415 2314 454 2344 de
471 2314 665 2345 Proxenetis.
709 2316 812 2355 Atque
825 2316 894 2346 binc

187 2355 236 2398 (ui
252 2355 357 2396 fallor)
372 2356 461 2387 fluxit
481 2357 534 2388 illa
558 2358 678 2397 phrasis
699 2359 730 2389 in
748 2361 818 2398 jure
841 2370 895 2389 no-

187 2404 264 2436 stro,
281 2410 351 2429 cum
371 2399 440 2439 quis
463 2400 576 2431 dicitur
592 2401 707 2441 aliquid
725 2402 824 2432 facere
839 2413 896 2442 per

187 2448 313 2479 PRoXY‚
330 2443 359 2472 h.
379 2453 408 2473 e.
433 2453 488 2482 per
508 2450 709 2484 proxenetam
733 2451 762 2476 et
785 2457 896 2486 procu-

187 2490 334 2522 ratorem,
363 2488 593 2525 corrupta,viz.
620 2493 651 2518 et
678 2489 799 2519 detorta
820 2500 894 2519 voce

187 2536 304 2560 PROXY
327 2540 344 2559 a
367 2528 491 2569 πρόξενος
515 2537 682 2570 proxeneta.
737 2532 786 2562 Ita
813 2533 893 2562 enim

187 2572 299 2603 melius
311 2582 398 2611 quam
416 2584 433 2603 a
452 2574 518 2603 Lat.
533 2577 690 2613 proximus.
736 2576 780 2606 Hi
802 2576 895 2615 igitur

185 2620 394 2647 contractuum
408 2617 519 2655 pai-arii
536 2628 589 2647 seu
607 2625 784 2657 proxenetae
801 2620 893 2649 etiam

188 2657 316 2700 πρόξενοι
345 2660 401 2688 Gr.
432 2660 641 2699 vocabantur3
674 2671 761 2699 quam
794 2667 893 2693 tamen

188 2701 438 2741 significationem
451 2703 540 2742 hujus
549 2705 632 2735 vocis
641 2704 764 2745 πρόξενος
775 2705 804 2734 in
818 2707 893 2736 Lex.

188 2746 274 2785 vulg.
287 2746 397 2775 frustra
413 2747 587 2784 quaerimus.
633 2748 813 2778 Philostrat.
829 2749 893 2779 Vit.

188 2789 336 2827 Apollon.
361 2788 382 2818 l.
408 2788 451 2818 iv.
476 2792 582 2829 πςῶτον
610 2789 665 2829 μὲν
692 2792 893 2831 menon—oiim,

189 2831 336 2872 ζητοῦντες
363 2832 462 2871 ἆγοξέὶν
487 2843 581 2867 udam(
605 2845 801 2874 πξαττθυσαν,
827 2841 893 2865 Εἶτα

188 2873 327 2914 προξένους
338 2874 383 2904 καὶ
395 2875 538 2910 καπηλους
550 2875 769 2918 ἀναμιχθέντες,
782 2879 893 2907 πωλοῦ-

188 2916 220 2948 σί
233 2928 267 2948 τε
280 2917 329 2948 καὶ
346 2919 515 2949 πωλοῦνται.
550 2920 612 2949 Sed
628 2921 693 2950 haec
710 2901 893 2960 significatio

188 2971 248 2991 nou
265 2966 310 2990 est
323 2961 412 2999 hujus
426 2962 499 2992 loci.

234 3005 273 3034 P.
288 3005 362 3035 303.
376 3005 408 3035 3.
432 3004 516 3045 παιςδν
537 3005 650 3046 αὐτοις]
676 3016 743 3036 cum
767 3007 895 3039 licuisset

187 3047 238 3078 eis.
256 3057 312 3088 pro
326 3046 374 3078 ὅτε
392 3049 479 3089 παρῆν
497 3049 595 3084 αὐτοῖς
618 3050 664 3080 vel
687 3049 827 3091 πταρόντος
845 3052 895 3082 αὖ-

1591 307 1603 315 0

929 332 998 364 τοῖς.
1053 333 1267 363 Nominativus
1305 332 1461 372 participii
1499 331 1640 361 absolute

931 375 1050 414 positus
1081 387 1134 413 pro
1164 377 1300 415 genitivo
1331 381 1379 405 cst.
1408 375 1547 415 syntaxis
1581 385 1640 404 non

930 418 1030 447 minus
1054 418 1178 457 elegans
1200 430 1288 458 quam
1319 419 1430 448 usitata
1457 419 1536 456 apud
1561 419 1639 455 Gr.;

930 470 1018 499 quarn
1050 466 1148 489 tamen
1178 463 1225 492 vel
1261 462 1381 491 omnino
1411 462 1554 490 omittunt
1589 461 1638 490 vel

931 504 1040 532 leviter
1070 508 1197 540 tangunt
1224 506 1372 536 Graium..
1399 505 1448 533 ubi
1476 509 1570 540 agunt.
1599 504 1639 533 de

930 547 1106 576 Construct.
1128 547 1273 585 Particip.
1322 548 1361 576 Ut
1384 548 1479 586 igitur
1503 547 1592 585 plene
1609 552 1642 576 et

929 589 1099 628 perfectius
1125 590 1199 617 hanc
1224 590 1375 627 syntaxim
1403 596 1571 626 teneamus,
1593 590 1642 619 hae

929 633 1045 669 regulae
1069 634 1282 661 observentur.
1327 632 1394 670 (1.)
1414 634 1570 671 Frequens
1592 637 1641 662 est

930 676 1067 714 enallage
1083 686 1173 704 casus
1190 675 1219 704 in
1238 675 1411 714 participiis
1428 677 1568 705 absolute
1585 686 1640 714 po-

931 719 1017 748 sitis:
1045 719 1094 748 vel
1108 719 1164 753 sic,
1181 718 1397 748 Ncminativus
1409 720 1640 757 participiorum

930 762 959 791 in
977 768 1084 791 neutro
1107 772 1217 799 genere
1241 762 1397 796 eleganter
1420 762 1558 790 absolute
1585 773 1640 800 po-

930 805 1011 834 nitur
1029 815 1084 842 pro
1102 805 1248 840 genitivo,
1265 810 1294 833 ut
1312 802 1367 842 ἐξὸν
1389 814 1444 843 pro
1467 803 1573 842 ἕξοντος
1591 805 1638 834 vel

929 846 994 877 ὅταν
1006 847 1077 887 ἐξῆν,
1090 847 1169 887 δόξαν
1186 859 1240 887 pro
1257 847 1395 886 δόξαντος,
1406 858 1471 877 cum
1489 850 1532 876 ita
1549 849 1641 877 risum

929 898 978 920 aut
1003 896 1148 921 statutum
1170 898 1249 921 esset.
1297 890 1376 920 Dico
1404 890 1572 927 nominat.;
1600 890 1642 919 ita

930 934 1007 964 enim
1022 935 1248 973 mallem,quam
1262 944 1363 964 accus,
1389 935 1499 964 Posset
1516 934 1641 972 quidem

929 988 997 1007 esse
1015 978 1062 1007 vet
1088 979 1230 1007 nominat.
1252 977 1300 1006 vel
1326 988 1440 1013 accus„
1462 976 1551 1015 δόξαν,
1575 976 1641 1012 δέον,

929 1019 996 1058 ἐξὸν,
1008 1020 1104 1060 vagiit,
1121 1027 1181 1050 etc.
1197 1021 1358 1060 (nominat.
1376 1020 1455 1050 enim
1482 1027 1511 1050 et
1535 1030 1640 1050 accus.

929 1064 1085 1102 participii
1106 1065 1136 1093 in
1161 1069 1267 1093 neutro
1292 1074 1401 1100 genere
1425 1063 1641 1103 coincidunt):

929 1108 1071 1137 tamenin
1088 1107 1144 1137 hac
1161 1107 1284 1147 syntaxi
1299 1107 1432 1136 dicerem
1451 1107 1553 1145 potius
1571 1116 1640 1136 esse

930 1151 1072 1180 nominat.
1089 1161 1178 1190 quam
1196 1160 1297 1180 accus.
1313 1161 1320 1187 3
1344 1157 1374 1180 et
1396 1150 1474 1180 ratio
1498 1161 1565 1179 mea
1581 1154 1640 1186 est,

930 1194 1002 1232 quia
1028 1194 1120 1223 video
1151 1203 1364 1232 nonnunquam
1394 1193 1559 1233 participia
1582 1194 1640 1222 hoc

929 1237 1021 1266 modo
1037 1238 1178 1266 absolute
1201 1237 1275 1276 poni
1300 1236 1390 1266 etiam
1415 1237 1446 1266 in
1466 1242 1554 1267 recto
1578 1247 1640 1266 rua·

931 1281 1062 1315 sculino,
1078 1281 1128 1320 qni
1152 1286 1258 1319 aperte
1279 1280 1478 1316 distinguitur
1493 1281 1530 1309 ab
1548 1290 1640 1309 accu-

930 1324 1043 1358 sativo,
1058 1334 1114 1353 nec
1130 1335 1198 1353 cum
1217 1334 1253 1353 eo
1269 1323 1427 1353 coincidit.
1472 1323 1538 1363 (2.)
1560 1323 1640 1353 Haec

931 1367 1067 1406 enallage
1090 1367 1236 1397 nominat.
1257 1377 1313 1405 pro
1337 1367 1432 1406 genit.
1456 1366 1641 1406 frequentis-

931 1410 1007 1439 sima
1029 1416 1076 1440 est
1098 1410 1128 1440 in
1154 1410 1323 1449 participiis
1339 1410 1500 1439 verborum
1526 1410 1641 1449 imper·

929 1453 1090 1489 sonalinm,
1107 1459 1140 1483 ut
1162 1452 1216 1483 δέον
1239 1464 1294 1493 pro
1317 1452 1422 1488 δέοντος
1443 1453 1490 1483 vel
1507 1451 1574 1482 δ’ταν
1596 1451 1641 1494 δέῃ

928 1507 995 1525 cum
1022 1502 1163 1536 oportent,
1186 1496 1289 1527 δεῆσαν
1318 1507 1371 1535 pro
1400 1496 1547 1530 δεήσαντος
1572 1506 1641 1526 cum

928 1541 1104 1578 oportuerit,
1115 1539 1194 1578 δόξαν
1208 1551 1263 1579 pro
1277 1538 1403 1578 δόξαντος
1417 1549 1483 1569 cnm
1495 1541 1537 1569 ita
1547 1540 1641 1570 visum

928 1588 955 1612 et
978 1589 1123 1613 statutum
1137 1583 1272 1623 fuisset,-
1297 1584 1341 1612 sic
1365 1581 1432 1621 ἔξὲν,
1455 1582 1518 1618 ἐνέν,
1540 1581 1641 1623 μετὸν,

929 1625 1023 1665 παξόν,
1039 1637 1107 1664 qum
1131 1633 1261 1665 quatuor
1281 1636 1447 1664 synonyma
1470 1632 1551 1665 sunt,
1573 1637 1641 1656 curn

930 1668 1024 1702 licent,
1041 1670 1089 1699 vel
1113 1680 1177 1699 cnm
1204 1670 1322 1699 licuerit
1348 1670 1394 1698 vel
1421 1670 1568 1705 licuisset‚·
1593 1670 1640 1698 sic

929 1709 1078 1752 ἐγχωροῦν,
1107 1711 1241 1753 ἐπάςχον,
1271 1711 1456 1752 ἐνδεχόμενον,
1484 1712 1641 1752 cnmfieri

928 1758 1015 1784 soleat
1041 1755 1087 1784 vel
1118 1758 1214 1793 possit.
1260 1756 1354 1785 Mitto
1387 1755 1541 1794 exempla,
1569 1756 1641 1794 quia

929 1802 999 1827 sunt
1020 1798 1133 1847 ubique
1149 1798 1252 1832 obvia,
1271 1800 1442 1838 praesertim
1460 1799 1541 1837 apud
1559 1799 1641 1828 Atti·

929 1851 1003 1877 cos;
1033 1842 1166 1870 omnium
1194 1851 1266 1870 vero
1297 1842 1544 1879 frequentissima
1572 1847 1641 1873 sunt

930 1883 989 1912 dno
1010 1883 1062 1913 illa
1080 1883 1135 1912 δέον
1155 1888 1186 1912 et
1208 1883 1275 1922 ἐξόν.
1292 1886 1390 1914 πολλὰ
1412 1895 1466 1923 μεν
1481 1896 1626 1925 χρηματα

928 1924 974 1964 ἐξά
974 1937 986 1955 ν
1007 1938 1056 1964 μοι
1080 1926 1169 1958 mee?
1158 1938 1190 1960 ν,
1207 1927 1234 1956 οὐ
1258 1926 1362 1959 λαβών.
1392 1929 1478 1957 Dent.
1499 1928 1542 1968 [c.
1559 1929 1640 1959 Mid.

930 1969 955 2008 §.
972 1967 1008 2001 β’.
1014 1970 1028 2011 J
1074 1970 1122 2010 (3.
1128 1972 1140 2009 )
1158 1972 1233 1999 Ηῑεο
1250 1971 1390 2000 svntaxis
1407 1970 1570 2008 aliquando
1584 1973 1639 2002 ob-

928 2013 1005 2042 tinet
1021 2013 1111 2043 etiam
1135 2014 1165 2042 in
1190 2014 1362 2053 participiis
1383 2015 1544 2043 verborum
1571 2025 1640 2054 per-

929 2056 1086 2086 sonalium.
1133 2057 1253 2086 Horum
1282 2058 1421 2097 exempla
1445 2057 1562 2096 aliquot
1594 2058 1641 2087 in-

929 2099 1062 2138 signiora
1087 2099 1253 2137 adducere,
1277 2100 1347 2138 quia
1373 2111 1430 2130 non
1455 2100 1498 2130 ita
1521 2102 1638 2140 passim

929 2147 1092 2172 occurrunt
1115 2154 1169 2172 nec
1196 2145 1233 2173 ab
1260 2144 1399 2173 omnibus
1424 2145 1640 2180 observantur,

928 2185 1006 2215 forte
1030 2196 1090 2215 nnn
1115 2187 1170 2216 abs
1195 2197 1227 2216 re
1250 2187 1353 2217 suerit.
1400 2187 1563 2218 Heliodor.
1579 2189 1600 2218 l.
1617 2188 1639 2218 i.

928 2228 970 2269 [ᾗ.
988 2229 1055 2270 19.]
1072 2228 1119 2259 τὸν
1141 2228 1168 2259 δὲ
1191 2228 1264 2260 οὕτω
1284 2228 1464 2269 συγκείμενον
1478 2231 1559 2270 αὐτῷ’
1572 2230 1639 2271 πςδς

928 2273 976 2302 τὴν
992 2271 1182 2312 Δημαινέτην,
1195 2273 1261 2313 ἄςτι
1282 2273 1534 2314 παρεισδεδυκένοιι.
1550 2274 1637 2304 illum

928 2325 960 2345 ez
972 2322 1058 2354 pacto
1072 2326 1140 2346 cnm
1157 2316 1334 2352 mmmmm,
1350 2317 1398 2347 vel
1421 2323 1510 2356 prout
1531 2319 1639 2348 consti-

929 2364 1028 2389 tutum
1045 2360 1072 2389 ei
1085 2365 1147 2389 erat
1163 2370 1229 2390 cum
1246 2359 1426 2391 Demaeneta.
1475 2362 1637 2392 Demosth.

929 2402 1000 2432 adv.
1001 2403 1130 2451 Nalaerit.
1148 2402 1190 2443 [Q.
1207 2401 1251 2432 ιδ’.
1255 2403 1269 2444 ]
1287 2402 1482 2456 γεγξαμξμὲνον
1501 2403 1639 2445 διαῤῥῆδην

929 2456 954 2474 εν
978 2457 1014 2475 τη
1039 2446 1204 2487 συγγραφῇ.
1227 2457 1283 2486 pro
1309 2447 1332 2475 εἶ
1355 2458 1402 2475 και
1430 2448 1570 2487 γράφεται
1588 2449 1638 2478 vel

928 2487 1091 2528 γέγραπται
1115 2489 1141 2518 ἐν
1163 2501 1252 2528 συγγ.
1276 2491 1388 2519 tametsi
1411 2490 1442 2518 in
1467 2491 1637 2530 syngrapha

928 2532 1069 2570 scriptum
1085 2537 1137 2562 est.
1187 2533 1259 2564 Juli
1254 2544 1301 2563 au.
1318 2530 1468 2572 σημανθὲν
1484 2532 1538 2563 δὲ’
1528 2533 1569 2563 ότι
1585 2547 1636 2573 μοι

929 2586 994 2614 προς
1012 2577 1077 2610 ταῖς
1093 2575 1197 2616 Origene.
1221 2586 1288 2605 cnm
1314 2582 1416 2606 antem
1438 2577 1637 2616 significatum

928 2625 994 2648 esset
1008 2624 1066 2648 etc.
1081 2630 1147 2657 pro.
1163 2618 1369 2658 σημανθέντος.
1413 2619 1526 2649 sElian.
1538 2621 1574 2650 V.
1594 2621 1637 2650 H.

928 2661 949 2691 l.
968 2661 1000 2691 ii.
1024 2673 1050 2692 c.
1067 2664 1120 2693 37.
1165 2665 1242 2692 Cum
1266 2663 1370 2691 multae
1391 2662 1525 2702 (inquit)
1549 2664 1637 2693 bonae

928 2704 1014 2743 leges
1031 2711 1115 2736 erant
1131 2706 1254 2736 Zaleuci
1274 2706 1448 2741 Locrensis,
1465 2705 1539 2743 νόμοι
1563 2707 1637 2735 κάλ-

927 2753 1020 2777 λιστοι
1037 2748 1085 2778 καὶ
1108 2749 1146 2784 εἷς
1169 2749 1222 2780 δεον
1244 2748 1372 2788 κείμενοι,
1388 2748 1464 2777 inter
1479 2749 1555 2778 alios
1573 2751 1636 2779 liaec

927 2790 1005 2821 fuit:
1029 2792 1061 2822 Si
1075 2792 1143 2831 quis
1154 2799 1289 2829 aegrotus
1301 2793 1401 2820 vinum
1415 2801 1529 2820 merum
1544 2792 1638 2822 bibis-

928 2839 971 2864 set
983 2837 1026 2874 μὴ
1042 2836 1256 2875 προστάξαντος
1267 2836 1314 2864 τοῦ
1327 2833 1530 2874 &equor-sacrm,
1545 2836 1637 2865 etiam

928 2877 954 2906 si
967 2879 1074 2908 morbo
1086 2879 1305 2912 convaluisset,
1319 2883 1383 2907 erat
1399 2882 1496 2906 morte
1508 2879 1637 2908 multan-

928 2921 997 2957 dus,
1009 2920 1051 2951 δ’τι
1066 2924 1108 2961 μὴ
1125 2920 1316 2961 πξοσταχὲὲν
1328 2920 1407 2958 αὐτῷ
1422 2920 1464 2949 ὅδε
1480 2919 1566 2956 ἔπιεν,
1581 2931 1637 2960 pro

928 2964 1178 3005 προσταχθέντος,
1189 2965 1268 3003 quod
1281 2964 1413 3002 injussus
1427 2964 1556 2999 biberat,
1567 2974 1637 2994 cum

929 3007 1084 3046 eijussum
1096 3018 1154 3038 non
1170 3008 1269 3037 suerat
1281 3017 1297 3036 a
1309 3006 1439 3036 medion.
1474 3007 1525 3037 Sic
1541 3006 1565 3037 ὃν
1582 3017 1638 3045 pro

929 3049 1004 3086 ὄντος
1021 3051 1161 3091 Thuoyd.
1177 3051 1205 3080 in
1223 3050 1310 3080 initio
1326 3050 1428 3090 operis
1445 3049 1489 3090 [c.
1505 3049 1552 3092 9.]
1572 3049 1638 3082 58--

1630 1909 1642 1922 5
