1964 3323
336 203 416 245 182

331 313 403 339 sunt
413 319 651 349 supervacanea.
674 311 846 349 postulatur
859 312 1039 342 vocabulum

331 352 451 392 insigne
467 357 499 382 et.
514 363 619 392 grave,
634 354 715 393 quod
739 365 803 384 rem
825 355 924 384 animo
950 355 1040 384 altius

331 395 448 434 infigat.
471 406 487 425 a
503 406 633 435 quonam
648 396 772 435 philtro,
790 398 846 427 hoc
862 403 920 432 est,
939 407 957 426 a
969 408 1041 436 qua—

332 449 400 468 nam
423 449 476 468 seu
498 439 634 477 potione,
658 450 711 469 seu
738 440 797 469 alia
817 441 957 479 quapiam
979 451 1041 470 ma-

331 481 421 511 china
433 486 561 512 mentem
576 488 780 522 pervertente,
797 488 828 512 et
839 493 969 513 amorem
983 494 1041 525 non

331 524 483 560 eliciente,
500 525 553 555 sed
570 530 784 564 extorquente,
807 526 860 555 illa
880 528 945 564 ejus
970 538 1042 565 erga

331 577 388 597 vos
400 567 539 598 voluntas
556 568 723 598 exstiterit.
745 579 811 598 nam
825 571 964 608 profecto
980 570 1040 599 vim

331 610 462 650 aliquam
474 611 505 640 in
516 611 571 641 hac
584 617 644 641 tam
657 612 830 641 incredibili
841 617 872 642 et
884 612 1042 642 subitanea

332 653 421 683 animi
438 655 641 693 propensione
656 655 772 684 versari
788 656 909 685 solitum
927 661 1041 686 naturae

329 697 453 726 modum
469 698 647 731 excedente,
661 708 715 736 par
731 702 778 726 est
795 698 974 728 existimari.

374 742 450 771 790.
464 742 493 769 2.
508 739 703 779 ἀποστασίου]
715 751 773 769 non
789 746 835 769 sat
848 751 957 779 graves
971 752 1041 772 cau-

331 793 380 812 sas
405 783 507 817 video,
536 794 590 812 cur
614 781 811 822 ἀπροστασίου
834 785 1040 821 praeferamus‚

330 825 506 855 auctoribus
516 825 733 855 Valckenaerio
746 826 784 854 ad
795 827 931 856 Ammon.
946 838 977 866 p.
990 831 1040 859 19.

330 873 362 898 et
378 868 568 907 XVesseling.
587 869 624 898 ad
643 868 736 898 Petiti
757 869 858 907 Leges
874 870 993 900 Atticas
1011 883 1040 912 p.

330 913 405 942 ⁰263.

374 971 417 976 ——
433 956 481 983 11.
493 952 537 994 ἣν]
554 954 654 983 malim
669 950 689 993 ᾖ
705 954 734 983 in
750 954 867 990 dativo,
880 960 913 985 ut
925 956 989 985 haee
1003 956 1044 986 sit

330 996 536 1026 constructio:
566 996 647 1030 ἡδέως
672 996 704 1026 ἂν
731 996 834 1032 εἰδείην,
861 997 905 1032 τίς
929 998 1007 1029 ’ἐστιν
1029 1000 1041 1029 ἑ

329 1038 471 1070 πιστεύων
484 1038 576 1080 ταύτῃ
591 1039 628 1080 τῇ
643 1038 736 1079 εὐνοίᾳ,
760 1039 789 1069 ἓν
805 1041 1041 1080 ὑπισχνεῖται-

330 1080 431 1122 narn}u
452 1083 639 1123 ὑπισχνεῖται
660 1081 741 1111 idem
766 1087 813 1112 est
836 1093 919 1111 more
934 1083 1040 1113 Attico

328 1126 444 1156 dictum
456 1130 545 1164 atque
556 1124 660 1165 ταύτῃ,
670 1124 806 1154 ‘tv—aut
816 1125 842 1154 si
853 1125 882 1155 ἣν
892 1131 1040 1161 servatur,

329 1173 394 1198 tum
410 1168 466 1197 erit
480 1178 509 1198 v.
530 1171 579 1198 12.
596 1168 688 1207 ταύτῃ
704 1168 846 1198 πιστεύων
865 1168 1040 1207 legendum.

372 1229 415 1234 —
425 1214 476 1242 21.
493 1209 540 1240 ἐπὶ
556 1210 599 1251 τῷ
611 1209 805 1251 πονηςότατον]
818 1211 920 1241 malim
936 1211 983 1242 ἐπὶ
998 1212 1041 1252 τῷ

326 1253 373 1284 τόν
387 1253 576 1294 πονηρότατον.

371 1315 415 1321 -
430 1299 482 1328 22.
497 1299 552 1327 τῶν
572 1296 766 1338 ὑπαρχόντων]
790 1297 873 1327 idem
894 1302 941 1328 est
961 1308 996 1328 ac
1013 1298 1039 1328 si

328 1340 481 1371 dixisset:
503 1342 559 1372 τῶν
582 1340 765 1382 ὑπαρχόντων
785 1340 873 1381 νόμων
895 1341 1039 1380 μενόντων,

327 1384 377 1414 καὶ
390 1385 440 1418 τῆς
453 1384 634 1425 ὑπαρχούσης
648 1381 794 1418 πολιτείας
809 1384 953 1423 μενούσης.

371 1445 414 1450 --
426 1429 477 1458 23.
490 1428 674 1468 ἀπαλλαγὴ]
687 1427 810 1457 correxi
823 1428 1039 1466 ἀπαλλαγῆναι.

327 1480 397 1500 nam
420 1471 447 1500 si
471 1470 691 1501 substantivum
714 1470 764 1500 hic
780 1471 927 1501 voluisset
950 1481 1039 1501 usur-

328 1523 413 1554 pare,
428 1513 538 1544 fuisset
550 1514 577 1543 ei
593 1512 659 1543 ἐστὶ
674 1513 849 1550 dicendum,
862 1524 920 1544 non
935 1513 980 1544 ἔνι.

371 1574 414 1580 ·—
429 1557 482 1587 25.
495 1555 593 1598 φησὶν]
613 1562 648 1586 ut
671 1557 740 1596 ipsis
759 1558 822 1597 ejus
846 1557 936 1587 verbis
957 1563 1038 1588 utar.

328 1600 408 1630 male
424 1600 606 1630 sollicitatur
622 1600 651 1629 h.
666 1600 687 1629 1.
704 1601 761 1630 boc
777 1601 916 1630 verbum.

370 1661 415 1666 -—-
428 1643 503 1674 ibid.
521 1641 614 1683 ἐστὶν]
634 1644 719 1673 uncis
735 1643 856 1674 inclusi.
880 1654 939 1673 non
958 1643 1038 1674 enim

327 1684 392 1716 ἐστὶ
409 1687 601 1722 subauditur,
618 1686 674 1715 sed
691 1685 763 1727 εἶμί.
783 1691 946 1726 propterea
957 1687 1040 1727 quod.

326 1738 384 1769 ego
400 1740 464 1759 sum
482 1730 654 1769 impudens.

369 1774 443 1803 791.
458 1774 535 1804 11.ἧ
552 1772 645 1813 σανὶς]
661 1772 836 1803 aerariorum
852 1773 973 1804 nomina
987 1783 1038 1803 an-

326 1814 456 1854 tiquitus
478 1816 591 1856 lignea,
616 1817 812 1855 postmodnm
836 1826 920 1846 aenea
940 1817 972 1846 in
993 1821 1039 1846 ta-

328 1859 399 1889 bula
414 1859 675 1899 insculpebautur‚
690 1859 719 1889 in
733 1861 799 1890 aede
811 1859 962 1891 Minervae
975 1863 1039 1889 tan-

327 1901 435 1943 tisper,
451 1904 549 1933 donec
564 1902 706 1938 luissent,
719 1903 909 1941 deponenda.

369 1962 413 1968 —-
429 1949 482 1978 14.
495 1944 580 1988 μένῃ]
595 1945 712 1976 correxi
728 1946 816 1994 tumf-
862 1946 923 1975 Sed
940 1945 1039 1975 adhuc

325 1987 356 2018 in
373 1987 458 2019 ἔσται
473 1989 585 2019 haereo.
602 1988 725 2019 videtur
739 1990 805 2027 ejus
815 1989 883 2018 loco
895 1989 955 2028 leg.
969 1999 1039 2018 esse

325 2029 394 2061 ἔστε
406 2032 452 2062 vel
465 2031 493 2065 ’ές
508 2042 552 2066 τε,
568 2032 666 2061 donec.
683 2035 714 2060 et
726 2032 792 2069 ejus
809 2031 956 2061 scholium
971 2042 1038 2062 esse

325 2072 376 2109 ἕως
391 2084 452 2115 περ.
469 2079 501 2104 et
515 2078 598 2104 totus
613 2073 701 2103 locus
717 2075 754 2103 ab
770 2078 889 2103 oratore
906 2074 950 2103 sic
966 2084 1039 2104 con-

326 2122 436 2156 ceptus
455 2128 535 2147 esse:
558 2117 579 2146 εἶ
603 2115 628 2145 δ’
646 2115 690 2146 ἐ’τι
713 2114 791 2152 ἐστὶ,
813 2117 875 2152 καὶ,
898 2115 926 2150 ἔς
947 2127 980 2146 τε
1006 2116 1039 2147 ἂν

324 2158 437 2202 ἐκτίσῃ,
459 2159 508 2190 καὶ
530 2159 616 2199 μενεῖ.
641 2159 694 2188 ubi
711 2165 896 2198 postremum
918 2159 967 2189 κοιῖ
991 2164 1039 2189 est

325 2204 422 2233 etiam.
446 2202 537 2233 etsie
553 2202 629 2232 dedi
643 2203 681 2231 de
702 2212 781 2232 meo.

368 2263 412 2269 ·--
429 2247 505 2278 1252
520 2243 620 2286 κρίσις,
631 2243 704 2275 οὖδ’ὁ
720 2245 814 2285 λόγος]
833 2244 912 2274 istud
928 2249 974 2275 est
987 2246 1038 2284 ju-

325 2290 439 2325 dicum,
455 2290 514 2319 hoc
529 2294 691 2318 oratorum.

368 2335 473 2363 -24,
488 2331 514 2362 ἐν
529 2330 694 2373 ἀπογραφῇ]
712 2330 795 2361 Citat
806 2331 835 2361 h.
847 2331 868 2360 1.
882 2331 1035 2370 Harpocr.

327 2386 357 2406 v.
372 2375 534 2416 ἀπογραφή.

368 2421 444 2449 792.
460 2421 512 2448 12.
528 2417 608 2456 αὐτῷ
621 2416 711 2457 ποιεῖ’]
733 2417 854 2447 correxi
875 2426 942 2446 meo
958 2415 1036 2445 arbi-

326 2465 408 2491 tratu
423 2461 509 2493 αὐτὴν
523 2463 604 2492 ποιεῖ’.
627 2465 662 2490 ut
675 2461 759 2491 αὐτὴν
775 2461 811 2490 ad
828 2463 876 2497 τὴν
891 2458 972 2489 πόλιν
988 2470 1036 2489 re-

324 2505 449 2535 feratur.
477 2515 544 2543 quae
569 2503 652 2543 [scil.
676 2503 770 2544 mala]
794 2503 983 2542 Aristogiton
1008 2503 1035 2532 ei

325 2546 421 2587 [reip.
436 2547 527 2588 puta]
552 2547 650 2582 affert,
672 2556 740 2586 quae
755 2547 882 2578 vulnera
904 2546 964 2585 ipsi
980 2546 1036 2576 im-

323 2590 421 2630 ponit.

368 2650 411 2656 -
432 2634 483 2663 19.
507 2631 612 2663 τούτων
633 2631 812 2673 γιγνομὲνων]
838 2633 945 2663 scabra
971 2631 1036 2662 haec

325 2680 372 2707 est
394 2676 501 2706 oratio.
523 2675 584 2705 nisi
607 2677 744 2715 quandam
766 2677 887 2711 desunt,
908 2685 975 2715 qnae
991 2675 1037 2705 vi-

325 2719 445 2754 dentur,
469 2718 611 2757 suspicor
634 2719 699 2748 haec
719 2720 779 2749 duo
802 2719 894 2749 verba
915 2730 932 2748 e
953 2718 1036 2748 varia

323 2761 457 2792 lectione
471 2761 590 2800 reliqua
603 2761 751 2792 mansisse
767 2761 882 2792 nostris
894 2761 923 2790 in
937 2761 1036 2792 libris.

323 2806 400 2835 Fuit
416 2814 535 2843 nempe,
548 2805 577 2833 ni
593 2804 693 2839 fallor,
709 2805 739 2834 in
757 2805 827 2834 aliis
846 2805 931 2834 libris
946 2803 1037 2834 ταῦθ’

324 2848 397 2888 ὁρῶν,
412 2849 442 2878 in
457 2847 527 2878 aliis
539 2846 645 2878 τούτων
663 2847 838 2886 γιγνομὲνων.
860 2848 1036 2877 coaluerunt

324 2896 388 2921 tum
406 2892 500 2921 ambae
516 2890 675 2926 lectiones,
697 2895 729 2920 et
750 2891 845 2920 altera
866 2890 965 2919 locum
989 2891 1035 2920 in-

325 2935 406 2964 vasit
416 2934 514 2965 minus
524 2938 740 2973 opportunum.
756 2932 903 2973 quicquid
914 2938 971 2968 est,
987 2944 1034 2964 sa-

324 2978 385 3007 tius
400 2977 439 3007 sit
455 2978 519 3007 ltaec
534 2978 595 3007 duo
610 2976 715 3007 τούτων
726 2976 894 3016 γιγνομένων
905 2976 1012 3006 deleri.

367 3037 409 3044 —
425 3023 477 3052 23.
493 3021 536 3060 μὴ
551 3019 675 3061 ἔξεο-τιν]
700 3025 771 3060 post
792 3021 835 3060 μὴ
859 3018 967 3058 ἔξεστιν
983 3020 1034 3050 de-

717 201 751 244 Ι.
775 203 809 245 Ι.
833 203 1057 246 REISKE
1088 203 1416 247 ANNOTATA

1076 321 1144 341 esse
1161 311 1282 343 videtur
1296 312 1399 352 λέγειν,
1412 317 1462 344 aut
1483 312 1654 356 δημηγορεῖν,
1669 319 1722 346 aut
1735 326 1787 347 πο-

1075 353 1256 391 λιτεύεσθαι,
1273 356 1322 385 vel
1344 357 1413 386 talis
1431 356 1582 396 quispiam
1606 358 1787 390 infinitivus.

1118 415 1161 419 -—-
1176 400 1228 428 24.
1245 397 1365 437 ἔξεστιν,
1380 398 1428 439 ἐκ]
1450 400 1568 435 τούτοις,
1585 402 1667 440 quod
1682 412 1787 441 margo

1076 440 1179 470 Lutet.
1196 442 1259 476 dat,
1276 442 1430 477 adderem,
1448 443 1473 472 si
1488 443 1616 473 idoneus
1638 449 1720 474 esset
1734 455 1788 474 an-

1076 488 1152 512 otor.
1173 494 1278 513 verum
1302 484 1350 514 vel
1373 486 1487 524 absque
1509 496 1546 515 eo
1568 492 1667 516 tamen
1689 488 1786 518 oratio

1076 525 1134 555 sibi
1153 526 1243 556 facile
1259 531 1378 556 constet
1388 533 1478 567 atque
1494 529 1536 558 sit
1549 528 1678 567 integra.

1116 586 1159 591 —
1170 569 1245 599 ibid.
1258 569 1321 610 ἐξῇ]
1337 576 1408 609 post
1421 570 1469 613 ἐξῇ
1484 571 1604 601 videtur
1615 572 1725 612 aliquis
1740 572 1787 602 in-

1075 611 1210 642 finitivus
1227 613 1408 650 desiderari,
1423 615 1536 654 γράφειν
1553 626 1582 645 v.
1598 626 1624 644 c.
1646 616 1732 654 leges
1754 620 1786 646 et

1074 654 1238 693 plebiscita
1265 658 1352 692 serre,
1370 657 1419 687 vel
1439 658 1574 687 serendis
1595 659 1717 694 adesse,
1734 664 1788 688 aut.

1074 697 1173 735 λέγειν,
1194 709 1250 737 pro
1271 699 1419 729 concione
1440 701 1554 736 dicere,
1574 707 1626 730 aut
1642 699 1788 740 ἐπιτίμοις

1074 739 1154 775 εῖναι,
1170 741 1256 771 salvo
1277 744 1345 781 jure
1360 742 1445 772 civili
1461 748 1493 774 et
1514 743 1632 784 integro
1648 744 1719 780 frui,
1735 744 1787 775 vel

1076 783 1285 820 πολιτεύεσθαι,
1300 785 1349 814 vel
1366 786 1427 815 tale
1443 786 1528 826 quid.

1118 828 1193 857 793.
1212 831 1263 859 16.
1279 828 1395 869 φάο-εις]
1413 829 1516 859 malim
1531 830 1613 859 ἀλλὰ
1627 830 1741 870 φάο-εις.

1117 886 1161 890 —
1177 872 1227 900 21.
1246 870 1365 909 ἀδελφός
1387 883 1432 905 τις
1454 869 1531 906 οἶτος
1552 872 1631 911 αὐτῷ
1651 873 1662 901 ὃ
1679 874 1784 912 ποιςὼν,

1074 911 1121 940 καὶ
1145 913 1259 952 λαχὼν]
1283 914 1384 942 malim
1401 916 1494 944 verba
1515 913 1562 944 sio
1582 914 1732 954 distingui
1753 920 1785 945 et

1075 954 1171 984 strui:
1195 954 1324 995 ἀδελφός.
1354 960 1395 985 est
1410 957 1464 995 ipsi
1478 957 1594 997 frater.
1617 958 1661 990 τίς
1684 955 1786 996 &aarum

1074 997 1138 1035 quis
1149 996 1196 1026 vel
1209 1000 1289 1038 cujas
1301 998 1370 1028 ille?
1385 999 1545 1039 responsio
1560 999 1572 1029 ὁ
1588 1001 1681 1039 παρὼν
1695 1001 1786 1040 αὐτῷ’,

1074 1039 1124 1077 qui
1138 1049 1220 1068 nunc
1243 1042 1269 1070 εἰ
1290 1041 1446 1071 advocatus
1461 1046 1564 1080 praesto
1578 1047 1627 1078 est,
1643 1043 1655 1072 ὅ
1670 1042 1716 1072 καὶ
1731 1049 1786 1073 λοι-

1072 1082 1132 1121 χῶν
1149 1081 1230 1121 [nam
1253 1083 1284 1112 ni
1308 1083 1470 1113 articulum
1497 1084 1596 1121 addis,
1620 1086 1711 1115 etiam
1735 1086 1786 1116 καὶ

1074 1124 1132 1152 erit
1145 1125 1250 1155 inutile
1266 1130 1355 1165 atque
1370 1126 1562 1168 delendum],
1575 1128 1650 1158 idem
1662 1129 1722 1165 ille,
1734 1130 1786 1169 qui

1073 1167 1160 1196 eciam
1175 1168 1242 1198 olim
1257 1169 1414 1209 aliquando
1429 1171 1503 1200 diem
1519 1173 1545 1200 ei
1559 1171 1644 1200 dixit.

1116 1213 1191 1241 794.
1208 1214 1259 1242 12.
1280 1212 1346 1253 καὶ]
1371 1212 1486 1243 delevi.
1530 1213 1708 1251 Lambinus,
1732 1215 1784 1253 qui

1073 1254 1266 1285 accusativos
1280 1255 1335 1285 hos
1352 1259 1484 1286 mutatos
1498 1256 1694 1286 nominativis
1709 1259 1784 1287 mal-

1072 1295 1126 1332 let,
1143 1307 1202 1326 non
1217 1298 1431 1329 animadvertit
1446 1299 1644 1339 praecessisse
1656 1298 1739 1341 ἔχων.

1114 1357 1158 1361 —-
1178 1343 1229 1371 22.
1255 1343 1353 1371 ταῦτα
1380 1343 1511 1384 γεωργεῖ]
1534 1342 1635 1372 malim
1659 1343 1707 1372 καὶ
1730 1345 1785 1384 γιὶρ

1072 1383 1171 1412 ταῦτα
1186 1385 1309 1424 γεωργεῖ.
1333 1391 1384 1415 aut
1399 1387 1496 1415 ταῦτα
1517 1387 1572 1425 γὰρ
1586 1387 1711 1426 γεωργεῖ.
1736 1387 1783 1417 hic

1072 1427 1148 1456 enim
1163 1427 1189 1456 ei
1204 1427 1384 1468 escfundus,
1399 1439 1482 1468 quem
1496 1430 1609 1464 excolit,
1620 1429 1679 1459 haec
1695 1439 1783 1471 nego·

1073 1470 1169 1505 tiatio,
1185 1481 1242 1510 qua
1255 1471 1411 1501 exercenda
1426 1477 1564 1511 quaestum
1567 1471 1662 1513 facit.

1116 1529 1159 1535 —-
1188 1515 1240 1543 23.
1269 1513 1466 1556 παμπόνηρος]
1500 1515 1579 1544 bene
1612 1515 1704 1545 habet
1733 1514 1784 1545 hio

1073 1554 1172 1592 locus,
1186 1557 1308 1587 tametsi
1329 1558 1439 1588 acriter
1454 1561 1663 1598 oppugnatus.
1708 1559 1784 1588 Sen-

1074 1599 1169 1629 tentia
1188 1600 1254 1630 haeo
1268 1606 1333 1631 est:
1357 1602 1458 1637 homo,
1473 1601 1526 1641 qui
1541 1601 1636 1641 vulgo
1661 1601 1673 1630 ὅ
1696 1611 1783 1641 παμ-

1073 1640 1182 1682 πόνηρος
1219 1644 1403 1682 appellatur,
1432 1644 1532 1674 modis
1562 1645 1702 1674 omnibus
1731 1655 1784 1674 ne-

1073 1695 1174 1724 quam,
1187 1685 1200 1715 ό
1214 1688 1453 1727 τρισκατάρατος,
1475 1692 1521 1717 ter
1540 1687 1618 1718 diris
1641 1688 1783 1724 devotus,

1073 1728 1246 1768 dignusque
1262 1731 1314 1769 qui
1338 1731 1414 1761 diris
1434 1735 1481 1761 ter
1502 1730 1705 1766 devoventur,
1730 1730 1785 1760 ho-

1073 1771 1141 1807 stis,
1158 1773 1249 1813 vulgo
1272 1773 1318 1803 sic
1339 1773 1452 1810 dictus,
1477 1773 1633 1812 publicus,
1659 1774 1710 1803 cui
1735 1778 1784 1803 est

1073 1815 1190 1845 animus
1214 1826 1288 1855 erga
1311 1827 1415 1847 omnes
1438 1817 1621 1852 malevolus,
1641 1817 1784 1853 acerbus,

1072 1857 1203 1888 infestus
1216 1870 1225 1897 3
1249 1859 1299 1889 cui
1314 1870 1418 1889 omnes
1431 1859 1538 1890 nolunt
1549 1864 1672 1895 terram,
1684 1870 1784 1898 neque

1072 1901 1192 1931 fructus
1227 1907 1257 1932 et
1284 1913 1416 1933 annonas
1444 1902 1605 1942 superstiti
1633 1902 1784 1942 proferre,

1072 1954 1170 1983 neque
1195 1944 1297 1975 locum
1324 1946 1490 1987 sepulturae
1517 1945 1663 1975 defuncto
1688 1946 1783 1984 dare3

1072 1987 1191 2025 qualem
1201 1988 1286 2018 illum
1298 1999 1377 2025 esse,
1387 1989 1445 2018 hoc
1458 1992 1517 2024 est,
1527 1989 1637 2027 quibus
1649 1988 1785 2018 moribus

1071 2030 1246 2069 praeditum,
1270 2031 1370 2068 vobis,
1395 2031 1608 2067 Athenienses,
1632 2041 1689 2070 par
1715 2042 1784 2061 esse

1073 2072 1205 2110 videtur,
1230 2085 1291 2113 quo
1317 2074 1439 2104 nomina
1461 2074 1523 2104 ista
1547 2078 1609 2104 tam
1635 2075 1784 2113 praeclara

1067 2115 1138 2153 jure
1164 2116 1299 2146 mereat?
1332 2117 1441 2147 Nonne
1466 2116 1562 2151 vobis,
1580 2116 1704 2146 videtur
1728 2117 1782 2147 ille

1070 2157 1137 2187 haec
1153 2159 1273 2190 nomina
1287 2170 1418 2196 merere,
1434 2160 1486 2198 qui
1502 2159 1573 2189 huic
1589 2159 1726 2191 moribus
1742 2160 1784 2190 sit

1070 2200 1192 2231 similis.

1114 2246 1188 2275 795.
1203 2247 1233 2275 3.
1245 2244 1359 2280 τούτους
1371 2245 1462 2286 ὑμῶν]
1477 2244 1636 2275 Sententia
1647 2245 1784 2284 postulat

1071 2292 1142 2326 post
1167 2287 1283 2323 τούτους
1305 2289 1376 2318 addi
1399 2287 1466 2328 μέν.
1489 2288 1607 2325 nescio,
1632 2298 1668 2317 an
1691 2289 1782 2318 etiam

1070 2335 1141 2369 post
1157 2329 1202 2369 ἐφ’
1216 2329 1263 2366 οἷς.
1280 2342 1311 2360 v.
1326 2335 1356 2362 2.
1373 2332 1445 2361 addi
1460 2332 1574 2361 debeat
1589 2329 1683 2360 τοίνυν.

1113 2390 1157 2395 --
1172 2377 1202 2404 8.
1219 2375 1321 2415 παρ’ἦν]
1338 2374 1405 2404 scil.
1421 2375 1481 2410 τοῖς
1501 2372 1698 2413 δικαστηρίοις,
1713 2385 1783 2405 ver-

1070 2416 1193 2446 sabatur
1212 2417 1242 2446 in
1255 2418 1393 2455 judiciis,
1409 2418 1664 2458 spectandamque
1681 2428 1714 2448 se
1728 2419 1784 2448 da·
1821 2429 1825 2432 ⁷

1071 2459 1133 2489 bat.

1112 2520 1155 2525 --
1170 2505 1222 2533 21.
1239 2502 1341 2545 παντὶ]
1358 2503 1459 2533 malim
1473 2501 1516 2543 σᾷἰ
1530 2501 1628 2545 παντί.

1112 2563 1155 2568 —
1171 2548 1222 2575 27.
1238 2544 1320 2587 ἐστὶ]
1342 2557 1402 2576 non
1418 2546 1539 2576 damno.
1555 2545 1665 2575 melius
1681 2548 1781 2575 tamen

1069 2589 1230 2618 conveniat
1244 2587 1322 2619 ἐστέ.
1339 2599 1430 2630 'neque
1444 2590 1522 2619 enim
1536 2598 1582 2618 vos
1595 2589 1660 2618 estis
1671 2590 1782 2625 aerarii,

1069 2631 1176 2672 (absit)
1189 2641 1280 2673 neque
1293 2633 1368 2663 mihi
1383 2643 1428 2663 vos
1444 2642 1498 2663 esse
1513 2632 1660 2662 videmini.
1676 2637 1708 2661 et
1723 2632 1781 2662 hoc

1069 2675 1143 2705 dedi
1159 2675 1199 2705 de
1213 2685 1292 2706 meo.

1111 2735 1154 2741 -—
1164 2718 1218 2748 ult.
1229 2717 1255 2748 ἐν
1263 2718 1385 2759 τούτοις]
1397 2717 1427 2748 in
1434 2717 1490 2748 hac
1494 2717 1643 2756 judicium
1651 2716 1781 2747 circum-

1070 2765 1167 2791 stante
1186 2762 1285 2792 turba.
1301 2772 1354 2792 ore
1369 2771 1518 2800 manuque
1534 2765 1637 2790 orator
1652 2770 1705 2790 eos
1725 2760 1780 2789 de-

1067 2805 1256 2834 monstrabat
1279 2805 1344 2834 ltaeo
1373 2804 1469 2835 verba
1490 2802 1704 2842 pronuncians,
1731 2803 1781 2833 vel

1067 2847 1173 2887 potius
1188 2847 1269 2877 inter
1287 2847 1355 2884 hos,
1370 2847 1453 2877 nulla
1468 2856 1524 2876 sua
1538 2845 1639 2885 culpa,
1660 2845 1714 2876 sed
1737 2855 1778 2876 ex

1066 2901 1150 2921 mera
1163 2890 1347 2921 humanitate
1364 2895 1395 2919 et
1411 2889 1638 2925 benevolentia,
1653 2888 1779 2919 aerarios

1065 2935 1174 2964 factos.

1109 2995 1152 2999 --
1171 2976 1248 3006 ibid.
1272 2974 1342 3016 ὑπὲξ
1360 2974 1475 3016 τούτου]
1501 2975 1589 3014 hujus
1612 2974 1660 3006 sui
1676 2974 1779 3016 amici,

1067 3024 1117 3051 aut
1132 3018 1297 3051 necessarii
1312 3028 1416 3057 causa,
1430 3018 1479 3049 vel
1492 3017 1601 3059 gratia.
