1931 3322
462 201 526 243 IN
558 198 731 242 ORAT.
766 196 848 237 DE

147 318 205 338 nus
221 307 373 339 intellexit
387 318 474 348 quam
490 307 697 338 Atticismum.

188 369 232 374 —-
252 355 282 383 6.
305 350 448 382 ἐπιτήδεια
469 349 699 389 ἀπαγγελθῆναι]
725 346 847 377 Nobilis

146 393 218 425 hist.
235 394 274 431 Q.
293 396 377 425 Cutt.
400 395 446 436 [v.
462 397 510 425 13.
530 393 597 433 14.]
613 393 738 422 “Fama
753 389 848 420 maxi-

145 446 226 466 mum
256 438 287 467 in
316 438 397 468 bello
431 434 649 467 momentum.'’
678 440 709 464 et
738 434 847 463 iterum

147 479 231 519 [viii.
252 482 283 510 8.
300 480 368 521 15.]
385 484 407 499 “
422 481 513 510 Fama
528 479 609 509 bella
624 474 795 508 constant.''
817 480 848 504 et

145 531 229 562 saepe
243 523 333 553 etiam
343 524 425 565 quod
434 523 581 554 creditum
596 525 655 556 est,
671 520 734 550 veri
749 518 847 549 vicem

144 565 286 596 obtinuit.

188 626 231 631 ·—
247 612 278 640 8.
293 609 464 650 τριακοσίαις
478 607 623 648 τριήρεσιν]
641 603 778 636 Celebris
798 603 848 632 hio

146 661 290 682 numerus
316 655 380 683 300
405 653 526 682 navium
554 651 736 683 Atticarum,
770 651 801 675 et
832 655 849 674 a

144 695 249 725 multis
274 695 473 734 scriptoribus
503 694 692 723 decantatus.
719 689 850 720 Aristid.

146 736 224 777 [vol.
240 738 262 768 i.
276 739 351 768 371.
363 738 413 768 ed.
428 737 532 777 Jebb.]
546 734 576 766 ’ἦν
589 736 643 775 γάρ
659 744 730 764 ποτε
745 732 848 773 χρόνος,

143 779 168 811 οῗ
179 780 332 816 Ἀθηναῖοι,
356 779 402 810 5¹5³
418 781 440 810 οῖ
459 778 514 820 μὲν
532 781 580 810 τῆν
599 776 739 809 ἔασιλὲως
759 777 850 808 κακῶς

146 825 224 863 ἡμῶν
247 822 350 853 ἐποίουν
371 823 491 863 τριήρεσι
517 819 691 862 τριακοσίαις
707 824 766 850 etc.
786 821 849 849 300

144 867 282 897 meminit
296 867 386 896 etiam
398 866 548 905 Tbucyd„
561 863 713 899 AEscliin„
726 863 847 898 Strabo,

146 915 178 940 et
189 911 250 940 alii.
266 909 350 946 Quin
366 915 397 939 et
411 909 477 948 ipse
492 908 559 938 Cic.
574 907 620 948 [in
632 907 720 937 Verr.
735 916 764 936 v.
778 906 846 946 37.]

145 958 167 972 “
180 953 254 988 Hic.
280 957 311 982 te
335 958 477 992 praetore,
505 952 682 991 praedonum
698 949 847 978 naviculae

144 1002 320 1035 pervagatae
333 1000 414 1032 sunt,
424 1006 483 1034 quo
495 993 723 1024 Atheniensium
741 991 848 1021 classis

144 1039 210 1069 sola
230 1045 302 1079 post
318 1039 470 1069 hominum
485 1036 659 1067 memoriam
678 1037 741 1067 300
765 1034 848 1064 navi-

145 1083 204 1112 bus
219 1083 251 1113 vi
266 1093 301 1112 ac
318 1082 512 1113 multitudine
527 1078 669 1110 invasit.”
707 1078 848 1107 Solennis

145 1126 248 1165 itaque
259 1131 290 1156 et
302 1126 412 1156 nobilis
421 1130 451 1155 et
462 1124 492 1154 in
501 1123 632 1153 omnium
644 1132 696 1152 ore
706 1126 771 1151 erat
782 1121 848 1150 haec

144 1169 374 1200 Atheniensium
397 1168 504 1197 classis
526 1168 589 1197 300
615 1165 747 1195 navium.
770 1175 849 1204 τρια-

144 1211 241 1246 κοσίας
257 1213 370 1253 τριήρεις
390 1210 504 1250 passim
527 1213 652 1248 crepant
676 1207 849 1246 Scriptores

143 1255 250 1293 Attici,
266 1257 316 1286 ubi
332 1257 370 1285 de
385 1264 418 1284 re
433 1252 535 1283 navali
549 1257 651 1292 agunt.

185 1317 229 1321 —
257 1302 308 1329 11.
339 1294 619 1337 παρεσκευασμένους
641 1293 768 1334 τριήρεις]
801 1294 847 1322 in-

142 1343 278 1372 struxisse
305 1343 445 1372 triremes.
481 1339 622 1379 particip.
652 1342 740 1377 praet.
768 1346 848 1375 pasS.

144 1385 246 1415 active
258 1390 431 1424 sumptum:
448 1383 528 1423 quod
539 1389 573 1412 ut
588 1380 699 1412 Atticis
712 1391 771 1409 non
781 1380 847 1410 inn-

145 1427 281 1465 sitatum,
304 1428 348 1459 ita
370 1437 426 1457 nec
441 1437 458 1456 a
481 1427 615 1456 Gramm.
640 1423 740 1465 (quod
763 1422 848 1463 scio)

882 195 1229 237 SYMMORIIS
1505 193 1584 235 501

881 304 929 333 λὴν
942 302 1088 332 κολακείαν
1095 302 1273 334 σει-πεποίηται.
1286 300 1336 331 ubi
1353 301 1383 330 in
1399 300 1505 330 eadem
1515 309 1585 329 sen-

881 346 975 374 tentia
990 351 1037 374 est
1050 350 1081 374 et
1102 345 1211 385 εὕρηται
1232 350 1263 375 et
1287 341 1445 374 πεποίηται
1471 338 1526 382 'pro
1543 340 1587 371 εὸ-

880 399 942 427 ρηκε
959 392 988 417 et
1000 387 1143 418 πεποίηκε.
1168 390 1220 418 Sic
1229 387 1405 426 πεπόρισμαι
1416 396 1471 425 pro
1489 383 1588 414 ἀνεπό-

882 442 955 469 ρικα,
965 441 982 459 a
992 429 1091 470 πορίζω
1098 431 1219 468 praebeo,
1229 431 1366 461 AEschin.
1377 429 1452 458 ibid.
1463 427 1503 468 [ξ.
1516 426 1584 467 οβ’]

882 472 977 512 ἐφόδια
1005 472 1032 502 δὲ
1057 473 1213 512 πεπόρισαι
1245 474 1317 514 (pro
1351 469 1519 511 πεπόρικας)
1549 470 1588 511 τῇ

881 516 988 545 σαυτοῦ
1012 514 1146 554 ἀνανδρία.
1170 517 1276 545 viatica
1300 521 1351 545 aut
1370 515 1496 544 subsidia
1517 523 1586 552 sup-

879 560 1024 597 peditusti.
1050 557 1238 597 Ἐνδεδειγμαι
1255 558 1354 587 active
1372 568 1424 596 pro
1446 556 1588 596 ἐνδέδειχα

884 602 932 630 vel
947 600 1075 639 ἓνέδειξα,
1091 601 1205 630 Noster
1218 611 1271 639 pro
1285 602 1354 629 Cor.
1373 600 1414 640 [ξ.
1431 600 1468 640 ἑ.]
1483 597 1545 637 ἐμοὶ
1563 597 1587 627 δ’

881 643 910 674 ‘rlv
925 646 1008 684 παρὰ
1024 644 1120 674 πάντα
1136 642 1181 673 τὸν
1204 643 1293 684 χρόνον
1315 643 1411 672 εὔνοιαν
1425 640 1588 682 ἐνδέδειχθε.

881 697 943 716 eam.
959 687 1179 717 benevolentium
1194 696 1280 727 quum
1294 686 1370 715 omni
1383 691 1506 723 tempore
1517 684 1590 713 mihi

883 730 1057 766 exhibuistis,
1080 731 1130 761 vel
1155 740 1226 770 erga.
1248 739 1291 758 me
1312 728 1477 758 ostendistis.
1498 726 1588 766 Παρέ-

882 784 1010 814 σχημαι,
1025 773 1147 812 praebui,
1164 783 1220 811 pro
1236 770 1410 811 παρέσχηκα
1424 770 1473 798 vel
1491 770 1588 808 παρεῖ-

881 828 943 857 χον,
960 816 1010 846 Id.
1025 817 1101 846 ibid.
1122 816 1163 856 [ξ.
1178 814 1250 855 ›eg-2]
1268 816 1378 847 πολλὰς
1389 813 1436 842 καὶ
1452 813 1588 851 μεγάλας

881 858 979 900 χρείας
998 859 1184 900 παρέσχηται
1205 859 1248 898 τῷ
1263 858 1342 896 δήμῳ
1358 858 1414 886 τῶν
1427 854 1588 885 Ἀθηναιών.

882 904 988 932 multas
1010 908 1038 931 et
1062 911 1183 941 magnus
1211 901 1353 931 utilitates
1379 898 1496 929 attulit.
1521 897 1590 938 [Id.

882 945 959 976 ibid.
972 945 998 985 ᾗ.
1013 944 1076 984 νδ’.]
1090 946 1202 978 πάντας
1213 943 1409 984 ηὐτρέπισται
1421 952 1477 981 pro
1490 939 1586 981 ηὐτρέ-

882 998 960 1027 πικε,
986 990 1023 1018 ab
1046 986 1210 1029 εὐτρεπίζοι,
1234 997 1318 1027 paro,
1343 995 1461 1024 apparo.
1495 990 1588 1013 Κατε-

881 1031 1050 1070 σκεύασμαι
1067 1042 1122 1070 pro
1140 1029 1341 1060 κατεσκεύακα
1361 1028 1409 1058 vel
1431 1026 1589 1056 κατεσκεύ-

882 1085 942 1103 ασα
956 1076 1001 1104 vel
1016 1075 1287 1112 κατεσκευασάμην,
1299 1071 1425 1110 Olynth.
1436 1077 1465 1100 Γ.
1480 1069 1521 1110 [ξ.
1534 1068 1586 1110 θ’.]

881 1116 940 1147 ἔνιοι
962 1119 1016 1152 τὰς
1031 1116 1099 1151 ἰδίας
1115 1115 1200 1150 οἰκίας
1215 1119 1269 1146 τῶν
1287 1113 1425 1155 δημοσίων
1443 1113 1589 1152 οἰκοδομη-

881 1161 984 1199 μάτων
997 1160 1168 1201 σεμνοτέρας
1183 1159 1237 1190 εἶσὶ
1252 1155 1521 1195 κατεσκευασμένοι.
1541 1166 1588 1185 ez-

880 1209 1052 1234 struxerunt
1073 1204 1122 1233 vel
1145 1204 1342 1233 adornarunt.
1365 1198 1589 1240 Προστέτακται

882 1257 938 1286 pro
962 1246 1149 1288 προστέταχε
1166 1247 1216 1276 vel
1238 1243 1406 1285 προσέταξε,
1428 1242 1590 1277 mandavit,

879 1293 1027 1329 prcecepit,
1043 1302 1060 1320 a
1076 1290 1265 1330 προστάσσω.
1283 1287 1402 1317 Arrian.
1422 1286 1443 1315 l.
1460 1286 1479 1315 i.
1499 1286 1541 1326 [c.
1558 1288 1590 1316 6.

883 1333 951 1374 21]
969 1332 1181 1374 προσετέτακτο
1196 1331 1249 1371 μὲν
1261 1330 1421 1360 ἀκολουθεῖν
1436 1330 1484 1359 τὴν
1499 1328 1590 1359 ἄλλην

882 1378 1030 1416 στρατιάν.
1031 1379 1163 1418 jusserat
1174 1376 1318 1416 reliquum
1333 1373 1489 1403 exercitum
1499 1373 1589 1412 sequi.

882 1419 1033 1460 ΒέΒλημαι
1044 1430 1100 1460 pro
1117 1417 1246 1453 Βέὲληκα
1261 1418 1310 1447 vel
1328 1416 1439 1451 ἔβαλον,
1454 1416 1591 1454 percussi.

143 1472 338 1502 observatum
354 1475 421 1508 est3
444 1470 638 1509 quamobrem
656 1468 731 1496 hanc
747 1476 847 1496 ansam
883 1463 964 1493 Plut.
980 1464 1044 1495 Jul.
1063 1464 1144 1493 Caes.
1164 1461 1327 1500 ἒβεβλῆμην
1351 1470 1384 1489 σε
1404 1458 1447 1498 τῷ
1460 1458 1589 1497 κεραυνῷ.

142 1519 250 1544 nactus
267 1525 368 1555 operae
388 1513 521 1553 pretium
539 1510 615 1541 duxi
638 1510 677 1540 de
701 1509 848 1549 peculiari
871 1505 1007 1547 fulmine
1023 1513 1049 1537 te
1063 1508 1271 1546 percussissem.
1293 1503 1344 1533 Sic
1361 1503 1409 1532 hic
1425 1511 1590 1541 ‘mageo-nev-

143 1557 201 1587 hoc
215 1568 274 1588 usu
286 1563 376 1598 praet.
391 1567 475 1596 pass.
491 1555 573 1595 apud
595 1554 661 1584 Att.
677 1553 847 1591 Scriptores

145 1601 259 1640 aliquid
281 1606 433 1632 annotare.
455 1599 503 1629 Sit
517 1598 611 1638 igitur
631 1598 695 1626 haec
719 1596 785 1626 sive
800 1606 848 1625 re·-

144 1640 296 1683 gula'sive
311 1643 484 1674 observatio
499 1653 505 1671 ε
530 1645 538 1658 ‘
550 1641 649 1671 Multa
664 1645 750 1678 praet.
768 1649 849 1678 pass.

143 1688 224 1727 apud
241 1687 362 1717 Atticos
377 1687 532 1726 eleganter
554 1683 683 1714 activam
700 1683 849 1721 significa-

145 1731 257 1760 tionem
267 1730 424 1760 obtinent.’
434 1729 515 1769 quod
523 1727 561 1757 de
571 1732 677 1756 neutro
690 1736 752 1755 aor.
764 1736 848 1764 pass.

144 1773 206 1804 dici
221 1778 333 1814 potest.
357 1775 430 1804 Aor.
446 1772 527 1803 enim
553 1780 631 1810 pass.
656 1779 712 1798 nec
733 1769 848 1807 primus

143 1828 200 1848 nec
220 1819 371 1848 secundus
391 1825 521 1854 unquam
537 1813 636 1843 active
660 1811 848 1851 significant3

145 1862 201 1891 sed
222 1865 310 1900 praet.
333 1870 414 1900 pass.
437 1859 592 1897 eleganter
613 1861 645 1885 et
664 1855 849 1894 frequenter.

144 1905 213 1936 Non
223 1903 363 1942 intelligo
377 1906 476 1932 autem
488 1898 638 1939 ejusmodi
652 1902 739 1937 praet.
753 1907 849 1937 pass.‚

143 1960 212 1989 quae
223 1953 292 1978 sunt
308 1957 326 1977 a
340 1945 444 1976 verbis
460 1944 511 1986 (ut
526 1940 653 1982 vocant)
671 1941 849 1980 deponenti-

143 1993 200 2023 bus
223 2001 290 2031 quae
310 1989 439 2019 activam
467 1996 575 2017 vocem
594 1995 652 2015 nou
678 1984 801 2019 habent,
819 1987 850 2012 et

145 2046 212 2075 quae
229 2034 321 2064 etiam
334 2032 366 2061 in
388 2029 531 2071 praesenti
549 2028 678 2058 activam
697 2027 849 2065 significa-

144 2079 256 2109 tionem
290 2076 412 2111 habent,
449 2072 548 2113 qualia
583 2076 652 2100 sunt
689 2069 849 2108 δεδύνημαι,

143 2120 261 2162 ᾕρημαι,
289 2117 456 2160 προῄρημαι,
485 2114 639 2154 κέκτημαι,
670 2111 848 2152 ἓψῆφισμαι,

143 2163 336 2204 ἐτεθύμημαι,
356 2162 499 2200 ἀφῖγμαι,
519 2163 601 2195 etc.;
629 2158 694 2186 haec
720 2155 797 2185 enim
819 2161 849 2185 et

143 2206 316 2247 hujusmodi
329 2215 386 2234 non
399 2206 504 2234 mirum
518 2203 544 2231 si
557 2200 655 2230 active
668 2199 849 2239 significent,

144 2261 212 2282 cnm
241 2249 331 2279 etiam
358 2248 388 2276 iu
419 2247 488 2276 aliis
519 2243 708 2282 temporibus
738 2241 849 2280 ubique

145 2294 274 2325 activam
285 2290 532 2331 significationem
548 2288 689 2317 habeant:
703 2286 755 2315 sed
767 2286 849 2323 ejus-

144 2336 228 2367 modi
251 2335 415 2365 verborum
438 2333 509 2362 volo
530 2335 619 2371 praet.
643 2339 725 2368 pass,
747 2328 848 2357 active

145 2377 344 2420 significantia
364 2388 403 2407 ex
417 2386 475 2405 usu
495 2375 648 2404 dialectos
667 2371 848 2402 Atticorum.

145 2423 236 2453 Libet
258 2430 355 2460 pauca
378 2430 417 2449 ex
441 2418 545 2449 multis
567 2427 617 2446 ex.
633 2427 660 2445 c.
683 2414 848 2444 adducere.

145 2467 187 2496 Et
200 2464 322 2505 quidem
338 2463 400 2492 duo
420 2467 490 2492 sunt
503 2471 570 2499 quae
585 2469 648 2498 prae
661 2458 728 2488 aliis
743 2458 847 2487 obser-

143 2509 227 2544 vavi,
240 2511 271 2537 et
279 2517 346 2546 quae
360 2504 548 2544 frequentius
561 2505 737 2532 occurrent:
756 2511 847 2529 unum

145 2550 304 2590 πεποίημαι
309 2547 387 2590 feci,
403 2546 562 2578 πεποίηται
572 2544 663 2586 fecit,
683 2542 847 2574 πεποίηνται

135 2594 294 2636 fecerunt5
307 2602 400 2632 parco
406 2589 558 2629 exempla,
565 2588 634 2627 quia
643 2592 769 2625 utraque
778 2597 845 2626 pag.

145 2640 310 2668 occurrunt
324 2635 405 2674 apud
421 2633 595 2672 Scriptores
611 2630 749 2661 Atticos:
773 2630 846 2658 alte-

146 2691 211 2711 rum
226 2683 273 2710 est
284 2677 519 2718 κατέστραμμαι
528 2675 627 2715 subegi
637 2673 672 2714 (a
685 2671 847 2712 καταστρέ-

146 2719 592 2765 φω),κατέστραπταιςιιὺεὲἱι,·
606 2719 693 2755 cujus
705 2716 848 2754 exempla

145 2768 224 2806 apud
251 2767 339 2796 Dem.
360 2774 416 2794 non
438 2761 648 2801 infrequentia,
669 2764 702 2788 ut
718 2759 792 2788 l'hil.
811 2766 846 2788 Α.

148 2809 190 2851 [§.
212 2808 245 2839 δ’.
268 2807 334 2848 tin.]
358 2813 389 2837 et
409 2805 482 2836 alibi
505 2803 631 2844 passim.
660 2802 729 2833 Jam
745 2806 775 2830 et
790 2802 848 2830 alia

147 2853 237 2882 etiam
268 2850 421 2886 annotavi,
448 2849 522 2879 licet
551 2857 609 2876 non
643 2850 703 2875 tam
735 2845 848 2882 ubique

148 2895 239 2926 obvia
260 2903 316 2923 nec
340 2894 459 2923 usitata.
490 2891 564 2920 Tale
589 2893 637 2919 est
659 2887 765 2927 εὕρηται
792 2897 847 2925 pro

148 2938 249 2978 εὕρηκε,
261 2936 381 2966 AEchin.
391 2935 461 2965 adv.
475 2932 612 2971 Ctesipli.
626 2930 666 2971 [§.
677 2929 744 2970 να’.]
752 2930 847 2968 γράμ-

147 2992 235 3020 ματα
253 2977 379 3018 πέμψας
403 2975 581 3018 Δημοσθένης
607 2975 641 3008 ὡς
662 2972 847 3012 Ἀλέξανδρον,

147 3023 238 3055 ἄδειάν
253 3033 315 3053 τινα
332 3020 440 3062 εὕρηται
465 3020 512 3050 καῖ
527 3018 697 3055 διαλλαγὰς,
714 3015 760 3045 καὶ
776 3021 847 3046 πολ-

881 1548 1020 1589 ασμένους
1048 1560 1103 1589 pro
1133 1545 1383 1588 παρεσκευακότας
1413 1545 1462 1574 vel
1498 1555 1590 1586 παρα·

881 1593 1121 1633 σκευασαμένους.

924 1637 1040 1666 —ibid
1051 1659 1057 1665 .
1071 1633 1170 1676 μηδέἶ
1184 1634 1257 1664 πάνυ
1264 1632 1407 1673 μαίνοιτο]
1426 1641 1478 1661 nec
1491 1632 1515 1661 si
1525 1631 1587 1660 va!-

883 1680 917 1709 de
932 1680 1069 1710 insaniat.
1084 1678 1214 1708 formula
1231 1678 1312 1716 apud
1328 1676 1447 1706 Atticos
1464 1674 1587 1710 usitata,

882 1724 1051 1761 praesertim
1068 1722 1149 1761 apud
1165 1720 1246 1751 Plat.
1263 1720 1316 1759 qni
1333 1719 1377 1749 sic
1392 1717 1476 1756 loqui
1491 1722 1570 1746 amat
1581 1728 1591 1746 .-

882 1765 904 1794 εἰ
919 1767 962 1805 μὴ
980 1764 1132 1805 μαίνομαι,
1148 1773 1298 1802 nunquam
1320 1763 1377 1792 hoc
1390 1761 1440 1790 vel
1456 1760 1530 1790 illud
1549 1760 1591 1789 sa-

882 1808 970 1845 ciam,
985 1809 1034 1838 vel
1043 1808 1184 1848 equidem
1197 1807 1238 1835 ita
1251 1805 1371 1840 faciam,
1380 1804 1424 1834 ita
1433 1803 1543 1838 sentio,
1553 1813 1590 1832 eo

883 1852 981 1881 animo
992 1862 1070 1888 sum,
1086 1851 1107 1880 εἰ
1123 1852 1165 1890 μὴ
1176 1847 1329 1889 μαίνομαι,
1340 1849 1396 1877 nisi
1409 1848 1527 1876 insanus
1537 1848 1590 1878 sim

884 1895 931 1923 vel
949 1896 1088 1934 quamdiu
1104 1896 1157 1923 sim
1174 1901 1272 1922 sanus.
1300 1891 1376 1920 utin
1395 1891 1519 1928 Protag.
1538 1888 1588 1928 [p.

884 1939 956 1969 167.
972 1938 1021 1967 ed.
1037 1937 1126 1977 Bip.]
1144 1934 1206 1975 φέρε
1223 1935 1264 1971 δὴ,
1279 1935 1328 1964 τὶν
1348 1934 1444 1973 ἀρετὴν
1458 1931 1543 1962 καλόν
1557 1944 1588 1962 τι

883 1978 936 2021 φῇς
951 1979 1030 2016 εῖναι,
1045 1980 1104 2017 καῖ,
1123 1980 1158 2012 ὡς
1171 1978 1259 2007 καλοῦ
1271 1976 1344 2009 ὄντος
1353 1977 1449 2012 αὐτοῦ,
1463 1977 1499 2005 σὺ
1512 1974 1589 2004 διδά-

883 2030 988 2053 σκαλον
1000 2022 1117 2053 σεαυτέν
1132 2020 1287 2062 παρέχεις;
1310 2030 1393 2058 resp.
1406 2020 1492 2049 alter.
1508 2018 1530 2047 εἶ
1545 2019 1588 2057 μὴ
1609 2033 1613 2036 >

881 2064 1024 2106 μαίνομαί
1034 2077 1077 2104 γε.
1094 2076 1124 2104 q.
1141 2065 1171 2094 d.
1195 2064 1246 2103 qni
1264 2064 1340 2093 enim
1358 2062 1447 2092 aliter
1467 2061 1525 2091 nisi
1541 2061 1589 2091 in-

884 2120 974 2139 sanus
988 2110 1056 2139 sim.
1070 2108 1227 2147 Aristoph.
1243 2107 1368 2136 Tliesm.
1382 2105 1488 2146 [470]
1505 2107 1587 2143 μισῶ

883 2152 930 2182 τὸν
945 2151 1016 2193 ἄνδρ’
1035 2151 1139 2186 ἐκεῖνον,
1157 2151 1178 2179 εἶ
1194 2152 1235 2188 μὴ
1256 2148 1406 2189 μαίνομαι.
1424 2148 1588 2184 Horatius,

883 2196 936 2235 qui
955 2195 1069 2234 passim
1088 2192 1230 2234 ἑλληνίζει,
1253 2193 1329 2222 hanc
1350 2192 1440 2221 etiam
1463 2191 1590 2230 phrasin

883 2239 1017 2268 imitatus
1039 2238 1173 2272 videtur,
1203 2242 1219 2266 1
1240 2238 1302 2266 Sat.
1321 2236 1357 2264 V.
1385 2234 1471 2275 [44.]
1500 2234 1589 2264 “Nil

883 2292 940 2321 ego
961 2281 1141 2311 contulerim
1168 2279 1305 2321 jucundo
1334 2289 1426 2308 sanus
1460 2276 1590 2307 amic0.’'

882 2335 980 2361 sanus,
1015 2325 1037 2355 εἶ
1071 2326 1113 2364 μὴ
1149 2321 1301 2362 μαίνομαι,
1339 2323 1380 2359 μὴ
1413 2320 1590 2360 μαινέμενος.

882 2369 1012 2398 Aristot.
1026 2369 1096 2398 Eth.
1110 2367 1154 2396 iii.
1166 2370 1195 2397 2.
1213 2366 1263 2395 ubi
1279 2366 1318 2394 de
1334 2364 1502 2403 ignorantia
1517 2363 1589 2393 facti

883 2423 949 2450 quae
965 2416 1105 2441 causatur
1121 2408 1367 2439 involuntarium.
1385 2406 1396 2436 ὃ
1412 2409 1465 2447 γὰρ
1480 2405 1586 2436 τούτων

883 2466 912 2484 τι
936 2455 1034 2492 ἀγνοῶν
1055 2453 1185 2494 (aliquid
1210 2463 1248 2481 ex
1272 2449 1517 2485 circumstantiis,
1539 2460 1585 2479 sc.

883 2497 1022 2537 activis),
1034 2494 1166 2529 ἀκουσίως
1178 2495 1312 2535 πράττει.
1321 2494 1388 2526 ἴσως
1400 2490 1441 2522 οὖν
1453 2493 1481 2522 οὗ
1497 2493 1588 2533 χεῖρον

882 2540 994 2580 διορίσαι
1009 2540 1095 2574 αὐτὰ,
1108 2538 1180 2573 τίνα,
1196 2538 1240 2567 καὶ
1259 2537 1337 2567 πόσα
1353 2536 1430 2571 ἐστὶ,
1440 2534 1484 2569 τίς
1498 2546 1530 2565 τε
1546 2536 1589 2571 δὴ,

881 2585 929 2613 καὶ
945 2583 986 2621 τί,
1001 2583 1047 2612 καὶ
1069 2582 1128 2621 περὶ
1145 2580 1185 2616 τί,
1199 2581 1213 2611 ἢ
1229 2580 1253 2610 ἓν
1274 2579 1336 2616 τίνι,
1354 2580 1488 2619 πράττει,
1505 2578 1585 2607 ἐνίοτε

882 2627 910 2656 δὲ
932 2626 979 2655 καὶ
997 2624 1059 2662 τίνι,
1078 2623 1126 2655 οἷον
1144 2624 1254 2665 ὄργανςι),
1271 2623 1319 2652 καὶ
1342 2622 1420 2653 ἕνεκα
1443 2620 1523 2656 τίνος,
1539 2618 1587 2649 οἷον

881 2669 1030 2708 σωτηρίας,
1059 2669 1106 2698 καὶ
1137 2670 1208 2702 πῶς,
1233 2665 1281 2696 οἷον
1307 2666 1398 2706 ἠρέμα
1423 2664 1437 2695 ἢ
1468 2663 1585 2703 σφόδρα.

881 2712 999 2743 ἅπαντα
1021 2710 1075 2750 μὲν
1092 2708 1134 2741 οἶν
1157 2712 1256 2741 ταῦτα
1275 2710 1358 2744 οὗδεῖς
1382 2707 1519 2746 ἀγνοήσειε
1543 2707 1585 2745 μὴ

880 2755 1054 2795 μαινόμενος.
1077 2754 1135 2784 haec
1157 2755 1253 2784 amnia
1278 2764 1358 2783 nemo
1382 2753 1517 2791 ignorare
1538 2758 1588 2788 po-

883 2800 963 2834 terit,
985 2799 1010 2828 si
1029 2807 1118 2828 sanus
1132 2798 1180 2833 sit,
1197 2796 1347 2835 nisijhrte
1371 2794 1508 2827 insaniat,
1529 2804 1586 2821 σω-

882 2841 1135 2881 φρονῶν,Ευεποῒ.
1172 2839 1286 2869 Similis
1310 2838 1389 2867 enim
1411 2836 1500 2873 plane
1527 2835 1588 2864 for-

884 2885 965 2914 mula
981 2885 1063 2924 apud
1083 2883 1223 2921 Thucyd.
1249 2881 1271 2910 εἶ
1288 2880 1488 2919 σωφρονοῦμεν,
1501 2879 1526 2907 si
1541 2888 1587 2907 sa-

881 2929 985 2965 pimus,
1008 2933 1040 2957 ut
1064 2927 1083 2956 l.
1100 2926 1144 2955 iii.
1166 2925 1208 2965 [c.
1227 2923 1294 2963 44]
1322 2922 1350 2952 οὐ
1375 2924 1428 2961 γὰρ
1451 2921 1512 2960 περὶ
1537 2922 1588 2955 τῆς

882 2969 983 3000 ἐκείνων
1001 2968 1108 3003 ἀδικίας
1127 2969 1193 3006 ἦμῖν
1208 2967 1219 2996 ὁ
1235 2968 1318 3004 ἀγοὶ-ν,
1341 2965 1362 2994 εἶ
1387 2964 1588 3004 σωφρονοῦμεν,

884 3015 961 3044 ἀλλὰ
977 3013 1036 3054 περὶ
1053 3014 1101 3046 τῆς
1119 3009 1258 3050 ἡμετέρα,-
1273 3006 1424 3042 emmim.
1439 3018 1493 3037 non
1510 3008 1585 3037 enim
