1948 3322
502 196 586 236 AD
619 191 1024 235 PHILIPPICAM
1059 192 1329 235 PRIMAM.

183 305 258 341 leni,
272 310 305 336 et
323 303 482 335 articulum
505 313 574 333 cum
597 302 748 341 particula
770 299 897 337 mutavi,

185 347 254 379 ἀλλ’
270 348 297 384 ἢ,
311 347 391 387 quod
409 347 440 376 in
450 346 583 376 dictione
602 344 822 376 Demosthenis
832 349 898 374 tan-

185 392 307 423 tundem
324 395 371 420 est
382 394 472 429 utque
488 391 568 420 ἀλλὰ
584 389 738 429 simplex3
755 394 805 419 aut
817 389 898 418 ἀλλὰ

183 435 273 476 μόνον.
290 435 338 464 sed
354 433 538 463 solummodo.

227 493 271 500 —
287 479 336 507 18.
350 476 404 515 ἔξει
416 476 567 517 -ποιεῖν]
581 486 650 505 num
664 475 724 514 leg.
738 473 803 513 ἕξει,
817 474 897 504 εἶκαὶ

181 518 329 562 γλίσχρους
342 531 402 553 πως
415 519 503 550 ταῦτ’
514 518 662 550 ἐθελήσετε
675 519 780 548 ποιεῖν.
791 518 898 548 etiam-

182 564 209 594 si
223 565 357 594 tenuiter
371 565 461 593 modo
472 564 533 593 ista
547 564 647 592 facere
659 562 773 591 vetitis.
784 572 819 591 an
833 561 896 591 sic:

182 605 251 646 ἕξει,
261 607 311 637 καὶ
324 609 395 641 πῶς·
409 607 432 636 εἶ
445 605 532 636 ταῦτ’
544 605 698 636 ἐθελήσετε
711 605 827 640 ἀκούειν,
842 604 898 644 ἐγὼ

181 651 294 691 speeiem.
311 651 336 681 si
355 650 448 680 vultis
465 650 582 684 audire,
600 649 710 678 dicam.

225 711 268 717 —
281 695 332 725 19.
347 693 452 734 ξένους]
469 696 545 723 bene
561 693 663 722 habet.
677 697 814 731 coeperat
830 701 898 721 ora-

181 741 231 766 tor
245 737 284 767 de
301 737 399 767 milite
417 736 601 767 mercenario
617 737 747 765 docere:
773 735 896 765 interim

181 780 301 819 longam
319 780 512 820 parenthesin
529 779 707 819 interponit.
733 784 795 808 tum
813 779 898 808 vetut

180 823 296 853 oblitus
308 824 441 863 occoepti
457 824 605 853 sermonis
625 824 663 853 de
683 822 826 853 universo
843 833 897 852 ex-

180 866 278 896 ercitu
295 867 432 906 pedestri
456 866 692 901 conscribendo,
714 867 802 905 cujus
826 876 898 905 pars

179 909 272 949 longe
284 911 417 940 maxima
425 911 512 940 miles
522 910 729 940 mercenarius
741 914 816 946 erat,
829 919 898 938 sen-

181 953 306 983 tentiam
321 954 410 984 dicit.

223 999 278 1028 46.
297 1001 347 1027 14.
375 995 534 1038 λῃστεύειν]
560 996 743 1035 quibusdam
759 995 788 1024 in
806 995 898 1024 codd.

180 1045 230 1070 est
241 1040 454 1081 λῃστευομένην.
470 1040 502 1069 id
518 1040 600 1079 quod
615 1039 819 1078 suspicionem
834 1048 898 1067 mo-

181 1088 246 1117 vet,
267 1084 297 1113 in
319 1083 405 1113 libris
428 1082 610 1122 quibusdam
635 1082 705 1111 olim
726 1082 823 1111 fuisse
847 1086 897 1122 λῃ-

180 1125 289 1156 στεύειν
306 1126 395 1166 μὸνον.
412 1126 495 1166 quod
512 1126 654 1165 equidem
676 1125 755 1154 haud
773 1134 898 1165 spreve-

180 1178 248 1199 nm.

220 1229 265 1234 -—-
279 1214 332 1243 27.
363 1209 602 1253 ωαςακὺψαντα]
631 1211 828 1252 παρακύπτειν
850 1214 898 1240 est

179 1254 283 1295 aliqua
297 1266 330 1285 re
346 1255 458 1285 leviter
481 1260 512 1285 et
535 1255 734 1285 tumultuarie
756 1253 896 1293 defungi,

179 1299 232 1328 ubi
250 1299 340 1328 modo
355 1298 505 1337 attigeris,
517 1298 659 1338 protinus
675 1299 714 1327 ab
737 1308 773 1327 ea
790 1307 896 1327 rursus

178 1342 332 1381 refugere,
362 1341 459 1371 veluti
486 1342 514 1371 si
533 1341 602 1380 quis
628 1343 752 1372 domum
769 1346 896 1380 praeter-

178 1384 260 1421 iens,
291 1395 350 1415 non
374 1385 519 1421 introeat,
543 1385 597 1414 sed
629 1385 821 1415 solummodo
842 1394 898 1424 per

177 1429 341 1459 fenestram
357 1433 410 1458 aut
433 1429 559 1467 januam
573 1429 787 1468 semiapertam
804 1428 896 1457 intro-

179 1472 301 1510 spiciat.
347 1472 505 1502 Sententia
533 1476 581 1501 est
595 1483 602 1501 :
638 1473 721 1502 bello
749 1471 897 1507 delibato,

179 1515 237 1551 sic,
262 1519 295 1545 ut
317 1515 404 1552 nihil,
430 1525 498 1545 cum
525 1514 728 1555 peregissent,
754 1514 897 1544 dictitare

177 1563 279 1588 tamen
302 1563 429 1598 possent
456 1568 489 1588 se
514 1559 655 1598 partibus
683 1559 750 1589 suis
775 1557 896 1588 satisfe-

176 1601 268 1632 cisse.

219 1647 272 1675 47.
287 1648 319 1677 4.
343 1643 497 1685 ἒπὸωτας]
521 1644 604 1675 Citat
626 1646 657 1675 h.
680 1645 701 1675 l.
726 1644 841 1675 Pollux
865 1647 895 1675 Ξ.

177 1690 231 1721 58.
248 1699 278 1719 v.
294 1687 442 1719 ἐπόπται.

220 1749 263 1755 --
277 1732 309 1762 5.
335 1731 679 1773 παρακαταστήσαντας]
705 1731 808 1762 malim
824 1731 895 1761 sirn-

177 1775 291 1816 plicius
305 1775 564 1815 παραστήσαντας.

217 1835 262 1842 -—
277 1820 308 1849 9.
323 1819 415 1849 αὐτῶν
427 1817 510 1860 δέκα]
527 1824 599 1858 post
611 1819 704 1848 αὐτῶν
719 1818 831 1848 deesse
849 1818 894 1848 vi-

176 1862 268 1892 detur
283 1863 367 1902 ἧμεῖς
380 1872 425 1900 γε,
439 1862 506 1892 scil.
525 1861 784 1903 ἔχειςοτονήσαμεν.
819 1861 894 1892 Dia-

175 1905 324 1945 logismus
349 1906 438 1935 fictus
459 1906 509 1935 hic
531 1911 590 1935 est.
611 1905 747 1944 colloqui
770 1905 894 1944 fingitur

177 1953 342 1978 extraneus
362 1948 472 1988 aliquis
497 1959 564 1979 cnm
592 1948 785 1985 Atheniensi,
802 1959 892 1988 quem

177 1995 342 2022 extraneus
368 1991 559 2030 interrogat:
582 1992 738 2021 bellumne
763 2002 831 2027 vos,
855 2002 892 2021 an

175 2044 284 2074 pacem
309 2034 426 2073 geritis,
449 2035 676 2065 Athenienses-‘t
715 2036 784 2065 Nos
800 2034 895 2064 euim-

178 2087 264 2114 νει-ο,
277 2076 319 2107 ait
331 2077 542 2113 Atheniensis,
557 2077 669 2108 bellum
684 2078 829 2117 gerimus.
851 2079 894 2108 At

176 2120 228 2161 qui
244 2121 306 2151 fieri
324 2121 382 2151 hoe
398 2125 513 2161 potest,
530 2121 630 2160 inquit
646 2126 824 2155 extraneum
840 2122 893 2161 qui

176 2165 379 2204 imperatores
395 2175 413 2195 e
429 2174 554 2195 numero
572 2171 675 2194 vestro
691 2165 792 2194 nullos
807 2164 892 2195 dele-

175 2207 303 2248 geritis?
330 2209 398 2238 Nos
422 2219 506 2243 vero,
528 2208 664 2238 occurrit
684 2207 892 2245 Atheniensis,

174 2250 283 2291 utique
313 2251 408 2281 denos
438 2257 588 2291 praetores
611 2251 769 2290 copiarum
797 2252 892 2290 pede·

176 2295 282 2325 strium
292 2294 679 2334 delegimus,minoresque
689 2297 893 2334 majoresque,

174 2342 206 2368 et
219 2337 388 2376 parimodo
405 2338 494 2368 binos
510 2338 712 2377 equestrium,
731 2338 891 2378 utriusque

173 2380 302 2417 ordinis,
316 2381 347 2410 h.
360 2392 388 2412 e.
404 2381 536 2411 minores
548 2382 751 2421 majoresque.

216 2441 260 2447 —-
275 2425 324 2454 10.
337 2424 516 2466 φυλάρχους]
528 2425 611 2455 Citat
626 2426 656 2454 h.
669 2425 690 2454 l.
703 2426 889 2465 Harpocrat.

175 2477 206 2498 v.
221 2466 370 2508 φύλαξχος
381 2474 411 2497 et
426 2468 583 2509 ἴππαςχος.

216 2527 260 2533 --
270 2513 319 2541 12.
335 2509 534 2551 ἐκπέμψητε]
552 2510 629 2540 ratio
642 2510 767 2549 dialogi,
779 2511 803 2540 si
817 2521 889 2541 con-

173 2553 353 2590 tinuaretur,
377 2554 563 2593 postulabat,
585 2559 619 2584 ut
636 2554 753 2584 diceret
776 2552 890 2594 ἐκπέμ-

174 2596 277 2637 ψωμεν
292 2601 324 2628 et
339 2597 385 2627 sic
402 2606 494 2635 porro
517 2597 546 2627 in
563 2598 660 2637 prima
679 2607 822 2638 persona.
840 2609 891 2628 ve-

172 2651 240 2671 rum
256 2640 327 2680 quia
343 2641 440 2670 oratio
455 2640 532 2677 haec,
548 2640 728 2671 Atheniensi
744 2640 774 2670 in
792 2652 827 2671 os
842 2641 889 2671 in-

172 2683 248 2720 dita,
262 2684 353 2714 nimis
367 2684 522 2714 invidiosa
537 2690 628 2723 atque
649 2684 800 2724 flagitiosa
815 2685 889 2716 fuis-

172 2731 221 2758 set
234 2728 346 2764 futura,
362 2727 517 2767 abrumpit
534 2732 638 2758 orator
657 2727 889 2758 sermocinatio-

170 2775 259 2807 nem,
279 2776 310 2801 et
334 2771 401 2810 ipse
423 2780 481 2810 per
508 2781 542 2801 se
569 2771 714 2811 loquitur.
758 2771 890 2811 Corrige

172 2813 244 2847 hinc
259 2814 506 2853 Etymologicum
523 2815 570 2845 Μ.
587 2826 615 2844 ν.
632 2814 775 2855 ἱεροποιοὶ,
787 2815 888 2845 locum

171 2856 252 2888 huno
267 2856 383 2888 vitiose
398 2857 590 2888 recitantem.

214 2917 259 2924 —
273 2903 326 2931 14.
348 2900 386 2935 εἷς
402 2902 452 2932 τὴν
471 2901 588 2943 ἰιγοςᾶν]
611 2901 762 2931 voeabula
785 2901 823 2936 εἷς
842 2903 892 2933 τὴν

174 2943 274 2984 ἑγοςὲν
289 2954 307 2974 a
319 2943 436 2974 lectore
453 2945 545 2974 tacite
558 2944 699 2974 iteranda
714 2949 795 2981 sunt,
812 2955 848 2975 ac
864 2946 890 2975 si

172 2986 213 3015 ad
226 2987 307 3016 bunc
321 2987 444 3018 modum
464 2992 547 3017 esset
564 2992 736 3018 exaratum.
758 2988 854 3028 &io-mg
868 2989 890 3019 oi

173 3029 354 3064 πλάττοντες
365 3031 430 3065 τοὺς
442 3029 570 3066 πηλίνους
586 3033 775 3072 στρατηγοὺς,
790 3034 890 3062 πλάτ·

1592 192 1648 233 23

932 308 1029 328 τουσιν
1042 297 1080 332 εἷς
1094 298 1205 337 ἀγορὰν,
1215 300 1470 338 quemadmodum
1484 299 1534 340 qui
1546 298 1649 338 sigilla

931 342 1098 381 argillacea
1129 342 1256 381 tingunt,
1286 343 1501 380 imperatorum
1536 344 1649 383 figuras

932 385 1122 420 mentientia,
1138 395 1199 425 quo
1214 385 1292 415 eain
1305 387 1402 414 sorum
1418 387 1569 424 deferant,
1591 386 1651 416 ibi-

931 439 991 468 que
1013 439 1123 459 venum
1143 434 1326 468 proponant,
1351 426 1437 462 οὔτως
1457 430 1538 468 ὑμεῖς
1560 440 1653 472 χειρο-

931 473 1037 502 τονεῖτε
1053 474 1118 505 τοὺς
1132 474 1311 513 στρατηγοὺς
1329 472 1368 506 εἷς
1388 473 1501 511 ἀγοξὲιν,
1526 474 1569 503 sie
1594 483 1650 505 vos

932 516 1046 545 creatis
1073 517 1274 555 imperatores
1298 521 1432 549 vestros,
1459 525 1517 545 non
1537 527 1596 555 quo
1618 517 1649 547 iu

932 564 1032 589 castra
1049 564 1173 594 exeant,
1187 559 1242 589 sed
1254 559 1446 589 solummodo
1466 560 1568 597 quoin
1584 561 1649 589 soro

932 607 1109 639 versentur,
1134 603 1238 643 ibique
1269 603 1406 643 speciem
1432 602 1649 641 imperatorum

933 646 1129 676 mentiantur.

975 707 1017 712 ·—
1031 691 1083 720 16.
1093 690 1122 720 οὗ
1135 691 1188 731 γὰρ
1204 688 1302 731 ἒχςῗιν]
1319 694 1371 719 ant
1383 699 1440 728 pro
1456 688 1484 719 οὗ
1500 688 1653 719 sufficien-

932 732 1003 762 dum
1020 739 1067 763 est
1087 734 1145 768 καὶ,
1161 740 1212 764 aut
1230 739 1352 763 servato
1367 732 1395 762 οὐ
1411 733 1455 762 sic
1472 733 1534 772 leg.
1553 733 1581 762 οὐ
1597 734 1653 772 γὰρ
1670 743 1675 748 ·

931 775 1025 818 ἐχςῖίν,
1041 774 1064 806 ὦ
1077 777 1107 806 ἅ.
1121 776 1167 807 Ἀ.
1184 775 1356 818 ταξιάρχους
1371 775 1438 818 παρ’
1451 776 1556 811 ἄλλων,
1572 777 1654 806 ἀλλὰ

931 819 999 860 παρ’
1014 821 1104 860 ὑμῶν,
1121 820 1178 851 οὐδὲ
1196 821 1362 862 ἱππάςχους
1378 818 1560 860 παρ’ἇλλων,
1572 820 1653 849 ἀλλὰ

933 862 1000 904 παρ’
1015 865 1105 903 ὑμῶν,
1118 864 1258 905 ἄρχοντας
1273 863 1382 898 οἰκείους
1395 862 1483 898 ilvam

976 925 1019 930 —
1032 912 1084 938 22.
1102 907 1148 947 ὐφ’
1162 908 1255 949 ὑμῶν]
1272 908 1373 937 malim
1391 907 1443 947 ἀφ’
1455 907 1543 946 ὑμῶν.
1558 916 1617 936 non
1635 916 1654 937 a

933 950 1023 980 vobis
1040 952 1195 981 delectum
1211 951 1374 991 oportebat
1389 961 1469 985 esse,
1480 951 1534 979 sed
1551 951 1652 979 civem

933 1000 1082 1031 vestrum,
1109 1005 1126 1024 e
1151 1005 1278 1025 numero
1300 1000 1416 1030 vestro,
1433 1004 1491 1024 non
1515 994 1653 1033 peregri-

932 1047 1013 1066 num.

975 1081 1027 1109 48.
1049 1083 1098 1109 11.
1129 1080 1305 1121 συμπλέων]
1337 1080 1439 1110 locum
1469 1080 1548 1110 hunc
1577 1079 1651 1110 citat

932 1122 1084 1158 Hermog.
1098 1133 1130 1161 p.
1147 1125 1221 1153 347.
1241 1124 1271 1153 in
1295 1124 1397 1163 capite
1417 1122 1478 1163 περὶ
1502 1123 1553 1152 τοῦ
1582 1124 1653 1154 ἀλη-

931 1165 1008 1195 θινοῦ
1025 1165 1120 1204 λόγου,
1132 1167 1180 1196 his
1199 1167 1315 1196 verbis:
1331 1166 1522 1200 πεποιθότως
1537 1164 1561 1195 δ’
1576 1165 1655 1207 ἐρεῖς,

931 1207 999 1238 ὅταν
1022 1209 1118 1251 λέγῃς·
1142 1207 1221 1250 κᾴγὼ
1237 1209 1398 1247 συμπλέων
1421 1208 1573 1245 ἐθελοντὴς,
1592 1211 1652 1241 πά-

932 1263 1016 1293 σχειν
1030 1253 1119 1283 ὁτιοῦν
1131 1252 1254 1293 ἕτοιμος,
1266 1252 1313 1284 {dv
1323 1255 1366 1293 μὴ
1376 1254 1475 1283 ταῦτα
1488 1251 1573 1287 οὕτως
1586 1253 1653 1295 ἔχῃ.

931 1297 1088 1326 Aristides
1111 1296 1150 1326 de
1175 1298 1216 1326 D.
1233 1298 1268 1327 C.
1291 1307 1324 1336 p.
1339 1299 1413 1327 252.
1435 1295 1601 1335 ἀξιόπιστον
1624 1296 1652 1328 δὲ

932 1337 1023 1378 [facit
1039 1340 1152 1370 oratori
1169 1340 1276 1381 fidem]
1294 1340 1341 1369 καὶ
1357 1339 1391 1369 τὸ
1406 1339 1561 1379 τιμᾶσθαι
1578 1351 1654 1381 wgo-

931 1381 1118 1421 λαμζάνοντα
1139 1383 1187 1413 καὶ
1211 1382 1318 1423 ζημίαν
1336 1382 1428 1424 ὁρίζειν
1449 1381 1522 1412 καθ’
1539 1382 1653 1419 ἑαυτοῦ,

931 1424 977 1466 ἐφ’
1001 1423 1038 1460 οἷς·
1061 1426 1093 1456 ἂν
1116 1426 1207 1467 διεξίῃ.
1232 1424 1289 1457 οἷον·
1311 1426 1365 1466 ἐγὼ
1385 1425 1488 1457 «πλέων
1504 1425 1653 1463 ἐθελοντὴς

933 1470 1062 1512 πάσχειν
1077 1470 1164 1500 ὁτιοῦν
1179 1470 1303 1510 ἕτοιμος.

974 1531 1018 1536 —
1037 1516 1086 1544 14.
1103 1511 1178 1554 ‘wag'
1194 1513 1287 1553 ὑμῶν]
1304 1515 1392 1543 deest
1405 1518 1457 1543 aut
1472 1511 1655 1554 πορίζεσθαι,

930 1560 984 1586 aut
1000 1557 1147 1598 ὑπάρχειν,
1159 1558 1240 1596 quod
1258 1557 1377 1587 Wolfio
1394 1557 1492 1586 visum
1504 1562 1563 1587 est.

973 1618 1017 1623 —
1035 1603 1084 1631 16.
1113 1601 1133 1630 ἃ
1154 1600 1209 1640 μὲν
1233 1601 1332 1642 ἡμεῖς]
1359 1601 1437 1630 Sunt
1460 1600 1512 1639 qui
1541 1611 1650 1631 novam

930 1642 1001 1673 hine
1024 1644 1194 1674 orationem
1216 1645 1386 1679 ordiantur,
1410 1654 1488 1683 quos
1508 1644 1651 1674 Mnunte-

930 1696 1028 1726 neyus
1045 1688 1121 1717 bene
1131 1688 1255 1717 refutat.
1269 1699 1297 1717 v.
1313 1688 1432 1718 Schott.
1443 1698 1472 1716 V.
1485 1687 1651 1719 Demosth-

929 1740 962 1769 p.
977 1733 1030 1761 81.
1046 1736 1077 1761 et
1093 1731 1226 1761 Fabricii
1244 1732 1279 1761 B.
1295 1732 1333 1761 G.
1345 1732 1381 1761 T.
1395 1732 1421 1760 Ι.
1438 1742 1468 1771 p.
1487 1732 1562 1762 924.

972 1792 1012 1798 ·-—-
1032 1777 1085 1804 18.
1109 1774 1340 1816 χειςοτονῆσατε]
1363 1784 1543 1814 quamquam
1558 1785 1651 1816 χειξο·

928 1818 1096 1852 τονῆσαντες
1112 1829 1152 1848 ex
1169 1818 1350 1848 auctoritate
1364 1817 1506 1848 codicum
1521 1829 1651 1848 consen·

928 1861 1068 1892 tientium
1085 1862 1122 1891 ad
1132 1862 1348 1904 χειροτονήσατε
1360 1860 1536 1897 reformavi,
1547 1862 1648 1892 nullus

927 1908 1030 1934 tamen
1059 1906 1183 1942 dubito,
1211 1906 1338 1935 dedisse
1365 1910 1517 1935 oratorem
1541 1907 1649 1936 ποιεῖτε

926 1948 1178 1989 χειροτονήσαντες.
1203 1949 1255 1978 ubi
1277 1959 1324 1983 en,
1341 1959 1411 1988 quae
1433 1949 1522 1978 vobis
1538 1949 1650 1979 arrise-

927 1990 1000 2026 rint,
1016 1992 1175 2030 suffragiis
1187 1992 1300 2022 vestris
1317 1996 1381 2021 rata
1393 1992 1551 2030 jusseritis
1565 2002 1650 2028 esse,

928 2041 1032 2064 curate
1044 2045 1166 2074 quoque
1181 2045 1216 2064 ea
1230 2034 1319 2064 factis
1334 2035 1474 2074 exsequi.

970 2080 1022 2108 49.
1040 2080 1071 2109 3.
1092 2078 1131 2119 τῇ
1146 2078 1276 2118 δυνάμει]
1298 2077 1445 2114 hibernis,
1462 2077 1574 2117 quibus
1597 2077 1648 2108 hic

928 2121 1083 2151 exercitus
1109 2128 1223 2158 utatur,
1240 2123 1356 2151 Lemno
1377 2122 1454 2151 licet
1469 2121 1523 2156 uti,
1536 2139 1578 2143 -—
1591 2131 1648 2151 cur

927 2165 1063 2204 expungi
1090 2175 1146 2204 par
1169 2166 1210 2195 sit
1232 2165 1296 2195 liaec
1319 2166 1381 2195 duo
1406 2165 1566 2201 vocabule,
1587 2175 1646 2195 non

926 2207 999 2237 item
1031 2208 1107 2238 mihi
1137 2208 1246 2248 liquet,
1273 2214 1367 2248 atque
1392 2208 1577 2239 Valkenario
1608 2209 1646 2239 ad

928 2252 1122 2282 Herodotum
1141 2262 1171 2291 p.
1192 2254 1266 2283 673.
1284 2252 1340 2282 ult.

968 2312 1012 2317 --
1027 2297 1058 2325 4.
1082 2294 1215 2336 Σκίαθῳ]
1247 2294 1388 2326 meminit
1405 2295 1435 2325 h.
1452 2295 1474 2324 l.
1491 2295 1648 2335 Harpocr.

927 2348 956 2368 v.
975 2336 1100 2372 Σκίαθος.

968 2399 1010 2404 -—
1025 2383 1055 2412 6.
1072 2383 1121 2413 τῆν
1136 2379 1166 2411 δὲ
1181 2381 1249 2422 frigam
1261 2381 1311 2411 τοῦ
1323 2380 1416 2421 ἔτους]
1429 2381 1564 2411 cobaeret
1576 2391 1645 2410 cum

925 2424 1104 2465 insequente
1120 2421 1217 2466 ῥᾳδίως
1227 2424 1312 2455 ἔσται
1328 2435 1420 2454 versu
1435 2426 1465 2454 9.
1479 2425 1558 2454 unde
1576 2434 1647 2454 con-

904 2486 907 2489 ,
925 2472 986 2497 stat
1002 2469 1111 2499 deesse
1132 2469 1197 2498 sive
1220 2470 1311 2509 τηρεῖν
1327 2468 1378 2497 vel
1398 2466 1556 2508 ἐπιτηρεῖν,
1578 2467 1646 2498 sive

925 2511 1078 2549 διαγνῶναι.
1097 2511 1188 2542 facile
1200 2511 1282 2541 factu
1295 2511 1384 2541 vobis
1397 2513 1468 2546 erit,
1482 2517 1515 2540 ut
1527 2516 1646 2550 tempe-

925 2558 1033 2586 statem
1046 2555 1115 2585 anni
1129 2560 1333 2594 opportunam
1349 2554 1558 2593 exsequendae
1572 2555 1644 2585 huic

924 2599 1116 2638 expeditioni
1134 2598 1322 2633 observetis,
1337 2598 1385 2628 vel
1404 2598 1599 2627 discernatis.

973 2660 1008 2664 —
1021 2645 1052 2674 8.
1072 2641 1139 2683 πξός
1153 2659 1165 2665 -
1180 2659 1193 2665 -
1204 2659 1216 2664 -
1232 2641 1328 2684 χώρᾳ]
1348 2642 1369 2671 f.
1385 2640 1458 2682 «πρὸς
1473 2641 1548 2683 αὐτῇ
1561 2651 1594 2671 τε
1609 2640 1648 2682 τῇ

922 2686 1014 2727 κύρει·

966 2747 1008 2752 ——
1027 2731 1079 2759 10.
1092 2728 1130 2770 τῇ
1143 2728 1273 2770 δυνάμει]
1290 2728 1411 2767 corrige
1423 2727 1645 2766 interpunctio·

925 2782 993 2802 nem
1009 2773 1047 2802 ad
1064 2773 1143 2802 hunc
1158 2773 1293 2802 modum.
1318 2771 1358 2812 τῇ
1371 2771 1499 2811 δυνάμει,
1514 2780 1588 2809 quas
1605 2770 1643 2798 ad

924 2826 975 2846 res
1003 2821 1034 2846 et
1057 2817 1179 2856 quando
1205 2815 1249 2845 uti
1274 2815 1373 2854 copiis
1399 2815 1445 2843 his
1469 2825 1501 2843 se
1524 2814 1644 2848 deceat,

925 2861 1003 2900 παρὰ
1018 2858 1067 2889 τόν
1080 2858 1170 2900 καιρὸν
1185 2859 1198 2888 ὅ
1214 2858 1321 2888 τούτων
1334 2876 1377 2881 -
1393 2857 1430 2886 de
1448 2867 1484 2886 eo
1500 2857 1644 2886 decernet

924 2903 963 2938 is,
979 2913 1068 2942 quem
1085 2913 1139 2933 vos
1155 2903 1370 2942 imperatorem
1389 2901 1426 2930 iis
1441 2910 1557 2929 summa
1572 2909 1642 2929 oum

925 2950 1078 2987 potestate
1093 2945 1308 2986 praefeceritis.

967 3007 1010 3012 —
1029 2992 1078 3021 13.
1104 2987 1253 3030 πορίσητε]
1282 2988 1382 3018 malim
1406 2985 1590 3025 πορίσαντες,
1613 2992 1643 3016 et

927 3043 1017 3064 versu
1038 3035 1089 3063 17.
1112 3031 1221 3072 ταμίαι
1236 3042 1269 3063 τε
1285 3032 1334 3061 καὶ
1350 3029 1504 3069 wagan-2⁸¹.
