1997 3323
386 187 436 225 74
760 187 793 227 1.
818 186 851 228 1.
874 187 1096 230 RElSKE

423 307 465 313 —
491 293 520 321 9.
548 291 588 332 εἰ]
615 293 655 324 de
684 303 752 323 meo
781 294 896 324 addidi.
923 296 1016 334 vulgo
1046 297 1091 326 sic

382 339 548 372 usurpatus
563 336 751 377 «παμπόνηρος
770 337 869 368 modis
884 339 1024 369 omnibus
1039 350 1091 370 ne-

381 386 470 414 quam
493 379 628 417 ecqualis
643 381 712 417 erit,
734 381 760 410 si
782 392 841 411 non
864 381 933 412 talis
950 382 1018 412 erit.
1041 385 1093 413 wie

379 419 433 448 soll
446 429 477 449 er
487 420 566 452 denn
580 429 655 453 sonst
669 424 817 460 aus-seben,
833 434 913 454 wenn
929 435 960 455 er
974 425 1055 455 nicht
1065 436 1093 456 so

380 463 520 498 aussieht,
541 465 594 496 der
609 465 791 497 ΕνεεεΙιείιη.7
814 467 893 508 [how
907 468 982 498 shall
997 469 1030 498 he
1042 479 1093 508 ap-

377 515 463 544 pear,
473 508 557 538 when
566 508 600 540 he
608 509 673 540 does
684 516 733 540 not
746 520 854 550 appear
865 521 904 547 so,
917 511 980 542 that
989 518 1094 542 urrant

381 548 511 590 k11ave?]

424 609 466 615 —
483 596 534 625 10.
557 594 589 624 τὸ
611 594 666 634 μὲν
688 596 820 636 μυριάκις
835 597 892 638 --]
924 598 1006 628 citat
1027 598 1091 628 1ι.1.

381 635 538 667 Maximus
560 639 707 678 Sophista
729 641 767 669 de
790 640 1006 671 insolubilibus
1025 652 1092 680 cap.

381 680 434 709 15.
451 689 480 718 p.
496 682 570 713 583.

397 763 404 769 .
424 739 465 744 -
481 726 533 754 24.
558 724 712 765 ἑκάστους]
732 725 797 755 scil.
809 727 864 754 τῶν
876 726 1094 766 &reparabat-mv,

380 774 448 795 slve
463 769 519 796 τῶν
533 769 772 808 στεφανουμένων.
796 779 863 797 narn
885 770 1012 807 perinde
1036 776 1093 800 est.

380 808 447 838 sive
465 817 611 841 coronant
625 811 731 850 aliqui,
748 811 814 840 sive
828 818 1022 848 coronantur,
1039 823 1094 842 eos

379 861 502 890 operam
521 854 594 884 dare
610 859 764 893 oportere,
782 859 814 883 ut
829 859 1020 890 coronantes,
1035 866 1094 894 qua

380 905 396 924 e
412 894 493 925 tribu
509 901 590 932 sunt,
606 907 665 927 una
679 907 747 926 cum
765 898 947 932 coronando,
968 907 1004 926 ea
1019 909 1094 936 quo·

380 939 482 976 quein
495 939 578 969 tribu
587 940 811 970 coronationem
822 940 898 970 hanc
909 941 1092 977 renuntient,

379 991 432 1010 seu
450 983 654 1021 promulgent.

422 1025 497 1055 268.
516 1028 548 1055 1.
569 1023 749 1065 ψηφίσηται]
765 1025 860 1055 citant
873 1026 903 1056 h.
919 1026 940 1056 l.
957 1027 1092 1057 Alexan-

379 1066 435 1096 der
457 1068 496 1097 de
517 1068 624 1107 figuris
645 1079 675 1107 p.
693 1070 746 1100 38.
770 1074 800 1099 et
823 1069 1039 1109 Hermogenes
1061 1081 1092 1110 p.

378 1110 451 1140 255.
482 1120 538 1148 pro
564 1112 785 1151 στεφανώσηται
815 1113 886 1143 dedi
916 1111 1093 1152 ψηφίσηται,

379 1152 446 1182 scil.
455 1155 620 1192 στεφανοῦν.
631 1155 753 1185 videtur
762 1155 792 1185 in
806 1156 987 1195 quibusdam
998 1157 1090 1188 codd.

379 1201 540 1236 utrumque
555 1197 654 1228 fnisse
669 1199 821 1237 στεφανῶν
837 1197 1012 1238 ψηφίσηται.
1043 1201 1092 1231 Ad

376 1238 563 1279 ἀναγορευέτω
587 1240 715 1271 subaudi
738 1243 752 1273 ἦ
775 1242 872 1279 βουλὴ,
895 1247 947 1272 aut
968 1243 1092 1283 ὄδῖἔμος.

376 1292 444 1311 nam
465 1287 499 1312 ut
519 1283 532 1312 ὁ
551 1283 634 1323 mapa}
655 1284 747 1314 etiam
764 1285 812 1314 hic
829 1286 1043 1322 subaudiatur,
1059 1294 1092 1317 ut

376 1324 450 1354 alias
461 1325 497 1355 ad
508 1327 699 1364 ἀναγνώσεται
709 1328 778 1367 ὑμῖν
785 1329 965 1359 subauditur
974 1330 987 1360 ὄ
995 1341 1091 1370 γραμ-

376 1369 500 1406 ματεὺς,
518 1370 597 1399 haud
613 1372 766 1401 convenit.

419 1429 461 1434 ——-
477 1414 509 1442 4.
532 1412 631 1443 λαβεῖν
653 1413 804 1454 τιμωρίαν]
828 1415 893 1444 haeo
915 1416 976 1445 duo
1001 1426 1091 1446 voca-

376 1454 449 1483 bulo
472 1454 590 1485 addidi.
615 1457 690 1486 bene
708 1457 786 1487 vidit
800 1458 905 1487 Simon
921 1459 1090 1496 Fabricius,

376 1497 430 1526 sed
447 1497 499 1526 ille
515 1499 619 1537 potius
631 1500 765 1530 XVolfius
785 1501 851 1536 fuit,
875 1502 927 1540 qui
944 1503 1090 1532 observa-

374 1540 525 1570 tinnculas
551 1542 706 1572 collationi
732 1544 849 1573 codicis
872 1545 1045 1583 Augustani
1073 1557 1090 1576 a

375 1583 496 1613 Wolfio
511 1585 642 1623 proditae
657 1585 862 1626 interspersit,
874 1588 912 1617 ab
921 1588 974 1617 illa
986 1599 1090 1619 acces-

374 1625 516 1656 siuncula
537 1632 635 1658 tamen
655 1628 823 1659 orationem
838 1630 919 1660 baud
933 1631 1089 1671 integrari.

373 1679 467 1707 quare
489 1671 664 1710 suppletum
682 1673 738 1702 ivit
752 1672 928 1713 σπουδάζων.
952 1674 1026 1704 mihi
1043 1675 1087 1704 vi—

373 1711 464 1742 detur
488 1714 603 1752 potius,
625 1724 697 1753 post
719 1716 897 1754 ἀδικήματος
915 1717 1015 1753 οὖδενές
1037 1719 1087 1748 ad-

373 1755 504 1786 dendum
521 1767 589 1787 esse
604 1755 633 1787 οῧ
647 1760 713 1800 χρῆ,
727 1760 776 1789 vel
791 1757 820 1789 οὗ
835 1761 913 1800 χςῖν.
945 1762 1087 1791 Inviden-

371 1798 423 1827 tiae
438 1803 592 1830 certamen
604 1801 634 1831 in
645 1803 742 1832 forum
756 1803 915 1838 inducens,
926 1813 984 1833 non
996 1804 1088 1835 ullius

372 1841 518 1877 criminis,
534 1845 622 1881 cujus
638 1850 778 1884 repetere
798 1856 903 1884 poenas
918 1848 970 1885 jus
989 1852 1021 1877 et
1041 1848 1086 1878 fas

373 1888 431 1914 est.
476 1886 536 1916 Illa
557 1887 653 1918 dictio
675 1888 776 1927 φθόνου
797 1887 871 1919 δίκην
884 1890 943 1919 hoc
960 1891 1025 1920 vult
1039 1891 1086 1920 di-

371 1937 461 1966 cere;
486 1939 608 1960 causam
633 1931 664 1960 in
691 1933 789 1961 sorum
812 1932 947 1968 inducis,
973 1933 1003 1963 in
1028 1945 1088 1973 qua

370 1976 523 2002 certamen
544 1978 592 2002 est
610 1973 787 2004 invidentiae
803 1985 874 2005 cum
890 1975 1086 2014 simplicitate

369 2018 400 2043 et
423 2015 588 2053 probitate,
607 2027 668 2056 quo
691 2018 857 2048 certamine
880 2019 1084 2050 decidendum

369 2062 428 2091 est,
445 2059 583 2096 probitas
599 2067 629 2090 et
645 2061 816 2090 innocentia
832 2062 933 2092 vincat
947 2062 1085 2094 inviden-

369 2100 452 2134 tiam,
468 2111 505 2130 an
522 2101 550 2130 ei
565 2105 753 2133 succumbat.

413 2160 454 2165 --
472 2146 522 2173 11.
547 2144 635 2186 λόγῳ]
659 2146 696 2186 [f.
711 2147 746 2179 ὡς
762 2146 846 2185 λόγῳ.
870 2148 950 2177 Puto
966 2147 1082 2187 aliquid

368 2184 490 2215 deesse.
507 2188 533 2216 Ι.
547 2188 670 2229 ΤουΡ-]
689 2189 914 2228 ευδῆιιάἰμόνῳ.
932 2196 984 2219 aut
996 2191 1082 2229 quasi

368 2227 442 2257 solis
456 2230 572 2265 verbis,
588 2241 648 2260 non
661 2236 759 2261 autem
778 2232 881 2268 sactis,
893 2233 1083 2263 noscitentur

369 2270 428 2300 viri
444 2272 565 2302 civiles.
587 2278 656 2303 sunt
671 2274 698 2303 h.
716 2274 736 2302 l.
752 2276 923 2305 accusativi
939 2276 1082 2307 absoluti.

409 2332 452 2336 —
469 2317 521 2346 13.
543 2316 677 2357 ἁμάξης]
702 2317 787 2347 Citat
808 2318 838 2346 h.
856 2318 878 2346 1.
894 2318 1082 2349 scholiastes

366 2356 405 2386 ad
423 2358 636 2398 Aristophanis
654 2360 758 2399 Equit.
774 2371 896 2391 versum
909 2364 983 2393 544.
1029 2363 1082 2392 Se·

366 2405 440 2429 xtus
456 2401 634 2441 Empiricus
651 2413 682 2442 p.
699 2405 773 2434 229.
791 2405 822 2434 6.

408 2460 451 2466 -
468 2448 521 2476 14.
543 2444 643 2485 τοῦτο]
667 2451 719 2476 aut
734 2451 807 2485 post
828 2447 923 2482 τοῦτο,
939 2453 991 2477 aut
1010 2454 1082 2486 post

365 2483 512 2523 Ἀθηναῖοι,
526 2488 616 2519 deest
626 2491 784 2525 σκοπεῖτε,
800 2495 853 2520 aut
866 2490 966 2520 simile
980 2491 1065 2530 quid.

407 2547 450 2552 --
467 2533 518 2561 18.
533 2533 612 2562 κατὰ
628 2534 676 2563 τὴν
690 2532 781 2562 αὐτῶν
795 2533 894 2575 φύσιν]
911 2539 1004 2573 prout
1015 2535 1080 2564 cui-

365 2581 424 2611 que
450 2575 595 2605 naturalis
621 2575 741 2605 indoles
767 2576 889 2615 obtigit,
912 2587 966 2607 seu
989 2577 1080 2614 lenis,

363 2615 458 2651 mitis,
474 2618 592 2654 sedata,
606 2628 660 2648 seu
682 2623 785 2655 atrox,
809 2620 983 2656 vehentem,
1006 2621 1080 2656 cita,

362 2658 548 2698 impetuosa,
563 2670 658 2697 saeva,
673 2661 715 2691 ita
726 2663 838 2701 probra
849 2668 930 2699 sunt,
945 2674 1012 2702 quae
1024 2664 1078 2694 ad-

362 2702 498 2733 versario
509 2703 634 2743 ingerit,
648 2704 715 2735 sive
729 2705 880 2741 molliora,
890 2706 1077 2744 remissiora,

361 2744 461 2776 minus
477 2747 570 2783 acria,
585 2747 686 2778 minus
702 2747 867 2784 virulenta,
887 2749 953 2779 sive
969 2749 1077 2780 intole-

361 2789 489 2819 rabilem
504 2790 534 2820 in
550 2790 674 2820 modum
694 2790 938 2831 intemperantia,
954 2793 1077 2829 acerba,

361 2837 498 2862 cruenta.

404 2893 447 2898 —-
463 2879 515 2906 21.
539 2875 577 2911 εἷς
598 2876 698 2906 ταῦτα,
719 2875 786 2907 ἀπὸ
808 2879 863 2907 τῶν
882 2876 964 2914 ἰδίων,
981 2880 1076 2912 κακῶς

360 2918 401 2948 τὰ
415 2918 560 2960 &wibba-ra.
575 2919 622 2961 λ.]
638 2920 760 2950 correxi
777 2924 808 2949 et
823 2920 953 2950 distinxi
969 2921 1024 2956 sic,
1037 2921 1075 2955 εἷς

360 2962 470 2996 ταῦτα,
495 2967 538 2998 ut,
562 2969 759 3002 posteaquam
783 2964 822 2994 ad
842 2963 897 2993 illa
912 2964 1074 2994 tribunalia

363 3013 431 3040 vos,
452 3015 469 3034 ο
484 3005 619 3044 judices,
635 3005 894 3038 contraxissemus
915 3007 1071 3049 (curasse-

1130 188 1462 230 ANNOTATA

1126 306 1192 325 mus
1219 306 1274 326 vos
1295 295 1390 332 coire,
1413 297 1445 326 ia
1473 305 1582 326 caussa
1603 295 1780 332 fuissemus,
1806 301 1841 326 ut

1126 338 1281 377 eoiretis),
1301 338 1340 368 ad
1360 339 1528 370 sedendum
1547 344 1579 369 et
1591 338 1792 378 judicandum
1808 339 1839 368 in

1127 381 1228 411 causis
1244 382 1368 418 nostris,
1384 387 1447 412 tum
1464 381 1522 412 ἀπὸ
1538 384 1594 412 τῶν
1608 379 1681 412 ἰδίων
1694 384 1786 411 κακῶν
1799 384 1841 413 τὰ

1127 426 1181 454 ἀπ.
1204 431 1233 454 λ.
1258 426 1328 454 ἀλλ.
1351 426 1438 455 vobis
1464 435 1580 461 coram,
1604 435 1661 455 nos
1684 425 1840 465 litigantes

1128 468 1252 497 alternis
1268 468 1380 506 probra
1398 468 1550 498 nobismet
1563 473 1669 498 mutuo
1685 469 1840 507 ingerere-

1128 521 1196 540 mus
1211 511 1345 547 infanda,
1359 518 1457 541 sumta
1472 522 1488 541 e
1501 511 1680 542 domesticis
1691 513 1840 550 cujusque

1128 554 1227 588 malis,
1244 554 1368 593 publice
1384 554 1578 594 propalantes
1597 554 1718 584 occulta
1737 556 1841 593 eujus·

1128 607 1187 635 que
1203 597 1366 633 dedecora,
1385 608 1454 637 quae
1469 596 1610 636 inprimis
1624 597 1703 627 clam
1716 607 1840 628 manere

1129 640 1233 670 vellet.

1171 685 1244 714 269.
1270 686 1300 712 1.
1320 681 1399 723 {bvrkp
1418 682 1538 723 τούτων]
1566 692 1624 722 pro
1648 681 1696 713 bis
1718 681 1844 713 civibus

1127 726 1379 761 Atheniensibus,
1395 726 1453 756 hoc
1471 725 1624 764 judicium
1639 725 1840 756 circumstan-

1128 769 1222 804 tibus,
1239 779 1299 809 quo
1309 771 1378 808 jura
1394 780 1497 799 eorum
1513 769 1598 799 salva
1612 769 1754 799 tuereris.

1169 829 1213 834 —
1229 814 1258 843 2.
1280 811 1397 853 ἠδίκουν]
1421 812 1491 842 scil.
1507 811 1619 846 αὐτούς.
1642 812 1668 842 si
1684 822 1745 852 qua
1759 811 1790 842 in
1806 822 1840 842 re

1129 865 1194 891 eos,
1209 855 1286 885 hanc
1301 866 1456 891 coronam,
1468 855 1632 886 laesissem.

1169 915 1213 920 —
1228 901 1259 928 4.
1282 898 1326 937 τῷ·
1346 897 1447 939 χρόνῳ]
1471 898 1639 930 tollendum
1656 897 1789 934 videtur,
1806 904 1839 928 ut

1127 940 1278 970 scholium
1295 941 1434 971 vocabuli
1449 939 1489 982 τῇ
1501 939 1674 982 προθεσμίᾳ.
1710 942 1840 971 Senten-

1127 983 1171 1012 tia
1186 984 1250 1014 baec
1272 989 1335 1014 est:
1360 994 1456 1014 vexas
1473 993 1522 1014 me
1543 983 1696 1022 ejusmodi
1716 994 1839 1014 cansam

1125 1026 1278 1056 forensem
1292 1027 1368 1057 mihi
1383 1027 1483 1062 ciens,
1499 1029 1588 1065 cujus
1609 1026 1693 1057 omni
1714 1036 1840 1065 prorsus

1125 1080 1164 1099 ex
1182 1075 1268 1108 parte
1288 1081 1352 1100 sum
1374 1070 1499 1109 insons3
1520 1080 1627 1100 verum
1642 1069 1842 1106 existimatio,

1125 1112 1273 1152 dignitas,
1297 1114 1377 1143 sama
1400 1113 1478 1152 reip.
1497 1113 1536 1143 ab
1557 1123 1595 1143 ea
1619 1113 1650 1143 in
1673 1112 1838 1143 discrimen

1125 1155 1221 1186 venit.
1237 1155 1310 1195 quia
1324 1156 1482 1195 quaeritur,
1496 1160 1620 1186 rectene
1635 1156 1749 1186 factum
1759 1156 1791 1186 in
1801 1167 1838 1187 eo

1125 1200 1176 1234 sit,
1193 1201 1275 1238 quod
1290 1199 1400 1230 civitas
1415 1209 1465 1229 me
1475 1199 1606 1238 jusserit.
1619 1199 1837 1229 coronandum.

1125 1253 1184 1282 qua
1199 1243 1369 1282 quaestione
1385 1243 1527 1273 discussa
1545 1242 1572 1272 si
1593 1242 1736 1282 patescit,
1758 1242 1839 1272 indi-

1126 1296 1218 1325 gnum
1242 1296 1278 1316 eo
1300 1286 1415 1316 honore
1439 1296 1487 1316 me
1514 1285 1621 1321 fuisse,
1645 1296 1704 1316 una
1727 1285 1839 1315 civitas

1124 1329 1193 1369 ipsa
1207 1339 1329 1368 quoque
1344 1329 1373 1359 in
1384 1329 1533 1369 pudorem
1545 1329 1645 1364 datur,
1656 1333 1688 1358 et
1697 1328 1839 1368 coargui-

1126 1378 1175 1402 tur
1199 1372 1350 1411 judicium
1381 1371 1606 1413 praecipitasse,
1634 1376 1665 1401 et
1693 1371 1838 1411 indignos

1124 1415 1279 1454 praeferre.
1324 1416 1383 1446 Est
1401 1425 1474 1455 ergo
1490 1415 1556 1445 haec
1568 1424 1661 1445 causa
1674 1414 1839 1454 ejusmodi,

1125 1462 1158 1488 ut
1173 1468 1221 1488 me
1235 1468 1364 1497 prorsus
1383 1469 1441 1488 non
1464 1461 1580 1497 tangat,
1602 1457 1714 1488 civitas
1735 1461 1838 1488 autern

1124 1502 1261 1541 effugere
1285 1505 1427 1542 nequeat,
1444 1500 1610 1540 quominus
1635 1499 1839 1531 existimatio-

1124 1554 1191 1574 nem
1208 1545 1247 1575 de
1262 1555 1310 1575 me
1325 1545 1372 1575 vel
1389 1554 1484 1584 super
1496 1554 1546 1574 me
1561 1549 1710 1580 actorum,
1725 1549 1839 1574 utram-

1125 1588 1174 1618 vis
1198 1588 1228 1618 in
1254 1591 1373 1627 partem
1400 1588 1473 1627 plus
1496 1587 1637 1618 minusve
1663 1586 1839 1628 participet,

1123 1631 1203 1670 apud
1221 1630 1298 1661 alios
1308 1630 1484 1670 benignius,
1496 1635 1528 1660 et
1540 1640 1650 1661 rursus
1663 1630 1747 1669 apud
1757 1630 1834 1660 alios

1121 1673 1256 1713 iniquius
1266 1674 1455 1714 judicantes.
1488 1675 1573 1712 Ergo
1587 1673 1730 1704 inimicus
1745 1684 1778 1703 es
1793 1672 1836 1703 ci-

1123 1717 1249 1754 vitatis;
1272 1716 1381 1756 magis,
1395 1727 1484 1757 quam
1501 1727 1597 1747 meus.

1164 1777 1207 1782 -—
1233 1763 1264 1792 9.
1292 1759 1374 1801 ἐμοὶ]
1402 1760 1523 1790 correxi
1553 1757 1632 1800 ἐμός.
1656 1760 1711 1789 sed
1742 1757 1835 1788 velim

1120 1801 1187 1833 εἶναι
1203 1814 1324 1842 quoque
1336 1805 1456 1839 adesse,
1468 1803 1534 1833 sine
1548 1812 1610 1842 quo
1620 1802 1718 1833 oratio
1729 1812 1838 1832 manca

1120 1851 1177 1876 est.
1199 1845 1269 1886 ἐμός
1283 1846 1308 1876 δ’
1320 1845 1388 1878 εἶναι
1402 1846 1552 1888 προσ-ποιῇ.

1162 1908 1206 1914 --
1218 1893 1270 1920 10.
1287 1889 1442 1930 δέδεικται]
1456 1889 1506 1919 hic
1517 1887 1735 1928 proculdubio
1745 1887 1837 1917 deest

1119 1931 1184 1971 πρὶς
1199 1932 1270 1972 ἐμοῦ
1292 1930 1373 1963 αἶσα.
1395 1933 1520 1972 planum
1538 1934 1603 1972 jam
1628 1941 1697 1961 cum
1719 1930 1834 1961 facturn

1120 1976 1161 2005 sit
1169 1976 1322 2011 omnibus,
1331 1975 1510 2006 sententiam
1519 1975 1611 2014 hujus
1619 1984 1720 2006 oausae
1730 1983 1834 2004 veram

1119 2023 1150 2048 et
1160 2020 1275 2057 justam
1291 2030 1309 2050 a
1322 2025 1410 2059 parte
1427 2029 1495 2049 mea
1513 2022 1606 2053 stare,
1621 2017 1652 2047 h.
1669 2027 1698 2046 e.
1711 2023 1835 2055 postea-

1118 2072 1209 2100 quam
1224 2063 1326 2098 docui,
1342 2062 1479 2101 judices,
1499 2061 1525 2091 si
1542 2060 1665 2091 veritati
1680 2065 1772 2098 atque
1783 2060 1834 2099 ju-

1118 2105 1223 2141 stitiae,
1233 2115 1358 2146 suaeque
1369 2103 1511 2143 religioni
1525 2103 1642 2134 servire
1653 2102 1760 2138 velint,
1772 2113 1832 2132 non

1117 2147 1216 2184 aliter,
1240 2158 1329 2187 qnam
1352 2148 1518 2178 secundum
1540 2156 1601 2182 me,
1623 2146 1697 2176 dare
1711 2149 1834 2176 senten-

1117 2190 1190 2221 tiam
1205 2200 1310 2229 posse.

1159 2250 1203 2256 —-
1219 2236 1270 2263 11.
1294 2233 1339 2263 δεῖ
1350 2231 1378 2263 δέ
1393 2233 1450 2274 με]
1473 2242 1534 2262 non
1550 2235 1654 2272 potest
1664 2231 1723 2261 hoc
1737 2229 1766 2261 δὲ
1779 2241 1832 2261 ne-

1116 2284 1175 2313 que
1193 2275 1304 2311 omitti,
1322 2285 1421 2315 neque
1437 2286 1506 2306 cum
1521 2274 1569 2305 καὶ
1583 2274 1776 2309 commutari,
1790 2276 1832 2304 ob

1116 2318 1304 2357 praemissum
1313 2329 1405 2349 versu
1414 2320 1466 2349 10.
1473 2316 1527 2358 μὲν
1533 2317 1584 2348 oui
1590 2317 1765 2357 respondet.
1774 2319 1830 2348 sed

1115 2362 1248 2398 protasis
1264 2362 1367 2391 finitur
1379 2361 1411 2391 in
1424 2361 1494 2392 istis
1503 2370 1595 2392 versu
1606 2362 1659 2391 14.
1667 2360 1830 2400 siwet‘vmpi

1115 2403 1214 2440 αὐτοῦ,
1237 2410 1268 2434 et
1282 2409 1346 2434 tum
1364 2403 1473 2444 incipit
1494 2403 1641 2443 spodosis
1654 2403 1704 2432 καὶ
1719 2403 1750 2434 δὴ
1763 2402 1830 2436 Βού-

1115 2452 1206 2487 λομαι
1223 2446 1323 2486 δεῖξαι.
1337 2457 1405 2478 nam
1418 2448 1464 2478 sie
1475 2447 1550 2477 mihi
1564 2447 1730 2486 legendum
1742 2445 1830 2476 vide·

1114 2494 1173 2519 tur.
1197 2491 1268 2529 quia
1290 2501 1340 2521 me
1365 2490 1456 2521 decet
1478 2491 1664 2523 dedecorum
1686 2490 1755 2527 ejus
1777 2489 1829 2519 vel

1113 2531 1181 2571 ipsa
1195 2533 1262 2563 sola
1276 2533 1431 2573 capitalia,
1446 2543 1514 2573 quae
1528 2532 1595 2564 sine
1605 2541 1767 2571 nequeam,
1782 2532 1830 2561 di·

1113 2586 1203 2606 cere:
1225 2577 1332 2607 fraude
1355 2587 1423 2608 mea
1443 2576 1603 2616 praeterire
1625 2574 1749 2605 silentio
1770 2585 1828 2614 age

1112 2629 1197 2659 ergo,
1219 2619 1347 2650 decrevi
1368 2620 1492 2655 docere,
1507 2618 1559 2649 vel
1578 2623 1741 2658 propterea
1755 2627 1827 2657 pro-

1112 2663 1203 2700 posui
1229 2663 1303 2693 mihi
1329 2673 1409 2694 nuno
1434 2663 1559 2698 docere,
1583 2660 1637 2700 qui
1663 2671 1732 2691 cum
1755 2660 1827 2700 ipse

1111 2710 1204 2741 esset,
1217 2710 1249 2736 et
1261 2716 1277 2736 e
1290 2705 1402 2745 quibus
1418 2710 1560 2736 natus—
1571 2704 1618 2734 sic
1629 2704 1729 2734 nodus
1741 2713 1826 2733 reso-

1110 2748 1195 2779 lutus
1219 2753 1276 2785 est,
1295 2759 1385 2789 quem
1402 2747 1510 2778 nexuit
1525 2749 1739 2786 Hermogenes
1753 2756 1827 2786 pag.

1109 2793 1185 2822 348.
1201 2797 1230 2821 et
1243 2802 1329 2832 paene
1346 2796 1410 2822 tota
1421 2793 1497 2822 349,
1511 2795 1545 2820 et
1559 2794 1623 2820 tota
1635 2791 1703 2828 ejus
1717 2789 1824 2829 dispu-

1109 2835 1185 2864 tatio
1211 2834 1359 2869 concidit,
1382 2834 1493 2864 aientis
1521 2832 1762 2863 Demosthenem
1785 2834 1825 2862 ab

1108 2877 1224 2917 impetu
1244 2877 1414 2908 iracundiae
1432 2877 1606 2916 abreptum,
1629 2875 1660 2906 in
1677 2880 1755 2907 aestu
1770 2875 1825 2906 de-

1109 2921 1328 2956 bacchationis,
1343 2925 1475 2960 coeptam
1498 2918 1646 2950 orationis
1660 2919 1753 2951 telam
1769 2919 1823 2948 de-

1108 2969 1214 2995 texere
1227 2963 1356 2994 oblitum
1372 2974 1450 2993 esse.
1495 2964 1598 2993 Locus
1613 2961 1823 3000 Hermogenis

1107 3006 1158 3037 hic
1175 3011 1222 3037 est
1234 3018 1241 3037 ε
1257 3006 1323 3037 ἔστι
1336 3005 1364 3037 δὲ
1376 3008 1461 3048 παρὰ
1473 3008 1528 3041 τὰς
1542 3003 1746 3047 προειρημέναις
1758 3003 1822 3035 ἑτέ-
