1997 3323
306 185 358 227 lo
677 183 712 225 Ι.
744 183 779 225 Ι.
810 182 1036 226 REISKE
1069 181 1392 224 PRAEFATIO

300 302 368 322 cum
385 291 508 321 sohedae
518 292 582 331 jam
594 291 786 330 typographo
801 290 958 320 tradendae
978 293 1091 325 essent,
1107 289 1246 320 incidens
1259 290 1290 319 in
1306 289 1434 319 alterum
1450 288 1572 328 plenius
1586 288 1763 328 exemplum

301 352 429 373 necesse
447 342 537 372 habui
551 343 614 381 jam
632 346 733 372 actum
751 342 851 372 denuo
866 351 966 380 agere.

346 395 423 424 Haec
439 393 530 424 habui
546 394 585 423 de
611 392 758 423 subsidiis
781 392 923 426 dicenda,
941 391 979 420 ad
1005 391 1244 420 Demosthenem
1267 390 1498 420 illuminandum
1518 389 1714 426 facientibus,
1726 390 1765 420 ab

301 444 446 475 Askewio
462 444 545 475 velut
555 455 591 474 ex
606 444 783 474 liaereditate
796 443 977 482 Taylorana,
992 442 1028 471 ad
1048 452 1095 471 me
1111 441 1192 471 ultra
1207 451 1290 471 mare
1303 441 1418 471 missis.
1443 443 1490 471 De
1502 441 1661 472 codicibus
1671 442 1766 472 Mstis

298 495 426 525 librisve
441 496 572 525 vetustis
591 495 675 536 prelo
692 493 826 529 excusis,
843 494 955 533 quibus
968 503 1027 531 ego
1041 503 1106 523 sum
1124 503 1197 523 usus
1213 493 1250 523 ad
1268 493 1492 533 congerendam
1512 492 1666 523 materiam
1682 492 1766 523 vari-

297 547 411 577 antium
424 547 602 582 lectionum,
614 548 673 586 jam
687 545 757 575 dixi
767 545 827 575 alio
837 546 918 582 loco,
929 556 1027 584 neque
1041 545 1166 575 multum
1180 550 1240 580 est,
1252 545 1336 585 quod
1348 545 1387 575 iis
1401 555 1482 575 nunc
1495 546 1608 575 addere
1618 545 1744 576 habeam
1758 556 1765 574 :

302 609 406 629 verum
424 603 523 629 tamen
540 598 646 638 pant-js
662 596 766 627 verbis
790 598 956 626 recensebo
982 596 1120 636 copiolas
1144 607 1240 631 meas,
1261 601 1296 626 ut
1316 595 1489 635 quicunque
1506 605 1558 626 eas
1575 596 1638 627 cito
1652 597 1765 628 intuitu

301 649 388 679 brevi
403 650 432 679 in
450 650 551 679 areola
569 648 727 688 expositas
743 647 843 678 oculis
858 649 1040 678 collustrare
1056 647 1166 687 possit.
1213 651 1242 678 1.
1267 646 1390 677 Aldinae
1411 647 1518 687 primae
1539 658 1634 688 penes
1654 658 1704 678 me
1719 653 1769 678 est

300 701 415 737 codex,
428 702 478 731 cui
493 701 644 740 Ulpianus
657 704 689 730 et
702 700 931 741 Harpocration
948 711 965 730 a
981 699 1159 740 bibliopego
1172 700 1336 738 adjunctus
1348 702 1408 735 est,
1421 699 1494 729 item
1507 699 1546 729 ab
1557 699 1636 729 Aldo
1647 699 1767 729 editus:

301 752 460 788 volumen,
476 753 558 792 quod
575 752 675 792 magni
693 751 784 787 facio,
801 751 924 791 meique
936 751 1017 790 juris
1034 756 1065 781 et
1080 751 1215 790 mancipi
1236 754 1294 781 est.
1340 753 1369 782 2.
1389 749 1506 780 Aldina
1527 749 1693 789 posterior,
1714 751 1769 780 sed

300 805 432 833 eundem
448 814 568 840 annum,
585 814 674 843 quem
691 803 784 843 prior,
800 803 978 842 praeferens.
1003 802 1157 842 Exempla
1168 803 1235 842 ejus
1249 801 1322 831 olim
1334 801 1494 840 complura
1505 800 1666 841 usurpavi,
1676 801 1769 832 Wei-

301 865 468 891 mamnum,
486 855 736 894 Lessingianum,
752 858 782 884 et
798 854 888 890 illud,
904 855 986 893 qnod
1003 854 1107 893 plures
1125 864 1182 893 per
1203 863 1298 884 annos
1323 863 1420 892 penes
1444 864 1493 883 me
1518 852 1609 883 habui
1624 863 1641 883 e
1655 852 1771 884 biblio-

302 906 391 935 theca
406 910 529 935 senatus
545 905 718 945 Lipsiensis
733 903 944 943 Amplissimi:
967 914 1046 934 nuuc
1062 904 1160 934 habeo
1176 914 1270 944 penes
1283 914 1330 934 me
1346 903 1522 944 exemplum
1535 904 1626 942 illud,
1641 905 1724 944 quod
1739 904 1772 935 in

300 956 416 986 libellis
433 956 616 988 variantium
635 957 775 987 Aldinam
791 955 912 996 Taylori
928 966 1054 995 usurpo.

346 1011 376 1039 3.
402 1008 590 1038 Basileensis
605 1009 727 1048 primae,
745 1008 775 1037 iu
792 1007 880 1044 solio,
896 1018 980 1038 mere
1005 1009 1135 1043 Graecae,
1152 1017 1169 1036 e
1189 1007 1401 1047 typographeo
1425 1005 1599 1047 Herwagii,
1616 1007 1700 1047 qnod
1723 1011 1772 1038 est

300 1062 434 1098 Aldinae,
449 1062 580 1092 fortasse
593 1062 697 1101 paullo
709 1063 910 1099 emendatius,
921 1062 1142 1102 apographum,
1153 1061 1251 1091 habeo
1263 1062 1325 1091 duo
1338 1061 1494 1101 exempla,
1507 1061 1637 1092 alterum
1649 1072 1772 1101 purum,

301 1115 383 1153 quod
400 1119 447 1144 est
463 1114 522 1144 mei
534 1114 627 1155 juris,
643 1125 704 1145 aere
721 1125 789 1144 meo
805 1120 932 1150 emtum,
956 1115 1086 1144 alterum
1111 1114 1149 1143 ab
1169 1113 1317 1144 Askewio
1336 1113 1477 1144 Londino
1499 1114 1538 1143 ad
1556 1123 1605 1143 me
1622 1113 1770 1144 missum:

302 1165 384 1204 quod
401 1164 474 1204 quia
490 1165 632 1204 superius
649 1165 718 1195 loco
735 1175 792 1195 suo
815 1165 970 1206 copiosius
993 1165 1158 1203 designare
1181 1164 1295 1195 oblitus
1319 1175 1398 1200 sum,
1413 1174 1512 1204 pauca
1531 1164 1571 1194 de
1587 1174 1624 1194 eo
1639 1164 1772 1194 dicenda

303 1216 353 1245 hic
377 1221 525 1257 repetam.
570 1217 608 1246 In
632 1216 735 1252 titulo,
759 1216 843 1246 circa
866 1221 999 1246 statuam
1023 1216 1205 1256 tricipitem,
1222 1216 1306 1256 quod
1329 1216 1505 1256 symbolum
1525 1215 1685 1255 Herwagii
1710 1220 1771 1253 est,

301 1267 450 1307 scriptum
463 1268 564 1297 adhuc
579 1268 662 1298 clare
679 1268 792 1307 legitur
807 1269 990 1298 Edovardus
1006 1268 1172 1298 Ravenus:
1197 1273 1231 1298 et.
1253 1268 1456 1307 perobscure,
1472 1278 1540 1298 nam
1561 1268 1688 1298 cultello
1703 1279 1772 1298 ern·-

303 1330 370 1349 sum
387 1324 435 1349 est
454 1319 513 1349 lioo
530 1330 650 1357 nomen,
668 1325 702 1349 ut
725 1320 780 1349 vix
807 1320 935 1360 agnosci
951 1319 1062 1359 possit,
1078 1320 1161 1359 quod
1178 1318 1287 1360 Εῧςικος
1303 1317 1458 1360 Μέλανδρος
1472 1319 1652 1359 suspicabar
1667 1320 1772 1359 legen-

301 1371 375 1400 dum
389 1381 470 1406 esse,
483 1381 589 1401 verum
604 1371 634 1401 in
651 1377 790 1401 extrema
806 1371 891 1401 calce
906 1371 997 1410 hujus
1012 1370 1112 1411 ipsius
1128 1371 1266 1410 exempli
1282 1381 1388 1401 rursus
1402 1371 1484 1401 circa
1497 1375 1628 1401 statuam
1641 1371 1772 1402 Herwa-

303 1421 348 1461 gii
364 1422 529 1462 tricipitem
546 1422 662 1452 Latinis
674 1422 770 1453 literis
786 1423 844 1453 hoc
857 1422 940 1452 idem
953 1433 1062 1453 nomeu
1074 1422 1268 1462 reperiebam
1282 1423 1365 1452 clare
1378 1427 1409 1452 et
1422 1423 1588 1462 perspicue
1599 1427 1771 1460 exaratum,

302 1483 362 1502 non
387 1483 518 1510 erasum,
538 1474 584 1504 sic
605 1473 739 1515 AHenry
756 1474 879 1504 Ailana.
896 1474 927 1503 id
949 1479 1008 1510 est,
1026 1475 1188 1514 Angustus
1205 1474 1361 1504 Henricus
1379 1473 1504 1505 Ailand.
1548 1473 1610 1513 Qui
1634 1474 1772 1504 homines

302 1524 384 1563 nigri
397 1535 434 1554 an
450 1525 510 1554 albi
526 1525 649 1561 fuerint,
666 1525 741 1555 mihi
754 1535 813 1555 non
830 1530 962 1555 constat.
1008 1525 1159 1556 Fortassis
1175 1525 1236 1555 Ed.
1254 1526 1402 1555 Ravenus
1417 1529 1562 1555 annotata
1577 1525 1631 1555 illa
1644 1525 1678 1555 in
1693 1536 1772 1555 mar-

302 1576 424 1617 ginibus
441 1576 530 1617 hujus
546 1577 684 1616 exempli
699 1578 858 1607 exaravit:
876 1578 942 1607 baec
955 1577 1033 1607 enim
1049 1577 1194 1608 ductibus
1204 1576 1375 1613 literarum,
1388 1577 1500 1616 quibus
1514 1576 1544 1606 in
1558 1576 1648 1607 titulo
1662 1587 1772 1607 nomen

303 1640 391 1659 suum
410 1629 557 1659 Ravenus
573 1635 767 1665 exaraverat,
782 1634 853 1659 sunt
871 1630 1027 1661 simillime
1050 1635 1188 1661 exarata·
1233 1631 1307 1670 Ipse
1322 1630 1435 1669 Taylor
1455 1629 1485 1659 in
1502 1640 1619 1660 summo
1634 1630 1773 1669 margine

302 1681 392 1720 hujus
407 1679 488 1710 tituli
511 1680 607 1720 nigris
622 1681 722 1712 literis
745 1692 800 1711 seu
821 1685 989 1712 atramento
1010 1682 1076 1712 haeo
1092 1681 1312 1721 adscripscrat.
1335 1680 1441 1711 Black.
1460 1680 1549 1711 From
1563 1692 1582 1711 a
1597 1680 1676 1723 Copy
1694 1680 1774 1711 Bibl.

304 1730 478 1771 Bodley.A.
496 1735 527 1762 Q.
543 1735 595 1763 20.
609 1734 701 1763 artic.
716 1732 833 1763 Selden.
857 1731 888 1762 in
910 1734 972 1762 imo
994 1738 1098 1763 autem
1117 1733 1221 1763 rubris
1245 1743 1301 1763 seu
1321 1734 1416 1763 rubro
1432 1732 1563 1771 liquore.
1609 1732 1686 1762 Red.
1703 1732 1772 1764 MS.

302 1788 383 1814 notes
397 1785 430 1813 in
445 1795 464 1813 a
482 1783 562 1824 Capy
583 1783 684 1826 qf'this
705 1783 826 1814 Edition
850 1784 911 1814 lent
932 1795 975 1814 me
995 1785 1032 1825 by
1047 1783 1108 1815 Dr.
1121 1784 1276 1820 Barnard,
1294 1783 1380 1814 Dean
1395 1782 1609 1825 ofRochester.
1654 1783 1718 1814 Ubi
1740 1784 1773 1814 in

303 1838 485 1869 variantium
501 1838 672 1868 lectionum
684 1838 800 1868 libellis
821 1839 913 1878 hujus
935 1839 1053 1869 codicis
1074 1839 1262 1871 mentionem
1279 1839 1369 1875 facio,
1384 1839 1429 1869 ibi
1446 1838 1676 1880 Herwagianam
1694 1838 1774 1879 Tay-

304 1890 359 1920 lori
375 1889 448 1926 cito,
469 1890 525 1920 sed
542 1900 612 1920 cum
628 1889 843 1920 distinctione:
870 1901 939 1929 qnae
956 1891 1073 1931 scripta
1088 1901 1106 1920 a
1122 1895 1246 1922 vetusta
1268 1901 1360 1931 manu
1375 1889 1486 1926 renim,
1510 1890 1556 1920 sic
1577 1890 1714 1929 appello,
1727 1900 1773 1921 ve-

303 1947 381 1971 tusta
404 1951 510 1971 manus
532 1942 564 1971 in
581 1941 806 1982 Herwugiana5
827 1942 1006 1973 maluissem
1031 1943 1133 1972 dicere
1150 1941 1312 1972 Eduardus
1327 1941 1467 1972 Ravenus
1482 1943 1514 1972 in
1530 1941 1573 1971 H.
1593 1940 1627 1971 T.
1644 1941 1671 1971 si
1687 1946 1772 1972 certo

303 1992 377 2022 mihi
392 1993 585 2023 constitisset
598 1994 635 2023 ab
649 2004 685 2023 eo
699 1994 759 2023 ista
774 1993 889 2035 scripta
899 1994 994 2024 fuisse
1009 2005 1015 2023 ε
1041 2004 1110 2033 quae
1125 1998 1225 2023 autem
1242 1993 1356 2033 Taylor
1371 1997 1539 2023 atramento
1555 1992 1774 2032 adscripscrat,

303 2055 339 2074 ea
354 2045 478 2084 appello
495 2044 609 2075 Selden.
625 2045 659 2074 in
674 2044 877 2086 Herwagiana
895 2045 1027 2086 Taylori,
1043 2045 1115 2085 quia
1140 2045 1255 2075 dicitur
1276 2044 1330 2075 ille
1345 2045 1425 2075 liber
1441 2055 1459 2074 e
1475 2044 1579 2084 legato
1597 2043 1723 2074 Seldeni
1739 2043 1772 2074 in

303 2096 517 2135 Bodleyanam
538 2096 756 2126 bibliothecam
772 2096 974 2135 pervenisse:
1005 2107 1073 2136 quae
1091 2100 1194 2126 autem
1216 2096 1331 2136 Taylor
1352 2089 1477 2126 rubrica
1498 2094 1720 2134 adscripscrat,
1737 2105 1773 2126 ea

303 2146 425 2186 appello
442 2146 640 2188 Herwagiana
659 2146 780 2187 Taylori
795 2158 810 2177 e
824 2147 1029 2178 Barnardina.
1083 2148 1204 2177 Horum
1228 2148 1376 2176 librorum
1400 2147 1452 2176 ille
1475 2146 1679 2177 Seldenianus
1700 2157 1773 2187 pro-

304 2197 354 2227 cul
377 2196 471 2226 dubio
497 2203 545 2226 est
567 2198 607 2233 is,
629 2208 719 2237 quem
736 2199 886 2237 Taylorus
913 2198 944 2227 in
967 2198 1200 2238 Prolegomenis
1223 2199 1259 2228 ad
1289 2199 1542 2234 Demosthenem,
1561 2197 1594 2228 in
1618 2199 1774 2230 volumine

303 2248 404 2286 primo
430 2247 522 2277 editis
538 2259 569 2288 p.
587 2249 672 2278 xcvi.
689 2259 780 2279 versu
801 2250 852 2280 15.
877 2250 1018 2290 designat
1040 2249 1088 2279 his
1111 2250 1214 2280 verbis
1239 2251 1498 2282 observatiunculoe
1520 2251 1560 2281 ad
1580 2262 1662 2282 oram
1681 2263 1772 2282 exem-

300 2299 395 2338 plaris
412 2298 728 2341 Herwagz'anipriorz's
744 2300 819 2341 [boc
841 2302 929 2337 dicit,
951 2308 1096 2342 respectu
1121 2302 1249 2333 minoris
1272 2304 1303 2333 in
1324 2303 1423 2334 tribus
1445 2304 1650 2334 voluminibus
1672 2304 1703 2335 in
1721 2316 1773 2335 oc-

302 2355 386 2386 tavo,
407 2361 474 2389 qum
497 2356 544 2381 est
569 2352 775 2392 Her-wagiana
797 2354 969 2394 posterior]
994 2356 1026 2384 in
1042 2354 1215 2385 bibliotheca
1232 2355 1417 2396 Bodleyana.
1464 2356 1651 2396 Exemplum
1669 2362 1770 2388 antem

303 2400 547 2440 Herwagiannm
563 2413 580 2432 a
598 2404 766 2440 Barnardo,
783 2405 909 2435 Decano
933 2405 1086 2441 Roffensi,
1111 2416 1180 2435 oum
1202 2406 1335 2446 Tayloro
1351 2407 1620 2443 communicatum,
1643 2418 1712 2438 esse
1727 2408 1774 2438 vi-

303 2452 395 2481 detur
411 2452 454 2486 id.
470 2454 553 2492 quod
569 2454 686 2484 ibidem
707 2455 780 2490 loci,
797 2455 826 2486 in
844 2455 1023 2492 continenti,
1044 2456 1088 2486 sic
1109 2456 1294 2487 describitur
1311 2467 1328 2486 a
1341 2457 1477 2496 Tayloro
1499 2468 1591 2487 versu
1614 2460 1666 2488 18.
1682 2457 1773 2489 Bern-

301 2503 404 2533 Variae
417 2503 578 2534 lectiones.

347 2557 378 2584 4.
402 2555 591 2592 Felicianea,
606 2568 695 2596 qnam
713 2558 901 2598 strasburga
917 2559 954 2588 ad
971 2570 1019 2589 me
1034 2559 1119 2589 misit
1134 2571 1151 2590 e
1166 2560 1336 2590 lectissima
1352 2565 1443 2599 atque
1457 2560 1700 2592 instructissima
1715 2572 1771 2592 sua

303 2605 492 2637 bibliotheca
511 2608 681 2643 Brunkius,
698 2610 750 2639 Vir
766 2609 907 2640 illustris.
954 2612 1023 2641 Hac
1041 2611 1067 2641 si
1083 2611 1176 2641 citius
1190 2613 1308 2651 potitus
1323 2623 1434 2648 essem,
1449 2617 1501 2642 aut
1516 2623 1556 2643 ex
1569 2623 1607 2643 ea
1622 2613 1771 2644 recuden-

304 2657 378 2687 dum
396 2657 487 2687 Dem.
500 2663 615 2689 textum
627 2661 730 2699 operis
743 2661 858 2691 nostris
872 2662 901 2691 in
920 2673 1026 2692 manus
1042 2663 1209 2699 dedissem,
1221 2668 1272 2693 aut
1285 2668 1368 2694 certe
1378 2664 1532 2694 variantes
1545 2665 1612 2703 ejus
1623 2665 1772 2696 lectiones

304 2718 410 2739 omnes
423 2719 512 2748 quarn
528 2709 767 2750 diligentissime
782 2712 853 2741 inde
866 2713 1111 2752 excerpsissem:
1135 2715 1217 2753 quod
1234 2725 1314 2745 nuno
1330 2725 1420 2745 secus
1436 2716 1619 2745 estfactum.
1642 2716 1771 2746 Interim

303 2765 404 2791 tamen
421 2760 504 2791 idem
528 2766 577 2791 est
600 2772 706 2792 rursus
728 2774 850 2803 quoque
868 2765 1096 2804 quodammodo
1121 2766 1254 2796 factum:
1279 2776 1348 2796 nam
1364 2767 1493 2796 antehac
1509 2766 1594 2796 illam
1612 2767 1772 2804 Venetam,

303 2821 372 2849 quae
392 2813 541 2842 decennio
565 2824 653 2853 paene
675 2819 746 2853 post
770 2815 975 2845 Felicianeam
998 2827 1035 2846 ex
1051 2817 1171 2846 officina
1188 2818 1277 2848 Pauli
1300 2818 1431 2847 Manutii
1446 2817 1574 2857 prodiit,
1590 2828 1608 2848 u
1623 2818 1671 2848 Io.
1686 2818 1771 2849 Frid.

301 2862 459 2899 Fischero,
476 2864 516 2894 V.
529 2865 564 2895 C.
582 2865 730 2895 bonarum
748 2866 901 2896 literarum
914 2867 995 2907 apud
1013 2878 1067 2898 nos
1084 2869 1264 2908 Lipsieuses
1282 2870 1460 2899 Professore
1476 2869 1642 2905 industrio,
1653 2879 1770 2900 meeum

303 2915 567 2952 communicatam,
591 2917 774 2957 diligentius
797 2929 1015 2956 excussa-ann
1037 2920 1120 2958 qnod
1143 2931 1259 2950 merum
1279 2925 1327 2950 est
1344 2920 1526 2951 Felicianeae
1549 2923 1771 2961 apographum,

303 2964 363 2995 nisi
379 2967 462 3005 quod
475 2967 641 2999 innumeris
657 2969 778 2999 mendis
794 2971 1030 3011 typographicis
1048 2976 1158 3009 scatet,
1175 2983 1191 3001 a
1208 2972 1379 3011 cujusmodi
1401 2971 1530 3002 faecibus
1547 2972 1721 3004 Felicianea
1734 2974 1771 3004 li-
