1931 3323
317 176 402 219 430

316 284 520 323 scriptoribus
532 294 590 313 non
601 284 738 324 ignotus,
750 284 952 315 Demostheni
965 289 1039 314 tam-

317 339 355 358 en
364 328 454 366 longe
465 327 733 366 frequentissimus
742 326 778 365 3²⁷⁶
787 332 849 358 tuin
861 328 910 358 vis
919 327 1039 358 ironica

319 371 481 410 particulae
494 372 540 408 γὲ,
555 371 594 400 iis
606 371 739 400 maxime
752 371 842 407 locis,
856 372 907 401 uhi
921 371 1038 410 aliquid

317 426 386 444 cum
402 414 624 444 exclamatione
647 418 679 444 et
699 414 764 444 risu
784 415 1038 445 antecedentibus

318 457 524 497 subjicitur32⁷
550 457 684 497 denique
700 457 827 488 aliorum
847 459 1038 497 quorundam

317 503 481 532 verborum
496 501 680 540 dicendique
691 501 890 531 formularum
905 502 1037 542 singula-

318 545 363 574 ris
383 545 523 583 quaedam
544 544 728 584 significatio
752 545 953 575 Demostheni
975 556 1038 586 prae

316 587 432 618 ceteris
449 588 573 623 dilecta,
587 594 621 618 ut
635 587 826 629 ἀφαιρεῖσθαί
844 599 917 623 τινος
931 587 977 618 τὸν
992 588 1038 618 λό-

315 643 363 669 γον
378 630 428 672 (ρ.
440 633 514 663 165.
528 630 598 672 16.)
615 631 637 661 i.
647 642 675 662 e.
690 630 837 672 rqfutare,
854 643 917 673 quae
930 632 1040 671 aliquis

316 675 390 704 dicit
399 674 439 711 32⁹
446 692 488 697 —
495 680 528 704 ut
537 674 764 715 παρακρούεσθαι
776 675 826 716 (p.
840 678 912 706 166.
923 674 972 715 5.)
981 676 1001 704 i.
1010 685 1038 705 e.

317 718 460 756 decipere,
477 719 559 758 quod
577 719 703 747 verbum
718 722 834 755 noster,
851 718 931 748 sicut
948 723 979 748 et
992 717 1039 747 ἐκ·

317 761 429 802 κρούειν,
446 763 485 792 ab
501 761 684 791 athletarum
701 762 820 791 artibus
840 761 983 800 petitum,
1001 762 1039 791 ad

316 805 443 835 fraudes
458 809 561 844 atque,
579 809 612 834 ut
625 804 670 834 ita
685 803 797 842 dicam,
814 804 1038 844 supplantatio-

317 858 373 878 nes
389 852 542 878 oratorum
564 848 643 877 solet
662 849 827 878 transferre
837 859 847 887 3
866 866 910 871 —-
924 852 957 878 ut
976 849 1040 878 διοι-

318 892 375 922 κεῖν
390 891 430 920 τά
441 901 514 925 τινος
530 890 581 932 (p.
596 893 670 921 166.
683 891 732 933 6.)
749 891 771 922 i.
781 903 809 923 e.
823 891 900 922 clam
912 892 1041 932 alicujus

317 945 363 964 res
379 935 458 964 tueri
465 946 475 971 ,-
489 952 532 957 ——
542 941 577 964 ut
589 933 676 974 μηδὲν
689 934 807 966 δεῖσθαι’
819 945 892 970 τινος
905 935 919 977 (
924 943 954 975 p.
966 938 1040 966 168.

320 981 371 1008 132.
389 988 421 1017 p.
432 979 507 1009 169.
520 977 571 1019 7.)
585 978 605 1007 ἰ.
617 988 644 1007 e.
658 978 748 1017 nolle,
759 979 894 1010 recusare
904 980 1039 1019 aliquid,-

318 1038 361 1045 »·-
384 1026 418 1051 ut
439 1021 500 1051 alia
522 1021 618 1051 multa
641 1021 672 1052 in
695 1022 752 1052 hac
776 1023 914 1053 oratione
936 1023 1040 1059 obvia,

316 1075 387 1104 quoe
413 1066 638 1096 Demosthenes
661 1066 773 1096 ceteris
797 1067 827 1097 in
851 1066 1041 1097 orationihus

319 1113 381 1138 tam
397 1110 507 1139 crebro
522 1113 663 1149 usurpat,
676 1110 753 1139 utin
768 1109 838 1140 istis
852 1114 994 1150 tanquam
1011 1111 1041 1140 in

318 1152 516 1191 possessione
538 1162 594 1183 sua
610 1153 753 1183 videatur
771 1153 934 1184 dominari.
978 1154 1041 1184 Sed

317 1195 389 1226 nolo
405 1195 435 1225 in
452 1196 499 1226 his
510 1197 717 1236 congerendis
730 1198 846 1228 multus
862 1208 943 1228 esse.
961 1199 1041 1228 Nam

317 1239 372 1269 alii
389 1245 511 1280 quoque
533 1245 674 1270 oratores
692 1251 729 1271 ea
748 1241 827 1281 ipsa,
842 1240 956 1280 quibus
977 1241 1042 1271 De·

318 1283 495 1314 mosthenes
511 1284 737 1322 delectabatur,
754 1290 785 1315 et
803 1289 972 1325 potuerunt
987 1285 1041 1315 ad-

319 1326 427 1357 hibere
442 1332 475 1357 et
489 1337 703 1368 nonnunquam
718 1328 934 1359 adhibuerunt.
980 1328 1042 1359 Ve<

319 1374 492 1400 rumtamen
504 1372 636 1411 parvula
648 1371 741 1402 etiam
758 1372 824 1402 haec
840 1372 913 1412 styli
926 1372 1042 1402 Demo-

319 1413 452 1444 stheniei
468 1414 602 1454 vestigia
617 1419 759 1455 tanquam
773 1416 804 1446 in
819 1415 978 1446 cumulum
994 1415 1042 1446 vi-

318 1457 432 1487 dentur
447 1459 597 1490 accedere
612 1459 688 1497 illis,
703 1469 772 1500 quae
787 1463 857 1490 ante
875 1459 1043 1500 proposui,

320 1502 523 1541 argumentis.

363 1545 487 1582 Quodsi
499 1545 569 1585 quis
581 1546 718 1585 objiciat,
731 1556 894 1577 occurrere
905 1545 998 1577 etiam
1010 1546 1042 1578 in

318 1588 378 1618 hac
398 1589 548 1626 oratione,
564 1600 633 1629 quae
652 1590 728 1620 alias
748 1591 830 1629 apud
854 1590 1043 1621 Demosthe-

318 1642 387 1662 nem
400 1632 449 1663 vel
465 1633 589 1662 omuino
602 1642 662 1663 non
680 1634 834 1672 legantur,
846 1634 896 1663 vel
909 1644 969 1664 non
984 1634 1043 1664 hac

319 1675 558 1715 significatione,
574 1681 607 1706 ut
622 1675 782 1717 ἐπιμιξίαι,
803 1679 976 1708 commercia
992 1677 1044 1707 ho-

711 174 963 217 WEISKII
999 174 1402 218 DISSERTATIO

1072 285 1187 314 minum
1205 285 1254 325 (p.
1274 287 1346 315 168.
1363 284 1414 326 7.)
1439 288 1471 315 ιιι
1487 283 1643 321 ἐκκόπτειν,
1657 287 1797 326 expellere

1073 328 1124 368 (p.
1142 330 1216 358 166.
1235 332 1263 358 2.
1269 327 1283 368 )
1306 339 1351 358 n‘e
1367 339 1426 367 ego
1450 328 1543 358 miror
1561 329 1650 366 istos,
1666 331 1719 369 qui
1738 341 1794 376 pro

1073 371 1257 401 auctolitate
1279 372 1529 410 pronunciantes,
1552 375 1572 389 “
1586 373 1645 402 hoc
1666 383 1727 403 non·
1747 372 1795 404 es‘t

1074 414 1309 451 Demosthenis,
1324 424 1382 445 non
1399 415 1590 451 Ciceronis,''
1603 416 1796 446 obliviscun-

1073 461 1135 494 tur,
1156 459 1298 497 primum,
1319 469 1408 497 qnam
1430 459 1528 489 multa
1550 458 1597 488 illi
1619 460 1650 489 in
1672 459 1797 500 scriptis

1072 511 1153 531 nunc
1174 502 1347 541 deperditis
1367 512 1531 542 usurpasse
1552 502 1725 539 videantur,
1742 503 1797 533 de-

1072 544 1156 579 inde,
1165 555 1255 584 quam
1265 546 1372 582 multa,
1384 546 1410 575 si
1423 546 1471 576 vel
1481 555 1634 585 uunquam
1645 546 1796 583 dixerint,

1073 589 1234 628 potuerint
1251 593 1350 619 tamen
1367 589 1483 619 dicere.

1117 632 1178 662 Sed
1196 641 1274 662 unus
1290 637 1337 662 est
1353 632 1514 672 loeus‚qui
1529 631 1659 662 Libanio
1670 631 1794 672 quidem

1073 675 1150 704 adeo
1166 676 1324 715 displicet,
1340 681 1373 706 ut
1387 676 1438 707 vel
1461 677 1501 706 ob
1520 676 1600 706 hunc
1616 676 1713 706 solum
1733 676 1796 706 De-

1073 719 1244 749 mosthenis
1270 730 1381 750 nomen
1407 720 1630 750 detrahendum
1662 718 1795 749 orationi

1073 765 1210 791 censeat.
1254 763 1288 792 Is
1312 763 1400 793 locus
1425 764 1475 793 hic
1499 767 1545 793 est
1556 762 1620 814 „(p'
1645 764 1719 793 176.
1744 762 1794 803 4)

1074 804 1134 835 ὅσοι
1156 803 1180 834 δ’
1204 803 1340 836 Ἀθηναῖοι
1366 805 1441 841 όντες
1464 808 1507 845 μὴ
1533 818 1569 847 τῃ
1594 805 1709 846 πατρίδι
1740 807 1797 835 ἄλ-

1074 850 1114 878 λοὶ
1141 846 1293 889 Φιλίππῳ
1317 849 1416 880 εὔνοιαν
1441 839 1632 885 ἐνδείκνυνται,
1656 849 1797 889 ωροσηκει

1074 891 1177 926 αὐτους
1199 891 1247 931 ὑφ’
1266 893 1345 932 ὑμῶν
1366 903 1467 926 κακους
1490 894 1584 926 κακῶς
1607 891 1800 929 ἀπολωλέναι,

1075 935 1151 975 εἶπες
1175 935 1259 974 ὑμεῖς
1282 936 1330 967 τὸν
1349 935 1507 976 ἐγκέφαλον
1527 934 1553 965 ἐν
1573 936 1635 970 τοῖς
1649 936 1801 976 κροτάφοις

1074 979 1125 1008 και
1139 980 1194 1030 ffb
1220 977 1247 1008 ἐν
1268 989 1337 1013 ταις
1360 979 1493 1019 ·πτὲςναις
1517 978 1800 1019 καταπεπατημένον

1074 1023 1197 1062 φορειτε.
1199 1021 1364 1062 ²9—Quae
1381 1023 1408 1053 si
1424 1028 1484 1053 tam
1502 1023 1608 1060 stulta,
1622 1027 1683 1052 tarn
1699 1023 1799 1052 hunli-

1075 1066 1128 1103 lia,
1149 1070 1211 1096 tam
1234 1067 1459 1097 contumeliosa
1484 1072 1601 1102 essent,
1625 1075 1715 1105 quam
1738 1065 1799 1096 iste

1076 1110 1155 1147 vult,
1177 1110 1309 1150 primuni
1332 1120 1391 1140 non
1415 1110 1516 1146 video,
1535 1120 1591 1140 cur
1611 1109 1798 1149 Hegesippo

1076 1153 1183 1192 potius
1203 1154 1389 1190 tribuantur,
1404 1153 1456 1193 qui
1472 1159 1573 1183 tamen
1589 1153 1689 1183 minus
1706 1153 1799 1183 vehe-

1076 1206 1162 1227 mens
1182 1201 1296 1235 orator,
1318 1208 1408 1236 quam
1430 1198 1670 1233 Demosthenes,
1690 1201 1722 1226 et
1742 1196 1800 1226 mi-

1075 1251 1134 1270 nus
1155 1241 1185 1271 in
1208 1241 1340 1271 dicendo
1360 1241 1462 1271 audax
1482 1240 1554 1275 fuit,
1576 1240 1609 1269 id
1628 1240 1709 1278 quod
1730 1239 1799 1279 ipse

1077 1282 1226 1314 Libauius
1242 1283 1405 1323 significat.
1451 1285 1584 1318 Deinde,
1603 1282 1630 1312 si
1651 1283 1725 1313 ferri
1745 1284 1799 1313 illa

1077 1338 1137 1357 non
1159 1333 1301 1367 possent,
1317 1338 1386 1367 quae
1406 1331 1538 1367 possunt
1556 1326 1642 1363 ferri,
1665 1336 1721 1356 cur
1739 1336 1799 1356 non

1075 1380 1177 1411 pauca
1192 1372 1289 1401 verba
1303 1381 1496 1411 expungere,
1513 1374 1547 1401 ut
1562 1370 1686 1400 aliunde
1702 1369 1799 1406 illata,

1076 1415 1248 1451 mallemus,
1261 1424 1351 1455 quam
1366 1415 1543 1445 universam
1558 1413 1730 1444 orationem
1747 1414 1802 1443 da—

1076 1458 1201 1489 mnare?
1232 1459 1294 1488 Sed
1321 1469 1381 1488 non
1405 1458 1452 1488 ita
1480 1463 1538 1488 est.
1585 1457 1724 1487 Primum
1748 1457 1802 1487 illa

1078 1503 1174 1533 verba
1206 1506 1482 1532 commemorantur
1510 1512 1528 1531 a
1562 1501 1739 1531 rhetoribus
1770 1504 1802 1530 et

1078 1546 1286 1585 grammaticis
1302 1545 1448 1585 antiquis,
1464 1545 1514 1576 vel
1534 1544 1599 1574 sine
1616 1544 1802 1574 Demosthe-

1078 1589 1126 1619 nis
1149 1588 1285 1626 nornine,
1309 1594 1343 1619 ut
1367 1600 1384 1619 a
1407 1589 1589 1629 Longino,³⁰
1609 1589 1659 1618 vel
1679 1588 1802 1628 adjecto

1078 1633 1170 1663 etiam
1190 1633 1259 1670 illo,
1275 1638 1309 1663 ut
1329 1634 1368 1663 ab
1388 1631 1554 1663 Eustathio
1576 1631 1625 1674 (v.
1649 1636 1712 1662 not.
1732 1630 1804 1671 14.)

1078 1676 1191 1706 deinde
1220 1687 1280 1707 non
1306 1680 1585 1707 commemorantur
1612 1676 1719 1711 modo,
1746 1674 1803 1704 sed

317 1759 412 1797 πόλει,
426 1761 512 1791 τοῦτο
526 1763 686 1794 πεποιηκὼς
697 1759 839 1799 ἐξήτασαι
852 1772 858 1789 :
876 1760 929 1790 ubi
943 1761 1138 1800 jungendum
1153 1759 1271 1801 δυο-μεν.
1287 1760 1327 1803 τῇ
1337 1759 1438 1797 πόλει,
1454 1760 1577 1791 ποιήσειε
1593 1764 1707 1796 autem,
1724 1770 1805 1799 prm»

319 1808 412 1834 eunte
425 1804 496 1834 cod.
512 1804 592 1843 Aug.
607 1807 651 1840 1.,
668 1804 846 1834 delendum.

362 1849 390 1868 ²¹⁰
404 1858 435 1879 v.
450 1848 508 1877 hac
524 1852 604 1877 orat.
619 1857 650 1886 p.
668 1849 744 1878 169.
761 1847 817 1877 ult.
834 1848 884 1877 τὴν
897 1844 1017 1884 aurasia.
1032 1846 1144 1885 γνώμην
1159 1859 1190 1877 τ.
1206 1846 1326 1888 πρὲσΒ.,
1341 1846 1449 1878 ταύτην
1459 1847 1538 1888 ὑμᾶς
1554 1847 1757 1888 χειροτονῆσαι,
1773 1849 1803 1875 et

319 1902 351 1931 p.
370 1892 444 1921 174.
457 1894 488 1923 8.
503 1889 532 1925 ὃς
546 1890 594 1921 τὸν
607 1890 764 1930 Καςύστιον
778 1912 786 1920 .
804 1912 812 1920 .
829 1912 836 1920 .
856 1913 863 1920 .

881 1891 982 1921 τοῦτον
996 1888 1044 1919 τόν
1062 1889 1147 1928 ἄνδρα
1163 1889 1260 1922 ἐκεῖνος
1275 1890 1347 1919 οὕτω
1362 1889 1471 1931 σφόδρα
1487 1891 1556 1931 ὑμῖν
1571 1890 1705 1923 ἐβούλετο
1720 1889 1803 1931 χαρρἑ

318 1934 450 1965 sao-Emi·
469 1934 510 1964 cf.
528 1944 558 1963 v.
574 1945 603 1964 c.
618 1940 697 1965 orat.
709 1933 738 1963 in
749 1933 914 1972 Aristogit.
930 1935 957 1963 1.
975 1943 1005 1972 p.
1019 1933 1096 1963 775.
1112 1935 1165 1962 10.
1179 1933 1228 1962 ed.
1247 1932 1355 1962 Reisk.
1371 1934 1436 1967 τοὺς
1448 1932 1504 1963 ἐπὶ
1520 1934 1580 1968 τοῖς
1591 1933 1699 1964 ἥκιστα
1714 1933 1806 1966 δεινοῖς

319 1977 519 2030 ὠφληκότας,Ν
515 1977 631 2012 τούτους
652 1976 763 2017 ἀφιέναι
779 1977 829 2007 δεῖ·
845 1982 877 2007 et
891 1981 968 2007 orat.
984 1977 1024 2006 de
1040 1987 1104 2007 cor.
1123 1986 1155 2015 p.
1169 1974 1248 2006 5242.
1261 1976 1293 2006 5.
1309 1976 1322 2005 ὁ
1337 1976 1480 2016 μάλιστα
1494 1978 1654 2017 φυλάττων
1670 1998 1678 2006 .
1695 1999 1702 2006 .
1717 1998 1725 2006 .
1738 2000 1745 2012 ,
1761 1974 1805 2006 οὗ·

317 2033 367 2056 τος
382 2032 515 2061 πεςιποιει
529 2027 612 2061 etc.‚
604 2032 611 2038 ·
628 2021 771 2053 similiter
792 2020 871 2051 ibid.
884 2030 916 2060 p.
933 2022 1009 2052 245.
1025 2022 1055 2051 2.
1072 2024 1104 2050 et
1119 2031 1150 2060 p.
1166 2021 1240 2050 280.
1257 2019 1325 2056 ult„
1342 2023 1373 2049 et
1392 2029 1437 2050 or.
1452 2020 1483 2050 in
1507 2021 1636 2051 Midiam
1654 2022 1729 2051 522.
1748 2023 1801 2051 ΞΟ.

320 2069 353 2095 et
363 2075 464 2128 saepe.

363 2107 469 2139 2⁷vid.
484 2109 542 2138 hac
558 2112 636 2139 orat.
648 2119 680 2148 p.
696 2109 771 2140 173.
789 2111 819 2139 Ξ.
841 2106 950 2148 σφόδρα
967 2118 1000 2146 γε
1017 2106 1152 2141 βούλεται
1167 2117 1234 2141 τους
1241 2104 1385 2139 ’Έλληνας
1398 2104 1561 2147 ἐλευθέρους
1576 2103 1657 2137 εῖναι·
1673 2107 1713 2136 cs.
1731 2106 1807 2136 Phi-

321 2151 514 2193 lipp.111.p

515 2154 619 2183 .128.
632 2156 664 2183 2.
681 2153 732 2182 ed.
749 2151 861 2182 Reisk.
884 2150 974 2181 καλην
988 2161 1021 2189 γε
1037 2151 1059 2180 οἶ
1075 2151 1184 2180 ’πολλοὶ
1202 2150 1397 2189 ἀπειληφασιν
1419 2148 1552 2190 Ὠρειτῶν
1570 2149 1665 2190 χάριν·
1682 2155 1714 2179 et
1725 2155 1804 2180 ora-n

319 2163 600 2236 1Τιιοιρανιῗςεσβρ421.
617 2198 648 2226 1.
663 2194 739 2235 ἄξιόν
751 2206 784 2234 γε
801 2194 848 2237 (οὔ
863 2192 984 2236 yo'up3)
971 2199 999 2225 ὴν
1015 2194 1135 2229 ’,Σόλωνος
1145 2194 1224 2234 αὐτ-ῳ
1211 2193 1424 2234 “yspania-Sat.
1446 2193 1495 2223 Cf.
1510 2197 1541 2223 et
1551 2196 1627 2223 mat.
1639 2193 1677 2222 de
1691 2203 1806 2223 corona

322 2249 355 2279 p.
374 2240 448 2275 25¹7,
467 2242 520 2270 10.
535 2244 568 2269 et
581 2238 640 2268 hac
655 2243 734 2269 orat.
750 2249 782 2278 p.
800 2241 854 2270 83
871 2240 925 2269 326.

363 2282 391 2300 ‘²⁸
406 2282 460 2312 Sic
473 2287 551 2313 orat.
568 2282 706 2321 Philipp.
722 2283 787 2313 ΙΙΙ.
803 2292 834 2322 p.
852 2285 926 2312 114.
945 2283 976 2312 9.
994 2281 1044 2311 ed.
1063 2280 1173 2311 Reisk.
1190 2280 1239 2310 καὶ
1255 2281 1309 2321 γὰρ
1324 2279 1357 2309 ἒιν
1371 2278 1610 2320 ἀβελτερώτατος
1625 2278 1716 2310 ειη..
1736 2302 1743 2309 .
1759 2303 1766 2316 ,
1781 2280 1806 2309 εἰ

320 2337 377 2355 των
390 2325 459 2366 παρ’
483 2326 586 2357 ἑαυτοῦ
600 2325 852 2378 μισθοφορούντων
866 2337 932 2360 τους
947 2324 1046 2363 λόγους
1067 2322 1217 2364 ἀφέλοιτο,
1238 2329 1269 2353 et
1285 2334 1330 2353 or.
1348 2333 1479 2363 παρειαῖς.
1496 2326 1572 2355 447.
1582 2325 1638 2354 ¹15.
1660 2322 1746 2353 ‘taur’
1763 2321 1806 2360 οῗξν

319 2370 483 2411 μαρτύρων,
497 2369 587 2400 ταῦτ’
602 2368 733 2412 ἐλέγχων
747 2369 792 2401 ἐ’τι
812 2370 905 2400 δεῖται
920 2368 1071 2409 μειζόνων·
1063 2390 1071 2405 ,
1094 2366 1182 2397 ταῦτ
1198 2366 1391 2407 ἀφαιρήσεταί
1406 2378 1452 2401 τις
1467 2367 1564 2407 ὑμῶν,
1580 2374 1624 2398 ·-.
1639 2367 1687 2396 In
1683 2367 1806 2397 ceteri's

322 2413 395 2442 nolo
424 2413 549 2444 morari.
596 2412 762 2453 Exemplis
788 2413 816 2444 si
838 2413 908 2452 quis
931 2416 1015 2453 eget,
1045 2411 1092 2442 vel
1120 2410 1391 2466 Reiskiigndices
1414 2410 1536 2451 copiam
1560 2418 1667 2441 eorum
1692 2418 1809 2450 suppo-²

321 2455 480 2487 ditabunt.

367 2499 394 2520 9
408 2499 560 2530 Libanius
577 2510 642 2539 arg.
658 2510 706 2530 or.
722 2499 762 2530 de
778 2499 854 2530 Hal.
863 2510 894 2540 p.
911 2501 986 2530 164.
997 2502 1027 2530 8.
1043 2498 1092 2528 και
1107 2499 1164 2538 μῆν
1179 2496 1272 2529 καὶτὸ
1287 2496 1335 2528 ἔπι
1347 2496 1425 2527 τελει
1441 2496 1524 2539 ῥηθὲν
1535 2497 1564 2528 οὐ
1575 2495 1672 2549 μικρὸν
1686 2495 1799 2548 Jfaprzi-
1807 2511 1810 2514 ·

322 2552 374 2583 ριον
387 2544 439 2572 τοῦ
455 2542 532 2573 νόθον
546 2541 612 2574 ειναι
627 2542 673 2574 τόν
687 2542 777 2582 λόγον·
793 2543 894 2585 ειπερ.
939 2543 1081 2583 ,φορεῖτε
1100 2542 1112 2572 ὃ
1127 2541 1183 2582 μὲν
1198 2544 1253 2582 γὰρ
1272 2540 1459 2583 Δημοσθένης
1478 2540 1554 2571 εἴωθε
1571 2539 1720 2581 παρρησίᾳ
1734 2541 1807 2580 χξῆ-

322 2585 411 2615 σθαι·
436 2587 523 2617 τοῦτο
539 2585 568 2616 δὲ
584 2585 686 2627 ὕβρις’
676 2599 743 2617 εστι
758 2598 806 2617 και
823 2564 942 2627 λοιδοςόα
957 2584 1062 2626 μέτρον
1076 2586 1125 2616 οὐκ
1140 2585 1260 2636 ἔχουσα.
1285 2584 1417 2615 εὐτέλεια
1432 2584 1462 2615 δὲ
1477 2585 1559 2621 αὐτῷ
1574 2584 1642 2614 δεινὴ
1658 2583 1807 2623 ωςόο-εστι

324 2630 406 2660 κατα
419 2641 469 2661 την
483 2628 635 2670 ἑρμηνείαν.
660 2630 727 2670 πρὸς
741 2630 770 2662 δὲ
784 2631 895 2665 τούτοις
909 2629 958 2660 καὶ
979 2628 1079 2664 εὔηθές
1102 2640 1132 2659 τι
1154 2628 1301 2669 νομίζεται
1317 2627 1351 2657 τὸ
1365 2628 1391 2658 ἒν
1410 2624 1471 2662 τοις
1485 2628 1636 2668 κςοταφοις
1645 2625 1728 2668 ’ἔχειν
1742 2627 1809 2660 τοὺς

325 2672 489 2713 ἀνθρώπους
500 2672 549 2704 τὸν
562 2671 730 2713 ἐγκέφαλον.
757 2673 884 2715 (Aliqui
900 2673 992 2704 codd.
1014 2674 1128 2703 habeut
1140 2672 1221 2704 siin&
1235 2671 1269 2702 τὸ
1283 2670 1427 2712 νομίζειν’
1417 2682 1443 2701 εν
1457 2683 1520 2706 τοις
1535 2676 1614 2701 etex
1607 2693 1616 2709 ,
1633 2670 1702 2709 lege
1718 2669 1758 2699 εὖ.
1775 2668 1809 2699 τὸ

324 2715 446 2757 νομιζειν
461 2718 537 2754 τινα,
552 2715 578 2747 ἓν
592 2727 653 2750 τοις
668 2722 741 2753 εἶα,
757 2722 790 2748 ut
806 2721 923 2757 pateat,
937 2717 1018 2748 unde
1034 2717 1118 2747 istud
1132 2714 1280 2757 νομίζεται
1296 2728 1329 2745 το
1346 2715 1387 2745 sit
1403 2719 1512 2746 ortum.
1517 2713 1532 2755 )

367 2758 395 2780 ³⁰
410 2761 570 2800 Longinus
586 2760 647 2802 περι
666 2759 753 2798 ὕψους
774 2762 824 2791 ed.
844 2762 927 2792 Mori
946 2772 979 2801 p.
995 2764 1070 2792 010.
1088 2762 1118 2791 in
1133 2761 1237 2799 eapite
1254 2770 1314 2800 nega
1329 2756 1497 2798 ὑπερέολῶν,
1516 2756 1586 2787 init.
1607 2757 1624 2775 ³*
1641 2755 1660 2774 θ
1676 2767 1741 2786 στοι
1756 2755 1806 2786 καὶ

324 2803 354 2833 αἱ
371 2814 516 2834 τοιαυται
531 2804 555 2835 εἶ
575 2806 618 2843 μὴ
644 2802 691 2835 τὸν
708 2802 867 2844 εγκεφαλον
890 2804 916 2834 ἐν
938 2805 1005 2839 ταῖς
1030 2803 1171 2845 πτέρναις
1174 2800 1468 2852 καταπεπατημένον
1487 2801 1608 2842 φορεῖτε,
1625 2809 1694 2840 quae
1713 2800 1811 2830 veiha

323 2847 445 2877 Tollius
459 2847 540 2887 (suae
556 2847 605 2877 ed.
622 2857 653 2886 p.
669 2849 742 2878 5202.
749 2846 763 2888 )
782 2849 823 2877 ita
836 2848 947 2878 veitit:
966 2848 1023 2878 Sed
1038 2853 1065 2878 et
1079 2849 1139 2878 illae
1154 2843 1366 2887 sifpapewiculo
1379 2847 1514 2885 pooxz'mcc
1531 2848 1600 2874 sunt
1616 2847 1676 2873 etc.
1706 2844 1805 2872 humo

326 2889 368 2920 sit
385 2891 560 2930 supplenda
576 2895 624 2922 est
640 2891 768 2921 lacuna:
794 2891 915 2921 &mawron
932 2891 979 2921 κοιι
996 2897 1055 2921 etc
1105 2893 1164 2921 Per
1179 2895 1276 2920 totuin
1294 2890 1374 2920 enim
1393 2893 1486 2927 caput
1501 2889 1559 2917 hoc
1575 2888 1681 2921 docet,
1698 2885 1807 2916 ωίστιν

325 2934 356 2963 in
373 2934 555 2974 hyperbolis
571 2944 640 2965 esse
653 2935 861 2974 quaerendum,
879 2936 929 2974 sug
927 2935 1055 2964 iczndnn
1074 2933 1225 2965 ἀπιστίαν.
1271 2935 1451 2982 Quanquam
1468 2931 1563 2970 igitur
1582 2931 1743 2969 Longinus
1756 2930 1805 2959 di-

325 2981 407 3007 «tum
424 2978 507 3008 istud
528 2988 588 3008 non
605 2978 744 3009 videatur
761 2979 905 3020 probare,
924 2984 1023 3009 tamen
1045 2978 1117 3010 inde
1137 2977 1318 3017 neutiquam
1341 2975 1492 3017 sequitur,
1513 2973 1732 3006 Demosthenis
1752 2972 1804 3003 illa

324 3031 394 3052 esse
410 3031 480 3053 eum
496 3031 555 3053 non
571 3025 709 3062 putasse.
