1931 3322
460 197 542 238 AD
576 197 751 239 ORAT.
786 198 869 239 DE
902 198 1267 242 SYMMORIIS.

132 309 193 338 tur,
209 313 267 333 nec
281 302 339 332 nisi
354 303 515 333 manifesta
526 304 677 334 sententia
690 305 757 343 quis
768 305 845 334 alins

126 345 294 375 indicetur.
337 345 390 374 Sic
419 351 467 375 est
482 347 563 384 apud
588 347 758 376 Diodorum
779 348 844 377 Sic.

126 388 228 418 XVI.
241 390 297 418 75.
310 389 360 421 τῆς
381 390 436 427 γὰρ
459 390 508 418 τοῦ
522 387 663 422 ἔασιλέως
685 389 844 430 (Philippi

130 430 330 470 Macedonis)
354 430 496 468 αυξησεως
519 431 737 470 διαβεβοημένης
763 435 843 462 κατὰ

129 474 180 504 τὴν
201 472 312 508 Ἀσίαν,
335 473 347 502 ὁ
369 473 507 507 Βασιλεὺς
529 474 725 513 (Persarum)
741 475 843 514 ὑφορώ-

127 526 211 556 μενος
223 517 272 546 ‘riv
285 516 334 544 τοῦ
351 515 494 545 Φιλίππου
505 516 629 555 δύναμιν.
640 521 670 545 et
684 518 795 546 xvn.
811 521 842 547 4.

128 563 340 598 permutantur
350 557 528 599 Ἀλέξανδρος
539 559 594 588 εῑὸ
610 558 761 592 ἓασιλεύςε
786 560 841 588 sed

126 601 192 631 illic
207 601 340 631 narratio
356 611 392 630 ea
407 605 466 636 est,
487 607 521 630 ut
536 601 732 639 perspicuum
748 600 787 630 sit
803 603 842 631 ad

127 645 260 673 eundem
276 644 373 673 virum
389 644 456 672 haee
469 643 589 672 referri.
636 643 788 673 Caeterum
812 645 840 673 h.

126 687 333 721 l.monemus‚
359 695 505 723 regnasse
529 685 559 714 in
587 685 729 721 Perside,
749 696 839 724 quum

127 729 235 759 Oratio
247 728 309 768 πεςὶ
325 729 494 767 Συμμοριῶν
509 727 611 757 habita
627 733 688 764 est,
705 729 838 765 Ochum,

127 772 179 802 cui
202 780 369 810 cognomen
393 771 451 799 suit
473 771 672 800 Artaxerxis.
717 772 840 801 Tertius

124 814 184 844 fuit
197 824 253 844 rex
267 813 313 842 ita
325 813 439 848 dictus,
457 813 537 842 unde
554 823 622 842 enm
633 815 840 844 Artaxerxem

123 858 191 887 111.
219 855 409 895 nuncupavit
433 857 595 885 Heerenns
615 856 644 885 in
664 857 840 887 Euchiridio

123 900 162 930 ad
170 899 348 929 discendam
356 898 440 928 Hist.
452 899 523 928 Ant.
534 899 840 940 conscripto(Haml-

125 942 196 973 boek
217 942 270 971 der
287 941 321 971 O.
342 940 397 979 G.)
418 951 450 979 p.
468 943 542 971 115.
569 943 724 979 quomodo
749 944 839 972 etiam

127 992 176 1015 est
197 985 280 1023 apud
301 984 459 1014 AElianum
477 984 515 1013 V.
533 984 576 1013 H.
597 983 780 1024 Ἀρταξέρξην
795 985 842 1015 τὸν

124 1028 173 1067 2⁶²²
191 1026 289 1068 ‘'wa
305 1024 506 1064 ἐπικληθέντα.
553 1026 709 1065 Regnavit
725 1028 773 1056 hic
788 1039 840 1057 an-

122 1081 180 1101 nos
201 1072 252 1100 23.
279 1070 316 1099 ab
340 1069 465 1109 Olymp.
483 1069 566 1099 CIV.
593 1071 624 1098 3.
651 1071 688 1099 ad
711 1070 838 1109 Olymp.

123 1114 216 1144 CIX.
226 1111 332 1143 1.Vid.
344 1112 542 1142 Diodor.Sio.
552 1111 629 1141 XV.
640 1115 692 1144 93.
706 1113 837 1144 XVIII.

126 1159 157 1187 5.
202 1157 302 1194 Supra
317 1155 356 1185 de
369 1165 406 1185 eo
423 1155 596 1185 monuimus
611 1155 642 1184 in
666 1156 839 1186 Introduct.

123 1211 155 1238 p.
180 1200 256 1229 ¹723.
271 1197 399 1238 -Πρός
433 1198 485 1228 hic
511 1197 666 1237 significat
692 1206 837 1237 respectu,

121 1243 199 1282 quod
211 1242 339 1280 pertinet
352 1241 403 1277 ud,
433 1245 469 1270 ut
483 1251 578 1279 saepe.
613 1241 662 1270 Cf.
695 1242 838 1271 Matthiae

125 1285 145 1315 1.
175 1285 196 1314 l.
223 1294 254 1323 p.
275 1285 349 1313 196.
373 1284 413 1313 V.
435 1283 570 1323 Diogen.
590 1283 760 1314 Laert.VI.
784 1287 836 1316 42.

123 1328 399 1358 Amensroonn‘r.

164 1387 208 1393 —
224 1372 275 1401 13.
290 1369 371 1399 κοινὸν
393 1367 505 1410 ἐχθρὸν]
529 1371 680 1399 Isocrates
696 1371 782 1407 Orat.
797 1371 834 1400 ad

122 1413 260 1451 Philipp.
289 1422 321 1451 p.
346 1414 418 1442 167.
440 1412 463 1441 εἲ
490 1411 545 1451 μέν
565 1425 611 1447 τις
625 1413 706 1451 φαίη,
730 1413 776 1442 τὸν
787 1425 838 1447 της

125 1454 225 1489 Ἀσίας
239 1453 368 1488 βασιλέα.
379 1452 582 1488 τοῖς-Ἓλλησιν
590 1454 779 1488 ἐπιβουλεύειν
786 1456 835 1486 καῖ

121 1497 396 1539 παρασκευάζεσθαι
410 1498 573 1536 στρατεύειν
587 1497 634 1537 ἐφ’
657 1499 746 1536 ἡμᾶς,
764 1498 837 1528 οὐδὲν

119 1542 154 1571 ἂν
177 1541 253 1579 λέγοι
284 1540 346 1580 πεςῖ
375 1541 463 1570 αὐτοῦ
491 1541 607 1578 φαῦλον.
641 1546 673 1570 et
696 1541 835 1571 vicissim

124 1585 255 1614 Panath.
282 1594 314 1622 p.
344 1585 418 1614 438.
445 1582 512 1612 init.
541 1583 678 1613 meminit
707 1585 833 1614 Graeco-

120 1637 188 1657 rum
205 1628 292 1659 κοινῆς
303 1627 355 1659 τῆς
372 1624 477 1666 ἐ’χθςας
497 1626 681 1667 ὑπαρχούσης
695 1629 747 1660 τῆς
770 1627 836 1666 πςός

121 1671 186 1704 τοὺς
222 1669 378 1710 βαξβάρους
406 1667 456 1698 καὶ
482 1670 547 1702 τοὺς
567 1668 710 1702 βασιλέας
731 1669 833 1700 αὐτῶν.

119 1713 228 1743 lnam.

168 1773 211 1778 ——
228 1757 281 1785 14.
296 1755 412 1795 ταυτα]
435 1756 493 1785 Διὰ
510 1756 619 1791 ταῦτα,
633 1761 749 1795 propter
764 1755 834 1791 haec,

120 1809 182 1838 quae
209 1798 289 1828 diri:
311 1797 356 1827 δ’τι
381 1797 464 1831 κοινὸς
489 1797 593 1840 ἐχθρὸς
622 1799 757 1828 ἁπάντων
781 1802 837 1828 τῶν

120 1840 258 1871 Ἐλλήνων
281 1838 380 1871 ἐστίν.
414 1841 550 1877 Facilior
573 1842 709 1880 quidem,
735 1852 834 1881 neque

119 1888 219 1914 tamen
249 1883 282 1913 in
319 1887 436 1913 textum
463 1883 640 1922 recipienda
670 1889 718 1913 est
741 1885 835 1914 lectio

119 1927 209 1957 unius
223 1926 300 1956 cod.
317 1925 419 1955 Paris.
434 1929 464 1956 2.
481 1925 526 1956 διὰ
539 1928 634 1956 τοῦτο.
664 1927 726 1956 Sed
740 1929 834 1957 abun-

120 1972 194 2000 dant
221 1969 364 2008 exempla
385 1968 576 2008 pronominis
599 1970 833 2000 demonstrativi

119 2012 260 2052 pluralis,
283 2012 364 2051 quod
393 2012 429 2041 ad
460 2021 551 2041 unam
580 2022 644 2042 rem
674 2013 833 2043 referatur.

118 2057 398 2086 Ansnsroonnr.
441 2055 686 2084 Amerssoordtio
703 2057 833 2086 assenti-

119 2102 169 2128 tur
183 2098 392 2128 Boissonadus
407 2097 446 2127 ad
461 2098 639 2128 Aristaenet.
655 2108 688 2137 p.
702 2100 777 2129 436.
794 2099 833 2129 V.

120 2145 188 2171 not.
204 2142 285 2180 adp.
304 2143 355 2171 18.
365 2142 417 2170 91.
441 2140 638 2171 SCHAEFER.

161 2183 296 2213 ——ibid.
315 2182 423 2223 μόνοις]
455 2183 554 2213 Recte
582 2183 715 2214 Wolfius
740 2183 834 2214 inter-

119 2231 258 2266 pretatur
285 2225 391 2266 μόνοις,
413 2226 434 2255 i.
460 2236 488 2255 e.
508 2226 674 2266 μονωθεῖσι.
722 2227 833 2257 Rarior

118 2269 171 2300 hic
186 2279 261 2299 usus
260 2268 420 2321 adjectivi
437 2267 527 2307 μόνος.
562 2269 732 2308 Sophocles
745 2270 833 2308 Ajac.

118 2314 195 2343 511.
225 2324 276 2342 σου
288 2328 332 2339 .--
345 2310 437 2351 μὸνος.
473 2311 576 2342 Scliol.
614 2312 832 2353 κεχωξισμὲνος.

118 2357 223 2386 loen.

160 2415 204 2421 —
219 2399 272 2428 15.
287 2396 413 2437 πόλεμον
426 2397 615 2438 -ἅςασθαι]
640 2399 730 2428 Hane
743 2399 833 2437 phra-

118 2441 165 2472 sin
181 2451 249 2470 cum
265 2440 418 2470 similibus
435 2441 565 2470 contulit
579 2442 676 2472 Andr.
693 2441 832 2472 Dnnaens

118 2484 157 2514 ad
173 2485 262 2513 Orat.
276 2483 479 2513 Demosthen.
495 2484 534 2513 de
551 2484 633 2514 Pace
649 2495 680 2523 p.
692 2486 768 2515 375.
783 2485 832 2515 ed.

118 2528 224 2557 Nostr.
246 2526 524 2557 Amnnsroonnr.

159 2587 204 2593 -—-
221 2571 272 2600 18.
302 2569 350 2610 δὴ]
388 2569 482 2608 Vulg.
512 2568 550 2598 δέ.
578 2569 678 2599 Recte
693 2570 734 2606 δὴ,
750 2572 831 2609 jam.

120 2614 319 2643 Suum-:rnn-

161 2673 205 2678 -—
221 2657 274 2686 19.
296 2653 566 2695 παςοισιιευίιζεσθαιι
593 2654 631 2696 δ’]
656 2655 744 2685 Idem
761 2666 834 2686 con-

119 2698 223 2729 silium
237 2698 326 2728 dedit
341 2697 483 2749 Philipp.
497 2698 524 2727 I.
537 2707 569 2736 p.
587 2700 640 2728 51.
655 2699 704 2728 13.
722 2699 764 2728 δει
770 2710 836 2733 τους
867 2732 870 2736 .

119 2740 200 2782 ὀρθῶς
220 2739 342 2780 πολέμῳ
357 2751 518 2781 χρωμενους
533 2741 580 2770 οὐκ
596 2740 762 2771 ἀκολουθεῖν
776 2742 837 2775 τοῖς

121 2785 306 2825 πράγμασιν,
321 2782 391 2813 ἀλλ’
407 2784 508 2816 αὐτοὺς
521 2782 687 2822 ἔμπροσθεν
702 2783 770 2814 εἶναι
782 2787 838 2814 τῶν

121 2828 306 2867 πραγμάτων
320 2836 349 2856 ιι.
364 2838 394 2856 τ.
412 2832 442 2855 λ.
467 2827 744 2857 Amensroonnr.

164 2888 208 2893 —
221 2872 275 2901 20.
289 2868 366 2900 ‘reue'
394 2867 559 2900 ὑποκεῖσθαι
583 2869 621 2910 ⁷37
635 2870 746 2910 γνώμη]
773 2871 837 2900 Ite-

123 2923 193 2943 rum
216 2912 410 2943 referendum
433 2913 473 2943 ad
497 2902 721 2952 praecedentia:
747 2923 840 2954 παρα.-

129 2954 364 2996 σιιευάζεσδαι“
348 2968 368 2984 οι
383 2955 514 2995 neoc-{met
536 2955 645 2986 πάντα.

1510 199 1589 242 451

872 304 973 344 fixum
987 308 1076 335 menti
1094 317 1149 336 esse
1174 314 1313 346 tanquam
1337 307 1443 335 scitum
1465 310 1591 335 certum-

882 357 954 386 que:
978 348 1053 377 satis
1076 350 1215 387 profecto
1240 350 1381 384 verbose,
1398 349 1450 378 sed
1465 348 1592 383 melius,

882 389 1259 428 quamWolfius.1nms.

923 449 965 454 -—
983 433 1039 460 ult.
1066 444 1235 474 συμμαχν,
1211 434 1293 474 ’σειν]
1318 434 1527 474 Συμμαχνσαι
1560 437 1592 462 el.

877 484 950 503 mox
974 473 1050 514 ἔχειν
1067 478 1175 514 probat
1198 477 1343 506 Bremius
1367 478 1403 505 ad
1420 477 1521 514 p.13.
1538 477 1591 506 16.

877 516 927 546 ed.
947 516 1054 546 Reisk.
1082 527 1130 547 me
1156 518 1280 556 quidem
1305 529 1362 548 non
1389 518 1590 548 assentiente.

877 558 1074 589 Sensssrnn.

922 601 959 631 P.
983 604 1056 632 284.
1081 604 1111 630 4.
1144 601 1275 642 ἐπισχὼν
1300 601 1337 632 ὦν
1367 602 1504 642 ὥρμηκεν]
1540 601 1590 631 *Ar

877 644 1056 674 Bekkerum
1075 649 1150 683 puto
1170 651 1253 674 recte
1277 645 1443 675 delevisse.
1489 647 1589 674 Locu-

876 687 988 715 tionem
1008 687 1155 717 Reiskius
1172 687 1248 717 satis
1259 698 1391 726 operose
1407 688 1590 726 interpreta-

876 733 934 758 tur.
982 730 1039 760 Est
1054 731 1133 759 enim
1161 730 1299 768 vulgaris
1325 730 1479 761 attractio,
1500 740 1590 768 quam

876 772 922 801 sic
938 774 1092 802 resolvas:
1117 771 1248 813 ἐπισχὼν
1274 772 1391 807 τούτων,
1417 772 1436 801 ἃ
1456 773 1593 811 ὥρμηκεν.

876 815 993 844 Fodem
1020 816 1113 844 modo
1137 817 1363 845 resolvendum.
1378 826 1408 854 p.
1427 818 1522 845 1421.
1539 816 1591 845 25.

876 858 924 886 ed.
940 858 1048 888 Reisk.
1072 857 1119 887 ἐὰν
1136 857 1191 897 μὲν
1205 856 1340 898 ὄςθότεξον
1352 858 1424 898 φανῇ
1442 869 1488 891 τις
1503 855 1591 894 λέγων

875 903 912 928 ὠν
939 900 1021 937 ὑμεῖς
1047 901 1211 939 ὡξμήκοιτε.
1256 900 1470 951 Frequentius
1501 910 1591 938 quani

874 942 961 981 ὀρμᾷν
976 943 1048 983 (i.q
1054 942 1228 982 ,ὂξμαίνειὴ
1239 954 1281 979 τι,
1292 941 1427 972 dicitur’
1418 942 1533 983 επὲχειν
1547 953 1593 971 τι-

874 985 925 1018 νός.
970 985 1195 1024 Aristophanes
1211 987 1270 1015 Av.
1286 988 1382 1016 1192.
1408 986 1504 1015 Dind.
1529 983 1593 1014 ἐπί-

874 1038 948 1068 σχες
960 1029 1010 1057 τοῦ
1027 1028 1137 1067 δρόμου.
1182 1028 1295 1058 Active
1319 1029 1543 1058 Demosthenes
1559 1038 1591 1066 p.

874 1073 947 1101 505.
958 1075 1019 1104 16.
1036 1070 1073 1104 οἷς
1088 1069 1219 1109 μάλιστ’
1234 1071 1267 1100 ἂν
1280 1082 1359 1104 τινας
1372 1070 1442 1108 οἴετο
1457 1069 1592 1111 ἐπισχεῖν

873 1114 923 1142 τοῦ
935 1113 1060 1147 τοιοῦτόν
1073 1126 1104 1143 τι
1120 1115 1218 1144 ποιεῖν.
1244 1124 1277 1152 p.
1290 1117 1384 1144 1128.
1398 1116 1449 1143 16.
1472 1113 1589 1146 τούτους

873 1157 925 1189 τῆς
954 1156 1026 1194 ἄγαν
1056 1155 1205 1190 κολακείας
1232 1155 1423 1197 ἐπισχήσετε.
1454 1156 1533 1185 Add.
1558 1167 1588 1196 p.

874 1200 947 1228 131.
961 1202 1012 1230 15.
1035 1201 1140 1230 IDEM.

915 1259 958 1264 --
974 1245 1004 1272 6.
1028 1244 1093 1275 τοὺς
1117 1241 1198 1277 ἰδίους
1223 1242 1382 1284 πολέμους]
1411 1243 1587 1271 Graecorum

873 1285 1054 1315 dementiam
1082 1286 1113 1315 in
1138 1285 1333 1325 implorando
1349 1287 1516 1315 Persarum
1531 1294 1590 1323 ope

872 1328 909 1357 ad
927 1328 1073 1358 intestina
1098 1329 1177 1358 bella
1192 1330 1367 1359 renovanda
1387 1327 1588 1366 conspicuam

866 1371 944 1401 ritem
961 1371 1093 1409 castiget
1109 1373 1266 1402 Isocrates
1294 1372 1412 1410 Paneg.
1430 1381 1458 1400 c.
1473 1372 1525 1401 34.
1543 1370 1591 1399 οὐκ

871 1412 898 1442 ἓν
912 1414 972 1447 τοῖς
987 1413 1126 1453 πολέμοις
1141 1416 1201 1447 τοῖς
1214 1425 1284 1453 πξος
1299 1415 1442 1447 ἀλληλους
1458 1411 1485 1442 ἓν
1499 1411 1590 1451 ἐκείνῳ

869 1456 1053 1509 (Persarum
1073 1457 1164 1497 rege)
1189 1459 1245 1491 τὰς
1267 1456 1389 1490 ἐλπίδας
1411 1456 1518 1496 ἔχομεν
1538 1466 1592 1488 της

871 1511 1023 1539 σωτηξιιις,
1042 1512 1069 1534 ος
1081 1499 1260 1540 ἀμφοτέρους
1276 1502 1355 1540 ἡμᾶς
1370 1498 1482 1532 zetam*
1470 1509 1503 1527 αν
1518 1499 1590 1527 ἀπο

870 1541 986 1572 λέσειεν.
1007 1544 1286 1574 ΑΜΕιιει-Ὄοιιῡτ.

913 1602 956 1607 —-
970 1588 1003 1615 7.
1019 1585 1290 1627 ἐπανοςῧώσασθιιι]
1316 1586 1400 1616 Hinc
1416 1590 1513 1624 patet,
1527 1594 1588 1613 non

871 1628 984 1667 ubique
1011 1639 1112 1658 veram
1139 1640 1209 1659 esse
1236 1629 1474 1663 distinctionem,
1499 1637 1588 1665 quam

870 1670 922 1700 dat
950 1673 1150 1701 Herodianus
1174 1672 1289 1702 Philet.
1311 1671 1451 1711 (additus
1468 1681 1485 1700 a
1500 1670 1589 1700 Pier-

870 1723 944 1743 sono
961 1715 1104 1744 Moeridis
1120 1714 1267 1755 editioni)
1291 1726 1324 1754 p.
1339 1716 1415 1744 469.
1437 1713 1571 1751 nan-opera:

869 1767 920 1785 &ab
936 1757 985 1787 ξπί
1001 1756 1132 1796 πολεμου
1153 1769 1201 1786 καί
1225 1760 1280 1787 ’Τῶῗ
1302 1757 1443 1787 Τοιούτων.
1457 1754 1587 1785 -ἐπᾱ-

868 1798 1005 1838 νορθῶσαι
1021 1799 1074 1829 δὲ’
1064 1811 1111 1830 επι
1128 1800 1230 1838 λόγων.
1276 1800 1348 1830 Alia
1363 1800 1443 1835 loca,
1460 1809 1528 1838 quae
1545 1799 1587 1828 si-

869 1843 983 1872 militer
996 1843 1110 1872 faciunt
1126 1848 1232 1873 contra
1256 1842 1482 1877 Herodianum,
1501 1841 1590 1871 dabit

869 1885 970 1914 Index
985 1885 1096 1915 Reisk.
1134 1887 1181 1916 Cf.
1208 1887 1335 1915 lsocrat.
1355 1886 1472 1923 Areop.
1501 1895 1530 1913 c.
1555 1885 1588 1914 5.

870 1927 928 1957 οἰδέ
945 1929 1126 1966 σκοποῦμεν,
1153 1927 1227 1961 ὅπως
1243 1926 1471 1968 ἐπανορθώσομεν
1487 1927 1586 1957 αὐτήν.

869 1971 920 1999 Ex
935 1971 1092 2009 praecedd.
1109 1971 1353 2001 subaudiendum
1377 1975 1424 2001 est
1438 1972 1487 2001 τῆν
1501 1976 1586 1999 πολι-

869 2012 946 2043 τείαν
961 2013 1174 2054 διεφθαρμένην.
1203 2014 1369 2044 AEschines
1386 2025 1415 2043 c.
1430 2013 1586 2042 Timarch.

869 2058 967 2094 p.⁰20.
983 2057 1004 2086 f.
1019 2057 1048 2086 αἱ
1065 2056 1118 2095 γαὶρ
1135 2056 1229 2086 idme*
1216 2056 1324 2097 εχωξαι
1336 2058 1435 2087 πολλὰ
1444 2057 1518 2086 πάνυ
1532 2057 1588 2084 τῶν

867 2101 960 2128 κακῶν
972 2097 1171 2138 ἐπανοςθοῦσι.
1187 2100 1416 2129 Demosthenes
1427 2100 1466 2129 de
1480 2098 1585 2128 Rhod.

869 2142 972 2172 libert.
1000 2153 1030 2180 p.
1049 2145 1131 2173 200.
1141 2145 1194 2174 23.
1232 2140 1468 2182 ἐπανορθώσεταί
1488 2153 1534 2176 τις
1566 2141 1585 2169 ἃ

867 2186 908 2214 νῦν
920 2196 968 2214 ουκ
991 2184 1073 2225 ὄςθῶς
1096 2184 1169 2227 ἔχει.
1212 2185 1285 2215 vid.
1306 2191 1336 2215 et
1349 2186 1463 2215 AEliau.
1483 2185 1521 2214 V.
1540 2184 1584 2213 H.

867 2229 931 2258 111.
959 2230 1010 2257 17.
1036 2228 1130 2258 XIV.
1157 2231 1206 2259 13.
1254 2230 1406 2258 Caeterurn
1432 2229 1470 2258 de
1498 2227 1585 2256 vario

868 2281 926 2300 usu
939 2260 1027 2300 verbi
1043 2270 1198 2310 κατοξθοῦν
1221 2271 1262 2301 cf.
1285 2271 1446 2301 Sallierius
1468 2270 1583 2308 aliique

868 2314 1058 2352 Interpretes
1073 2315 1112 2344 ad
1125 2315 1272 2344 Thomam
1288 2315 1373 2354 Mag.
1389 2315 1419 2344 in
1437 2325 1466 2343 v.
1481 2324 1585 2352 κατορ-

869 2356 976 2387 θῶσαι.
1000 2358 1108 2388 ῙοΕΜ.

911 2417 955 2422 -
966 2400 1043 2430 ibid.
1056 2401 1105 2430 καὶ
1123 2401 1219 2430 τοῦτον
1236 2400 1282 2429 τὸν
1295 2401 1350 2429 νοῦν
1366 2398 1492 2440 ἔχοντες]
1507 2398 1584 2427 vnt-

869 2447 968 2481 gutam
983 2443 1058 2472 satis
1073 2443 1213 2473 defendit
1225 2444 1306 2482 quod
1319 2444 1456 2482 sequitur
1466 2453 1498 2481 p.
1512 2444 1585 2472 185.

869 2489 900 2516 4.
915 2487 1039 2515 τοιοῦτον
1051 2485 1151 2527 ἔχουσι
1167 2487 1231 2517 νοῦν.
1256 2488 1453 2517 δοιιλεῑηιι.

865 2562 868 2565 Δ
912 2546 954 2551 -
971 2532 1023 2559 10.
1052 2528 1106 2559 ἀπ’
1131 2529 1207 2569 ἴσης]
1232 2530 1349 2558 Eadem
1367 2529 1415 2559 vis
1438 2527 1581 2558 formula-

869 2582 936 2602 rum
951 2571 1004 2601 ἀπ’
1015 2571 1087 2607 ἴσης,
1104 2571 1135 2611 ἐξ
1150 2572 1221 2606 ἴσης,
1236 2570 1284 2601 ἐπ’
1300 2572 1372 2606 ἴσης,
1393 2571 1529 2609 nihilque
1545 2570 1583 2599 ad

870 2625 922 2644 eas
936 2615 1193 2649 subaudiendum,
1219 2614 1335 2654 quippe
1350 2625 1454 2645 omnes
1475 2614 1532 2643 adv
1537 2624 1584 2642 er-

870 2658 993 2687 bialiter
1008 2657 1162 2688 dicuntur.
1186 2659 1289 2688 ΙΒΕΜ.

914 2718 955 2723 —
969 2704 1020 2731 12.
1036 2698 1221 2742 ἐνδέχεσθαί]
1245 2701 1275 2731 Ι.
1296 2712 1326 2740 q.
1342 2700 1452 2740 ἐξεῖναι.
1476 2700 1585 2729 Xeno-

871 2744 953 2782 phon
972 2744 1061 2773 Hier.
1078 2747 1108 2774 4.
1123 2748 1155 2774 4.
1173 2746 1236 2777 τοῖς
1249 2744 1305 2782 μὲν
1316 2747 1372 2783 γὰρ
1388 2743 1514 2775 ἰδιώταις
1529 2741 1580 2780 ἕξ-

872 2797 959 2815 εστι
972 2804 1012 2808 --
1027 2810 1034 2822 ,
1058 2798 1118 2821 τοις
1132 2786 1160 2816 δε
1150 2788 1306 2827 τυςίιννοις
1318 2787 1365 2816 οὐκ
1381 2785 1583 2826 ἐνδέχεται.

871 2829 978 2859 ΙΒΕΜ.

915 2890 959 2895 -
972 2874 1023 2904 13.
1039 2874 1094 2902 τῶν
1117 2872 1174 2913 ἰδίᾳ.
1187 2885 1216 2902 τι
1231 2870 1446 2912 συμφεξόνταη]
1472 2872 1586 2900 Demo-

875 2915 997 2945 sthenes
1012 2916 1050 2944 de
1068 2916 1150 2946 Pace
1165 2926 1196 2965 p.
1211 2917 1263 2946 63.
1280 2919 1311 2945 Q,
1333 2915 1382 2944 ed.
1402 2913 1507 2943 Reisk.
1531 2916 1587 2942 τῶν

691 2956 842 2987 Reiskius
875 2957 958 2988 τοίνυν
973 2958 1043 2988 ἰδίων
1065 2958 1143 2988 ἕνεκα
1165 2958 1285 2988 ἕκαστον
1309 2957 1435 2997 supino-ere
1462 2955 1515 2996 [εἷς
1530 2956 1591 2996 viz]

128 2997 465 3038 iuludioevDemosth.
491 3000 732 3045 proesuppositum
753 3005 779 3030 et
795 3001 841 3030 iu-

877 3003 975 3032 πολλα
991 3000 1170 3046 πςοηγμένον,
1186 3005 1220 3031 ὠν
1232 3000 1303 3031 οὐδὲν
1319 3000 1454 3041 ηΒούλετο
1471 2998 1590 3041 τις-ἆξαι.
