1997 3323
398 211 454 253 94
773 209 808 252 Ι.
830 210 862 253 I.
883 210 1110 255 REISKE
1140 211 1469 256 ANNOTATA

394 319 438 346 ris
456 327 576 348 usuram
593 322 817 356 contexeretur,
836 324 889 350 aut
902 321 1056 356 confieret,
1071 319 1103 349 id

395 359 566 391 σπαθῖισθαι
591 362 761 392 dicebatur.
784 363 873 392 facile
903 364 944 393 sit
970 364 1034 393 baeo
1064 362 1102 392 ad

390 409 593 434 commentum
616 406 757 444 quodque
771 405 853 441 leve,
869 412 970 442 tenue,
988 416 1102 440 rarum,

391 457 448 484 per
463 449 543 485 qnod
561 448 612 478 lux
627 450 764 478 veritatis
778 449 910 488 undique
924 450 1102 483 dilucescat,

392 490 430 518 ad
454 492 612 529 praesentis
636 492 726 521 modo
753 494 900 530 temporis
927 503 1102 532 procusum,

392 532 623 563 diuturnitatem
655 540 684 563 et
718 535 914 564 severitatem
952 536 1102 565 examinis

390 575 470 605 haud
495 577 604 612 ferens,
627 578 867 607 accommodare.

433 621 506 649 355.
524 622 552 649 1.
575 620 692 661 ἀκούων]
717 621 850 652 cobaeret
865 632 931 651 cum
948 619 1104 662 ἐπειρώμην

388 672 480 692 versu
499 665 549 692 11.

431 723 474 728 -—
489 707 520 735 3.
537 705 584 735 καὶ
601 705 677 747 ὅθεν]
696 706 762 736 scil.
780 705 860 736 τοῦτ’
871 706 942 736 οῖδα.

433 765 475 770 —-
491 750 520 778 ὁ.
549 747 575 790 ὃ]
608 750 707 779 malim
744 747 796 784 οὕς.
822 760 897 788 quos
923 750 1100 780 Phocenses

389 791 480 830 plane
496 793 653 831 praeterire
668 792 788 821 tacitos.

430 852 474 858 -—-
496 839 547 865 14.
566 834 678 875 ταῦτα]
704 846 769 874 quae
802 845 913 874 nempe
937 835 1100 866 AEschines

389 878 531 908 blaterat.

431 939 474 943 —
485 924 531 951 16.
543 920 591 950 καὶ
602 920 698 960 ὅπως]
712 921 741 950 id
754 926 812 956 est,
822 919 869 949 καὶ
882 920 973 961 ὁρᾶτε,
983 920 1101 955 ὅπως-

390 964 493 1000 etiam,
518 964 620 999 videte
644 974 759 1002 quaeso,
785 964 917 1002 inquam,
945 964 1042 1001 cives,
1069 969 1101 994 et

391 1017 513 1048 operam
527 1008 610 1042 date,
626 1011 659 1036 ut
675 1025 727 1036 —.

431 1068 474 1072 —-
490 1053 540 1081 19.
553 1061 583 1080 τι
596 1052 650 1078 τῶν
664 1047 800 1090 ἐναντίων]
820 1049 887 1080 scil.
904 1048 1045 1088 γίγνηται.

431 1111 474 1116 ———
488 1096 539 1123 21,
555 1094 596 1131 μη
612 1093 653 1122 νῦν
668 1091 831 1134 ἀφίστασο]
852 1091 1007 1123 Sententia
1030 1098 1077 1123 est
1091 1104 1097 1123 :

391 1136 470 1166 haud
488 1136 627 1175 equidem
645 1140 728 1172 veto,
743 1141 774 1166 te
792 1136 998 1166 Demosthene
1022 1148 1100 1167 nunc

387 1179 531 1208 dedicere
548 1183 579 1208 et
593 1179 710 1217 ejurare
727 1180 965 1209 communionem
982 1185 1013 1210 et
1028 1191 1100 1210 con-

388 1222 546 1252 scientiam
568 1222 671 1251 harum
695 1233 805 1252 rerum.
849 1223 908 1253 Sed
924 1233 1030 1253 rursus
1048 1235 1100 1254 no-

388 1265 441 1294 lim
469 1270 540 1295 tunc
567 1269 597 1294 te
623 1265 680 1295 tibi
707 1276 809 1296 earum
836 1266 1099 1305 participationem

389 1312 544 1347 arrogare,
560 1319 627 1337 cum
643 1309 759 1338 exitum
778 1310 885 1339 sortita
897 1315 996 1339 erunt.
1012 1310 1101 1349 quasi

390 1351 416 1380 si
434 1351 478 1380 sic
490 1352 635 1380 dixisset:
659 1354 713 1390 μὴ,
730 1353 771 1381 νῦν
785 1351 839 1391 μὲν
853 1351 1014 1392 ἀφίστασο,
1035 1353 1102 1383 τότε

389 1393 418 1423 δὲ
430 1395 597 1434 προσποιοῦ.
609 1395 687 1433 quod
700 1396 779 1425 idem
793 1400 850 1430 est,
868 1402 976 1434 atque:
995 1398 1038 1426 νῦν
1046 1396 1102 1437 μὲν

388 1436 549 1476 ἀφίστασο,
566 1437 632 1467 τότε
643 1436 666 1466 δ’
679 1436 715 1466 αὖ
730 1441 772 1476 μὴ
789 1440 951 1477 πξοσποιοῧ.

430 1498 472 1502 —
489 1483 540 1510 24.
557 1478 580 1508 ἇῗ
594 1481 683 1520 ἄνδξες
696 1480 848 1516 Ἀθηναῖοι,
871 1485 912 1517 μὴ
927 1483 1024 1511 ταῦτα.
1037 1481 1101 1522 ἐμοὶ

387 1522 621 1563 καῖΔημοο-ῧὲνει
637 1525 733 1565 δοκεῖν]
751 1526 791 1555 Ut
807 1526 903 1554 ταῦτα
919 1536 987 1555 cum
1004 1526 1101 1556 ταύτὰ

387 1571 565 1601 mutaretur,
579 1577 704 1606 prorsus
716 1569 919 1597 necessarium
930 1570 1010 1598 factu
1024 1573 1099 1598 erat.

390 1615 423 1638 ut
446 1611 522 1639 bona
544 1615 574 1639 et
599 1611 697 1649 proba
721 1612 907 1644 constructio
930 1612 1100 1642 accusativi

387 1663 456 1682 cum
485 1653 635 1682 infinitivo
666 1659 844 1689 mutaretur,
868 1654 950 1684 nulla
977 1655 1101 1693 gravior

387 1696 460 1724 mihi
477 1696 535 1725 fuit
551 1707 655 1731 causa,
677 1707 764 1735 quam
790 1698 955 1728 auctoritas
978 1698 1099 1737 probati

387 1738 519 1774 codicis,
536 1740 616 1768 unde
632 1740 703 1769 dedi
721 1740 795 1781 εἰμὴ
807 1746 838 1770 et
854 1740 937 1771 δοκεῖ.

429 1782 659 1823 -Ξλδίδωσ-ι]
683 1783 749 1812 scil.
773 1783 816 1822 τῷ
837 1784 1016 1823 γξοιμμοιτεῗ
1036 1783 1100 1825 πρὸς

387 1823 421 1854 τὸ
443 1823 566 1864 δημοσίᾳ,
589 1826 791 1863 ἀναγινώσκειν.
810 1828 917 1856 scribae
940 1828 968 1856 iu
993 1836 1098 1856 manus

387 1868 452 1904 dat,
468 1869 506 1897 ad
526 1867 713 1898 recitandum
737 1869 766 1898 in
786 1871 944 1905 concione,
965 1871 1099 1909 rogatio-

387 1921 455 1941 nem
470 1922 484 1939 a
497 1922 530 1940 se
547 1912 761 1950 conscriptam.

430 1956 504 1985 356.
520 1957 550 1984 7.
563 1953 691 1996 ἐπαίνων]
717 1956 828 1995 quibus
848 1967 957 1996 nempe
981 1957 1099 1997 Philip-

386 2007 445 2036 pus
461 2008 477 2026 a
493 1998 580 2027 nobis
597 1999 767 2028 extollitur.

428 2058 472 2063 —-
486 2041 526 2070 ib.
546 2041 595 2070 καὶ
614 2044 662 2072 τὴν
676 2042 834 2084 εἲςήνηνᾞὶιί
850 2047 908 2078 est,
919 2042 998 2083 ὁρᾶτε
1013 2041 1098 2073 δ’τιτό

388 2081 532 2123 ψήφισμα
548 2084 624 2121 λέγει
635 2087 682 2115 τὴν
700 2085 846 2125 εἷςηνην-
860 2086 986 2122 videtis,
1001 2087 1098 2121 cives,

386 2126 475 2155 etiam
491 2128 558 2162 hoc,
571 2128 754 2158 Philocratis
768 2129 956 2167 rogationem
968 2129 1097 2166 sancire,

388 2174 422 2198 ut
440 2180 528 2208 quani
545 2180 650 2209 pacem
668 2171 832 2210 Philippus
848 2172 1008 2202 vobiscum
1024 2183 1097 2202 con-

387 2213 528 2247 traxerit,
551 2213 657 2242 eadem
681 2215 845 2253 nepotibus
868 2225 1000 2253 quoque,
1028 2226 1097 2244 cum

387 2255 512 2291 vestris,
528 2260 591 2285 tum
618 2255 728 2295 ipsius,
752 2262 817 2287 rata
842 2258 1022 2296 stabilisque
1047 2258 1096 2287 sit.

389 2299 505 2328 Rursus
518 2299 554 2327 ad
568 2300 738 2338 proximum
749 2298 903 2330 ἐπαινέσαι
916 2301 1098 2330 subaudien-

386 2342 458 2371 dum
475 2347 522 2371 est
545 2343 601 2371 hoc
616 2341 704 2380 λέγει,
721 2343 769 2373 vel
794 2344 864 2382 φησὶ
887 2343 920 2373 τὸ
942 2344 1097 2383 ψήφισμα.

387 2386 477 2414 etiam
493 2385 576 2414 istud
596 2385 720 2421 videtis,
735 2386 860 2425 praecipi
878 2388 916 2415 ab
935 2387 988 2416 illa
1009 2397 1098 2427 roga-

388 2428 480 2462 tione,
496 2432 529 2457 ut
545 2439 600 2457 vos
617 2428 797 2467 Philippum
815 2429 956 2459 laudetis.

428 2489 470 2494 -—
486 2473 537 2499 ⁶21.
554 2470 601 2499 καὶ
618 2470 846 2512 προῃσθημένων]
872 2474 929 2502 hoc
945 2478 1004 2508 est,
1020 2472 1098 2508 slve,

386 2515 515 2554 quamvis
538 2517 758 2553 proesensisseut,
778 2515 856 2551 sive,
872 2517 1006 2556 quoniam
1020 2525 1098 2554 prae-

386 2558 546 2586 sensissent.
566 2557 620 2586 sed
639 2562 708 2586 sunt
724 2558 752 2587 in
773 2558 861 2588 libris
885 2559 935 2597 qui
952 2559 1035 2594 deut,
1050 2559 1099 2588 καὶ

385 2599 414 2629 οὖ
437 2598 604 2640 ωροησθημ.
631 2605 738 2630 neutra
763 2601 854 2630 lectio
880 2602 982 2641 specie
1007 2607 1100 2631 caret.

388 2650 594 2672 verumtamen
623 2648 726 2673 orator
749 2644 816 2682 ipse
834 2644 942 2683 priori,
968 2645 1100 2685 particu-

386 2685 445 2715 lam
459 2685 639 2715 infitiantem
658 2687 822 2723 emittenti,
840 2689 989 2717 calculum
1015 2688 1100 2717 addit

385 2728 455 2768 ipse
466 2739 551 2758 suum
564 2729 640 2758 infra
650 2739 679 2766 p.
690 2731 761 2760 365.
775 2734 823 2760 1⁰2.
833 2731 884 2760 ubi
896 2731 1021 2760 disertis
1032 2741 1099 2760 ver-

387 2772 435 2801 bis
449 2769 510 2801 ait:
535 2770 626 2802 ἐπειδὴ
639 2771 667 2800 δὲ
679 2770 739 2802 ἷκεν
753 2773 792 2805 εἰς
802 2773 910 2808 Πύλας,
926 2775 947 2803 οἱ
964 2774 991 2803 δὲ
1009 2780 1100 2804 Λακε-

387 2814 531 2854 δαιμόνιοι,
547 2813 705 2854 αἰσθόμενοι
719 2818 765 2845 την
776 2814 887 2856 ἐνέδραν,
897 2817 1098 2857 ὑπεχώρησαν.

429 2876 473 2881 -—
489 2860 540 2888 23.
557 2856 738 2898 εὐφημότατ’
756 2857 916 2899 ἀνθρώπων]
945 2861 1020 2890 bene
1048 2860 1098 2889 ha-

385 2902 447 2930 bet.
465 2901 615 2931 sententia
628 2906 693 2931 est:
712 2907 772 2932 tam
789 2902 926 2937 honesta,
942 2908 1002 2932 tam
1020 2913 1099 2941 prae-

385 2944 478 2979 clara,
503 2948 564 2974 tam
592 2945 693 2974 fucata
717 2953 746 2974 et
769 2946 806 2974 ad
830 2946 996 2975 fallendum
1021 2945 1098 2975 scite

383 2987 643 3026 probabiliterque
659 2988 837 3028 composita,
856 2993 888 3018 ut
903 2989 980 3018 alius
1003 2988 1099 3018 bomi-

384 3040 455 3060 num
486 3031 618 3062 omnium
644 3031 746 3063 nullus
777 3031 966 3063 comminisci
999 3032 1099 3073 pos-sit

1138 319 1304 350 orationem
1319 321 1416 360 magis
1432 319 1514 350 omni
1530 329 1569 350 ex
1586 324 1672 361 parte
1686 319 1850 359 repreben-

1138 362 1234 391 sionis
1253 371 1388 399 vacuam,
1404 363 1502 402 magis
1527 363 1681 393 comitatis
1701 367 1732 392 et
1754 362 1848 393 bone-

1138 405 1225 434 statis
1251 405 1388 444 plenam5
1421 416 1598 447 quamquam
1626 416 1736 445 reapse
1764 415 1848 436 mera

1137 448 1194 477 suit
1225 448 1403 486 impostura,
1429 449 1527 479 nitore
1553 450 1714 480 verborum
1745 448 1848 478 scelus

1137 491 1293 520 occultans
1306 490 1517 522 deterrimum.

1180 551 1219 556 -—
1237 536 1287 564 26.
1304 534 1371 574 ἔδει]
1388 535 1504 564 addidi.
1526 535 1712 565 Philocratis
1727 533 1847 574 rogatio

1138 577 1251 606 nullam
1284 577 1458 617 imponebat
1493 579 1706 608 necessitatem
1737 588 1848 607 convo-

1138 620 1226 649 candi
1242 620 1493 660 Amphictyonas,
1515 621 1564 651 vel
1584 621 1697 660 potius',
1717 620 1846 650 interdi-

1137 664 1225 692 cebat
1247 673 1283 693 ea
1305 664 1508 703 providentia,
1525 666 1649 694 vetabat
1672 663 1753 693 illam
1774 673 1847 693 can-

1137 705 1260 736 tionem.
1274 710 1309 735 ut
1325 706 1372 736 οὐκ.
1387 706 1439 737 ἔδει
1456 707 1536 737 idem
1555 708 1594 737 sit
1609 712 1700 746 atque
1718 706 1766 736 οὐκ
1777 704 1846 744 ἐξῆν.

1135 749 1187 788 qui
1209 749 1261 779 ἔδει
1285 750 1440 786 omittunt,
1460 750 1490 779 hi
1507 762 1524 780 e
1540 750 1707 790 praemissis
1720 749 1846 789 γέγραφε

1134 796 1288 831 repetunt.
1333 793 1523 823 Philocrates
1550 793 1580 823 in
1607 793 1765 831 rogatione
1791 802 1847 821 sua

1134 835 1248 864 nullam
1284 836 1358 865 fecit
1394 837 1579 866 mentionem
1617 834 1848 866 convocationis

1135 879 1398 917 Amphictyonum.

1176 938 1220 943 --
1235 922 1289 950 ult.
1304 921 1397 952 καίτοι
1410 921 1460 951 καὶ
1473 939 1516 945 --
1532 923 1570 953 ad
1585 921 1730 955 καλούσας
1752 920 1845 960 ὑμᾶς]

1135 963 1194 993 Est
1223 963 1414 1004 hypophora‚
1448 965 1518 995 ficta
1550 965 1720 1005 oppositio.
1750 964 1846 1003 Atqui

1135 1016 1191 1036 vos
1221 1010 1322 1036 tamen
1347 1007 1513 1047 Philippus
1541 1009 1620 1038 binis
1645 1007 1744 1036 literis
1773 1017 1848 1036 evo-

1134 1048 1236 1079 cavit?
1269 1050 1403 1080 occurrit.
1432 1057 1535 1081 orator
1565 1051 1620 1093 οὐχ
1653 1048 1686 1080 ἵν’
1713 1047 1848 1089 ἐξέλθητε

1133 1109 1177 1115 —-
1197 1093 1280 1131 atqui
1312 1104 1372 1123 non
1397 1104 1434 1123 eo
1460 1095 1599 1132 profecto
1628 1093 1763 1133 scriptis,
1787 1103 1847 1132 quo

1134 1146 1189 1165 vos
1205 1136 1343 1166 exiretis.
1388 1138 1597 1176 Nequaquam.
1613 1147 1672 1166 non
1688 1136 1768 1166 enim
1792 1146 1849 1166 vos

1134 1179 1192 1208 hoc
1217 1180 1365 1218 temporis
1382 1179 1512 1210 articulo
1529 1184 1684 1214 vocasset,
1705 1179 1765 1209 nisi
1783 1180 1847 1217 jam

1135 1222 1250 1252 dudum
1271 1228 1339 1252 ante
1358 1223 1447 1253 vobis
1467 1223 1679 1263 praeripuisset
1700 1230 1846 1263 opportu-

1135 1265 1246 1295 nitates
1274 1267 1421 1296 exeundi.
1443 1267 1470 1297 h.
1491 1277 1518 1296 e.
1543 1266 1600 1296 nisi
1616 1267 1774 1302 nosset‚in
1791 1276 1848 1304 po-

1135 1312 1246 1338 testate
1267 1314 1370 1339 vestra
1385 1319 1444 1348 nou
1466 1320 1548 1345 esse,
1570 1311 1600 1339 in
1622 1314 1722 1339 castra
1745 1308 1847 1344 exire,

1135 1362 1203 1381 cum
1221 1351 1289 1390 ipse
1305 1353 1392 1383 vohis
1418 1357 1601 1392 potestatem
1625 1354 1691 1391 ejus
1713 1351 1757 1382 rei
1782 1358 1845 1381 tum

1135 1395 1313 1434 eripuisset,
1338 1406 1406 1425 cum
1438 1396 1602 1434 pestiferas
1627 1395 1696 1425 illas
1724 1395 1846 1424 fraudes

1135 1448 1202 1467 cum
1216 1438 1326 1477 legatis
1343 1438 1454 1468 vestris
1471 1439 1702 1477 composuisset.
1719 1438 1848 1477 opponit

1133 1480 1213 1510 inter
1234 1492 1266 1510 se
1289 1480 1357 1511 τότε
1377 1488 1407 1511 et
1428 1482 1596 1516 τηνικαῦτα,
1619 1487 1681 1511 tum
1702 1482 1846 1520 temporis,

1134 1535 1202 1554 cuin
1224 1525 1312 1554 vobis
1338 1525 1437 1554 adhuc
1463 1525 1570 1554 liceret
1592 1525 1693 1561 exire,
1709 1529 1740 1555 et
1756 1534 1848 1560 num,

1134 1578 1204 1596 cum
1219 1572 1359 1607 negatum
1376 1568 1409 1597 id
1424 1568 1511 1598 vobis
1527 1572 1586 1597 est.

1177 1613 1252 1641 357.
1269 1614 1297 1641 2.
1314 1611 1342 1640 οὗ
1358 1613 1413 1651 yeme
1429 1611 1461 1641 ἄν
1481 1621 1550 1640 ποτε
1568 1611 1632 1644 τοὺς
1655 1609 1766 1652 χρόνους
1785 1611 1846 1640 ἀνε-

1134 1654 1201 1694 λὼν]
1216 1654 1323 1683 refinxi
1340 1655 1378 1683 ad
1401 1658 1529 1683 mentem
1552 1664 1667 1683 meam:
1694 1654 1722 1683 οὐ
1737 1655 1791 1693 γὰρ
1814 1654 1847 1683 ἂν

1133 1696 1200 1726 τότε
1216 1709 1245 1727 τ.
1262 1708 1296 1738 χ.
1311 1695 1358 1725 οὐκ
1381 1697 1490 1727 ἀνελών.
1513 1697 1692 1736 particulam
1714 1696 1847 1726 infitian-

1133 1744 1192 1769 tem
1209 1741 1280 1769 addi
1297 1740 1500 1769 necessarium
1516 1745 1592 1775 erat,
1612 1739 1683 1779 quia
1703 1739 1763 1769 alia
1778 1749 1847 1769 seu-

1134 1783 1227 1812 tentia
1242 1783 1406 1813 exsisteret
1421 1783 1655 1813 inconsentauea
1670 1787 1702 1812 et
1723 1782 1782 1812 sibi
1798 1793 1847 1812 re-

1133 1837 1280 1866 pugnans.

1173 1887 1217 1892 —-
1244 1873 1275 1900 6.
1301 1869 1511 1912 προσέταττεν]
1542 1869 1685 1905 subaudi,
1711 1870 1737 1899 si
1766 1869 1846 1899 bona

1131 1913 1190 1942 fide
1202 1924 1256 1942 vos
1273 1913 1309 1943 ad
1324 1924 1356 1943 se
1372 1914 1603 1949 invitasset‚aut
1616 1912 1846 1952 expeditionem

1131 1962 1315 1986 castrensem
1345 1957 1484 1986 hortatus
1513 1963 1606 1986 esset.
1649 1956 1710 1985 Sed
1742 1965 1846 1985 merus

1131 1999 1182 2028 hic
1199 2004 1264 2029 erat
1279 2000 1400 2035 mimus,
1416 2010 1506 2029 merae
1527 1999 1706 2039 praestigiae,
1720 1999 1847 2029 subsan-

1131 2042 1214 2072 natio
1228 2043 1331 2073 vestri.

1175 2103 1217 2108 —
1229 2084 1337 2116 7.οἰλλ’
1349 2084 1407 2127 ἵνα]
1419 2086 1450 2114 id
1462 2085 1589 2120 est,imo
1600 2095 1673 2114 vero
1681 2084 1767 2114 binas
1778 2084 1847 2114 illas

1131 2128 1270 2158 mimicas
1287 2130 1392 2159 literas
1409 2128 1576 2168 Philippus
1597 2138 1634 2157 eo
1656 2129 1692 2157 ad
1712 2138 1767 2158 vos
1791 2128 1848 2157 mi-

1134 2172 1188 2207 sit,
1200 2182 1261 2210 quo
1277 2189 1330 2201 -.

1174 2232 1218 2236 ——-
1233 2216 1262 2244 9.
1275 2215 1321 2255 τι]
1334 2214 1371 2244 de
1387 2209 1455 2243 meo
1467 2212 1584 2243 addidi.
1597 2210 1647 2243 ἐτι-ι’
1656 2224 1698 2249 τι,
1715 2213 1846 2243 subaudi

1132 2256 1215 2296 μέρος
1231 2258 1278 2286 vel
1289 2259 1380 2298 μῆκος
1390 2259 1439 2286 τοῦ
1454 2256 1559 2297 χςόνου.
1575 2256 1777 2295 aliquatenus,
1792 2257 1848 2286 ali-

1133 2301 1321 2339 quantisper.
1342 2299 1488 2341 ἒποινέχειν
1510 2297 1634 2329 ἐλπίσιν.
1665 2299 1847 2329 commorari

1132 2344 1162 2372 iu
1180 2354 1234 2381 spe
1249 2353 1315 2379 sua,
1330 2353 1387 2372 nec
1401 2345 1439 2372 ab
1458 2353 1491 2372 ea
1506 2343 1679 2377 discedere,
1695 2343 1748 2372 sed
1765 2343 1794 2372 in
1811 2353 1847 2372 ea

1134 2387 1219 2415 velut
1250 2392 1393 2421 aestuare,
1420 2387 1580 2420 fluctuare,
1600 2390 1633 2415 ut
1658 2386 1745 2415 navis
1765 2385 1848 2415 intra

1135 2430 1226 2458 breve
1244 2429 1373 2468 spatium
1388 2429 1447 2458 loci
1461 2429 1568 2458 iisdem
1582 2429 1611 2458 in
1625 2429 1714 2458 undis
1727 2428 1848 2458 discur-

1134 2472 1239 2506 sitans.
1267 2483 1366 2511 neque
1393 2472 1520 2501 multum
1541 2472 1715 2511 proficiens,
1738 2477 1790 2500 aut
1809 2472 1847 2501 ad

1133 2525 1273 2544 ancoram
1288 2521 1370 2545 stans
1379 2521 1408 2544 et
1422 2515 1587 2544 secundum
1602 2519 1736 2549 rentum,
1750 2514 1848 2544 aliud-

1134 2568 1172 2589 ve
1188 2558 1302 2597 aliquid
1319 2564 1514 2597 exspectaus.

1177 2619 1221 2623 —
1236 2605 1252 2630 1
1262 2605 1287 2631 1.
1301 2601 1443 2643 ἅπαντες]
1458 2601 1651 2630 confirmatur
1665 2611 1694 2639 p.
1707 2602 1782 2630 360.
1794 2603 1846 2635 11,

1176 2661 1220 2667 ·-—
1237 2645 1287 2674 15.
1302 2645 1426 2686 τούτοις]
1444 2643 1597 2679 AEscbini,
1619 2643 1800 2679 Philocrati,
1816 2648 1848 2674 et

1134 2688 1341 2718 consortibus.

1176 2749 1218 2754 -—
1237 2731 1316 2761 ibid.
1329 2729 1450 2771 τούτων]
1464 2729 1531 2759 scil.
1548 2728 1734 2768 scriptorum
1750 2729 1799 2760 bis
1816 2730 1847 2759 in

1134 2773 1246 2803 literis.

1177 2834 1220 2840 -—
1242 2818 1293 2846 16.
1314 2815 1520 2855 ἐπεξέλθοιτε]
1545 2811 1672 2854 primam
1698 2815 1846 2854 syllabam

1134 2860 1270 2889 detraxi.
1285 2859 1414 2889 exiretis
1430 2860 1459 2888 in
1475 2863 1585 2887 castra.
1604 2868 1670 2887 nam
1687 2856 1846 2899 ἐπεξέρχε-

1134 2901 1208 2943 ο-ἓοιι
1224 2907 1272 2932 est
1286 2902 1428 2941 iujuriam
1441 2902 1585 2936 oblatam,
1602 2901 1703 2931 scelus
1727 2901 1848 2938 ulcisci,

1133 2945 1288 2984 pei-sami.
1388 2969 1393 2972 .

1175 3006 1219 3010 —
1230 2991 1281 3019 18.
1297 2988 1426 3030 γράφειν]
1441 2987 1570 3017 decebat
1589 2996 1642 3018 cos
1658 2987 1846 3025 rogationem

1131 3041 1150 3062 a
1165 3042 1198 3062 se
1213 3031 1418 3073 conscriptam
1436 3031 1476 3061 ad
1501 3040 1556 3062 vos
1577 3030 1670 3066 ferre,
1693 3039 1752 3070 qua
1770 3030 1846 3061 Pro-
