1964 3323
360 193 440 234 142

356 299 511 334 vectabat,
533 297 645 338 quibus
670 302 809 330 uteretur
834 300 938 338 domi3
963 310 1067 340 quarn·

359 352 449 382 quam
464 341 538 381 ipsi,
555 346 589 371 ut
604 343 749 381 praefecto
764 343 819 373 alae
833 343 995 382 equestris,
1010 343 1067 372 mi-

355 385 423 415 litia
446 389 528 414 esset
551 385 734 424 fungendum
757 386 903 426 pedestri,
918 396 1017 425 neque
1031 386 1067 416 li-

357 432 442 458 ceret
459 428 656 457 trierarchum
673 439 773 466 agere.

400 489 444 494 —
459 473 510 501 14.
520 471 698 513 ἅπεπλεῖτε]
717 482 820 501 verum
837 476 895 506 est,
912 475 943 500 et
964 482 1065 502 servo.

357 524 425 544 cnm
442 514 674 549 reveberemini,
695 525 761 544 cum
782 514 923 544 rediretis
942 516 1066 545 domum

359 568 426 587 cum
444 557 551 587 classe.
577 555 716 587 ἐπιπλεῖν
728 558 766 586 de
781 558 866 587 hoste
881 562 982 596 potest
993 558 1066 595 dici,

355 602 393 630 ad
412 601 516 630 urbem
530 610 599 629 cum
617 601 707 629 armis
721 600 838 630 infestis
851 601 1064 640 adnavigante.

357 643 412 673 sed
426 643 566 678 ἀποπλεῖ,
583 643 634 682 qui
656 643 778 672 aliunde
799 644 922 673 domum
945 644 1065 674 renavi-

359 692 420 727 gat.
435 696 465 716 v.
477 697 506 715 v.
524 688 575 716 25.

398 745 442 752 —-
463 731 515 759 16.
538 728 686 770 χάρακας]
713 728 797 758 Citat
823 728 1009 768 Harpocrat.
1033 740 1065 760 v.

354 771 462 813 χάραξ.

396 833 439 838 --
455 815 530 845 ibid.
545 813 710 855 θυςώματα
727 814 761 847 ὡς
776 813 874 856 αὑτὸν]
887 825 1008 845 asseres
1026 816 1065 845 ad

357 858 620 889 contabulationes
637 858 717 887 domi
734 867 808 887 suae.

397 919 440 925 —-
455 903 507 931 17.
523 899 611 940 ξύλα]
629 901 724 939 tigna,
750 899 883 929 sublicas
911 899 1064 938 ingentes,

355 945 467 984 quibus
490 948 626 973 uteretur
645 944 675 972 in
692 942 924 982 argentifodinis
938 943 1012 977 suis,
1026 944 1064 973 ad

354 987 567 1017 effolciendam
589 987 710 1015 humum
727 986 757 1014 in
774 985 937 1022 cuniculis,
957 997 994 1016 ne
1008 986 1064 1016 hu-

355 1040 422 1060 mus
437 1030 575 1069 perfossa
591 1029 779 1058 sublabatur.

395 1091 439 1096 --
460 1075 509 1103 23.
532 1072 704 1112 Πάμφιλος]
732 1077 784 1101 aut
807 1076 878 1111 post
906 1072 1064 1111 Πάμφιλος

353 1116 442 1145 deest
458 1126 565 1145 nomen
582 1116 690 1151 tribus,
707 1115 787 1144 unde
805 1115 858 1144 ille
882 1115 1062 1154 Pamphilus

353 1164 436 1188 esset
452 1159 612 1194 oriundus,
628 1164 680 1188 ant
695 1158 898 1188 nominativus
912 1158 1063 1199 Νικήρατος

353 1211 422 1231 cum
438 1201 575 1240 genitivo
589 1202 742 1241 Νικηράτου
754 1205 802 1231 est
815 1201 987 1231 mutandus.

397 1246 470 1275 569.
486 1247 516 1275 8.
533 1244 621 1286 ἄπες]
646 1245 747 1274 malim
770 1241 812 1275 οἷά
835 1254 896 1285 περ.
919 1245 958 1273 ob
981 1245 1062 1275 inse-

354 1298 451 1328 quens
467 1288 587 1317 τοιαῦτα
601 1298 631 1317 v.
645 1290 696 1318 10.
713 1292 745 1318 et
761 1291 812 1317 11.
829 1292 860 1317 et
879 1287 926 1316 sie
939 1288 1061 1318 correxi

353 1332 392 1361 de
410 1341 477 1360 meo
491 1331 627 1360 arbitrio.
652 1341 833 1370 quamquam
848 1340 895 1360 me
911 1340 970 1359 non
982 1331 1062 1369 fugit

354 1378 425 1413 post
440 1375 562 1408 τοιοῦτος
575 1374 726 1404 interdurn
741 1374 827 1414 sequi
843 1371 870 1408 ὃς
887 1384 941 1413 pro
954 1372 1016 1409 οἷος,
1028 1379 1062 1403 ut

353 1427 384 1457 p.
398 1418 472 1448 570.

394 1478 437 1483 ——
449 1462 498 1490 10.
513 1458 561 1490 καὶ
575 1461 615 1490 τιὶ
629 1459 754 1498 λελειτ.]
768 1459 815 1489 καὶ
828 1465 873 1490 est
885 1460 914 1489 b.
928 1459 948 1489 Ι.
961 1460 1061 1496 etiam,

352 1503 400 1533 vel
426 1512 544 1543 qnoque.
568 1503 606 1539 si,
621 1506 713 1542 prout
727 1503 815 1539 dicit,
832 1513 940 1534 revera
954 1513 1063 1543 quoque

353 1551 469 1576 essent.

394 1607 437 1614 -—
453 1591 505 1619 12.
519 1584 554 1617 οἷν
576 1587 631 1628 ἐμὲ
657 1586 772 1629 ῧζξικεν]
800 1588 930 1618 mediam
954 1599 1061 1619 vocem

351 1631 439 1662 uncis
463 1631 585 1661 inclusi.
608 1642 666 1661 non
691 1632 769 1661 enim
794 1632 875 1662 solas
893 1631 1001 1661 Midiae
1016 1633 1062 1661 in-

344 1675 444 1714 jurias
470 1675 500 1704 in
529 1684 574 1710 se,
606 1676 852 1710 Demosthenem,
883 1675 1061 1705 commissas

350 1717 523 1756 significare
549 1717 616 1747 vult
641 1722 755 1753 orator,
781 1719 834 1747 sed
862 1718 1004 1748 universe
1030 1719 1061 1748 in

350 1771 466 1791 omneS.

393 1822 436 1827 —
452 1803 502 1834 15.
519 1802 546 1832 οὗ
560 1805 640 1833 κατὰ
663 1805 718 1837 τὰς
741 1802 850 1833 Μειδίου
873 1802 1060 1844 λειτουργίας]

351 1846 480 1877 subaudi
508 1847 588 1875 ἀλλὰ
617 1847 690 1876 πολὺ
713 1846 928 1887 λαμπροτέραις.
958 1848 1061 1876 confer

350 1901 418 1929 quae
451 1900 542 1928 supra
564 1890 700 1918 diximus
733 1890 771 1918 ad
800 1890 977 1924 dictionem,
1000 1889 1059 1921 οὐδὲ

353 1934 459 1963 πολλοῦ
475 1942 507 1970 γε
523 1933 572 1965 δεῖ,
590 1933 722 1962 subaudi
739 1933 819 1962 ἀλλὰ
833 1934 882 1962 τοῦ
899 1932 1014 1967 παντός.

394 1994 438 1999 ——
454 1978 504 2006 17.
519 1978 598 2005 καλὲ
622 1974 690 2015 ὑπὲρ
714 1976 765 2008 ‘ric
788 1975 909 2017 πόλεως]
936 1977 966 2006 iu
991 1975 1058 2006 aliis

351 2019 442 2048 codd.
458 2019 515 2048 fuit
530 2020 609 2048 καλὰ
624 2019 663 2060 τῇ
676 2016 768 2052 πόλει,
783 2019 883 2049 decora
901 2025 927 2048 et
944 2020 1060 2049 honori-

348 2061 404 2097 fica
418 2063 542 2092 civitati.
565 2062 646 2100 quod
670 2071 727 2090 nou
752 2067 798 2090 est
819 2063 980 2097 scholium,
1003 2063 1056 2092 sed

349 2104 420 2143 ipsa
441 2104 532 2134 lectio
555 2104 672 2133 codicis
696 2103 876 2141 Augustani.
902 2105 1060 2144 imposuit,

351 2152 383 2176 ut
400 2157 482 2186 saepe
498 2149 608 2176 factum
622 2154 680 2182 est,
693 2147 795 2176 Simon
809 2147 968 2183 Fabricius
979 2149 1060 2187 Tay-

350 2190 427 2219 loro.
453 2191 492 2219 nil
511 2190 636 2218 interest
653 2189 731 2218 iuter
746 2191 849 2219 ambas
865 2191 1025 2220 lectiones,

392 2250 435 2255 —-
451 2235 502 2263 2⁶2.
519 2233 627 2266 τούτοις
638 2233 706 2272 γὰρ]
724 2233 854 2261 refertur
870 2234 926 2262 hoc
943 2235 997 2272 γὰρ
1020 2234 1057 2263 ad

350 2275 590 2305 subaudiendam
603 2276 793 2304 sententiam.
811 2276 918 2304 merito
936 2277 989 2305 lios
1003 2277 1058 2305 du-

351 2329 385 2348 os
401 2319 536 2358 exempli
553 2328 644 2348 causa
661 2318 825 2347 nominavi.
849 2319 925 2348 Nam
938 2319 1036 2349 his—.

392 2379 434 2384 —
446 2364 498 2393 25.
511 2364 566 2395 τὰς
578 2360 687 2400 ἄλλοις]
706 2367 814 2399 praeter
831 2365 959 2391 statuam
976 2362 1057 2392 illam

350 2411 435 2443 puta,
452 2405 648 2443 inscriptione
666 2404 849 2440 insignitam.

392 2464 436 2470 —-
453 2458 518 2486 pen.
535 2448 562 2478 οὐ
578 2447 655 2487 μόνον
669 2444 721 2488 ὧν]
745 2448 845 2477 malim
868 2446 922 2488 οὐχ
943 2443 980 2476 οἷν
1002 2458 1058 2488 pro

352 2491 455 2519 verbis
472 2491 500 2519 οὐ
515 2492 594 2529 μόνον
609 2488 656 2519 ὦν.

392 2550 434 2555 --
451 2534 505 2562 ult.
521 2546 566 2568 τις
584 2531 628 2573 ἦν]
659 2533 758 2562 malim
786 2533 858 2562 addi
885 2533 918 2563 ἃν
943 2533 980 2563 ad
1006 2545 1060 2569 τις.

348 2577 439 2616 μικραὶ
465 2578 519 2616 yae
541 2575 614 2606 αὕτη
638 2576 671 2613 γέ
696 2587 739 2610 τις
764 2575 795 2605 Em
815 2574 854 2606 ἦν.
877 2582 908 2606 et
932 2581 994 2606 tum
1011 2577 1059 2606 καὶ

349 2619 455 2648 deleri.

392 2663 467 2691 570.
480 2661 511 2690 5.
530 2659 690 2702 ὀρχεῖσθαι]
708 2662 829 2692 correxi
846 2661 989 2703 ὀχεῖσθαι.
1012 2672 1059 2692 ve-

350 2703 391 2739 hi,
407 2704 473 2733 scil.
490 2714 579 2743 equo.

392 2764 436 2770 —
450 2749 482 2777 7.
497 2746 619 2787 Βοιώνην]
642 2748 763 2777 correxi
787 2747 894 2783 Βοώνην,
919 2758 975 2778 non
998 2759 1058 2788 quo

349 2790 477 2819 alterum
492 2790 642 2825 damnem,
653 2792 733 2828 quod
753 2790 832 2819 idem
850 2796 896 2820 est
911 2801 978 2820 cnm
991 2792 1057 2822 vnl-

349 2839 430 2870 gata,
443 2833 496 2862 sed
514 2833 691 2862 constantiae
703 2844 787 2871 ergo,
800 2834 872 2872 quia
888 2834 916 2862 in
933 2835 1057 2873 reliquis

349 2876 563 2905 Demosthenis
592 2875 682 2911 locis,
711 2876 762 2905 ubi
795 2877 852 2905 hoc
876 2878 1056 2907 vocabulum

347 2920 493 2954 occurrit,
509 2920 571 2947 iota
586 2919 690 2957 abest3
711 2919 822 2948 deinde
835 2919 905 2957 quia
918 2919 1057 2959 plerique

347 2966 379 2991 et
393 2961 502 3000 optimi
515 2961 640 2992 codices
655 2961 686 2991 in
701 2959 795 2993 Cooe'wnv
809 2962 1013 2993 consentiunt.

387 3021 431 3028 --
447 3007 499 3037 18.
513 3003 668 3045 σύμβολα]
683 3005 802 3046 literas,
820 3005 940 3036 tabulas
955 3006 1057 3045 publi-

739 191 773 234 1.
797 192 831 236 Ι.
853 191 1077 236 REISKE
1107 193 1434 238 ANNOTATA

1101 309 1165 336 cas,
1181 305 1248 330 acta
1262 300 1398 340 publica,
1418 306 1453 333 ut
1468 301 1582 332 Verres
1595 299 1671 332 fecit
1684 299 1716 331 in
1730 299 1812 332 Sici-

1099 343 1153 378 lia,
1168 344 1219 373 vel
1234 348 1266 373 et
1286 350 1472 380 contractus,
1495 350 1586 384 pacta
1603 344 1684 374 inter
1705 344 1810 375 ambas

1099 385 1250 421 civitates,
1259 387 1478 418 Atheniensem
1486 392 1516 418 et
1523 387 1715 426 Cyzicenum,
1723 386 1811 417 inita.

1141 446 1185 451 —--
1199 429 1274 460 ibid.
1290 431 1338 460 τὴν
1360 430 1455 472 πόλιν]
1479 431 1586 461 urbem
1606 435 1752 466 nostram,
1765 429 1811 460 A·

1101 471 1220 502 thenas.

1141 532 1185 537 —-
1197 514 1270 544 ibid.
1287 515 1326 556 τῇ
1340 515 1436 556 πόλει]
1453 515 1562 545 incolis
1577 515 1692 556 Cyzici.

1141 575 1185 580 -
1201 561 1252 589 24.
1269 558 1371 588 δώδεκα
1388 560 1438 594 τῆς
1458 558 1581 599 πόλεως]
1597 563 1666 598 post
1680 557 1810 597 primam

1100 611 1208 630 vocem
1236 602 1349 641 aliquid
1373 603 1494 637 deesse,
1517 602 1611 632 dubio
1638 611 1734 641 penes
1761 610 1810 630 me

1101 649 1198 674 vacat.
1216 655 1242 675 e.
1260 656 1288 674 c.
1303 643 1335 674 ἐκ
1357 647 1411 675 τῶν
1434 646 1484 678 τῆς
1507 645 1628 680 πόλεως,
1650 653 1683 673 εει·
1706 644 1811 674 cerm-io

1098 687 1223 725 publico,
1234 692 1284 716 ant
1297 698 1311 717 e
1322 688 1400 718 bonis
1410 690 1495 726 reip„
1508 694 1558 717 aut
1570 687 1622 717 ὑπὸ
1632 687 1683 720 τῆς
1692 685 1811 720 πόλεως,

1089 730 1194 767 jussus
1208 742 1226 760 α
1239 731 1369 766 civitate,
1386 737 1420 761 ut
1436 731 1512 761 illud
1527 729 1581 761 ὑπὸ
1596 740 1665 759 cnm
1681 727 1812 769 ταχθεὶς

1095 774 1252 811 jungatur,
1275 778 1327 803 aut
1354 773 1430 809 ἀντὶ,
1453 774 1516 810 vel,
1537 778 1571 803 ut
1591 772 1682 803 Wolf
1701 771 1811 807 voluit,

1100 814 1176 856 ὑπὲρ
1193 818 1245 851 τῆς
1258 816 1374 850 πόλεως.

1141 876 1185 881 -—
1200 869 1271 899 peu.
1286 860 1373 901 μιὲς]
1396 859 1498 890 malim
1512 859 1585 890 πλὴν
1598 860 1682 898 μιᾶς.
1704 862 1812 896 preter

1098 911 1200 930 unam.
1223 902 1254 931 h.
1271 912 1299 931 e.
1315 902 1502 940 penultimus
1516 912 1584 932 cum
1601 901 1671 931 navi
1687 911 1742 930 sua
1758 910 1812 930 ve-

1098 943 1220 981 niebat;
1242 948 1363 974 caeterae
1379 955 1472 974 naves
1488 954 1592 974 omnes
1615 954 1722 974 navem
1745 943 1812 981 ejus

1098 987 1338 1026 praeveniebant.
1361 987 1458 1017 multo
1469 988 1567 1026 majus
1584 987 1641 1016 boc
1657 991 1704 1016 est
1716 985 1813 1015 dede-

1097 1040 1165 1066 eus,
1179 1041 1265 1069 qnam
1279 1030 1359 1069 quod
1377 1031 1503 1069 vulgata
1517 1029 1623 1059 Midiae
1633 1028 1814 1069 exprobrat,

1097 1083 1165 1111 quae
1181 1084 1249 1103 eum
1262 1084 1331 1103 cum
1348 1073 1418 1103 navi
1433 1083 1488 1103 sua
1499 1072 1664 1103 secundum
1680 1082 1698 1102 a
1712 1071 1813 1112 primo

1097 1116 1220 1147 venisse
1235 1116 1288 1147 ait.

1140 1161 1215 1190 571.
1231 1162 1261 1189 1.
1277 1157 1345 1189 ἀλλ’
1359 1157 1448 1190 ἵππον
1462 1160 1511 1190 οὐκ
1533 1157 1708 1199 ἐτόλμητεν]
1722 1166 1815 1187 voca-

1096 1202 1199 1233 bulum
1215 1203 1382 1232 secundum
1399 1213 1467 1233 cum
1486 1205 1517 1233 in
1535 1203 1711 1242 Augustano
1726 1200 1814 1230 vide·

1095 1255 1158 1275 rem
1188 1247 1330 1276 iteratum
1353 1246 1489 1285 quidem,
1513 1247 1568 1276 sed
1596 1255 1614 1275 a
1641 1243 1812 1275 recentiore

1095 1298 1184 1318 manu
1199 1289 1279 1319 linea
1290 1296 1462 1319 transversa
1473 1289 1604 1329 ¹«gemina,
1615 1288 1711 1318 altera
1722 1295 1815 1325 super

1098 1342 1183 1368 voce,
1197 1333 1292 1362 altera
1304 1332 1383 1362 infra
1394 1333 1497 1369 ducta,
1511 1336 1712 1371 expunctum,
1724 1327 1814 1359 facile

1096 1380 1219 1413 egomet
1229 1385 1350 1415 quoque
1360 1385 1414 1416 pro
1425 1376 1514 1415 lapsu
1526 1375 1694 1405 aberrantis
1705 1371 1812 1402 calami

1096 1417 1255 1448 habebam.
1287 1418 1343 1448 sed
1368 1425 1476 1457 postea
1499 1417 1665 1457 inspiciens
1689 1413 1818 1446 Bavari-

1097 1471 1179 1498 cum,
1194 1462 1222 1491 in
1239 1472 1336 1501 eoque
1354 1461 1462 1492 videns
1487 1461 1603 1500 pariter
1623 1460 1704 1490 idem
1721 1468 1817 1489 voca-

1096 1504 1200 1534 bulum
1227 1505 1382 1539 iteratum,
1404 1504 1485 1544 coepi
1513 1502 1663 1544 suspicari
1690 1512 1748 1532 non
1775 1502 1815 1531 de

1095 1547 1203 1584 nihilo,
1220 1558 1318 1587 neque
1333 1557 1406 1578 casu
1423 1546 1548 1578 fortuito
1563 1547 1596 1577 id
1609 1547 1719 1576 facturn
1733 1555 1814 1575 esse.

1097 1601 1189 1630 quare
1205 1592 1296 1621 etiam
1312 1601 1370 1630 ego
1387 1591 1571 1621 vocabulum
1588 1588 1675 1620 i'mrw
1689 1587 1814 1618 iteravi.

1095 1643 1211 1673 equum,
1225 1644 1330 1674 equum
1345 1635 1478 1674 inquam,
1493 1633 1576 1663 haud
1590 1633 1741 1667 sustinuit,
1763 1630 1814 1671 qui

1095 1677 1147 1707 sibi
1161 1679 1296 1715 proprius
1310 1683 1388 1713 esset,
1402 1686 1504 1707 emere.

1137 1736 1181 1742 -—
1196 1721 1226 1750 3.
1243 1721 1299 1755 τὰς
1314 1721 1456 1761 πομπὰς]
1481 1729 1539 1749 non
1555 1717 1678 1749 memini
1694 1716 1813 1747 Graecis

1096 1763 1236 1801 usurpari
1253 1762 1384 1801 ἡγεῖσθαί
1398 1775 1429 1794 τι
1446 1764 1474 1792 in
1491 1762 1679 1796 accusativo,
1692 1761 1746 1790 sed
1762 1764 1814 1789 aut

1095 1805 1178 1841 τινὸς,
1194 1811 1245 1836 aut
1260 1807 1325 1842 τινὶ,
1348 1816 1442 1845 qnare
1457 1810 1509 1836 aut
1520 1806 1586 1839 ταῖς
1601 1805 1740 1844 πομπαῖς
1750 1812 1815 1833 ma·

1094 1849 1159 1885 lim,
1175 1855 1228 1879 aut
1243 1860 1310 1879 cum
1326 1849 1440 1879 Wolfio
1455 1851 1508 1884 τῆς
1522 1850 1652 1888 πομπῆς.

1136 1909 1180 1914 -
1202 1894 1232 1923 9.
1256 1892 1318 1933 ἤδη]
1344 1893 1501 1922 Sententia
1528 1897 1594 1922 est:
1628 1901 1681 1921 eos
1709 1899 1813 1920 omnes

1094 1945 1340 1971 commemorare,
1357 1936 1471 1975 siquos
1485 1945 1553 1970 vos,
1565 1945 1582 1964 ο
1594 1934 1729 1974 judices,
1741 1943 1815 1963 con·

1093 1978 1307 2014 demnassetis,
1323 1975 1519 2019 posteaquam
1537 1978 1669 2018 populos
1684 1987 1738 2006 eos
1747 1977 1812 2015 jam

1094 2026 1182 2051 antea
1197 2032 1252 2051 suo
1267 2021 1452 2061 perculisset
1466 2021 1658 2062 praejudicio,
1674 2019 1812 2050 fraudem

1093 2065 1131 2093 ab
1144 2063 1183 2093 iis
1197 2065 1278 2094 circa
1289 2065 1379 2094 ludos
1394 2076 1464 2095 esse
1479 2064 1683 2094 commissam.

1135 2124 1179 2130 —-
1191 2110 1242 2137 18.
1254 2106 1393 2147 κᾴκεῖνος]
1410 2108 1473 2138 scil.
1491 2108 1544 2137 lex
1561 2107 1600 2137 de
1611 2105 1812 2136 violatoribus

1094 2159 1247 2180 sacrorum
1269 2151 1500 2180 Eleusiniornm.
1523 2149 1624 2179 τούτου
1635 2149 1701 2189 (vel
1719 2148 1813 2183 τοῦδε,

1094 2197 1127 2221 ut
1143 2198 1189 2221 est
1209 2193 1240 2221 in
1256 2193 1354 2232 Aug.)
1372 2193 1523 2230 significat
1542 2192 1641 2230 legem
1658 2193 1698 2221 de
1713 2191 1812 2221 viola-

1092 2236 1211 2265 toribus
1228 2235 1426 2265 Liberalium.
1444 2246 1475 2264 v.
1487 2245 1515 2264 v.
1532 2238 1582 2265 17.
1604 2235 1694 2274 Saepe
1708 2234 1737 2264 in
1755 2234 1812 2263 hac

1093 2278 1227 2307 oratione
1243 2274 1321 2312 οὗτος
1337 2278 1349 2308 ὁ
1370 2278 1452 2318 νόμος
1467 2282 1519 2308 aut
1533 2277 1717 2317 simpliciter
1737 2276 1749 2306 ὅ
1769 2276 1812 2306 νό-

1091 2331 1159 2360 μος,
1176 2327 1222 2350 est
1238 2320 1288 2351 lex
1304 2322 1393 2350 modo
1409 2322 1492 2350 dicta
1507 2321 1545 2350 de
1563 2321 1768 2351 Liberalibus.

1135 2366 1208 2394 57⁶2.
1227 2366 1257 2394 Q,
1272 2363 1427 2406 ἅνθρωπος]
1452 2363 1648 2402 distinguunt
1667 2363 1719 2393 alii
1741 2366 1811 2393 ante

1092 2405 1241 2446 ἄνθρωπος.
1264 2408 1315 2437 sed
1334 2409 1412 2448 Aug.
1431 2408 1505 2437 Bav.
1523 2407 1635 2446 aliique
1655 2408 1742 2437 bonae
1757 2416 1812 2436 no·

1093 2455 1131 2478 tae
1148 2450 1216 2479 libri
1232 2450 1288 2485 sic,
1306 2455 1338 2480 ut
1358 2452 1387 2480 in
1408 2449 1546 2480 Parisina
1559 2451 1671 2480 factum
1688 2454 1747 2485 est,
1763 2449 1812 2479 di-

1095 2493 1263 2531 stinguunt.
1308 2494 1459 2533 Taylorus
1475 2499 1574 2523 autern
1599 2493 1715 2523 fallitur
1737 2491 1813 2522 arti·

1094 2536 1195 2565 culum
1213 2537 1340 2566 addens.
1365 2537 1494 2576 simplex
1513 2535 1652 2577 ἄνθρωπος
1666 2535 1746 2565 idem
1763 2539 1812 2565 est

1094 2583 1185 2618 atque
1207 2580 1219 2609 ὁ
1241 2578 1390 2620 ἄνθρωπος.
1413 2581 1524 2610 deesse
1547 2580 1669 2619 quidem
1693 2578 1812 2617 aliquid

1093 2622 1144 2651 hic
1169 2623 1324 2662 suspicor,
1350 2633 1407 2652 non
1435 2628 1534 2652 autem
1561 2622 1733 2657 articulum,
1755 2621 1810 2650 sed

1094 2665 1160 2705 Κάς.
1186 2671 1216 2694 ut
1233 2666 1272 2695 sit
1291 2666 1356 2706 πρὸς
1376 2667 1455 2705 ὖμΞς
1474 2664 1611 2705 ἅνθρωπος
1625 2665 1692 2705 Κάρ.
1716 2674 1812 2703 exag-

1093 2708 1259 2746 gerationis
1273 2719 1346 2747 ergo
1359 2709 1444 2738 addit
1460 2709 1515 2738 hoc
1531 2708 1570 2737 de
1586 2707 1813 2747 peregrinitate.

1093 2751 1181 2780 bomo
1198 2753 1389 2790 peregi-inm,
1399 2761 1496 2791 neque
1507 2751 1686 2790 peregrinus
1699 2751 1813 2786 solum,

1092 2794 1147 2823 sed
1165 2795 1255 2824 etiam
1272 2795 1310 2823 de
1327 2800 1417 2833 geute
1433 2804 1480 2830 ea,
1497 2804 1564 2833 quae
1580 2794 1811 2833 peregrinarum

1092 2837 1223 2867 omnium
1241 2837 1375 2876 gentium
1393 2837 1521 2866 Athenis
1543 2847 1602 2866 una
1625 2841 1708 2866 esset
1724 2836 1811 2867 vilis·

1091 2880 1167 2909 sima
1181 2887 1272 2919 atque
1287 2880 1536 2909 contemtissima.

1131 2940 1176 2946 -—
1193 2925 1242 2954 15.
1259 2922 1305 2952 m?
1320 2922 1343 2952 εἷ
1363 2923 1421 2964 μὴ]
1446 2923 1588 2953 omittunt
1603 2921 1725 2962 quidam
1749 2920 1809 2953 καί.

1090 2966 1192 2996 malim
1207 2965 1231 2995 εἷ
1247 2966 1368 2996 abesse.

1132 3026 1174 3033 -—
1189 3009 1308 3044 16.τοῖ’ς
1319 3006 1516 3052 augrimum]
1529 3008 1640 3049 quibus
1654 3007 1812 3048 peregrini
