1948 3322
563 184 650 225 AD
683 183 799 225 SUA
834 182 1339 225 DEMOSTHENICA,
1636 182 1682 222 11

222 292 316 332 quida
331 296 361 322 et
376 291 523 321 defaecata
538 297 597 322 est.
620 290 749 321 Interim
767 290 811 320 sio
826 290 902 320 satis
915 295 1018 320 certus
1027 300 1097 320 esse
1107 289 1401 330 poteritlector‚ubi
1411 289 1460 319 aio
1472 288 1504 319 in
1514 289 1586 319 Var.
1599 289 1688 319 Lect.

222 343 432 374 Manntianam
445 343 490 372 sic
503 342 589 378 dare,
605 342 635 373 in
651 343 827 373 Felicianea
842 353 963 382 quoque
979 342 1022 373 sic
1038 341 1114 381 legi,
1127 342 1210 381 quod
1226 341 1402 380 exemplum
1415 341 1601 372 Felicianeae
1613 352 1688 382 ope-

221 405 264 426 rae
284 395 424 425 Paulinae
439 395 590 425 verbatim
613 398 843 425 recensuerunt.
889 394 1085 424 Adminicula
1109 394 1174 423 haec
1201 391 1300 422 omnia
1321 397 1404 432 (nam
1429 394 1467 422 de
1484 393 1640 423 VVolfiana
1655 396 1688 421 et

220 445 390 486 Taylm·ana
405 446 540 476 editione
556 458 625 477 cum
645 447 718 476 alibi
738 457 755 476 a
770 457 819 476 me
835 445 952 476 dictum
971 444 1024 482 sit,
1040 455 1139 484 neque
1159 455 1203 474 eae
1226 444 1286 473 sint
1311 443 1464 472 editiones
1488 444 1654 481 primariae,
1671 454 1688 473 e

219 499 312 528 codd.
328 498 422 528 Mstis
442 508 601 538 expressae
627 503 679 528 aut
700 503 861 534 correctae,
883 497 932 527 hic
952 507 969 526 a
991 507 1040 526 me
1061 506 1123 526 non
1145 493 1481 533 commemorabuntur)
1505 494 1689 524 adminicula

218 549 313 589 igitur
325 551 390 579 haec
406 550 433 580 si
445 550 537 580 citius
554 550 653 580 omnia
669 561 727 580 una
743 550 778 579 ad
797 559 904 579 manus
918 549 1095 578 habuissem
1109 558 1145 577 eo
1162 552 1315 586 tempore,
1329 556 1389 586 quo
1406 546 1457 575 uni
1474 545 1544 574 hnic
1556 546 1613 581 rei,
1626 547 1690 576 col-

217 603 344 633 lectioni
356 603 539 633 variantium
551 603 719 633 lectionum
730 613 746 632 e
756 602 844 632 libris
858 600 1112 631 Demosthenicis
1125 599 1344 640 manuscriptis
1359 604 1390 628 et
1405 597 1513 638 primis
1528 602 1618 637 atque
1635 609 1689 629 ve-

218 655 398 686 tustissimis
422 656 559 691 excusis,
576 654 702 685 deditus
718 664 812 690 eram,
830 653 926 684 multo
946 652 1127 692 diligentius
1145 656 1176 682 et
1196 651 1267 681 illas
1285 651 1389 680 ambas
1405 649 1535 680 Aldinas
1559 648 1638 679 inter
1655 661 1688 679 se

218 707 429 743 contulissem,
444 707 526 746 quod
541 706 690 736 omissum
706 706 796 736 valde
811 704 915 740 doleo,
932 709 963 734 et
978 704 1157 734 Felicianea
1169 703 1280 732 melius
1297 712 1397 732 essem
1414 712 1489 745 ustus
1504 712 1510 730 z
1536 701 1618 740 qnod
1632 701 1689 730 hoo

217 758 333 798 aegrius
348 758 426 796 fero,
442 758 516 798 quia
534 758 624 788 libris
647 763 709 788 tam
725 757 852 788 inventu
866 756 944 787 raris
960 755 1068 796 paucis
1084 754 1178 794 potiri
1193 755 1278 785 licet.
1322 754 1475 793 Tempore
1490 758 1574 792 post,
1589 751 1689 782 auimo

217 813 255 843 ad
268 812 328 843 alia
343 823 505 849 converso,
520 812 624 853 piguit
639 812 677 842 ad
693 812 853 842 molestam
871 810 954 840 illam
971 819 1094 850 operam
1111 807 1239 843 reverti,
1256 818 1316 847 qua
1331 807 1470 846 profecto
1487 817 1546 836 non
1563 809 1611 836 est
1631 804 1691 835 alia

216 864 359 895 miserior
370 863 540 900 calamitas,
553 874 622 893 cum
635 863 698 893 vita
707 861 840 892 hominis
854 861 1057 902 grammatici,
1068 871 1134 896 seu,
1147 858 1173 889 si
1186 858 1295 895 mavis,
1305 857 1420 894 critici,
1431 857 1587 896 copulata,
1598 866 1689 896 quam

220 915 373 946 variantes
389 915 549 955 colligere,
564 925 672 945 cassas
686 914 867 954 plerumque
879 923 986 942 nuces.
1034 913 1076 942 Et
1090 911 1141 942 vel
1154 911 1198 941 sic
1213 915 1314 940 tamen
1330 909 1414 939 illam
1430 908 1561 938 invisam
1576 913 1605 938 et
1619 919 1692 937 exo·

218 977 282 998 sam
298 978 422 1008 operam
439 978 567 1007 prorsus
580 967 719 997 devitare
734 975 832 1004 nuper
847 975 906 994 non
919 963 1019 1004 potui,
1037 964 1092 994 sed
1109 973 1236 993 necesse
1255 961 1348 991 habui
1363 961 1466 990 denuo
1482 959 1599 994 subire,
1620 970 1690 989 cum

217 1019 318 1059 copiae
326 1019 507 1058 Tayloranae
524 1030 563 1049 ex
574 1018 692 1056 Anglia
706 1018 745 1047 ad
760 1027 808 1047 me
824 1016 950 1056 perlatae
967 1015 1160 1045 excutiendae
1176 1019 1298 1045 essent:
1322 1013 1353 1043 id
1371 1014 1454 1053 qnod
1468 1013 1516 1042 his
1531 1012 1610 1051 ipsis
1625 1012 1691 1041 die-

218 1070 288 1106 bus,
304 1080 360 1109 per
376 1081 454 1109 qnos
469 1080 621 1100 nauseans
635 1073 666 1099 et
685 1073 813 1108 torpens
833 1067 873 1097 ad
896 1066 972 1096 nihil
997 1077 1068 1102 non,
1085 1067 1123 1095 ab
1145 1066 1298 1105 ejusmodi
1320 1065 1453 1095 molesta
1467 1074 1563 1104 opera
1579 1063 1690 1103 magis,

216 1131 308 1162 quam
324 1132 451 1161 nsquam
467 1122 555 1158 alias,
567 1120 782 1155 abhorrebam,
797 1118 973 1149 faciendum
991 1118 1066 1148 mihi
1080 1118 1152 1148 fuit.
1188 1117 1356 1153 Univeme,
1369 1116 1396 1146 si
1409 1127 1468 1156 qua
1481 1116 1542 1146 alia
1557 1115 1588 1145 in
1600 1120 1689 1156 parte

216 1172 313 1203 editio
327 1182 396 1202 mea
412 1171 632 1202 Demosthenis
647 1172 771 1202 defectu
788 1176 820 1200 et
830 1170 899 1200 labe
916 1170 1046 1210 quadam
1068 1170 1201 1205 laborat,
1224 1179 1300 1208 quas
1317 1168 1344 1198 ei
1361 1168 1446 1197 labes
1467 1167 1602 1197 insidere
1617 1178 1689 1207 per-

215 1224 328 1254 multas
343 1224 426 1253 ultro
439 1224 620 1260 confitebor,
634 1223 665 1253 in
680 1223 738 1253 hac
752 1227 840 1262 parte
853 1221 1036 1252 variantium
1052 1222 1103 1251 vel
1118 1220 1253 1251 maxime
1274 1220 1405 1255 laborat,
1420 1219 1543 1249 tametsi
1560 1225 1688 1249 caetero·

215 1275 289 1315 quin
304 1276 362 1306 hac
372 1275 443 1316 ipsa
455 1275 487 1305 in
502 1280 590 1316 parte
606 1275 741 1314 reliquas
757 1284 862 1304 omnes
879 1274 1057 1314 superiores
1073 1273 1172 1313 copiis
1187 1282 1288 1303 rerum
1306 1271 1473 1301 antecellit.
1501 1271 1593 1310 Quod
1610 1270 1690 1301 ultra

215 1328 276 1358 hoc
294 1327 364 1357 loco
379 1327 495 1363 dicam,
512 1336 571 1356 non
587 1326 716 1362 habens,
731 1326 822 1356 deum
839 1335 927 1365 rogo,
943 1329 977 1354 ut
992 1325 1073 1355 intra
1092 1325 1187 1355 breve
1211 1328 1334 1362 tempus
1350 1322 1452 1353 virum
1477 1321 1600 1357 fortem,
1615 1321 1690 1352 ado-

215 1380 384 1410 lescentem
399 1389 524 1415 navum,
540 1378 721 1414 excitatum,
734 1379 906 1414 ardentem,
918 1377 1035 1417 ingenii
1051 1376 1217 1416 pollentem
1229 1375 1361 1411 viribus,
1372 1373 1499 1413 reliquis
1515 1373 1690 1404 affluentem

210 1430 489 1462 commoditatibus
499 1435 590 1470 atque
607 1430 903 1471 opportunitatibus,
918 1428 1070 1469 impellat,
1086 1432 1120 1458 ut
1134 1427 1222 1468 operi
1235 1438 1252 1458 a
1267 1437 1315 1458 me
1330 1426 1473 1457 inchoato
1486 1423 1620 1455 feliciter
1636 1434 1688 1454 co-

217 1482 358 1514 ronidem
371 1482 519 1523 imponat.
541 1481 660 1522 Scripsi
675 1481 792 1522 Lipsiae
807 1481 842 1512 d·
856 1484 909 1512 90.
924 1481 942 1512 J
946 1480 998 1512 ulii
1018 1482 1114 1512 1774.
