1931 3323
331 195 416 236 376

330 303 457 341 perium.
502 300 570 331 Cic.
607 304 630 318 “
651 301 744 337 Quod
766 311 826 336 me,
851 306 886 332 ut
911 302 1041 331 scribam

333 344 462 384 aliquid,
476 343 621 379 hortaris,
633 344 744 373 crescit
757 344 829 373 mihi
846 344 967 382 quidem
981 353 1043 372 ma-

336 388 444 424 teries,
466 388 520 417 sed
538 391 602 417 tota
624 387 780 417 reseuam
798 397 876 416 nunc
895 387 1041 416 fluctuat:

334 441 402 471 quae
427 431 453 460 si
476 430 647 466 desederit,
671 430 767 468 magis
787 434 875 459 erunt
894 429 1043 467 judicata,

335 484 403 514 quae
413 474 554 504 scribam.
569 476 646 512 Quat:
659 474 683 503 si
696 473 796 503 statim
810 485 826 502 a
838 484 885 503 me
895 474 973 503 ferre
985 484 1043 502 non

335 518 486 556 potueris,
509 517 626 557 primns
649 517 777 547 habebis
799 522 910 552 tamen,
936 522 968 547 et,
991 517 1045 546 ali-

336 561 471 599 quandiu
488 561 582 592 solus.
606 561 658 601 [ad
681 560 776 590 Attic.
798 561 842 589 ΙΙ.
866 570 916 598 ep.
939 563 990 589 1⁶2.
1014 572 1042 600 p.

336 606 410 634 ⁰235.
427 605 546 645 Graev.]
573 604 645 638 Qaae
661 605 684 633 si
704 604 877 638 desederint,
892 603 911 632 ἃ
928 601 972 633 ἐὰν
994 615 1047 632 κα-

335 647 448 688 ταστῇ.
492 649 541 677 De
555 658 615 686 quo
632 648 725 677 verbo
738 647 828 685 paulo
844 651 913 676 ante
929 647 1044 676 dictum

337 696 394 721 est.
439 692 644 730 Opponuntur
657 691 782 720 desidere
797 688 1001 729 etfluctum‘e.

381 734 436 774 [Ρ.
443 735 496 764 56.
508 735 558 764 ed.
570 736 608 763 D.
614 734 626 773 ]
644 751 684 756 --
697 733 772 762 ibid
786 732 937 771 παρελθὼν
949 733 1043 762 ἀντεῖ-

337 778 402 819 πον]
429 777 612 806 Plutarchus
639 777 696 805 hoc
718 776 822 815 plene,
843 774 986 815 παρελθὼν
1008 775 1046 808 εἷς·

335 820 524 860 μέσονΣόλων
536 820 639 857 ἔλεγεν.
656 818 842 859 Livius[lib
855 820 921 848 ΙΙΙ.
934 830 961 848 c.
975 819 1043 860 67.]

334 868 356 882 “
375 864 442 894 Etsi
464 864 538 893 mibi
553 863 666 892 nullius
686 873 774 892 noxae
795 863 951 898 conscius,
969 862 1045 901 Qui-

333 908 421 943 rites,
437 917 516 942 sum,
530 911 631 936 tamen
654 916 722 935 cum
743 906 862 945 pudore
878 916 994 935 summo
1015 905 1045 935 iu

334 952 513 980 concionem
526 955 659 980 vestram
669 948 841 988 processi.'²
855 947 1045 989 παρελήλυθα.

336 1005 397 1032 quo
414 994 510 1023 verbo
526 998 628 1023 noster
638 998 708 1032 post
721 1002 820 1032 pauca
835 993 943 1023 utitur.
967 993 1045 1023 Haec

335 1038 371 1066 T.
387 1036 534 1076 Quintius
548 1036 752 1076 Capitolinus.
768 1035 922 1076 παρελθεῖν
937 1035 1046 1066 dicun-

336 1086 386 1110 tur
414 1084 565 1117 oratores,
586 1090 679 1119 quum
703 1083 804 1109 rostra
825 1081 1046 1116 conscendunt,

335 1134 427 1161 quum
448 1123 484 1152 ad
507 1124 670 1153 dicendum
685 1124 847 1153 accedunt.
892 1125 1046 1153 Isocrates

337 1165 392 1206 [de
417 1167 511 1203 Pace,
538 1177 569 1206 p.
594 1169 668 1197 168.
684 1172 705 1196 t.
726 1167 772 1196 ΙΙ.
800 1167 895 1208 Aug.]
921 1166 1048 1202 ἅπαντες

334 1209 390 1249 μὲν
405 1210 538 1239 εἰώθασιν
555 1210 576 1239 οἱ
591 1209 735 1250 παριόντες
749 1209 862 1245 ἐνθάδε,
878 1212 976 1240 ταῦτα
991 1210 1048 1250 μέ-

336 1264 431 1290 γιστα
458 1253 578 1292 φάσκειν
599 1253 668 1284 εἶναι
690 1253 739 1283 καὶ
763 1254 904 1292 μάλιστα
926 1255 1049 1289 σπουδῆς

338 1295 406 1334 ἄξια
430 1309 466 1338 τῃ
488 1297 582 1333 πόλει,
607 1297 668 1337 περὶ
693 1294 728 1327 ὢν
752 1295 784 1326 ἒιν
808 1296 889 1326 αὐτοι
911 1297 1049 1337 μέλλωσι

337 1331 551 1378 συμβουλεύειν.
568 1342 658 1370 Dem.
684 1340 827 1381 [Olynth.
846 1342 909 1370 111.
926 1352 959 1393 p.
978 1343 1029 1372 ⁶29.
1033 1341 1048 1381 ]

337 1384 505 1423 πέπεισμαι
525 1385 579 1423 γὰρ
597 1381 664 1422 ἐξ
641 1387 675 1414 ὠν
692 1386 787 1424 παρὼν
804 1395 852 1413 και
869 1384 972 1414 ἀκούων
987 1384 1050 1415 σύν-

335 1426 406 1466 οιδα,
421 1428 461 1456 τὰ
483 1426 571 1456 πλείω
591 1430 646 1457 τῶν
671 1427 855 1467 πραγμάτων
874 1428 952 1466 ὑμᾶς
966 1426 1050 1458 ἐκπε-

336 1469 482 1508 φευγὲναι,
497 1470 539 1509 τῷ
554 1472 596 1509 μὴ
613 1470 768 1504 βούλεσθαι
783 1472 823 1500 τοὶ
840 1470 937 1502 δέοντα
952 1473 1050 1508 ποιεῖν,

337 1512 366 1542 οὐ
383 1514 426 1553 τῷ
440 1514 482 1552 μὴ
494 1513 620 1544 συνιέναι.
650 1515 785 1544 Videtur
800 1515 960 1553 legendum
977 1525 1051 1555 παρ-

338 1556 392 1585 ιών.
447 1558 518 1586 Non
553 1558 631 1587 enim
664 1558 889 1588 Demosthenes
927 1568 1053 1597 semper

338 1599 461 1629 auditor
481 1603 609 1636 tantum,
625 1601 678 1630 sed
696 1611 766 1631 suas
786 1611 908 1640 quoque
926 1601 1052 1630 dicendi

336 1643 424 1672 vices
445 1643 568 1673 habuit:
595 1645 651 1674 hoc
670 1644 765 1684 igitur
783 1645 871 1679 dicit,
888 1645 949 1674 sibi
969 1655 1052 1674 com-

336 1693 458 1724 pertum
472 1696 542 1716 esse
556 1697 595 1715 ex
607 1686 659 1722 iis,
675 1698 743 1726 quae
758 1688 806 1717 vel
822 1687 889 1726 ipse
901 1687 932 1716 in
948 1688 1053 1717 conci-

339 1729 451 1758 onibus
466 1729 602 1765 dixerat,
619 1730 667 1759 vel
684 1731 762 1759 alios
775 1731 948 1765 audiverat,
964 1731 1053 1768 plura

340 1772 466 1812 negotia
488 1782 544 1802 vos
566 1773 694 1811 fugisse,
715 1783 753 1802 eo
776 1774 859 1811 qnod
879 1773 985 1802 nolitis
1010 1774 1052 1802 fa-

339 1825 422 1850 cere,
438 1825 497 1845 non
513 1816 608 1854 qnod,
623 1826 691 1855 quae
707 1817 788 1845 facto
804 1826 882 1854 opus
899 1819 981 1851 sunt,
994 1825 1052 1844 non

338 1857 533 1897 intelligatis,
577 1860 647 1888 Nou
672 1869 794 1897 semper
815 1859 921 1888 aderat
938 1863 1052 1888 mutus.

339 1902 427 1931 Idem
446 1902 624 1931 Isocrates
616 1912 646 1930 m
665 1901 772 1931 eadem
789 1901 837 1941 [p.
854 1904 927 1932 178.
932 1901 945 1941 ]
968 1912 1054 1955 παρε-

339 1943 450 1974 λήλυθα
465 1946 518 1985 γὰρ
533 1945 561 1974 οὐ
573 1943 766 1994 χαριούμενος,
781 1944 841 1974 ουδε
852 1955 900 1985 χει
903 1945 1054 1984 ροτοτονίαν

337 1987 538 2027 μνηστεύσων,
550 1985 619 2017 ἀλλ’
631 1987 866 2027 ἀποφανούμενος
881 1987 901 2017 ἃ
917 1988 1055 2029 τυγχάνω

339 2031 510 2069 γιγνώσκων.
555 2032 605 2061 Ad
621 2031 780 2061 dicendum
794 2033 918 2067 surrexi,
934 2042 992 2061 ηοιι
1007 2037 1054 2066 ut,

340 2086 403 2114 quse
422 2080 514 2115 grata
536 2075 611 2104 vobis
633 2076 705 2110 sint,
721 2075 856 2110 timerem,
882 2079 937 2104 aut
960 2080 1055 2105 vestra

340 2116 487 2158 suffragia
501 2118 650 2147 ambiendi
663 2118 770 2155 studio,
785 2118 834 2148 sed
850 2122 898 2154 ut,
914 2128 977 2158 quoe
992 2127 1055 2148 sen-

340 2162 426 2197 tiam,
449 2162 571 2191 ederem.
617 2161 750 2191 Notabis
773 2160 806 2190 τδ
826 2160 995 2201 μνηστεύειν
1010 2161 1055 2191 sic

341 2203 470 2239 dictum,
498 2210 532 2234 ut
562 2204 663 2234 Latini
689 2204 796 2234 dicunt
825 2205 947 2240 ambire,
975 2205 1056 2234 unde

341 2247 479 2284 ambitus,
494 2247 607 2286 injusta
621 2247 732 2287 petitio
746 2247 953 2287 magistratu&
997 2249 1056 2287 Sy-

340 2291 444 2321 nesius
458 2302 464 2320 :
481 2289 562 2330 νόμος
577 2291 747 2321 ἀνατείνεται
762 2290 859 2321 πολλοὶ
872 2291 919 2320 καὶ
931 2293 1056 2332 χαλεποὶ

342 2336 403 2367 τοῖς
424 2334 613 2374 μνηστεύουσι
634 2337 683 2365 τὴν
702 2337 753 2368 τῆς
777 2333 937 2373 ἐνεγκούσης
956 2334 1057 2375 ἀρχήν.

343 2377 404 2406 Lex
418 2379 554 2408 minatur
572 2378 669 2408 multa
683 2385 768 2419 atque
788 2380 891 2408 acerba
905 2378 1057 2408 ambienti-

343 2421 396 2450 bus
412 2422 567 2460 imperium
583 2422 700 2460 petrice.
720 2423 734 2452 ἡ
751 2420 925 2460 θρεψαμένη,
944 2422 1057 2460 patria,

343 2474 407 2504 quw
423 2474 472 2493 nos
482 2465 569 2494 aluit.
586 2465 600 2494 ἦ
613 2463 773 2504 ἐνεγκοῦσα,
785 2475 847 2505 quae
862 2465 944 2494 tulit.
976 2464 1058 2493 Thu-

345 2507 477 2545 cydides
500 2507 570 2546 [lib.
592 2509 650 2538 IV.
667 2520 694 2538 c.
712 2509 780 2549 86.]
796 2508 881 2542 αὐτός
895 2518 927 2537 τε
944 2507 991 2537 οὐκ
1009 2506 1057 2538 ἐπὶ

344 2550 388 2589 τῷ
395 2549 486 2589 κακῷ,
497 2549 544 2580 ἐπ’
556 2549 736 2591 ἐλευθερώσει
744 2551 772 2581 δὲ
781 2551 977 2582 τῶνἙλλήνων
986 2562 1059 2590 παρ-

346 2592 486 2623 ελήλυθα.
512 2594 598 2622 Dicit
612 2595 772 2631 Brasidas,
789 2594 836 2635 [p.
853 2597 907 2626 57.
931 2595 980 2624 ed.
999 2594 1057 2634 D.]

347 2647 381 2666 se
397 2635 521 2666 venisse
538 2637 567 2665 in
582 2638 798 2673 Thraciam,ut
808 2638 955 2668 liberaret
971 2639 1059 2667 Grae-

346 2690 413 2714 cos,
426 2689 486 2709 non
499 2683 532 2708 nt
548 2679 591 2709 eis
606 2681 721 2720 aliquid
735 2680 805 2711 mali
821 2686 950 2711 crearet.
997 2681 1059 2710 Hic

347 2724 426 2762 παρὰ
450 2722 604 2761 significat
630 2726 680 2753 ad.
706 2725 859 2760 Julianus,
883 2724 956 2764 ἥξεις
978 2722 1060 2764 φίλος

345 2767 425 2806 παρὰ
437 2765 527 2806 φίλον.

389 2827 433 2833 --
448 2809 524 2840 ibid.
547 2808 592 2839 καὶ
612 2810 721 2849 μονονοὺ
741 2809 938 2852 διεσπάσθην]
960 2811 1061 2841 ἰμνιίεὶ

346 2854 422 2894 quod
434 2863 493 2882 non
507 2863 571 2883 sum
587 2853 745 2892 discerptus
760 2854 796 2882 ab
812 2854 862 2889 eis,
877 2860 981 2884 coetera
993 2865 1059 2893 pas-

344 2907 395 2926 sus
408 2906 472 2927 sum
493 2897 604 2926 omnia:
628 2896 702 2926 nihil
720 2896 803 2925 aliud
820 2896 850 2925 in
871 2908 917 2926 me
933 2903 1061 2936 praeter—

346 2940 496 2970 miserunt
509 2940 548 2970 ad
559 2949 705 2969 summam
718 2939 870 2979 injuriam.
909 2941 960 2969 Sic
976 2942 1058 2980 apud

345 2983 557 3022 Thucydidem
573 2983 675 3020 ὁσονοὺ,
690 2982 837 3014 ὃσονούπω,
854 2992 938 3019 mox,
953 2982 1058 3013 αὐτίκα

346 3026 376 3058 δὴ
400 3027 498 3066 μάλα.
543 3027 708 3057 Athenaeus
742 3025 812 3066 [lib.
841 3027 897 3056 VI.
925 3037 957 3065 p.
983 3029 1057 3058 224.

679 191 934 234 DOUNAEI
969 192 1448 236 PRAELECTIONES

1076 303 1158 332 med.
1178 301 1326 342 Casaub.]
1341 302 1487 344 μονονουχὶ
1502 304 1556 343 γὰρ
1573 301 1619 331 καὶ
1635 304 1689 336 τὲς
1703 308 1786 342 Νηρη-

1076 345 1137 377 ΐδας
1165 344 1308 381 ὀψωνήκει.
1353 347 1402 376 De
1434 346 1526 376 lautis
1552 346 1786 376 obsonatoribus

1079 386 1140 416 dici
1149 387 1284 422 solitum,
1294 388 1378 426 ipsas
1391 389 1542 419 Nereides
1554 389 1692 419 obsonati
1704 393 1786 418 sunt.

1081 410 1510 480 Dem.[01y1ith.1.p.13.]
1533 432 1545 461 ὁ
1560 431 1615 471 μὲν
1630 429 1672 461 οὖν
1688 433 1787 471 παρὼν

1080 485 1170 513 καιρος
1185 472 1273 511 λέγει,
1290 484 1435 514 μονονουχι
1452 476 1538 513 φωνῆν
1553 475 1657 514 ἀφιεις,
1674 473 1716 504 δ’τι
1731 476 1787 503 τῶν

1080 517 1271 557 πραγμάτων
1287 517 1354 554 ὑμιν
1369 516 1471 547 ἐκείνων
1484 529 1579 551 αυτοις
1594 515 1790 548 ἀντιληπτέον

1081 558 1155 590 ἐστι’.
1185 559 1327 598 γλυκύτης
1360 564 1406 590 est
1435 561 1623 600 Hermogeni
1654 560 1700 601 [in
1724 571 1789 589 me-

1080 604 1175 633 thodo
1202 603 1381 644 δεινότητος],
1406 614 1499 642 quum
1526 605 1617 633 rebus
1646 603 1789 632 inanimis

1081 656 1180 676 sermo
1194 648 1241 677 vel
1256 657 1361 677 sensus
1374 647 1528 677 tribuitur.
1574 648 1615 677 Et
1632 651 1679 676 est
1694 656 1789 686 προσ-

1080 690 1219 720 ωποποιί·α
1246 703 1300 725 τις.
1346 692 1440 720 Porro
1472 690 1506 720 τὸ
1531 701 1676 730 μονονουχι
1704 691 1790 728 φωνὴν

1080 733 1181 772 ἀφιεὶς,
1194 739 1239 763 est
1254 734 1338 773 apud
1352 735 1480 764 eundem
1493 733 1620 775 Βραχεῖα
1636 731 1789 773 προσθήκη,

1081 787 1147 814 quae
1170 776 1267 806 mollit
1284 779 1333 807 τὴν
1352 777 1505 807 αὐθάδειαν
1528 779 1577 807 τοῦ
1593 777 1790 816 διανοήματος.

1081 821 1236 856 Praesens,
1253 820 1363 859 inquit,
1386 820 1509 850 occasio
1533 821 1655 855 clamat,
1673 825 1791 849 tantum

1081 873 1139 892 non
1156 873 1233 892 voce
1248 863 1351 899 missa,
1372 874 1423 893 res
1440 863 1509 893 illas
1526 864 1615 893 vobis
1631 874 1697 892 csse
1712 862 1789 903 ipsis

1080 907 1297 945 capessendas.
1342 906 1537 936 Xenocrates
1553 905 1723 947 [Axiocho,
1737 905 1792 945 qui

1081 949 1222 980 AEschini
1242 950 1331 980 Socr.
1354 950 1419 979 fere
1442 949 1599 985 tribuitur,
1615 960 1642 979 c.
1661 951 1692 980 3.
1712 948 1739 988 ᾗ.
1759 951 1790 979 3.

1080 994 1200 1034 Fisch.]
1224 992 1268 1023 ὅτι
1285 993 1328 1023 δεῖ
1343 991 1473 1028 ἐπιεικῶς
1492 991 1691 1031 διαγαγόντας,
1707 991 1792 1022 εὐθύ-

1080 1048 1144 1077 μως
1170 1037 1313 1077 μονονουχὶ
1343 1035 1549 1076 παιανίζοντας,
1577 1036 1614 1070 εἶς
1642 1034 1675 1065 τό
1703 1036 1792 1076 χρεὼν

1081 1079 1213 1111 ἀπιέναι.
1257 1081 1328 1110 Νοι]
1342 1080 1419 1109 enim
1434 1079 1575 1110 Platonis
1586 1084 1634 1109 est
1648 1079 1792 1118 dialogus

1079 1125 1146 1160 ille,
1163 1124 1217 1153 sed
1239 1123 1349 1154 nothus
1374 1124 1512 1154 habetur.
1557 1124 1616 1153 Est
1632 1127 1733 1152 autem
1752 1122 1792 1151 de

1081 1167 1307 1207 contemptione
1335 1167 1453 1197 mortis.
1484 1165 1518 1196 τὸ
1553 1167 1654 1207 χρεὼν,
1673 1164 1791 1206 fatum.

1082 1212 1263 1246 Pausanias,
1279 1210 1320 1250 [l.
1335 1214 1387 1240 11.
1399 1213 1430 1240 4.
1445 1211 1557 1240 Descr.
1571 1210 1644 1250 Gr.]
1661 1208 1694 1238 τδ
1704 1210 1793 1250 χρεὼν

1081 1253 1229 1290 ἐπέλαβε,
1242 1264 1393 1293 supremus
1402 1253 1625 1292 diescorripuit.
1651 1253 1794 1292 Oportet,

1082 1298 1192 1337 inquit,
1211 1308 1303 1337 quum
1327 1297 1484 1327 moderate
1509 1295 1636 1331 vixeris,
1655 1295 1793 1325 hilariter

1083 1346 1199 1371 tantum
1216 1352 1273 1370 non
1291 1346 1449 1371 canentem
1464 1340 1494 1369 io
1510 1349 1608 1380 paean,
1624 1339 1662 1369 ad
1677 1344 1793 1369 naturae

1084 1384 1300 1415 necessitatem
1326 1385 1423 1419 abire,
1443 1388 1475 1413 ut
1494 1383 1589 1423 cygni
1609 1393 1677 1412 cum
1702 1387 1793 1411 cantu

1085 1432 1117 1458 et
1132 1428 1290 1467 voluptate
1306 1427 1486 1457 moriuntur.
1531 1427 1608 1456 Erat
1623 1430 1722 1456 autem
1738 1426 1795 1455 du-

1085 1472 1159 1509 plex
1187 1482 1288 1510 paean‚
1314 1481 1405 1510 quem
1431 1468 1528 1499 Marti
1553 1471 1701 1499 canebant
1725 1473 1794 1499 ante

1086 1515 1241 1554 proelium,
1252 1518 1283 1545 et
1293 1524 1381 1555 quem
1392 1513 1526 1554 Apollini
1540 1518 1611 1552 post
1622 1512 1795 1542 victoriam.

1086 1558 1264 1594 Suetonius,
1280 1557 1433 1598 [Tiberio‚
1450 1568 1478 1586 c.
1495 1556 1566 1596 11.]
1590 1556 1683 1585 “Sed
1696 1556 1796 1586 incre-

1087 1603 1247 1631 brescente
1273 1611 1407 1635 rumore,
1429 1600 1517 1639 quasi
1542 1600 1578 1629 ad
1601 1600 1794 1630 occasionem

1086 1645 1209 1683 majoris
1233 1644 1300 1683 spei
1320 1647 1571 1679 commoraretur,
1593 1647 1709 1673 tantum
1738 1654 1796 1674 non

1087 1687 1227 1717 adversis
1242 1687 1478 1725 tempestatibus
1497 1686 1637 1715 Rhodum
1654 1688 1798 1725 enaviga-

1087 1731 1142 1765 vit,
1152 1730 1324 1760 amoenitate
1333 1733 1365 1759 et
1377 1727 1556 1758 salubritate
1567 1729 1675 1759 insulae
1685 1729 1732 1769 [p.
1743 1731 1797 1761 58.

1087 1774 1137 1802 ed.
1155 1772 1287 1812 D.]jam
1298 1773 1368 1802 inde
1385 1776 1506 1811 captus,
1521 1781 1612 1810 quum
1629 1773 1664 1801 ad
1677 1783 1743 1802 eam
1759 1775 1798 1803 ab

1087 1816 1231 1845 Armenia
1242 1816 1368 1845 rediens
1377 1815 1561 1854 appulisset
1565 1813 1584 1827 ’²
1608 1816 1697 1845 Dem.
1710 1816 1801 1856 [Phi-

1086 1860 1164 1898 lipp.
1181 1859 1238 1888 lv.
1255 1869 1287 1898 p.
1302 1861 1375 1889 136.
1389 1859 1439 1888 ed.
1459 1859 1573 1899 8.]μῆ
1586 1857 1672 1889 τοίνυν
1687 1858 1800 1899 ζητεῖτε

1088 1901 1113 1931 ὅν
1132 1913 1208 1937 τινα,
1224 1901 1290 1931 ἀνθ’
1310 1898 1346 1932 ὠν
1361 1900 1502 1934 Φίλιππος
1524 1900 1725 1942 ἐξαμαρτάνει,
1747 1915 1798 1942 μι-

1088 1945 1205 1981 σήσετε,
1217 1945 1265 1974 και
1279 1957 1339 1978 τοις
1353 1956 1412 1984 παρ
1429 1943 1526 1975 ἐκείνου
1535 1944 1726 1985 μισθαρνουσι
1739 1947 1800 1976 δια-

1088 1988 1266 2019 σπάσεσθαι
1284 1989 1491 2028 παραβαλεῖτε.
1509 1993 1540 2017 et
1554 1992 1696 2027 tanquam
1716 1989 1799 2019 cani-

1089 2033 1160 2065 bus,
1185 2033 1373 2062 mercenariis
1397 2033 1460 2071 ejus
1482 2031 1705 2062 dilacerandum
1727 2033 1799 2072 obji-

1089 2076 1183 2105 ciatis.
1195 2073 1390 2111 διασπᾶσθαι,
1405 2075 1529 2114 proprie
1539 2075 1651 2111 divelli,
1662 2075 1803 2106 distrahi:

1090 2119 1181 2158 σπᾷν,
1193 2118 1320 2155 trahere,
1336 2118 1449 2148 vellere.

1133 2180 1175 2185 -—
1185 2165 1216 2193 4.
1232 2161 1279 2191 ἐπὶ
1289 2161 1397 2202 μικροῖς
1405 2160 1565 2202 λήμμασι]
1573 2171 1664 2200 parva
1675 2162 1802 2192 mercede

1091 2205 1142 2235 vel
1159 2206 1250 2235 zucra.
1266 2207 1389 2245 λῆμμα,
1404 2215 1423 2234 a
1444 2205 1532 2239 bribe,
1551 2214 1585 2233 or
1587 2205 1651 2245 fee.
1674 2206 1753 2245 παρὰ
1768 2203 1801 2234 τὸ

1091 2249 1258 2288 λαμβάνειν,
1266 2249 1346 2288 quod
1358 2252 1405 2278 est
1416 2246 1483 2276 κατ’
1495 2246 1593 2288 ἐξοχὴν
1602 2247 1650 2276 καὶ
1661 2245 1743 2283 ἰδίως,
1751 2248 1802 2277 δω-

1090 2291 1214 2331 ροδοκεῖν.
1236 2292 1352 2321 Paulus
1362 2291 1397 2332 [2
1414 2291 1486 2320 Cor.
1501 2291 1567 2320 XI.
1581 2290 1649 2331 ⁶20]
1665 2290 1803 2332 ἀνέχεσθε

1091 2337 1156 2375 γὰρ,
1167 2335 1244 2369 εἴτις
1252 2335 1331 2374 ὑμᾶς
1338 2333 1517 2370 καταδουλοῖ,
1527 2333 1604 2368 εἴτις
1612 2334 1769 2371 κατεσθίει,
1781 2333 1806 2364 εἴ

1090 2389 1137 2412 τις
1155 2378 1312 2418 λαμβάνει·
1334 2379 1458 2407 fuerunt
1471 2378 1552 2407 enim
1572 2377 1803 2416 praedicatores,

1092 2421 1212 2461 quinon
1224 2422 1321 2451 solum
1330 2421 1464 2459 pretium
1480 2431 1497 2450 a
1507 2420 1675 2450 Corinthiis
1691 2421 1803 2459 praedi-

1093 2464 1222 2494 cationis
1230 2464 1419 2504 acciperent,
1427 2464 1481 2494 sed
1489 2465 1580 2494 etiam
1589 2462 1759 2504 παραδόντες
1765 2464 1802 2498 εἷς

1091 2506 1201 2543 οἰκείας,
1216 2508 1301 2547 ipsos
1317 2508 1498 2543 exederent,
1512 2506 1582 2546 ipse
1594 2512 1694 2536 antem
1710 2507 1805 2546 gratis

1092 2551 1285 2591 praedicavit,
1301 2551 1443 2581 ἀδάπανον
1457 2549 1569 2590 θέμενος
1583 2548 1616 2579 τὸ
1630 2549 1804 2588 εὐαγγέλιον,

1093 2601 1126 2624 ut
1138 2595 1296 2634 gloriatur.
1320 2596 1412 2624 Dem.
1426 2593 1503 2635 [περὶ
1518 2596 1648 2634 παραπρ.
1664 2602 1695 2631 p.
1707 2595 1803 2635 380]

1092 2637 1181 2672 οὕτως
1190 2637 1252 2672 δ’λος
1265 2636 1293 2668 ’ἦν
1308 2636 1374 2677 πρός
1389 2637 1433 2677 τῷ
1445 2637 1599 2677 λήμματι.
1614 2642 1673 2665 tam
1687 2637 1805 2675 penitus

1094 2680 1254 2723 lucrofuit
1269 2682 1409 2711 intentus.
1432 2681 1543 2715 Varro,
1556 2679 1691 2720 [lib.IV.
1708 2680 1747 2709 de
1768 2681 1803 2710 [ι.

1093 2726 1130 2755 L.
1143 2728 1237 2764 p.29.
1252 2725 1302 2754 ed.
1312 2723 1471 2764 Gothofin]
1485 2726 1508 2740 “
1519 2723 1636 2753 luorum
1649 2732 1667 2751 a
1678 2721 1805 2759 luendo,

1094 2768 1119 2799 si
1137 2769 1269 2808 amplius
1287 2767 1473 2803 exsolveris,
1490 2776 1579 2805 quam
1599 2765 1704 2805 quanti
1721 2771 1805 2797 esset

1094 2811 1253 2851 ceptum,'’
1274 2822 1291 2841 a
1306 2810 1446 2849 mancipe
1468 2809 1617 2844 scilieet„
1642 2809 1804 2849 Mancipes

1096 2855 1175 2885 enim
1194 2859 1225 2885 et
1243 2854 1457 2892 redemptores
1480 2852 1693 2882 conducebant
1709 2863 1805 2892 opera

1094 2897 1220 2938 publica
1227 2902 1317 2937 atque
1327 2897 1418 2927 etiam
1429 2895 1553 2934 privata
1563 2895 1717 2931 faciunda,
1726 2906 1804 2935 quos

1096 2941 1199 2971 Graeci
1218 2944 1329 2971 vocant
1347 2938 1525 2980 ἐργολάβους.
1543 2939 1625 2978 quod
1648 2938 1675 2969 si
1694 2948 1805 2969 censor

1095 2985 1147 3024 qui
1169 2985 1333 3018 locaverat,
1353 2983 1425 3022 plus
1446 2987 1536 3022 pacto
1556 2982 1656 3018 daret,
1671 2982 1702 3011 in
1716 2982 1803 3012 lucro

1094 3028 1267 3067 putabatur.
1311 3025 1365 3055 Sic
1383 3025 1578 3056 emendamus
1599 3030 1631 3056 et
1653 3026 1804 3064 interpre-

1664 3154 1670 3169 l
