1931 3323
332 219 416 259 270
702 219 736 261 Ι.
761 220 797 262 Ι.
830 220 1056 262 REISKE
1088 220 1416 263 ANNOTATA

333 324 402 363 quis
419 324 556 354 caedendi
572 324 696 356 fecisset
711 325 840 357 initium.

376 384 418 389 -—
436 369 484 397 17.
508 367 619 409 ὄφελος]
641 369 705 398 scil.
730 370 825 400 ἔσται.
851 370 967 399 mallem
993 369 1038 399 sic

334 410 523 439 enunciatum
542 412 633 441 fuisse
646 424 652 441 :
670 413 882 448 τοιοῦτον,ὣστ’
897 413 941 442 ἐὰν
956 413 1038 452 ἅπαξ

333 470 375 475 —
390 453 461 482 οὐδὲν
476 452 540 483 εἶναι
555 456 604 488 τῆς
619 454 747 489 ἀληθείας
760 456 864 494 ὄφελος.

372 514 415 518 -—-
432 498 481 527 2¹3.
508 498 620 538 ἁπλοῖς]
647 500 729 528 Citat
749 500 777 528 h.
794 500 814 528 1.
836 499 988 538 Harpocr.
1006 510 1035 529 v.

333 539 441 572 ἁπλᾶς.

373 600 416 604 —
433 593 500 620 pen.
516 583 705 625 τυπτόμενον]
724 585 791 615 scil.
809 587 871 614 τινὰ
887 584 940 614 ὑπό
955 596 1013 614 σου.

376 627 468 655 1268.
486 628 515 655 2.
536 626 689 667 ἐῤῥίιφθαι]
715 629 790 657 bene
808 630 908 657 habet.
947 629 1035 657 Lam-

330 668 431 698 binum
453 669 500 698 liic
518 681 553 698 ne
571 671 650 699 audi.
667 680 736 709 opus
750 670 858 711 juisse,
874 676 907 699 ‘ut
925 671 1034 700 labium

329 711 400 741 mihi
414 722 470 741 ocu
482 713 591 742 medica
606 718 801 743 consueretur.
813 724 841 741 v.
854 724 884 751 p.
897 716 989 743 1270.
1004 717 1033 742 2.

370 771 411 777 —-
428 757 458 785 6.
472 753 525 784 ὅσα
545 758 599 796 γὰρ
612 757 653 795 μὴ
671 755 702 784 δι’
716 755 821 795 αὐτῶν]
838 756 966 785 subaudi
986 756 1033 792 γέ-

328 807 397 835 γονε.
419 798 504 827 nulla
519 800 594 827 enim
613 801 645 828 ἰἠ
661 810 692 828 re
705 803 842 837 poterunt
862 804 941 828 testes
955 799 1029 828 erhi-

329 841 403 874 bere,
418 851 479 880 qua:
500 852 555 869 non
570 851 620 878 per
636 843 706 880 ipsos
721 841 798 875 solos,
812 841 859 870 scd
874 843 960 870 etiam
980 852 1033 880 per

327 883 408 918 alios,
422 889 503 923 gesta
517 883 599 924 fuit,
614 890 640 913 et
657 887 688 914 in
703 896 759 924 qna
775 888 903 924 gerenda
927 889 1033 924 praeter

327 927 398 965 ipsos
411 927 464 956 atii
479 937 586 966 quoque
600 929 810 957 interveniunt.

369 986 411 991 -—-
426 970 502 999 ibid.
527 969 639 1010 οὐδενὸς]
661 971 691 999 id
716 974 774 1006 est,
797 970 902 1000 τούτων
924 970 1031 1004 οὐδενός.

326 1012 482 1041 Sententia
511 1012 575 1041 haec
600 1018 664 1042 est:
691 1012 743 1042 ὅσα
766 1016 807 1052 μὴ
832 1013 957 1043 δύνανται
984 1013 1032 1046 Βε-

325 1054 419 1086 Βαιοῦν
434 1054 467 1084 δι’
481 1055 586 1085 ἑαυτῶν
600 1055 698 1095 μόνων,
711 1057 892 1095 φάσκοντεςῆ
909 1056 1030 1097 ὀφθῆναι,

325 1097 339 1127 ἢ
354 1097 533 1133 ἀκουσθῆναι,
547 1098 560 1129 ἢ
576 1099 722 1137 γεγονέναι.
738 1099 807 1129 ἀλλ’
821 1099 839 1128 ἃ
855 1100 901 1129 καὶ
919 1101 1035 1140 προσδεῖ

323 1142 373 1173 τῖς
390 1140 492 1179 ἔξωθεν
507 1140 641 1178 πίστεως,
653 1143 757 1173 τούτων
771 1142 884 1182 μηδενὸς
895 1145 1031 1184 μάςτυξα

324 1182 474 1223 παρέξουσι
489 1183 560 1214 καθ’
575 1187 661 1224 ἡμῶν.

367 1229 461 1257 1269.
478 1230 508 1258 2.
536 1228 769 1269 ἀποβλέποντας]
795 1230 924 1259 subaudi
941 1232 1029 1266 τινὰς,

322 1274 373 1299 aut
397 1271 459 1303 τοὺς
480 1270 656 1311 ἀνθρώπους.
680 1272 708 1301 in
732 1274 864 1310 August.
888 1278 935 1302 est
957 1275 1030 1303 ἀπο·

321 1311 475 1344 βλέποντα
493 1314 522 1343 in
545 1314 704 1354 singulari,
728 1326 835 1355 nempe
858 1317 931 1346 τινά.
961 1328 1030 1356 per-

320 1356 391 1385 inde
408 1361 464 1386 est.

365 1416 406 1421 ——
417 1400 491 1429 ibid.
504 1400 661 1441 πιστεύειν]
678 1400 708 1430 id
725 1406 782 1437 est,
794 1401 860 1431 τότε
875 1402 1029 1433 πιστεύειν.

321 1447 384 1471 tum
402 1442 532 1478 demum,
547 1455 644 1483 neque
666 1444 769 1479 eitius,
785 1446 921 1480 credere,
937 1448 963 1475 si
979 1457 1028 1475 res

322 1491 352 1514 et
380 1496 477 1515 mores
507 1497 574 1516 cum
601 1487 702 1517 verbis
727 1494 904 1526 congruant.
927 1490 1028 1528 possit

319 1532 417 1557 tamen
444 1539 562 1568 quoque
589 1529 650 1570 legi
681 1530 709 1560 οὐ
732 1530 882 1561 πιστεύειν.
907 1537 1029 1570 oportet

321 1571 470 1607 diffidere,
493 1572 520 1601 si
542 1572 609 1602 scil.
628 1573 756 1603 orationi
776 1584 875 1602 mores
899 1580 930 1604 et
949 1575 1028 1604 sacta

319 1615 418 1644 minus
442 1616 654 1653 respondeant.
680 1621 710 1645 et
728 1617 802 1645 bano
818 1617 962 1646 rationem
983 1618 1025 1646 vi-

318 1658 407 1686 detur
424 1658 518 1688 Wolf
536 1670 655 1698 quoque
676 1664 799 1688 secutus
821 1669 889 1689 esse
913 1660 942 1688 in
966 1660 1024 1689 La-

318 1700 404 1730 tinis-

361 1761 402 1766 -—
418 1745 448 1775 5.
475 1743 540 1784 'trag’
557 1744 638 1784 ὑμῖν]
664 1743 748 1773 idem
769 1749 817 1774 est
833 1748 925 1784 atque
941 1745 1022 1784 quod

317 1796 421 1825 margo
436 1787 499 1823 dat,
516 1787 591 1827 «παρ’
613 1788 699 1826 ὑμῶν.
725 1789 898 1817 auctoritate
919 1794 1023 1824 vestra,

313 1831 403 1868 jussu
419 1835 533 1866 vestro,
554 1830 673 1869 judicio
695 1841 712 1860 a
734 1831 823 1860 vobis
850 1835 944 1860 morte
968 1831 1021 1861 da-

319 1878 449 1903 mnatus.

358 1933 400 1938 —
416 1918 446 1945 8.
468 1916 618 1956 μειράκια]
650 1920 718 1946 ante
744 1926 821 1956 μειξ.
846 1916 947 1946 malim
974 1916 1021 1946 καὶ

318 1958 401 1992 addi,
423 1964 454 1988 et
468 1970 523 1998 pro
540 1959 613 2000 ἔχειν
635 1959 696 1998 legi
718 1958 847 1999 ἔχοντας.
863 1966 889 1989 et
905 1959 1019 1999 [audio5

315 2002 403 2042 puta]
420 2002 476 2037 hos,
491 2013 557 2032 eum
569 2002 666 2032 adhuc
682 2003 767 2032 es'senc
783 2003 979 2037 adolescentes,
993 2009 1020 2033 et

314 2055 473 2083 cognomen
502 2044 696 2075 Triballorum
719 2051 853 2085 gererent
878 2046 912 2086 [a
935 2051 1020 2077 semet

312 2088 365 2117 sibi
380 2089 536 2129 inditnmJ,
551 2088 687 2118 Hecataea
703 2089 855 2118 devorasse.

357 2149 398 2153 —
414 2135 462 2161 10.
477 2131 652 2172 κατακαίειν]
670 2131 811 2161 vitiosum
828 2142 896 2162 esse
909 2132 1017 2171 liquet,

314 2183 371 2203 non
388 2175 471 2209 item,
488 2175 640 2213 quomodo
655 2175 1018 2205 emendandum.codices

314 2217 405 2255 aliqui
420 2218 491 2247 dant
503 2217 674 2252 κατεσθίειν,
690 2218 725 2247 ad
741 2219 916 2248 sententium
930 2219 1016 2248 bene.

312 2261 393 2298 quod
410 2260 523 2299 recepi.
541 2261 662 2290 videtur
678 2265 775 2290 tamen
794 2262 1017 2291 Demosthenes

312 2303 413 2342 potius
428 2302 591 2334 καταπίνειν
605 2304 737 2334 dedisse.
763 2309 825 2340 aut,
843 2306 923 2343 quod
940 2315 1016 2343 prae-

309 2345 461 2382 sermm-1?
470 2348 581 2385 ἀγυιᾶς,
594 2357 646 2386 per
657 2349 780 2384 semitas,
792 2353 841 2377 aut
850 2357 904 2386 per·
912 2347 1002 2386 compi
1008 2365 1016 2370 -

311 2394 351 2418 τα.
390 2390 505 2420 Locum
527 2391 605 2419 huno
621 2390 743 2429 egregie
760 2390 905 2430 exposuit
920 2391 1018 2420 Hem-

312 2433 480 2463 sterhusius
504 2433 541 2462 ad
564 2433 691 2463 Luoiani
708 2438 730 2463 t.
747 2435 772 2464 1.
788 2445 820 2473 p.
835 2436 909 2465 330.
956 2434 1017 2463 Le-

312 2474 454 2511 ctionem,
464 2487 530 2515 quae
544 2477 616 2506 mihi
633 2476 769 2516 inprimis
781 2478 937 2517 probatur,
950 2475 1018 2505 κατ’

311 2518 421 2554 ἀγυιὰς,
446 2519 472 2548 si
505 2520 670 2559 sequimur,
695 2520 860 2550 cohaerebit
885 2530 921 2549 ea
947 2531 1016 2550 cum

311 2560 503 2599 συλλέγοντας
526 2563 697 2592 συνδειπνεῖν.
725 2574 768 2593 eos
795 2564 890 2593 solitos
906 2562 1016 2603 faisse,

310 2614 376 2633 cum
388 2614 441 2642 per
455 2607 576 2643 compita
586 2606 762 2645 collegissent
777 2606 924 2641 Hecataea,
937 2612 963 2636 et
974 2610 1016 2635 te-

310 2648 424 2676 sticulos
435 2648 638 2685 porc-ellurum,
646 2667 688 2671 —
697 2659 730 2678 ex
744 2651 881 2689 ejusmodi
894 2649 1017 2687 dapibus

311 2689 470 2719 collectitiis
479 2691 578 2729 epulus
588 2701 707 2729 parare.

353 2750 395 2754 —-
413 2732 488 2762 ibid.
517 2733 565 2763 καὶ
592 2735 657 2769 τοὺς
686 2733 775 2774 ὄρχεις
793 2735 851 2775 —]
884 2734 1017 2765 feliciter

309 2775 390 2806 hunc
405 2775 504 2806 locum
519 2777 637 2807 sanavit
660 2777 799 2808 laudatus
814 2779 904 2808 modo
920 2778 1017 2808 Hem-

1072 325 1238 355 sterbusins
1256 325 1369 356 ibidem
1393 326 1464 363 loci,
1482 326 1614 357 adhunc
1635 327 1754 357 modum
1771 338 1779 358 2

1070 368 1118 397 καὶ
1135 370 1196 402 τοὺς
1211 367 1300 409 ὄρχεις
1315 370 1378 403 τοὺς
1391 368 1422 398 ἔκ
1437 372 1491 399 τῶν
1508 369 1615 411 χοίξων,
1630 368 1665 404 οἷς
1678 369 1778 400 καθαί-

1071 423 1156 450 ρουσιν
1169 412 1251 452 [soil.
1264 412 1284 440 οἱ
1301 413 1472 454 πρυτάνεις]
1489 414 1630 443 testiculos
1641 414 1779 452 porcello-

1070 463 1148 489 rum,
1173 456 1274 494 quibus
1292 455 1438 494 Prytanes
1452 458 1608 486 concionem
1632 462 1777 496 purgant,

1071 498 1120 526 vel
1142 496 1305 537 februant,
1330 501 1359 527 in
1388 499 1539 536 publicum
1567 500 1712 537 projectos.
1746 505 1778 528 et

1071 541 1191 570 correxi
1216 542 1251 570 ad
1277 546 1405 570 mentem
1423 542 1461 570 V.
1479 542 1512 571 C.
1532 542 1593 572 11.1.
1610 553 1696 572 nemo
1722 543 1776 572 ho-

1069 589 1173 613 nestus
1187 589 1216 613 et
1229 584 1320 623 paulo
1335 584 1508 623 religiosior
1520 585 1670 623 ejusmodi
1682 585 1775 624 dapes

1068 627 1247 666 attingebat,
1264 627 1378 666 quippe
1393 638 1459 666 quae
1475 628 1646 667 piaculares
1659 632 1775 663 esseut,

1069 671 1122 698 sed
1153 670 1340 699 solummodo
1367 675 1418 700 aut
1442 681 1591 709 pauperes
1612 681 1662 700 eas
1687 671 1775 701 tolle-

1068 713 1151 747 bant,
1167 717 1217 742 ant
1233 713 1343 752 cynici,
1360 718 1410 743 aut
1427 724 1525 743 nemo.

1107 772 1152 777 ——
1169 758 1218 786 13.
1244 755 1258 786 ἢ
1284 756 1382 797 ὁτιοῦν]
1411 757 1477 786 scil.
1501 756 1606 786 τούτων
1629 756 1732 791 ποιεῖν,
1755 754 1775 785 ἃ

1067 799 1190 827 ποιοῦσιν
1205 799 1227 827 οἱ
1245 798 1377 838 ἄνθρωποι
1394 799 1488 839 ῥᾷστα
1504 799 1551 829 καὶ
1567 798 1775 840 εὗχεξέστατα.

1108 859 1151 862 -
1168 843 1217 870 16.
1242 841 1327 880 μηδὲν
1341 843 1490 883 μελῆσας]
1512 843 1633 872 correxi
1655 841 1724 881 μηδ’
1741 842 1774 871 ἂν

1065 883 1227 922 μελλήσας.
1272 885 1332 913 Sed
1358 885 1409 914 ille
1425 887 1472 914 vir
1495 889 1543 914 est
1566 886 1624 915 fide
1648 886 1773 925 dignus,

1065 926 1115 964 qui
1146 937 1183 955 ne
1214 932 1351 957 sanctum
1388 928 1511 966 quidem
1542 932 1574 957 et
1603 928 1772 966 legitimum

1065 970 1216 1008 quoddam
1242 971 1454 1009 jusjurandum
1486 980 1617 1009 unquam
1644 970 1773 1006 dixerit,

1064 1023 1120 1052 per
1136 1013 1237 1052 capita
1261 1013 1424 1044 liberorum
1440 1018 1539 1044 autern
1557 1018 1589 1043 ut
1609 1013 1773 1052 dejeraret,

1064 1066 1101 1085 ne
1130 1067 1184 1095 per
1205 1056 1352 1086 somnium
1375 1057 1495 1095 quidem
1519 1057 1549 1086 in
1572 1056 1702 1086 animum
1727 1058 1773 1086 iu-

1063 1099 1200 1134 ‹luxerit,
1217 1100 1296 1138 quod
1310 1100 1508 1139 jurisjurandi
1525 1110 1622 1139 genus
1635 1099 1772 1130 moribus

1064 1146 1094 1171 et
1118 1142 1264 1172 institutis
1280 1144 1391 1173 vestris
1414 1143 1609 1173 interdictum
1633 1147 1691 1178 est,
1716 1144 1770 1172 sed

1063 1185 1163 1214 omnia
1186 1186 1272 1225 prius
1299 1186 1448 1223 tolerarit,
1472 1197 1561 1225 quam
1587 1185 1619 1215 id
1645 1186 1769 1216 fecerit:

1063 1234 1125 1264 aut,
1143 1228 1168 1257 si
1185 1239 1309 1268 prorsus
1333 1231 1431 1259 facere
1456 1233 1598 1269 nequeat,
1618 1229 1702 1267 quin,
1718 1239 1770 1258 co-

1063 1277 1152 1309 gente
1163 1272 1355 1308 necessitate,
1365 1274 1459 1312 juret,
1470 1272 1615 1311 itajuret,
1626 1277 1656 1301 ut
1669 1273 1722 1310 jus
1739 1276 1770 1301 et

1062 1315 1106 1344 sas
1117 1319 1164 1344 est
1176 1315 1300 1355 [quibus
1309 1316 1484 1354 verbisipse
1495 1314 1770 1355 semetdesignat];

1062 1357 1113 1386 ille
1130 1368 1251 1397 semper
1263 1359 1384 1398 dignior
1397 1358 1514 1392 est,cui
1531 1359 1607 1388 fides
1624 1358 1770 1388 habeatur

1062 1410 1079 1429 a
1092 1401 1190 1436 vobis,
1203 1412 1290 1440 quam
1308 1402 1347 1437 is,
1364 1401 1415 1441 qui
1427 1419 1479 1432 —-.

1103 1461 1147 1465 —
1160 1446 1211 1473 17.
1227 1444 1368 1485 πρότερον]
1386 1444 1451 1475 scil.
1461 1454 1561 1484 quain,
1577 1447 1660 1473 uteo
1675 1443 1768 1474 modo

1056 1486 1150 1523 juret.
1189 1487 1320 1517 wolfius
1336 1489 1365 1517 in
1384 1487 1523 1518 hocloco
1538 1487 1768 1526 interpretando

1060 1530 1180 1565 humani
1204 1530 1275 1569 quid
1297 1541 1406 1570 passus
1421 1535 1480 1566 est,
1497 1529 1675 1560 existimans
1695 1531 1767 1559 sub-

1060 1573 1158 1601 audiri
1184 1571 1198 1603 ἢ
1225 1573 1329 1607 πιστὸς
1350 1572 1425 1603 εῖναι.
1451 1584 1518 1613 quae
1541 1574 1619 1603 ratio
1644 1583 1766 1603 sensum

1060 1615 1224 1653 supplendi
1240 1627 1365 1654 prorsus
1381 1617 1535 1646 abhorret.
1558 1617 1637 1645 unde
1654 1616 1695 1645 nil
1711 1617 1767 1646 mi-

1059 1667 1137 1693 rum,
1164 1660 1246 1697 quod
1267 1660 1342 1698 ipse,
1373 1659 1648 1689 incommoditatem
1676 1660 1767 1697 hujus

1057 1699 1317 1738 interpretationis
1355 1703 1497 1737 sentiens,
1532 1702 1766 1732 admonitionem

1059 1743 1235 1782 subjecerit,
1251 1745 1349 1775 locum
1364 1746 1443 1776 hunc
1457 1745 1633 1784 suspicione
1648 1746 1766 1775 mendae

1057 1795 1115 1815 non
1134 1797 1253 1817 vacare.

1099 1847 1142 1852 —-
1157 1832 1208 1861 22.
1224 1830 1271 1860 καὶ
1287 1830 1387 1872 ὁτιοῦν]
1403 1830 1450 1860 καὶ
1463 1831 1612 1870 significat
1628 1832 1689 1862 11.1.
1706 1843 1765 1862 non

1056 1873 1207 1911 copulam,
1221 1875 1276 1903 sed
1291 1874 1481 1914 quodcunque
1493 1875 1620 1904 tandem.

1097 1933 1140 1938 -—
1156 1919 1206 1946 24.
1231 1918 1266 1951 ὡς
1291 1917 1319 1946 οὐ
1341 1917 1640 1959 κατεπιοςκησόμενος]
1658 1928 1765 1958 suspe-

1055 1963 1136 1988 ctum
1152 1959 1225 1989 mibi
1247 1960 1371 1999 quidem
1393 1961 1448 1989 hoc
1469 1966 1525 1990 est.
1548 1962 1664 2000 duplex
1678 1961 1763 1991 mihi

1055 2003 1232 2040 conjectura
1253 2004 1396 2033 occurrit.
1410 2008 1481 2033 aut:
1501 2005 1555 2045 οὐχ
1576 2005 1610 2038 ὣς
1624 2005 1660 2034 σὺ
1679 2003 1763 2044 [scil.

1054 2043 1191 2079 ἦθέλησας
1206 2045 1331 2088 ὀμνύναι]
1348 2049 1629 2088 κατεπιορκησόμενος
1644 2046 1676 2077 τὸ
1692 2050 1764 2087 ¹7th-

1054 2099 1131 2126 γμα.
1147 2100 1216 2124 non,
1232 2095 1266 2119 ut
1281 2094 1326 2126 tn,
1338 2099 1386 2128 spe
1394 2096 1480 2129 atque
1494 2091 1672 2121 contentione
1687 2090 1763 2120 hanc

1054 2141 1171 2165 causum
1184 2133 1317 2171 perjurio
1335 2133 1479 2163 vincendi.
1504 2134 1654 2172 quomodo
1670 2134 1761 2162 etiam

1054 2174 1145 2204 Wolf
1157 2175 1298 2213 conjecit.
1325 2181 1378 2205 aut.
1393 2186 1399 2204 ε
1426 2176 1668 2216 προσυβρισθῆναι
1683 2178 1762 2217 παραὶ

1052 2219 1116 2252 τῶν,
1138 2218 1173 2252 ὡς
1194 2220 1239 2253 σὺ,
1255 2218 1555 2257 κατεπιοςκησομένων
1574 2218 1607 2250 τὸ
1625 2221 1760 2259 πρᾶγμα.

1051 2265 1079 2289 et
1091 2265 1232 2298 praterea
1247 2271 1354 2302 qnoque
1368 2263 1442 2299 pati,
1457 2268 1491 2291 ut
1510 2263 1638 2300 injurias
1652 2269 1679 2291 et
1693 2273 1760 2292 con-

1051 2304 1185 2334 tnmelias
1207 2305 1244 2334 ab
1267 2306 1301 2334 iis
1318 2305 1504 2343 accipiamus,
1528 2306 1590 2344 qni,
1615 2306 1692 2334 sicut
1714 2310 1759 2341 tu,

1050 2355 1167 2376 cansam
1184 2348 1296 2378 vincere
1316 2348 1360 2377 vel
1376 2347 1506 2386 perjurii
1521 2348 1700 2378 adminiculo
1715 2349 1760 2378 m'l

1050 2389 1240 2420 dubitabunt.
1257 2397 1288 2420 et
1303 2392 1360 2420 hoc
1375 2391 1445 2423 dedi
1462 2391 1500 2420 de
1516 2401 1595 2420 meo.

1092 2450 1134 2455 ——
1158 2444 1226 2474 pen.
1257 2432 1348 2475 ἕνεκα]
1379 2434 1481 2463 malim
1509 2432 1634 2465 ἐναντίον.
1661 2444 1758 2465 emam

1049 2475 1134 2506 vobis.

1094 2521 1187 2549 1270.
1200 2522 1231 2550 3.
1249 2519 1297 2549 καὶ
1313 2520 1334 2549 εἰ
1350 2518 1406 2559 μὲν
1421 2520 1516 2561 εὐορκῶ
1527 2517 1584 2558 —]
1601 2519 1683 2550 citat
1696 2520 1757 2550 11.1.

1050 2562 1201 2592 Aristides
1217 2562 1298 2604 τέχν.
1316 2573 1346 2602 p.
1364 2566 1437 2594 248.

1092 2623 1134 2627 —
1145 2608 1197 2636 27.
1207 2606 1358 2646 χρήσιμοι]
1374 2610 1446 2645 post
1456 2617 1484 2636 v.
1498 2606 1636 2647 χρήσιμοι
1650 2605 1755 2635 addidi

1049 2648 1097 2677 καὶ
1112 2648 1206 2684 αὐτὸς,
1220 2650 1285 2679 soil.
1308 2648 1372 2687 ἐγώ.
1389 2656 1415 2679 et
1429 2650 1541 2688 ipsemet
1555 2658 1617 2688 ego,
1631 2653 1659 2678 et
1668 2653 1755 2686 puter

1049 2702 1136 2722 meus.

1093 2737 1188 2765 1271.
1199 2738 1229 2764 1.
1243 2733 1314 2764 οὐδὲν
1325 2733 1388 2765 οὔθ’
1398 2732 1489 2774 οὗτος]
1505 2734 1636 2764 mediam
1647 2745 1752 2765 vocem

1050 2778 1168 2815 addidi,
1184 2777 1249 2808 scil.
1265 2778 1402 2819 χρήσιμοι
1419 2778 1486 2816 ὑμῖν
1499 2776 1639 2815 γεγόνασι.
