1997 3323
356 197 411 238 48

401 320 442 325 —
459 303 510 332 19.
531 299 762 343 οἰκοδομήματα]
785 302 940 333 Aristides
962 303 1002 333 de
1026 304 1067 334 D.

357 347 393 375 C.
410 344 458 375 καὶ
474 345 562 374 πάλιν
581 343 607 374 ἔν
629 344 698 382 γένει
726 344 886 385 [praefatus
912 347 951 376 de
974 357 1067 385 gene-

356 387 498 427 ralibus]
521 387 739 427 οἷκοδομῆματα
763 387 817 429 μέν
838 399 870 427 γε
891 389 938 418 καὶ
962 389 1068 428 κόσμον

354 433 407 465 τῆς
437 430 545 465 πόλεως
560 448 602 454 —-
618 429 765 470 ὑπεςέολῆν
800 432 966 469 λελεῖφθαι.
1001 432 1067 462 εἶτα

355 473 425 505 κατ’
446 473 526 508 εἶδος·
553 473 723 515 ωςοπύλαια
752 475 861 511 ταῦτα,
885 474 897 504 ὅ
924 475 1068 515 παρθενὼν

356 522 419 548 etc.

398 578 442 584 -—-
457 563 509 592 20.
531 559 654 600 πόλεως]
679 561 708 589 h.
724 560 745 590 l.
763 560 914 599 significat
937 561 1066 592 aedificia

355 605 491 644 profana,
507 604 573 634 sive
596 603 733 642 publica,
755 604 821 634 sive
844 604 973 643 privata,
997 616 1065 635 cum

354 648 434 678 fanis
449 649 576 677 deorum
587 647 798 683 etnavalibus,
814 657 882 686 quae
895 652 967 677 sunt
977 653 1067 678 extra

354 692 474 726 urbem,
490 694 694 729 opponantur.

397 752 441 758 ...-
456 736 508 764 93.
529 731 707 773 προπύλαια]
729 732 811 762 Citat
826 732 856 762 h.
872 733 894 762 1.
911 733 1065 773 Harpocr.

353 789 385 808 v.
400 777 571 818 προπύλαια
586 776 694 805 ταῦτα.
718 782 749 804 et
773 775 962 806 Scholiastes
984 777 1065 807 Her·-

354 831 437 860 mog.
454 832 484 859 p.
501 822 575 849 400.
591 821 671 848 κατὰ
687 817 715 848 δὲ
732 818 836 851 ἄλλους
846 819 893 848 καὶ
909 821 949 849 τοὶ
962 819 1066 850 δεικτι-

353 867 392 895 n&
408 874 559 904 σχηματα
575 860 681 901 ἔναξγῆ.
702 865 758 891 οἷον·
776 861 941 901 προπύλαια
957 864 1066 893 ταῦτα.

398 908 552 937 175.1Ο.
582 903 851 957 ὑπεξηφανωτέρας]
881 904 964 934 citat
989 906 1019 936 h.
1044 907 1066 935 l.

354 951 485 981 Thomas
503 950 547 978 M.
563 959 593 979 v.
609 948 788 988 ὑπεξηφανος.

397 1011 441 1016 -
462 995 512 1023 19.
537 991 633 1031 αὐτοὶ]
658 992 729 1029 ipsi,
754 991 843 1026 ultro,
868 995 977 1029 sponte
1000 1001 1065 1026 sua,

354 1047 412 1076 pro
429 1036 578 1066 arbitratu
595 1045 661 1064 suo.
682 1034 711 1063 in
729 1034 797 1063 aliis
814 1039 861 1063 est
875 1045 958 1064 ουτοι.
983 1035 1064 1073 quod

354 1085 471 1110 tantum
488 1080 586 1112 abest,
610 1082 643 1106 ut
658 1087 814 1115 aspernor,
836 1082 871 1107 ut
888 1082 993 1107 auctor
1003 1088 1064 1129 po-

354 1123 417 1152 tius
432 1122 488 1152 sim
505 1127 666 1159 utrumque
683 1120 859 1160 copulandi.
882 1125 916 1150 ut
932 1121 972 1150 sit
990 1122 1064 1151 οῦτοι

352 1164 444 1196 αὐτοί.
489 1165 537 1195 Ad
553 1163 732 1203 μεταδιδῶσι
750 1163 952 1193 subauditur
942 1165 1020 1204 υμῖν.

397 1227 440 1232 -
450 1210 502 1240 25.
518 1209 566 1238 τὴν
574 1205 692 1248 ὀργάδα]
708 1207 790 1237 Citat
802 1207 830 1237 li.
844 1207 864 1237 l.
877 1206 1064 1246 Harpocrat.

353 1263 385 1282 v.
401 1251 495 1293 ὄξγίις.

398 1314 440 1319 .-
457 1305 526 1335 pen.
551 1304 614 1326 τους
636 1291 834 1335 Βουλομένους]
859 1291 1066 1329 5011.Βοηθεῖν,

355 1340 405 1369 vel
426 1337 562 1379 μετέχειν
587 1338 638 1369 »τῆς
664 1335 1066 1370 ςοηθείας.1)εοτενετ3ηι

353 1382 556 1412 Athenienses
570 1379 747 1419 plebiscito,
764 1379 910 1410 Phliasiis
925 1380 998 1409 urbe
1012 1389 1067 1418 pa-

353 1426 413 1456 tria
435 1424 573 1463 expulsis
594 1433 783 1459 succurrere,
806 1434 920 1462 eosque
940 1423 1065 1452 domum

353 1469 514 1501 reducere,
531 1477 588 1496 non
605 1466 782 1505 permittere
795 1466 926 1501 sicariis,
941 1465 992 1506 qui
1006 1476 1067 1495 cae-

353 1512 445 1542 dibus
462 1510 650 1544 Phliuntem,
667 1509 794 1547 patriam
816 1520 912 1544 suam,
928 1509 1065 1539 desolas-

354 1559 423 1585 sent
433 1555 516 1594 (nam
531 1552 658 1583 Phliasii
676 1552 737 1591 ipsi
754 1552 896 1582 videntur
909 1553 939 1582 hi
957 1552 1064 1588 fuisse,

351 1609 408 1638 per
430 1598 531 1627 caedes
552 1595 666 1626 civium
690 1596 727 1624 ad
747 1596 937 1635 tyrannidem
962 1605 1065 1633 grass-

353 1640 466 1680 antes),
490 1645 525 1670 ut
550 1640 673 1678 impune
704 1643 818 1668 tantam
847 1639 1064 1669 immanitatem

352 1685 469 1715 diutius
492 1685 682 1717 exercerent,
710 1682 841 1721 denique
871 1683 909 1712 ad
935 1682 1065 1720 expedi-

351 1728 446 1758 tionis
465 1728 555 1766 liujus
571 1725 749 1755 societatem
774 1725 1064 1766 Peloponnesiorum

741 195 775 238 Ι-.
799 194 834 237 Ι.
858 195 1082 238 REISKE
1113 197 1437 240 ANNOTATA

1101 304 1242 377 invitare,
1268 310 1419 346 quotquot
1443 317 1509 337 eam
1540 305 1722 347 participare
1748 305 1812 337 vel·

1114 353 1165 377 ent
1506 362 1510 368 =

1145 392 1263 421 176.1.
1288 394 1328 422 τὰ
1345 391 1411 431 ἔργα
1430 391 1453 422 δ’
1468 391 1526 423 ἀπο
1546 391 1666 433 τούτων]
1690 391 1811 442 praetuli

1101 434 1141 462 τὰ
1155 432 1222 473 ἔργα
1237 433 1266 463 δὲ
1281 436 1321 464 τὰ
1338 433 1396 464 από
1410 435 1526 466 τούτων.
1564 436 1663 470 Licet,
1681 436 1707 464 si
1720 436 1812 473 juva-

1101 476 1157 511 bit,
1169 477 1207 506 ad
1219 477 1324 507 τούτων
1334 477 1452 516 signum
1464 478 1671 518 interrogandi
1684 479 1811 513 addere,

1100 524 1135 549 ut
1148 519 1217 558 ipse
1234 531 1301 550 sese
1316 520 1484 560 interroget
1499 526 1610 557 orator,
1629 521 1748 560 sibique
1762 531 1812 550 τε·

1101 563 1261 601 spondeat.
1289 565 1330 593 At
1343 564 1470 594 effectus
1486 564 1612 594 horum?
1628 565 1665 594 ab
1675 564 1725 594 his
1740 574 1813 603 pro·

1100 606 1201 636 fecta?
1218 607 1286 637 scil.
1297 608 1350 637 ποῦ
1362 605 1437 637 ἔστι.
1451 606 1502 637 ubi
1518 608 1610 637 sunt?
1632 607 1814 647 Respondet

1101 648 1234 688 οὐδαμοῦ.
1250 660 1399 688 nusquam
1416 651 1563 680 locorum.

1143 710 1186 714 -—
1202 696 1252 722 10.
1278 691 1409 734 Κυθνίοις]
1434 693 1518 723 Citat
1532 694 1562 723 h.
1574 693 1596 723 l.
1613 692 1766 732 Harpocr.
1781 703 1811 722 r.

1100 734 1214 769 Κύθνος.
1240 736 1440 766 Marcellinus
1465 737 1504 767 ad
1527 737 1756 774 Hermogenem
1778 745 1811 774 p.

1100 779 1175 807 316.
1199 777 1289 809 ἰστέον
1304 778 1332 809 δὲ
1355 777 1461 818 κᾷκεῖνο
1480 779 1550 819 ωεςὶ
1572 780 1622 809 τοῦ
1637 777 1751 818 ἐνδόξου,
1767 777 1812 807 δ’τι

1100 832 1152 854 *Τῆς
1175 832 1321 855 770107117ος
1344 823 1486 861 μάλιστα
1510 834 1562 857 Τῆς
1588 824 1643 852 τῶν
1663 820 1815 852 ἀκθυόγτων

1101 862 1229 903 ἤρτηται.
1246 864 1284 895 διο
1297 876 1346 894 και
1363 865 1442 895 «ποτὲ
1458 864 1513 905 μὲν
1529 864 1678 901 πλείστην,
1695 863 1774 894 ποτὲ
1789 862 1814 893 δ’

1100 904 1260 960 ἐλαχίστην
1272 907 1436 947 παρέξεται
1448 909 1489 947 τῷ
1501 907 1612 946 λέγοντι
1623 906 1767 949 χορηγίαν.
1783 907 1812 936 οὗ

1099 951 1153 989 γὰρ
1169 948 1268 988 ομοίως
1284 950 1295 979 ὅ
1312 950 1378 991 παρ’
1394 949 1550 985 Ἀθηναίοις
1565 961 1596 980 τε
1611 962 1658 980 και
1674 950 1814 981 Λακεδαι-

1098 990 1198 1029 μονίοις
1212 992 1310 1030 λέγων,
1319 993 1368 1022 καὶ
1379 996 1456 1034 παρὰ
1466 995 1621 1047 Μεγαρευσι
1630 994 1678 1023 καὶ
1689 991 1814 1032 Σιφνίοις.

1099 1035 1180 1065 ἀλλὰ
1196 1035 1264 1076 'nae'
1277 1034 1423 1070 Ἀθηναίοις
1440 1035 1494 1076 μὲν
1509 1037 1556 1065 και
1577 1035 1814 1076 Λακεδαιμονίοις,

1099 1077 1153 1108 ἅτε
1167 1090 1218 1112 της
1232 1077 1379 1113 ποιότητος
1387 1082 1442 1109 τῶν
1454 1080 1609 1119 πξοσώπων
1623 1078 1814 1121 στοχαζόμε·

1097 1132 1149 1156 νος,
1165 1120 1305 1153 πλείστην
1320 1124 1368 1153 τῆν
1382 1122 1514 1164 χορηγίαν
1529 1121 1597 1161 ἕξει,
1615 1125 1693 1162 παρὰ
1709 1123 1737 1152 δὲ
1753 1123 1814 1157 τοῖς

1098 1164 1197 1199 ἄλλοις
1211 1164 1312 1203 ὀλίγην.
1336 1164 1369 1195 rra
1385 1168 1439 1206 yde
1453 1164 1564 1205 Σιφνίων
1573 1163 1642 1199 ’ἦθος
1653 1177 1701 1195 και
1715 1171 1812 1203 Μεγα-

1098 1206 1160 1247 ςὲων
1176 1209 1392 1248 παρειληφαμεν
1410 1207 1442 1238 ἐκ
1460 1220 1511 1243 της
1530 1206 1664 1249 ιστορίας,
1686 1206 1813 1241 εὐκλείας·

1099 1250 1191 1280 οὐδένα
1207 1250 1285 1289 λόγον
1301 1251 1467 1291 ποιούμενον,

1141 1312 1184 1316 —
1202 1296 1253 1324 12.
1267 1306 1301 1324 το
1316 1296 1364 1326 τὴν
1377 1294 1508 1336 δύναμιν]
1526 1295 1620 1325 Wolf
1630 1295 1669 1324 de
1686 1305 1742 1324 suo
1756 1295 1811 1324 de-

1099 1336 1145 1366 dit
1153 1334 1245 1377 μείζω
1256 1339 1306 1368 τῆν
1317 1337 1341 1366 δ.
1357 1338 1395 1367 ad
1410 1338 1589 1368 sententiam
1601 1338 1706 1377 utique
1716 1343 1811 1368 recte.

1099 1381 1152 1409 sed
1170 1380 1360 1416 auctoritati,
1375 1391 1434 1410 non
1449 1381 1536 1411 malae
1545 1381 1592 1411 illi
1607 1381 1743 1420 quidem,
1756 1391 1808 1410 ne-

1098 1433 1157 1462 que
1182 1423 1371 1458 recusandae,
1398 1429 1429 1454 at
1452 1424 1552 1454 minus
1580 1427 1680 1454 tamen
1710 1425 1811 1463 gravi,

1099 1467 1204 1496 deerat
1219 1467 1348 1506 pondus.
1372 1477 1445 1496 num
1460 1468 1498 1496 ab
1512 1471 1632 1497 oratore
1648 1467 1693 1496 sic
1708 1467 1812 1506 profe-

1098 1515 1181 1539 ctum
1197 1514 1244 1539 est
1259 1520 1265 1539 ε
1283 1508 1349 1550 πρὸς
1363 1508 1397 1539 τὸ
1410 1510 1461 1543 τῆς
1475 1509 1584 1545 πόλεως
1598 1508 1684 1550 ὄνομα
1698 1509 1747 1539 καὶ
1763 1511 1812 1540 τὴν

1097 1553 1209 1592 δύναμιν
1225 1564 1266 1582 w.
1284 1553 1388 1592 copias
1408 1563 1597 1593 comparare,
1614 1563 1717 1593 pare3‚
1739 1563 1812 1583 con·

1099 1602 1259 1626 sentaneas
1276 1596 1364 1625 famae
1380 1596 1527 1626 civitatis,

1141 1657 1183 1663 —-
1199 1641 1250 1669 21.
1275 1637 1326 1680 οἷς]
1351 1639 1390 1669 de
1403 1645 1470 1669 meo
1486 1638 1604 1669 addidi.
1623 1639 1735 1679 quibus
1752 1650 1810 1669 non

1097 1681 1181 1719 licet,
1196 1682 1286 1722 ipsis,
1303 1682 1332 1711 h.
1349 1692 1377 1711 e.
1390 1682 1482 1718 ultro,
1497 1688 1604 1722 sponte
1619 1692 1687 1718 sua,
1703 1683 1811 1712 volen-

1098 1725 1180 1755 tibus
1196 1726 1234 1756 de
1248 1736 1314 1765 rep.
1331 1725 1493 1756 decedere.

364 1870 448 1912 AD
478 1867 849 1911 ORATIONEM
877 1868 960 1910 DE
991 1868 1319 1910 CLASSIBUS
1345 1883 1436 1910 vm.
1462 1868 1799 1911 COLLEGIIS.

395 1981 469 2010 178.
491 1982 521 2008 1.
546 1979 581 2008 In
606 1978 756 2008 Bavarieo
777 1978 877 2018 reperi
903 1977 925 2008 οἶ
945 1977 1002 2016 μὲν
1022 1975 1063 2007 οὖν

350 2022 531 2056 ἐπαινοῦντες.
554 2023 636 2060 quod
650 2022 753 2052 nescio
770 2032 806 2050 an
830 2021 929 2051 minus
951 2021 990 2050 sit
1010 2021 1063 2050 da-

350 2067 524 2096 mnandum.
549 2075 730 2104 quamquam
745 2075 802 2094 non
819 2064 891 2094 ideo
907 2064 1063 2104 vulgatam

351 2109 616 2139 exterminandam
640 2118 764 2138 censeo.
797 2107 860 2137 fieri
884 2112 998 2146 potest,
1029 2111 1063 2136 ut

351 2153 418 2182 haec
440 2152 537 2182 oratio
559 2152 772 2189 fragmentum,
792 2159 824 2180 et
839 2150 992 2180 absolutio
1008 2160 1063 2179 seu

350 2196 505 2236 peroratio
517 2195 640 2224 alterius
651 2194 807 2233 cujusdam
820 2193 871 2222 sit.
882 2203 1062 2232 quamquam

350 2237 393 2269 οὖν
408 2249 445 2269 ne
462 2239 589 2276 integra:
607 2238 730 2276 quidem
749 2237 894 2266 orationis
909 2236 1063 2275 principio

350 2292 457 2322 parum
475 2280 626 2311 convenit.
652 2281 723 2320 fingi
735 2279 815 2309 enim
833 2282 936 2318 potest
950 2285 1063 2315 orator,

350 2335 515 2365 assurgens
528 2325 694 2354 secundum
709 2323 799 2353 alium
813 2323 941 2358 aliosve,
957 2322 1002 2352 sic
1016 2332 1064 2351 or-

351 2368 411 2398 diri
426 2380 432 2397 z
449 2374 556 2399 vestros
571 2369 668 2408 itaque
683 2369 806 2406 majores
819 2368 869 2406 qui
884 2366 1010 2395 laudant
1021 2383 1064 2387 —-

350 2413 433 2442 unde
449 2411 622 2450 colligatur,
635 2409 849 2445 antecessoris,
862 2414 913 2438 aut
925 2413 1063 2438 anteces-

350 2466 453 2485 sorum
469 2455 622 2484 orationes
638 2454 668 2483 in
690 2453 834 2484 laudibus
851 2453 996 2490 majorum
1013 2462 1063 2481 ce-

348 2498 502 2528 lebrandis
523 2504 659 2527 versatas
672 2508 750 2527 esse.
795 2496 947 2526 Aristides
965 2496 1004 2525 de
1022 2497 1062 2525 D.

350 2541 386 2571 C.
403 2543 515 2580 p.310.
531 2542 630 2570 locum
646 2541 726 2570 hunc
744 2540 773 2569 in
791 2539 965 2578 exemplum
980 2539 1063 2577 peri-

349 2584 402 2614 odi
419 2584 562 2623 proponit
581 2584 722 2622 pluribus
739 2595 755 2613 e
775 2583 852 2612 colis
874 2583 1062 2621 compositae.

350 2627 412 2657 Sed
429 2627 613 2657 fructuosior
625 2632 671 2657 est
687 2627 764 2656 alter
780 2626 919 2665 ejusdem
933 2626 1019 2654 locus
1031 2635 1062 2677 p.

351 2672 425 2701 264.
449 2670 625 2710 σφοδρότητα
652 2669 680 2699 δὲ
708 2670 792 2699 ’ωοιεῖ
792 2681 804 2702 ς
827 2681 875 2698 και
901 2667 969 2698 ὅταν
990 2669 1063 2708 πρά-

349 2725 459 2753 γματα
479 2726 493 2744 η
518 2712 666 2763 πρόσωπα
682 2712 773 2752 ἔνδοξα
788 2725 830 2751 μη
849 2711 924 2743 ὄκνηε
939 2711 1061 2744 διαβάλ-

349 2763 415 2787 λειν.
440 2760 488 2786 οἷον
502 2756 535 2785 τὸ
550 2756 604 2795 μὲν
620 2755 736 2785 ἐπαινεῖν
751 2767 815 2789 τους
833 2753 975 2794 προγόνους
989 2757 1062 2794 vrgi-

349 2812 417 2841 γμα
433 2798 616 2838 ἐνδοξότατον·
632 2799 644 2828 ὁ
661 2798 689 2828 δὲ
711 2796 890 2837 Δημοσθένης
905 2799 964 2831 πῶς
979 2797 1062 2832 εὐθυς

348 2843 374 2872 ἓν
390 2844 467 2884 ἇςχη
483 2840 626 2880 &nienhem
650 2854 672 2871 οι
687 2841 743 2881 μὲν
755 2841 930 2873 ἐπαινοῦντες
942 2858 995 2869 -—-.

393 2905 435 2909 ——
451 2888 481 2916 6.
504 2887 554 2916 τοῦ
571 2885 671 2937 δοκειν]
693 2885 785 2914 miror
806 2883 997 2913 insolentiam
1015 2884 1061 2913 di-

348 2929 458 2959 ctionis
474 2941 522 2959 του
540 2929 624 2958 δοκειν
643 2926 722 2966 δοξαν
738 2926 906 2967 ἐκφέρονται.
933 2931 1062 2966 poterat,

348 2972 378 3000 ni
400 2973 500 3010 fallor,
522 2973 662 3007 alterum,
688 2971 756 3000 sive
778 2971 872 3005 δοκεῖν,
894 2969 960 2999 sive
983 2969 1062 3008 δόξαν

348 3016 496 3046 suffieere.
522 3026 557 3045 an
579 3016 643 3046 haec
658 3022 704 3045 est
721 3014 881 3050 sententis,
898 3013 926 3043 in
945 3013 1062 3043 Latinis

1098 1978 1222 2016 quidem
1248 1987 1307 2007 nou
1330 1977 1551 2007 intolerabilis:
1582 1978 1672 2008 Hanc
1696 1978 1810 2009 referre

1099 2021 1277 2060 gloriam,ut
1289 2021 1398 2059 vulgus
1409 2031 1461 2050 eos
1473 2021 1582 2051 habeat
1593 2021 1622 2050 in
1637 2022 1810 2052 oratoribus

1099 2065 1178 2093 haud
1196 2064 1438 2093 contemnendis.

1140 2124 1184 2129 —-
1200 2110 1252 2137 11.
1276 2106 1513 2148 παραδέξασθαι]
1537 2106 1661 2136 correxi
1678 2106 1812 2148 παραδεί-

1098 2149 1223 2188 ξασθαι.
1252 2150 1303 2179 alii
1323 2149 1398 2179 nulli
1415 2150 1557 2189 exempla
1576 2149 1745 2180 domestica
1760 2151 1810 2181 vel

1098 2194 1281 2222 documenta
1299 2203 1398 2222 rerum
1418 2192 1611 2232 splendidius
1626 2196 1716 2232 atque
1731 2204 1812 2233 prae-

1099 2236 1213 2266 clarius
1228 2240 1380 2275 gestarum
1391 2235 1475 2265 domi
1488 2246 1551 2266 suae
1567 2239 1648 2271 nata,
1662 2237 1811 2276 proferre,

1099 2279 1149 2310 vel
1168 2279 1260 2309 edere
1277 2282 1452 2318 potuerunt.

1141 2340 1183 2345 —-
1199 2325 1251 2353 13.
1276 2321 1431 2362 δύνασθαι]
1456 2321 1544 2351 uncis
1559 2321 1681 2352 inclusi.
1698 2332 1811 2352 conve-

1100 2365 1178 2394 niret
1194 2366 1260 2404 ejus
1282 2365 1351 2394 loco
1375 2364 1485 2394 melius
1507 2363 1618 2398 δεόντως
1643 2365 1692 2395 vel
1713 2365 1811 2405 ὀρθῶς.

1100 2409 1252 2447 quomodo
1268 2408 1343 2438 mihi
1361 2408 1509 2438 videmini
1527 2413 1611 2438 recte
1632 2411 1663 2438 et
1679 2419 1739 2447 qua
1755 2419 1811 2448 par

1099 2457 1146 2481 est
1168 2451 1311 2481 instructi
1332 2455 1422 2490 atque
1443 2451 1542 2490 parati
1568 2461 1647 2486 esse,
1664 2451 1810 2492 [subaudi

1099 2494 1130 2524 ἂν
1140 2493 1210 2524 οὕτω
1227 2494 1501 2534 παρασκευασθῆτε,
1509 2494 1535 2524 si
1545 2493 1601 2529 sic,
1609 2499 1642 2524 ut
1651 2495 1810 2535 praecipio,

1099 2537 1242 2568 instructi
1256 2537 1404 2577 suerius}

1141 2599 1184 2604 —-
1200 2583 1251 2612 15.
1275 2581 1296 2610 οἱ
1316 2579 1488 2622 μέλλοντες]
1507 2579 1685 2610 cancellavi.
1701 2579 1812 2609 melius

1098 2625 1276 2654 conveniret
1291 2624 1312 2653 οἴ
1328 2623 1467 2661 λέγοντες.
1483 2633 1549 2659 nos,
1566 2623 1631 2672 qui.
1635 2633 1703 2652 cum
1719 2622 1810 2661 plebe

1098 2678 1189 2707 agere
1217 2668 1246 2697 in
1271 2667 1417 2697 concione
1439 2667 1583 2700 solemus,
1607 2664 1632 2695 si
1652 2665 1811 2696 videamur

1098 2711 1254 2740 subtiliter
1269 2711 1383 2740 dicere.
1407 2707 1556 2763 φανείημεν
1570 2720 1644 2742 οντες
1656 2708 1737 2738 idem
1753 2713 1811 2743 est,

1097 2759 1188 2793 atque
1204 2755 1232 2783 οὗ
1246 2752 1325 2792 μόνον
1343 2751 1494 2794 φανείημεν
1514 2751 1592 2787 εἰναι,
1613 2753 1694 2781 ἀλλὰ
1710 2751 1758 2781 και
1774 2752 1810 2786 ὡς

1095 2796 1212 2831 ἀληθῶς
1231 2801 1320 2836 οἱμεν.
1342 2807 1440 2835 neque
1456 2795 1616 2826 videamur
1633 2795 1725 2824 modo
1746 2795 1810 2824 elo-

1096 2840 1220 2878 quentia
1241 2840 1370 2879 pollere,
1393 2838 1448 2868 sed
1471 2848 1580 2877 reapse
1597 2847 1719 2876 quoque
1741 2837 1809 2876 pol-

1095 2883 1221 2913 leamus.
1248 2884 1358 2912 Verum
1372 2883 1460 2912 abest
1473 2880 1604 2920 aliquid,
1621 2881 1708 2918 cujus
1724 2880 1810 2910 defe-

1096 2930 1176 2956 ctum
1202 2936 1284 2965 aegre
1306 2927 1389 2963 sero;
1422 2934 1519 2964 neque
1546 2928 1644 2953 tamen
1671 2923 1723 2952 illa
1746 2923 1811 2953 elo-

1095 2969 1218 3007 quentia
1244 2972 1347 2998 nostra
1368 2968 1406 2998 ad
1431 2977 1534 2997 curam
1560 2967 1638 3006 reip.
1659 2971 1691 2996 et
1706 2966 1744 2996 ad
1761 2977 1808 2996 sa-

1094 3012 1309 3042 tisfaciendum
1340 3013 1406 3050 ejus
1436 3009 1675 3040 necessitatibus
1705 3010 1808 3039 eonse-
