1931 3323
336 177 422 238 342

333 304 457 333 ποιοῦσιν
488 301 640 338 Ἀθηναῖοι,
672 302 788 342 Χάρητα.
817 301 871 341 μὲν
897 299 945 330 καὶ
980 306 1043 330 Διο-

333 345 434 376 πείθην
449 345 496 375 καὶ
511 345 644 386 Πρόξενον,
659 346 706 375 καὶ
720 345 860 379 τοιούτους
874 346 952 377 τινάς
965 343 1043 372 ἀνω-ο-

332 388 481 422 δεικνύντες
507 389 702 430 στςιιτηγεῖνι
731 394 806 419 recte
823 388 963 429 faciunt,
993 386 1044 425 qui

333 432 422 483 duces
442 438 548 462 c›·.ee›1t
601 432 776 472 Philippica
799 436 923 471 quarta:
961 431 1044 468 μετὰ

333 474 422 504 ταν-τ’
431 477 444 505 ἦ
459 475 535 516 τύχη
546 479 641 511 καλῶς
651 477 782 511 ποιοῦσα,
794 477 892 505 πολλοὶ
908 471 1043 503 πεποίηκε

333 520 374 548 τοι
386 519 470 548 κοινά.
494 520 562 557 Qua
578 519 693 549 ratione
709 519 837 549 Livius:
859 522 878 535 “
891 517 1043 555 Rempub.

333 561 466 602 (inquit)
500 562 687 599 benignitate
721 563 809 592 deum
841 572 907 591 esse
936 559 1043 598 gratiae

333 604 534 634 referendae.’'
557 606 675 635 Ibidem
694 606 782 658 paulo
800 609 889 644 post:
915 603 1042 643 ἔρχονται

334 646 504 686 μεθέξοντες
525 648 637 684 τούτου,
655 648 702 677 καὶ
721 651 814 682 καλῶς
831 648 963 682 ποιοῦσιν,
985 646 1042 675 hoc

335 694 394 727 est,
406 692 438 720 in
454 701 509 731 quo
525 691 602 721 nihil
617 692 808 730 delinquunt.

375 751 419 756 ——-
443 745 512 773 pen.
533 745 596 769 τους
617 734 640 762 δ’
662 733 687 763 ἐν
711 733 818 773 ἡλικίᾳ]
843 734 905 765 τοὺς
925 730 1004 764 νέους.
1029 731 1042 760 ἦ

331 778 386 818 γὰρ
407 777 500 812 νεότης
521 777 588 806 κατ’
608 776 706 816 ἐξοχὴν
728 775 821 806 ἡλικία
845 775 974 812 λέγεται,
991 784 1043 802 κα.-

333 818 423 859 Θάπεξ
445 822 566 855 «ποιητὴς
588 819 642 859 μὲν
653 818 789 860 Ομηρος,
810 818 895 860 ῥήτωρ
912 817 936 847 δ’
957 817 969 846 ὃ
987 823 1043 848 Δη-

331 862 486 903 μοσθὲνης.

375 924 420 930 —-
446 906 502 935 ult.
534 907 583 937 τῆν
608 906 658 935 τοῦ
689 905 841 945 πολεμεῖν]
876 904 955 933 Haec
983 912 1043 932 una

332 959 425 979 causa
456 959 604 978 excusare
633 954 741 988 posset
769 948 895 983 milites,
923 947 948 977 si
982 956 1041 976 non

332 992 416 1022 aliud
429 991 489 1030 ipsi
504 997 688 1031 spectarent,
701 1002 756 1022 uec
769 991 851 1021 illam
866 991 909 1021 rei
922 989 1042 1020 bellicae

330 1034 473 1074 peritiam
486 1035 578 1066 tantis
595 1035 760 1065 sceleribus
774 1040 920 1065 emerent.

376 1079 414 1108 P.
427 1077 672 1120 28.1.ἀκεμίου]
686 1076 1039 1119 εἰρήνηνάγούσης,κα,ἲμῆ

330 1120 530 1162 πορθουμένης.

373 1182 418 1188 —-
433 1169 463 1195 2.
479 1177 544 1201 τους
560 1164 589 1195 δὲ
610 1163 757 1207 λέγοντας]
775 1176 839 1198 τους
853 1164 977 1206 ῥητοροις,
992 1161 1040 1193 καὶ

332 1207 530 1246 δημαγωγοὺς,
557 1219 630 1260 qua—¹
644 1210 741 1238 forma
766 1213 886 1238 veteres
911 1206 1041 1238 Hebraei

331 1252 396 1284 τοὺς
411 1252 568 1291 προφήτας,
585 1252 699 1292 ὁρῶντας
716 1251 840 1282 ἐκάλουν.

373 1311 417 1316 -
432 1295 508 1324 ibid.
529 1298 584 1325 τῶν
601 1295 864 1336 πεπολιτευμένων]
891 1292 970 1323 τῶν’
960 1304 986 1323 εν
1004 1292 1042 1334 τῇ

329 1336 461 1378 πολιτείᾳ
483 1337 640 1380 λεχθέντων
654 1350 687 1369 τε
710 1340 758 1369 καὶ
778 1336 970 1381 πραχθέντων
991 1336 1041 1365 αι’)-

327 1381 398 1414 τοῖς.

371 1439 415 1446 -·
430 1424 507 1454 ibid.
522 1424 669 1466 εὖθῧνοιι]’
660 1436 685 1455 εν
699 1427 753 1465 γὲξ
768 1424 806 1466 τῇ
821 1426 875 1454 τῶν
889 1421 1043 1453 Ἀθηναίων

328 1465 463 1507 πολιτείᾳ
483 1468 582 1507 μηδεὶς
603 1471 658 1498 τῶν
673 1468 752 1498 κοινόν
772 1481 802 1499 τι
823 1464 1027 1506 διῳκηκότων
1014 1470 1042 1497 ἠν

327 1508 476 1545 ἀνεύθυνος,
499 1510 568 1540 ἀλλ’
591 1510 641 1541 ἔδει
661 1523 724 1544 τους
750 1509 869 1544 δικαίους
893 1509 948 1549 μὲν
967 1520 1039 1547 γενο-

328 1551 426 1591 μένους
441 1551 636 1589 brennensem,
652 1555 701 1583 καὶ
722 1554 850 1594 στέργειν
867 1553 976 1584 ταύτην
991 1554 1040 1584 τὴν

325 1597 426 1635 τιμὴν,
442 1597 507 1630 τοὺς
524 1596 553 1626 δὲ
571 1598 664 1630 κακῶς
678 1596 875 1630 διοικήσαντας
893 1596 1040 1634 μηδεμιᾶς

327 1639 485 1678 :rumesium-
504 1640 662 1680 τυνχάνειν,
682 1640 763 1669 ἀλλὰ.
788 1640 855 1672 ταῖς
880 1637 1038 1677 μεγίσταις

328 1680 446 1721 ζημίαις
472 1682 662 1722 πεξιπίπτειν,
690 1688 724 1712 ut
751 1683 782 1711 in
817 1680 1039 1719 Areopagitico

328 1730 432 1754 noster
456 1726 500 1755 ait
522 1727 690 1756 Isocrates.
715 1730 746 1754 et
773 1725 938 1755 AEscbines
960 1724 1039 1752 κατὰ

326 1770 537 1807 Κτησιφῶντος.

370 1828 413 1833 -
428 1813 460 1841 3.
494 1809 569 1841 ὁποῖ’
602 1810 700 1852 ἄττα]
737 1812 797 1841 Pro
839 1809 923 1841 ὁποῖά
963 1819 1040 1845 τινα,

326 1851 409 1883 ἄττα,
425 1864 481 1893 pro
504 1854 601 1889 ἅτινα,
623 1855 702 1885 sicut
721 1855 784 1890 τοῦ,
806 1854 860 1893 τῷ,
884 1863 940 1892 pro
958 1850 1040 1887 τινός,

326 1896 392 1933 τινι,
432 1908 514 1937 saepe
550 1903 726 1937 usurpatur.
759 1898 841 1927 ἄττα
878 1895 1041 1935 ἰδιωτισμῷ

326 1937 457 1981 Ἀττικῷ
465 1941 546 1980 apud
558 1941 717 1971 Platonem
725 1941 762 1970 ad
775 1939 932 1970 fastidium
942 1949 1039 1978 usque

324 1982 509 2014 inculcatur.

369 2043 412 2049 —-
426 2027 502 2058 ibid.
520 2027 658 2069 περιστῇ]
684 2027 734 2057 Sic
750 2026 919 2066 Virgilius:
938 2029 959 2044 ‘⁴
972 2027 1039 2056 Nec

326 2079 396 2109 quae
419 2071 617 2100 circumstent
638 2076 668 2101 te
685 2070 797 2101 deiude
814 2070 952 2110 pericula
975 2079 1040 2099 cer-

326 2112 374 2142 nis
385 2111 418 2142 ?’'
440 2113 495 2144 εἶτ’
510 2114 565 2155 οὐχ
580 2114 643 2154 53:522,-
657 2112 744 2144 ὁποῖοί
765 2124 798 2144 σε
822 2112 929 2144 κίνδυνοι
952 2111 1039 2153 πεςιΐ-

327 2167 471 2195 στάντας
496 2158 574 2186 Haec
597 2157 688 2193 addo,
703 2161 736 2187 ut
758 2168 872 2196 pueros
889 2167 1038 2193 moneam,

326 2210 395 2230 esse
411 2201 457 2230 eis
471 2201 579 2231 Graeoa
593 2201 713 2236 Latine,
727 2201 835 2230 Latina
848 2202 956 2231 Graece
969 2201 1038 2231 red-

325 2242 436 2278 denda,
454 2249 486 2273 et
499 2243 652 2274 interdum
661 2243 787 2283 proprio
802 2249 897 2274 marte
907 2245 1038 2274 circum-

327 2285 506 2316 ductionem
535 2297 625 2316 uuam
653 2292 743 2326 atque
775 2287 898 2317 alteram
928 2289 1036 2318 Graece

325 2330 527 2360 scribendam.
573 2331 682 2370 Neque
708 2330 788 2360 enim
813 2331 878 2360 sola
902 2331 1036 2361 lectione

326 2372 442 2403 Graecae
459 2374 574 2413 linguae
595 2372 801 2412 cognitionem
824 2380 1035 2413 assequentur,

326 2415 385 2445 nisi
399 2417 488 2446 etiam
506 2416 582 2456 styli
597 2416 779 2447 exercitatio
796 2416 928 2458 (utinam
945 2423 976 2448 et
991 2418 1036 2448 lo-

326 2459 440 2497 quendi
457 2459 664 2501 cousuetudo)
676 2461 853 2491 accesserit.

370 2519 411 2525 -
426 2503 481 2532 ult.
501 2503 635 2545 χρηστοὶ]
651 2503 778 2533 Scilicet
793 2506 832 2534 ταὶ
848 2503 1027 2543 πράγματα.

368 2545 504 2576 ——ibid.
529 2546 583 2586 εἴη]
609 2547 669 2576 stez
698 2546 951 2587 subintelligitur,
972 2549 1034 2578 uti-

325 2597 405 2618 nam.

366 2647 410 2653 —-
424 2629 500 2660 ibid.
518 2630 638 2682 παντος]
663 2633 790 2663 Scilicet
806 2633 965 2674 ἀνθρώπου,
982 2637 1036 2664 τῶν

324 2672 476 2709 πλουσίων,
492 2676 547 2704 τῶν
561 2673 586 2704 ἐν
602 2675 706 2716 ἡλικίᾳ,
722 2679 776 2706 τῶν
792 2676 937 2715 λεγόντων.
965 2678 1035 2708 Uti-

322 2727 390 2747 nam
407 2710 522 2747 divites
544 2717 711 2748 liberaliter
731 2720 846 2749 tributa
866 2721 1034 2757 conserant,

324 2760 538 2791 adolescentes
569 2767 691 2791 strenue
721 2763 864 2798 militent,
896 2769 1035 2795 oratores

323 2803 497 2833 rectissimo
520 2805 648 2834 consilio
671 2815 719 2834 me
734 2815 793 2834 uon
821 2807 1035 2838 adversentur.

324 2847 404 2876 Nam
422 2846 500 2876 utin
525 2848 654 2877 exordio
680 2849 718 2877 ad
736 2849 897 2878 dicendum
922 2851 1035 2881 invita-

322 2889 369 2920 vit
392 2900 507 2927 omnes,
530 2890 574 2920 sic
598 2902 615 2921 a
642 2891 793 2921 contraria
815 2894 964 2924 sententia
988 2895 1034 2924 di—

321 2933 420 2963 cenda
432 2944 511 2963 nunc
524 2934 648 2964 eosdem
663 2935 809 2965 deterret.

364 2993 408 2999 —
423 2977 499 3006 ibid.
515 2977 621 3011 παντὸς
635 2975 730 3017 ἕνεκα]
753 2976 866 3016 μηδενὸς
880 2977 1034 3014 κωλύοντος

290 3058 292 3060 ¹
321 3017 369 3049 nai
383 3017 513 3060 ἐμποδῶν
531 3019 616 3057 ὄντος,
631 3021 712 3052 ἀλλὰ
728 3019 843 3052 πιόντων
858 3021 1031 3062 συμπροθυ-

542 196 596 238 Η.
627 195 849 237 WOLFII
884 194 947 236 IN
978 192 1013 233 I.
1047 190 1492 234 OLYNTHIACAM

1079 297 1236 338 μουμὲνων.
1281 298 1386 329 Habet
1409 299 1442 328 τὸ
1466 298 1543 329 ἕνεκα
1561 301 1787 341 perelegantem

1079 352 1160 380 saepe
1176 352 1276 378 usum,
1291 342 1331 372 de
1345 353 1406 381 quo
1423 342 1495 372 alibi
1507 342 1657 374 dicemus.

1121 403 1164 407 -
1178 385 1255 415 ibid.
1281 387 1399 426 χρηστὲ,
1412 385 1435 415 δ’
1451 386 1504 428 εἴη]
1521 386 1602 428 εὐχή.
1624 388 1668 417 Ut
1682 391 1785 417 autem

1080 428 1303 458 Demosthenes
1324 430 1566 469 comprecatione
1583 429 1699 459 claudit
1717 440 1785 460 ora-

1078 471 1191 501 tionem
1204 482 1210 500 :
1237 471 1281 500 sic
1295 471 1367 501 mihi
1384 472 1474 502 etiam
1486 476 1557 502 vota
1572 473 1721 509 facienda,
1733 474 1786 504 vel

1078 514 1198 544 candidi
1208 515 1337 544 lectores
1346 516 1446 554 potius
1454 516 1578 554 rogandi
1587 521 1703 551 sunt,nt
1711 527 1784 555 ope-

1077 568 1139 587 ram
1153 568 1261 593 meam,
1271 568 1358 596 quam
1368 559 1399 587 in
1409 559 1615 589 Demosthene
1630 559 1782 598 interpre-

1077 602 1168 630 tando
1183 601 1371 641 posni,aequi
1383 602 1513 641 bonique
1524 602 1646 633 saciant.
1678 602 1782 633 Mere-

1077 645 1164 674 batur
1181 644 1280 685 (quod
1298 649 1328 674 et
1344 645 1411 684 ipse
1425 644 1541 686 fateor)
1557 655 1592 676 ac
1607 645 1782 684 requirebat

1076 688 1346 726 praestantissimus
1363 693 1477 723 auctor,
1486 689 1717 719 conversionem
1733 689 1782 718 lu-

1077 731 1290 769 culentioren›;
1304 742 1339 760 ac
1351 732 1454 767 talem,
1463 731 1581 770 qualem
1593 742 1681 762 nemo
1691 731 1782 762 facile

1077 773 1174 809 dabit,
1187 775 1246 804 nisi
1261 779 1292 803 et
1307 775 1441 813 ingenio,
1458 779 1488 804 et
1504 775 1656 810 doctrina,
1672 780 1703 805 et
1717 775 1782 804 elo-

1077 817 1201 854 quentia
1231 818 1348 852 floreat,
1373 817 1496 857 otioque
1522 819 1666 848 abundet.
1711 819 1780 857 Ego

1077 870 1162 896 vero,
1174 866 1203 889 et
1219 870 1307 898 quam
1324 861 1377 890 illa
1392 861 1505 897 tenuia,
1516 861 1564 890 vel
1582 861 1664 891 nulla
1675 862 1781 900 potius

1077 902 1107 932 in
1131 913 1178 932 me
1198 903 1269 940 sint,
1286 913 1429 943 agnosco,
1445 907 1476 933 et
1491 904 1544 934 tali
1565 904 1782 934 commoditate

1077 946 1212 976 locorum
1230 951 1261 976 et
1280 951 1450 986 temporum
1474 957 1540 976 sum
1557 957 1644 982 usus,
1660 946 1781 986 qualem

1076 988 1138 1020 illis
1154 1000 1276 1028 precor,
1292 990 1344 1028 qui
1361 1001 1408 1020 me
1426 995 1458 1020 ut
1473 990 1602 1020 alterum
1618 991 1783 1020 Herostra-

1073 1036 1138 1062 tum
1155 1033 1494 1068 calumniabuntur,nec
1506 1032 1566 1072 ipsi
1576 1038 1676 1063 tamen
1692 1034 1784 1064 edent

1073 1076 1209 1106 meliora.
1226 1077 1297 1114 Quo
1305 1087 1415 1116 genere
1424 1076 1579 1106 hominum
1589 1076 1664 1106 nihil
1672 1080 1718 1106 est
1728 1087 1783 1106 neo

1074 1120 1278 1159 arrogantius,
1291 1130 1346 1149 nec
1360 1119 1509 1150 odiosius.
1547 1120 1655 1159 Neque
1671 1130 1728 1159 ego
1744 1120 1784 1150 ad

1075 1173 1128 1192 eos
1135 1163 1297 1202 quicquam
1309 1163 1553 1193 lucubrationum
1565 1173 1697 1193 mearum
1711 1173 1782 1201 per-

1074 1206 1172 1236 tinere
1187 1207 1265 1237 volo.
1311 1205 1512 1236 Delectentur
1526 1206 1573 1236 illi
1585 1217 1657 1236 sane
1673 1206 1736 1236 otio
1753 1211 1784 1236 et

1075 1249 1153 1279 fastu
1166 1260 1231 1287 suo,
1248 1254 1279 1280 et
1294 1249 1459 1289 supercilia
1474 1249 1605 1289 erigant,
1616 1259 1782 1289 nasumque

1075 1299 1251 1332 corrugent,
1273 1296 1418 1332 quantum
1441 1293 1566 1323 volent:
1591 1303 1626 1323 ac
1647 1303 1695 1322 me
1713 1293 1781 1322 sive

1075 1335 1227 1366 inservire
1252 1336 1469 1366 Demosthenis
1492 1336 1689 1371 amatoribus,
1714 1335 1782 1366 sive

1075 1379 1165 1409 etiam
1180 1380 1294 1410 frustra
1304 1379 1442 1409 laborare
1453 1379 1617 1419 patiantur.
1631 1378 1674 1408 Ut
1689 1379 1784 1415 enim,

1075 1422 1157 1461 quod
1174 1424 1258 1453 volui
1278 1427 1310 1453 et
1330 1422 1435 1458 debui,
1451 1433 1511 1452 non
1527 1422 1585 1452 sim
1607 1426 1782 1457 assecutus,

1074 1465 1107 1495 id
1125 1466 1199 1496 mihi
1222 1466 1411 1496 cummunis
1434 1475 1593 1496 commune
1609 1465 1678 1495 erit.
1721 1465 1783 1495 Co-

1073 1513 1162 1539 natns
1179 1510 1253 1540 tanti
1270 1509 1395 1549 Operis,
1411 1520 1478 1539 cum
1501 1509 1619 1548 paucis,
1637 1519 1673 1539 ac
1690 1507 1782 1539 nullis

1073 1552 1191 1592 potius.

1115 1597 1225 1635 Neque
1240 1596 1321 1625 idem
1337 1596 1387 1625 hic
1404 1596 1505 1625 facere
1529 1598 1672 1634 poterunt
1691 1594 1786 1625 male-

1073 1639 1135 1666 voli
1151 1638 1300 1672 homines,
1315 1642 1407 1676 atque
1429 1638 1536 1667 alienae
1560 1638 1660 1667 laudis
1681 1638 1784 1667 obtre-

1073 1684 1216 1714 emtores,
1241 1680 1322 1718 quod
1344 1680 1375 1709 in
1401 1681 1550 1710 Isocratis
1571 1680 1632 1711 mei
1655 1691 1785 1712 conver-

1073 1722 1158 1752 sione
1172 1722 1271 1752 sacere
1288 1723 1435 1761 quosdam
1451 1722 1553 1752 audio.
1599 1722 1674 1759 Qui,
1689 1733 1784 1762 quum

1073 1775 1130 1804 ego
1147 1765 1232 1795 locos
1249 1765 1297 1806 (id
1316 1765 1397 1804 quod
1415 1768 1477 1794 tam
1493 1765 1589 1804 aequis
1606 1765 1717 1795 animis
1733 1777 1783 1796 ac-

1076 1809 1137 1848 cipi
1157 1808 1250 1838 velim
1267 1809 1304 1838 ab
1322 1807 1573 1847 omnibus,quam
1591 1819 1695 1838 verum
1712 1819 1782 1839 esse

1074 1852 1208 1881 fatentur
1241 1851 1332 1881 multi
1362 1852 1446 1881 docti
1474 1856 1506 1881 et
1535 1852 1615 1890 aequi
1643 1852 1782 1882 laborum

1073 1905 1209 1925 meorum
1232 1894 1452 1935 aestimatores)
1474 1894 1605 1934 amplius
1627 1895 1674 1925 bis
1697 1895 1782 1925 mille

1074 1936 1262 1979 (quanquam
1279 1937 1446 1978 duplicem,
1462 1942 1514 1968 aut
1528 1938 1674 1976 majorem
1690 1938 1781 1969 etiam

1073 1992 1231 2012 numerum
1256 1992 1329 2011 vere
1353 1991 1473 2020 possem
1500 1980 1622 2023 dicere)
1649 1982 1688 2011 ab
1715 1982 1784 2012 aliis

1073 2024 1305 2064 interpretibus,
1322 2025 1381 2054 etsi
1401 2023 1590 2055 doctissimis
1612 2024 1700 2061 viris,
1716 2025 1784 2056 sive

1074 2074 1200 2108 propter
1226 2067 1450 2098 festinationem
1487 2073 1520 2097 et
1552 2068 1783 2108 occupationes,

1074 2111 1141 2142 sive
1170 2115 1342 2152 temporum
1371 2110 1460 2147 vitio,
1487 2111 1555 2141 sive
1580 2111 1671 2141 etiam
1699 2112 1780 2151 quod

1074 2165 1185 2185 nervos
1210 2166 1282 2185 suos
1306 2155 1338 2185 in
1362 2164 1458 2193 opere
1482 2154 1694 2193 grammatico,
1718 2164 1783 2184 ma-

1069 2198 1189 2237 joribus
1226 2199 1318 2228 rebus
1355 2208 1458 2237 pares,
1483 2197 1644 2227 intendere
1675 2197 1784 2227 nolue-

1073 2248 1155 2277 runt,
1185 2252 1292 2281 parum
1327 2241 1439 2271 dextro
1464 2239 1687 2281 perspicueque
1708 2251 1780 2271 con-

1073 2295 1190 2320 versos,
1206 2295 1323 2314 summa
1346 2283 1507 2323 diligentia
1529 2288 1561 2313 et
1580 2284 1640 2313 fide
1663 2283 1720 2313 sim
1737 2284 1785 2314 in-

1071 2332 1270 2368 terpretatu,
1288 2333 1378 2367 atque
1396 2327 1592 2357 illustrarim:
1616 2337 1664 2356 me
1680 2331 1782 2357 tamen

1072 2376 1105 2400 ut
1127 2371 1311 2401 corniculam
1334 2370 1523 2409 AEsopicam‚
1536 2369 1645 2400 alienis
1671 2370 1781 2411 pennis

1071 2414 1252 2445 instructum
1275 2419 1306 2444 et
1329 2419 1480 2450 ornatum,
1503 2412 1603 2443 subito
1626 2413 1658 2442 in
1677 2414 1783 2453 publi-

1071 2468 1141 2488 cum
1168 2458 1348 2497 provolasse
1378 2457 1572 2487 cavillentur.
1616 2457 1697 2486 Nam
1727 2467 1781 2486 eos

1071 2512 1111 2531 ex
1133 2502 1232 2531 animo
1257 2501 1354 2542 loqui,
1375 2501 1563 2540 persuadere
1588 2499 1671 2529 nullo
1689 2500 1782 2529 modo

1070 2545 1144 2574 mibi
1160 2555 1297 2584 possum.
1342 2544 1466 2582 Alioqui
1482 2554 1515 2573 se
1531 2548 1561 2572 et
1576 2542 1660 2572 omni
1675 2552 1782 2572 carere

1066 2588 1197 2627 judicio,
1210 2593 1239 2618 et
1255 2598 1354 2627 neque
1372 2589 1514 2617 Graecum
1530 2585 1643 2625 legisse
1658 2586 1780 2615 Isocra—

1071 2636 1143 2667 tem,
1155 2642 1252 2671 neqne
1263 2631 1482 2661 conversiones
1490 2629 1630 2663 aliorum,
1640 2632 1670 2657 et
1683 2638 1780 2658 meam

1072 2675 1120 2704 vel
1134 2675 1213 2704 inter
1224 2685 1267 2710 se,
1279 2675 1328 2704 vel
1346 2684 1414 2704 cum
1430 2673 1595 2711 archetypo
1612 2671 1780 2701 contulisse

1069 2718 1244 2748 faterentur.
1291 2718 1393 2754 Quum
1409 2716 1503 2755 igitur
1516 2724 1619 2745 eorum
1635 2724 1780 2753 arrogan-

1069 2761 1114 2790 tia
1127 2766 1157 2791 et
1173 2760 1292 2790 vanitas
1303 2761 1433 2790 obscura
1448 2769 1505 2789 non
1523 2758 1582 2788 sit:
1602 2767 1691 2796 quam
1708 2757 1780 2787 boni

1069 2804 1213 2843 doctique
1238 2804 1299 2833 sint
1323 2804 1470 2837 homines,
1492 2800 1634 2840 equidem
1662 2800 1778 2830 nescio.

1069 2848 1178 2888 Neque
1194 2847 1272 2877 enim
1286 2857 1303 2877 a
1318 2847 1394 2876 meis
1408 2844 1481 2875 mihi
1495 2845 1586 2874 rebus
1600 2847 1717 2873 tantum
1731 2847 1780 2873 est

1069 2891 1136 2927 otii,
1159 2901 1258 2929 neque
1285 2900 1321 2919 ea
1345 2887 1460 2929 ingenii
1479 2886 1661 2937 fmiositas,
1686 2890 1721 2915 ut
1746 2886 1780 2916 in

1067 2935 1182 2964 alienas
1207 2938 1259 2963 aut
1283 2935 1373 2962 vacet
1402 2930 1570 2969 inquirere,
1594 2934 1646 2959 aut
1671 2928 1778 2959 libeat.

1066 2978 1127 3008 Sed
1143 2978 1202 3007 hoc
1215 2980 1316 3006 tamen
1329 2974 1476 3005 affirmare
1493 2983 1551 3003 non
1561 2972 1711 3007 dubitem,
1723 2981 1778 3001 eos

1066 3020 1115 3053 vel
1141 3018 1324 3051 temeritatis
1344 3022 1375 3049 et
1400 3016 1546 3053 inscitiae,
1565 3016 1618 3047 vel
1642 3014 1778 3046 malevo-
