1931 3322
447 199 514 241 IN
546 198 957 241 PHILIPPICAM
993 199 1075 240 DE
1107 199 1280 242 PACE.

125 314 238 356 (οἵτινες
246 313 319 346 ἦσαν
330 314 416 348 βουλὴ
428 312 562 348 ἐνιαύσιος
576 313 631 353 ἔξω
645 314 696 347 τῆς
711 311 742 353 ἒξ
758 311 844 352 Ἀρεί-

129 369 160 388 ου
174 359 269 397 πάγου
283 358 398 397 βουλῆς,
411 368 480 396 quae
501 363 651 398 perpetua
672 358 755 395 erat)
769 355 845 385 lecti

129 401 350 440 quinquaginta
363 403 402 431 de
420 401 548 440 singulis
561 400 714 436 tribubus,
733 400 777 429 sie
792 409 845 429 an-

129 454 223 474 nuum
248 444 409 484 imperium
434 445 513 474 inter
536 454 570 474 se
594 443 786 479 dividebant,
813 446 846 471 ut

129 484 243 526 singuli
267 487 486 527 quinquaginta
511 487 543 517 iu
567 487 636 516 dies
657 487 791 526 quinque
816 490 846 514 et

126 529 254 572 triginta
269 541 368 569 remp.
382 530 639 560 administrarent.
670 530 750 560 Haec
766 527 846 557 enim

128 577 177 603 est
188 573 316 604 ‘decima
330 584 402 614 pars
418 573 499 609 anui,
510 574 563 613 qui
583 572 665 612 apud
681 571 847 602 Athenien-

128 626 178 646 ses
202 622 270 647 erat
293 617 414 647 dierum
434 622 565 656 quatuor
588 621 620 645 et
646 615 847 655 quadraginta

129 665 223 698 supra
237 665 402 696 trecentos,
416 660 558 699 q-uoniam
573 669 692 690 menses
709 669 782 689 suos
799 663 847 687 to-

128 706 253 743 tumque
268 713 378 733 anuum
391 703 429 733 ad
441 712 564 732 cursum
580 703 671 738 lunae,
684 713 744 732 non
761 701 847 737 solis,

127 745 209 776 sicut
239 746 393 786 AEgyptii,
425 746 647 776 metiebantur:
688 756 706 775 a
734 745 847 786 quibus

127 788 218 819 Plato
244 794 275 820 et
300 790 451 820 Eudoxus
474 790 622 820 rationem
645 789 715 819 anni
739 789 848 819 solaris

127 841 237 872 magno
247 833 352 864 labore
364 833 551 869 didicerunt,
561 839 595 864 ut
604 833 712 863 Strabo
729 832 847 863 scribit.

128 876 394 917 Porronumerus
418 876 469 906 hic
491 877 611 907 dierum
633 887 742 906 annum
765 876 847 916 apud

129 929 184 949 eos
209 919 304 950 efficit
328 920 482 950 lunarem:
513 921 566 959 qui
590 924 626 950 ut
648 924 732 950 esset
755 919 848 950 solari

129 973 296 1002 congruus,
311 974 433 993 menses
457 964 608 994 habebant
625 961 847 1004 ἔμβολιμαίους,

129 1011 164 1036 ut
180 1003 314 1036 Romani
329 1017 451 1047 qnoque
466 1008 573 1037 eadem
593 1007 711 1037 ratione
727 1017 848 1037 menses

127 1049 361 1086 intercalabant,
391 1055 569 1090 anteaquam
602 1050 706 1080 Julius
743 1051 849 1080 Caesar

130 1093 232 1124 omnia
249 1094 280 1123 in
299 1093 380 1123 hunc
398 1094 535 1124 ordinem
555 1094 740 1133 redegisset,
757 1104 847 1134 quem

129 1137 367 1167 nos-retinemus
384 1137 560 1167 etiamnum.
604 1139 674 1168 Jam
694 1137 740 1167 illi
760 1137 847 1177 quin-

129 1180 287 1219 quaginta,
308 1180 360 1219 qui
378 1191 436 1220 per
455 1190 592 1211 mensem
610 1184 643 1210 et
664 1181 757 1220 paulo
775 1181 848 1220 plus

129 1223 291 1264 imperium
304 1223 494 1260 obtinebant,
510 1224 587 1254 dicti
603 1230 674 1254 sunt
690 1224 849 1265 πρυτάνεις,

130 1271 163 1296 et
191 1265 293 1297 tribus
327 1277 367 1297 ex
396 1278 456 1307 qua
493 1272 590 1304 erant,
618 1268 848 1308 ωρυτανεύουσα.

127 1310 292 1340 AEschines
313 1310 437 1351 [contra
458 1311 705 1351 Ctesiphontem,
727 1323 757 1352 p.
773 1314 848 1342 387.

129 1353 180 1383 ed.
197 1353 328 1395 Reisk]
343 1353 397 1384 οὐδ’
410 1355 424 1385 ἡ
441 1355 639 1395 προεδρεύουσα
653 1354 849 1395 (πρυτανεύου-

128 1397 188 1438 σα)
202 1399 289 1438 φυλὴ,
300 1397 334 1426 τὸ
349 1395 465 1428 δέκατον
477 1397 561 1438 μέρος
577 1400 628 1432 τῆς
638 1397 755 1432 πόλεως.
769 1399 849 1429 Vide

127 1441 218 1479 plura
233 1441 270 1470 ad
287 1441 369 1483 illam
387 1440 457 1470 κατ’
472 1439 669 1482 Ἀνδροτίωνος,
686 1452 754 1481 quae
774 1441 851 1471 scri·

129 1484 260 1523 psimus.
276 1483 384 1524 [Haec,
398 1489 541 1523 quantum
558 1485 681 1518 scimus,
697 1495 756 1514 non
778 1490 851 1515 sunt

129 1528 161 1556 in
183 1528 283 1557 lucem
304 1527 398 1557 edita.
419 1527 528 1568 Beck]
553 1528 793 1566 Harpocration,
817 1528 851 1557 τὸ

127 1569 245 1600 δέκατον
269 1569 354 1611 μέρος
378 1572 429 1605 τῆς
451 1570 554 1604 βουλῆς
579 1573 634 1601 τῶν
659 1569 851 1601 πεντακοσίων

128 1613 176 1654 [p.
191 1616 245 1644 73.
260 1614 309 1644 ed.
328 1613 389 1653 D.]
413 1614 561 1654 πρυτάνεις
588 1613 726 1653 ἐλέγοντο,
751 1615 850 1646 πεντή-

128 1668 215 1687 κοντα
237 1656 329 1697 ἄνδρες
351 1656 409 1686 ἀπὸ
432 1659 507 1696 μιᾶς
525 1659 628 1696 φυλῆς,
651 1658 673 1687 οἳ
691 1658 851 1692 διοικοῦντες

128 1699 249 1731 ἅπαντα
264 1703 305 1730 τοὶ
320 1700 374 1731 ὑπὸ
387 1701 438 1734 τῆς
450 1701 552 1734 Βουλῆς
563 1699 744 1740 ταττόμενα.
762 1703 847 1732 Idem

130 1744 210 1773 hunc
224 1744 327 1784 ipsum
343 1745 445 1774 locum
460 1744 644 1783 designans:
668 1745 848 1784 πρυτανεύον-

128 1799 181 1822 τα,
197 1785 294 1827 κυρίως
312 1786 368 1828 μὲν
382 1787 447 1817 ’ἀντὶ
464 1789 514 1817 τοῦ
528 1786 671 1828 πρυτανέα
685 1787 763 1817 ὄντα·
786 1789 850 1819 ἀντὶ

132 1830 162 1860 δὲ
177 1831 227 1860 τοῦ
242 1831 405 1866 διοικοῦντα,
422 1829 602 1870 Δημοσθένης
613 1831 639 1860 ἐν
654 1834 849 1866 Φιλιππικοῖς.

131 1873 299 1912 Ulpianus:
323 1873 378 1903 εἰσ-ἰ
409 1873 437 1903 δὲ
465 1875 600 1914 ἄρχοντες
630 1876 680 1908 τῆς
704 1873 803 1908 &auxie
828 1877 850 1905 οἱ

131 1916 296 1956 ιοῑι-ρυτιῖινεις.
342 1916 424 1946 Hinc
445 1916 622 1956 πρυτανεύειν
640 1921 851 1958 μεταφορικῶς,

131 1969 231 2001 regere
263 1964 350 2000 utque
384 1959 594 1990 administrare
629 1963 727 2001 quovis
757 1962 849 1992 modo.

133 2004 213 2032 Nam
229 2007 261 2032 et
277 2003 377 2032 Graeci
395 2003 533 2042 theologi
546 2004 646 2033 Deum
659 2003 705 2033 τᾶν
719 2004 852 2045 πρύτανιν

131 2047 181 2076 τοῦ
205 2045 316 2086 κόσμου
335 2046 382 2076 καὶ
404 2047 459 2075 τῶν
481 2046 550 2076 ὅλων
572 2053 750 2078 memorant.
796 2049 852 2079 So·

131 2089 261 2128 phocles
277 2089 460 2126 Trachiniis,
476 2090 541 2130 [vs.
554 2090 625 2132 26]
638 2089 720 2125 τέλος
732 2090 757 2120 δ’
771 2090 851 2122 ἔθηκε

133 2134 201 2166 Ζεὺς
213 2133 326 2171 ἀγώνιος
339 2135 447 2167 καλῶς.
473 2133 676 2172 Scholiastes‚
689 2135 701 2164 ὅ
717 2134 851 2176 πρύτανις

129 2177 180 2206 τοῦ
195 2176 310 2214 ἀγῶνος.

175 2237 217 2242 -—
231 2220 309 2249 ibid.
332 2219 484 2250 διοικοῦντα
507 2217 650 2261 Φιλίππῳ
665 2220 714 2251 καὶ
739 2232 850 2262 πρυτα-

127 2261 254 2305 νεύοντα]
278 2264 319 2293 acl
336 2262 471 2302 Philippi
486 2264 667 2294 commodum
686 2267 786 2296 omnia
802 2276 850 2295 re-

126 2312 247 2345 gentem
261 2311 289 2336 et
304 2307 508 2336 moderantem.
533 2307 575 2337 Ut
588 2308 742 2348 hodieque
758 2319 848 2347 reges

131 2350 245 2379 habeut
267 2360 339 2380 suos
362 2355 500 2390 agentes,
521 2361 596 2390 quos
620 2358 744 2388 vocant,
764 2354 846 2392 apud

129 2397 252 2423 exteras
279 2392 432 2423 nationes.
477 2395 569 2424 Dem.
600 2394 687 2436 [περὶ
716 2397 767 2430 τῆς
792 2398 849 2425 τῶν

128 2435 236 2466 Ῥοδίων
247 2434 407 2477 ἐλευθερίας,
423 2447 455 2476 p.
467 2439 541 2469 191.
557 2438 607 2468 ed.
618 2438 746 2480 Reisk]
760 2440 848 2479 φανή-

129 2489 214 2509 σεται
237 2478 265 2509 δὲ
290 2480 309 2509 ὁ,
323 2479 518 2520 πρυτανεύσας
540 2482 641 2512 ταῦτα
662 2483 712 2512 καὶ
735 2482 849 2517 «πείσας

128 2522 301 2560 Μαύσωλος,
326 2521 407 2560 φίλος
431 2523 498 2554 εἶναι
519 2524 638 2563 φάσκων
659 2523 777 2561 Ῥοδίων,
801 2528 850 2558 τὴν

131 2564 283 2607 ἐλευθερίαν
296 2566 390 2596 αὖτῶν
403 2566 587 2608 ἀφῃρημένος.
613 2569 748 2598 Basilius
759 2580 766 2598 ε
777 2570 849 2600 πάν-

130 2620 190 2644 τως
204 2621 267 2640 που
281 2611 332 2640 τοῦ
347 2608 374 2640 ἔν
388 2610 476 2650 σοφίᾳ,
491 2613 531 2641 τὰ.
548 2610 674 2651 ἡμέτερα
691 2613 850 2647 διοικοῦντος

129 2651 208 2688 θεοῦ,
223 2655 304 2684 κατὰ
318 2655 359 2684 τὰ
374 2653 525 2695 ἀθεώρητα
540 2657 590 2688 τῆς
605 2655 692 2685 αὐτοῦ
709 2656 850 2686 δικαιοσύ-

129 2706 173 2732 νης
186 2694 327 2737 κρίματα,
343 2696 448 2728 πλείονι
459 2696 546 2738 χρόνῳ
562 2697 759 2738 παραταθῆναι
774 2701 851 2739 ἡμᾶς

131 2737 159 2770 ἓν
183 2741 246 2776 τοῖς
269 2742 451 2782 πειρασμοῖς
477 2744 587 2776 τούτοις
610 2741 851 2781 οἶκονομῆσαντος.

132 2780 232 2820 Idem,
246 2783 356 2815 διοικεῖν
368 2783 418 2814 καὶ
432 2784 592 2825 οἰκονομεῖν.
614 2785 850 2827 παρατείνειν-θαι,

129 2827 269 2866 torqueri.
314 2827 485 2867 Gregorius
503 2827 549 2868 [in
564 2829 659 2868 epist.
675 2834 779 2860 contra
794 2831 850 2860 Ju-

131 2869 221 2911 liam]
246 2869 336 2911 τυχόν
358 2871 480 2911 κᾴκεῖνον
494 2870 682 2914 ἐπισχεθῆναι
707 2874 758 2906 τῆς
782 2873 851 2903 ἀσε-

133 2910 213 2946 escae
228 2912 272 2942 διὰ
286 2912 393 2956 τούτων
407 2913 621 2955 ἒπρυτανεύετο,
638 2926 692 2955 per
707 2915 769 2946 hoec
783 2927 852 2958 age·

134 2954 236 2985 batur.
258 2956 425 2995 Synesius:
443 2957 605 3000 ’ἐρ’ῥοομένως
619 2958 750 3000 διαβιρύης
770 2965 852 3000 φιλο-

135 2996 238 3037 σοφίας
263 2998 412 3040 ἐὔθυμίαν
448 3002 676 3042 Ιιι-ὶνρυτανευούοππς
711 3003 850 3044 ἀκύμονα.

135 3044 250 3072 strenue
276 3047 369 3074 totum
384 3045 450 3075 vita:
465 3052 583 3077 cursum
599 3046 736 3087 conficias
756 3047 853 3087 philo-

1513 202 1593 244 381

878 310 978 351 sophia
999 313 1184 342 securitatem
1205 314 1298 344 animi
1316 320 1497 353 procurante
1512 321 1597 347 trun-

879 354 1014 395 quillam.
1462 362 1466 363 ⁷

922 415 964 419 —
979 400 1010 428 3.
1033 397 1096 427 οὔτε
1113 398 1164 430 τῆς
1183 398 1374 439 συκοφαντίας
1390 398 1477 441 ἰδίας]
1502 404 1599 434 Athe·

881 451 965 470 naeus
997 439 1066 479 [lib.
1094 441 1161 469 ΙΙΙ.
1188 452 1215 470 c.
1243 444 1273 471 2.
1304 454 1334 481 p.
1359 447 1411 474 74.
1445 445 1597 489 Casaub.]

876 483 987 523 Ἴστρος
1001 482 1027 512 ἐν
1043 484 1104 518 τοῖς
1114 482 1269 520 Ἀττικοῖς,
1285 485 1339 515 οὐδ’
1353 486 1516 526 ἐξάγεσθαί
1527 497 1598 529 φησι

879 529 932 561 τῆς
945 526 1094 562 Ἀττικῆς,
1102 528 1158 559 τοὶς
1173 525 1227 556 ἀπ’
1241 528 1334 559 αὐτῶν
1346 530 1490 569 γινομένας
1505 533 1599 575 lexa-

881 570 941 605 δας,
957 569 999 600 ἵνα
1015 569 1092 610 μόνοι
1106 570 1272 600 ἀπολαύοιεν
1283 572 1310 600 οἱ
1321 575 1526 609 κατοικοῦντες·
1549 577 1599 606 καὶ

880 612 944 644 ἐπεὶ
973 613 1082 644 «πολλοὶ
1109 612 1291 653 ἐνεφανίζοντο
1322 614 1553 655 διακλέπτοντες,
1575 620 1598 650 οἱ

880 657 997 691 τούτους
1011 657 1159 696 μηνύοντες
1169 658 1230 690 τοῖς
1244 657 1400 693 δικασταῖς
1417 659 1463 699 [p.
1475 663 1530 690 ¹74.
1547 664 1599 694 ed.

882 701 942 741 D.]
980 699 1144 731 ἐκλήθησαν
1171 700 1240 730 τότε
1273 703 1381 742 πρῶτον
1410 704 1598 742 συκοφάνται.

881 746 963 775 σῦκον
979 745 1058 775 enim
1071 745 1162 784 ficus.
1185 743 1295 783 φαίνειν,
1311 744 1435 784 μηνύειν,
1455 747 1599 786 indicare,

882 787 1006 829 deferre.
1030 788 1221 827 συκοφάντης,
1236 788 1360 825 delator,
1372 790 1601 830 quadruplatur,

881 832 934 871 qui
945 836 1082 871 quartam
1097 836 1213 870 partem
1226 832 1346 871 praemii
1356 833 1426 863 loco
1439 835 1598 873 capiebat:

881 878 946 905 tres
964 876 996 905 in
1018 875 1124 905 fiscum
1140 874 1273 905 redaotae
1292 880 1372 906 sunt.
1417 877 1531 908 Festus
1545 878 1601 908 ali-

881 923 929 948 ter
947 918 994 959 [p.
1007 921 1081 950 459.
1093 918 1236 949 Gothofr.
1253 919 1345 950 Auct.
1364 920 1385 949 l.
1398 920 1442 960 1.]
1470 925 1490 939 ‘⁶
1502 922 1599 960 Syco-

881 963 1010 1002 phantas
1025 962 1150 1001 quidam
1170 973 1210 992 ex
1230 962 1298 1004 hac¹
1309 973 1402 993 causa
1415 964 1517 994 dictos
1542 975 1599 1004 pu-

881 1010 957 1036 tant.
1001 1006 1124 1036 Atticos
1152 1007 1304 1044 quondam
1326 1008 1459 1045 juvenes
1489 1008 1600 1039 solitos

882 1050 967 1079 aiunt
987 1048 1019 1078 in
1041 1051 1145 1079 hortos
1161 1050 1349 1089 quorundam
1365 1050 1549 1090 irrumpere,
1565 1053 1599 1082 fi-

882 1102 997 1132 cosque
1021 1093 1172 1132 deligere.
1217 1095 1316 1132 Quam
1342 1095 1381 1124 ob
1407 1105 1532 1125 causam
1555 1096 1602 1126 le-

882 1147 953 1176 gem
968 1137 1089 1172 factam,
1105 1137 1156 1175 qui
1172 1137 1204 1167 id
1220 1138 1357 1173 fecisset,
1370 1139 1501 1177 capitale
1517 1144 1602 1169 esset

882 1181 922 1216 ei,
947 1190 1037 1219 quam
1059 1190 1182 1219 poenam
1204 1180 1256 1221 qui
1280 1188 1538 1220 persequerentur
1561 1184 1600 1213 ob

881 1224 1015 1264 parvula
1029 1224 1224 1260 detrimenta,
1240 1225 1444 1263 sycophantas
1461 1227 1602 1266 appella-

882 1266 964 1298 tos.'’
1010 1268 1126 1305 Magna
1140 1268 1170 1297 in
1188 1268 1236 1297 his
1253 1267 1428 1298 diversitas.
1475 1271 1536 1300 Sed
1551 1280 1601 1300 res

883 1312 992 1341 eodem
1023 1312 1116 1341 redit.
1160 1312 1223 1341 Cur
1252 1316 1354 1341 autem
1384 1312 1522 1351 Scaliger
1553 1314 1602 1343 hic

884 1355 1008 1385 Festum
1026 1355 1120 1390 Istro,
1138 1355 1263 1384 Latinos
1287 1355 1408 1385 Graecis
1424 1357 1602 1392 anteferret,

883 1409 942 1428 non
959 1398 1062 1428 video.
1108 1399 1186 1427 Mihi
1202 1398 1324 1437 quidem
1345 1399 1537 1437 probabilius
1555 1408 1604 1430 est

884 1443 965 1481 quod
982 1442 1063 1471 Ister
1078 1442 1185 1471 tradit.
1229 1443 1308 1471 Nam
1327 1448 1357 1471 et
1372 1444 1452 1481 apud
1470 1454 1524 1473 nos
1537 1454 1603 1482 poe-

883 1495 922 1515 na
938 1489 987 1514 est
1006 1485 1243 1523 exportantibus
1262 1486 1444 1516 frumentum
1462 1487 1490 1519 in
1509 1497 1603 1517 anno-

884 1539 931 1558 nae
948 1528 1093 1557 caritate:
1119 1538 1175 1558 nec
1189 1528 1359 1558 verisimile
1376 1535 1425 1559 est
1437 1530 1602 1570 capitalem

884 1583 1004 1611 poenam
1021 1571 1217 1601 constitutam
1235 1578 1295 1601 tam
1312 1573 1411 1602 levem
1425 1575 1465 1603 ob
1479 1584 1603 1604 noxam.

884 1616 1029 1645 Comicus
1053 1615 1162 1645 Alexis
1183 1626 1267 1645 more
1289 1617 1448 1646 comoediae
1471 1618 1552 1647 ludit
1569 1619 1602 1648 in

884 1659 942 1689 hoc
957 1659 1108 1688 vocabulo
1126 1659 1256 1699 [Athen.
1273 1660 1338 1689 ΙΙΙ.
1352 1671 1379 1689 c.
1397 1663 1427 1692 3.
1445 1672 1476 1700 p.
1489 1661 1560 1701 74]

925 1717 959 1748 Ὀ
974 1717 1153 1759 συκοφάντης
1168 1718 1197 1748 οὗ
1211 1716 1324 1753 δικαίως
1335 1720 1461 1759 τοῦνομα

926 1760 953 1791 ἐν
964 1762 1041 1792 τοῖσι
1057 1759 1239 1803 μοχθηροῖσίν
1254 1761 1320 1792 ἔστι
1335 1762 1469 1803 κείμενον.

927 1804 979 1835 ἔδει
995 1807 1050 1845 γὰρ
1063 1804 1135 1840 δ’ςτις
1143 1804 1271 1847 χρηστός
1282 1804 1311 1836 ’ἦν
1327 1807 1388 1840 ἡδύς
1402 1806 1432 1835 τ’
1445 1808 1519 1848 ἀνὴρ,

926 1848 968 1878 τὰ
982 1850 1060 1878 σῦκα
1075 1847 1278 1889 ’προστεθέντα
1294 1849 1390 1880 δηλοῦν
1404 1849 1450 1880 τόν
1465 1851 1577 1892 τρόπον.

926 1892 977 1922 νυνὶ
993 1892 1021 1922 δὲ
1034 1892 1100 1931 πρὸς
1108 1891 1250 1933 μοχθηρὸν
1268 1892 1315 1923 ἦδὺ
1331 1893 1490 1934 προστεθὲν

927 1935 1046 1975 ἀπορεῖν
1060 1934 1214 1972 πεποίηκε,
1229 1935 1276 1967 διὰ
1289 1934 1321 1966 τί
1333 1936 1419 1966 τοῦθ’
1428 1935 1517 1972 οὕτως
1531 1938 1607 1980 ἔχει.

927 2020 970 2025 ---
982 2004 1013 2033 6.
1036 2003 1059 2032 εἲ
1075 2005 1128 2044 γὰρ
1138 2002 1163 2033 έν
1174 2002 1305 2034 Διονύσου
1314 2005 1472 2044 τραγῳδοὺς
1487 2004 1606 2037 ἐθεάσα-

883 2043 949 2086 σθε]
960 2046 1120 2087 τραχύτης,
1131 2047 1183 2077 sed
1196 2057 1255 2076 non
1265 2048 1356 2077 nimis
1366 2058 1485 2087 aspera,
1497 2056 1529 2078 ut
1542 2050 1605 2086 illa,

883 2089 958 2130 εἴπερ
969 2091 1053 2129 ὑμεῖς
1061 2089 1107 2120 τὸν
1117 2090 1274 2130 ἐγκέφαλον
1285 2089 1311 2120 ἐν
1319 2092 1379 2124 τοῖς
1387 2093 1547 2132 κροτάφοις,
1556 2094 1606 2123 καὶ

883 2134 926 2171 μὴ
942 2132 968 2162 ἐν
981 2135 1049 2168 ταῖς
1067 2134 1200 2175 πτέρναις
1214 2136 1502 2174 καταπεπατημένον
1516 2138 1606 2177 φορεῖ-

883 2186 927 2206 τε.
950 2176 1029 2217 [περῖ
1042 2177 1302 2217 τῆς“Αλονῆσου,ρ.
1315 2179 1384 2219 88.]
1403 2180 1423 2209 si
1434 2180 1549 2220 quidem
1560 2191 1606 2210 vos

883 2222 1032 2250 cerebrum
1051 2222 1082 2250 in
1098 2223 1205 2260 capite,
1225 2233 1282 2251 non
1297 2223 1326 2251 in
1343 2223 1472 2252 calcibus
1485 2224 1606 2253 concul-

882 2269 983 2293 cutum
996 2265 1112 2304 geritis.
1142 2264 1222 2301 Quis
1241 2266 1298 2294 hoc
1313 2264 1434 2295 diceret
1449 2267 1487 2296 ad
1506 2278 1605 2305 popu-

883 2306 957 2343 lum,
976 2318 1072 2346 penes
1093 2319 1182 2347 quem
1200 2314 1266 2338 erat
1280 2309 1404 2347 imperii
1418 2311 1560 2348 majestas
1574 2316 1605 2340 et

883 2361 1000 2381 summa
1023 2353 1145 2381 rerum?
1170 2353 1262 2382 Certe
1284 2363 1341 2381 non
1368 2354 1604 2384 Demosthenes.

883 2392 931 2434 [p.
947 2397 1001 2426 75.
1021 2395 1072 2425 ed.
1094 2396 1151 2436 D.]
1198 2395 1309 2434 Itaque
1333 2396 1498 2434 opinantur
1521 2397 1605 2428 illam

882 2439 1050 2468 orationem
1067 2449 1125 2468 non
1143 2449 1212 2468 esse
1235 2440 1466 2476 Demosthenis,
1482 2442 1535 2470 sed
1554 2442 1605 2472 vel

883 2481 1073 2521 Hegesippi,
1091 2482 1172 2511 sicut
1198 2482 1348 2512 Libanius
1370 2484 1474 2519 sentit,
1495 2485 1543 2514 vel
1562 2486 1605 2514 al-

882 2525 978 2554 terius
995 2525 1178 2565 cujuspiam.
1215 2526 1367 2556 Novimus
1384 2527 1413 2556 in
1429 2527 1606 2569 δημοκρατία

883 2568 1036 2609 παρ’ῥησίαν
1064 2569 1302 2607 libertatemque
1329 2571 1458 2600 concedi
1483 2572 1605 2612 (itaque

884 2612 959 2641 hanc
976 2612 1101 2642 sormam
1120 2613 1303 2643 Cornificius
1318 2612 1370 2653 [ad
1390 2615 1530 2645 Herenn.
1543 2615 1601 2645 IV.

883 2657 935 2685 36.
949 2656 990 2696 3.]
1009 2656 1157 2686 licentium
1175 2657 1339 2697 appellat),
1356 2668 1415 2697 qua
1436 2669 1518 2698 saepe
1541 2660 1604 2687 Dc-

884 2700 1060 2729 mosthenes
1073 2699 1177 2735 utitur,
1188 2706 1218 2730 et
1229 2701 1324 2730 multa
1337 2712 1481 2740 perquam
1495 2712 1603 2740 aspere

884 2742 961 2772 dicit
984 2744 1152 2782 objurgans
1176 2744 1334 2782 populum.
1381 2745 1443 2774 Sed
1470 2745 1533 2772 lure
1557 2749 1605 2773 est

885 2785 1067 2816 immodica:
1093 2785 1171 2826 ὕβρις
1191 2787 1240 2817 καὶ
1269 2788 1398 2827 λοιδορία,
1422 2785 1548 2816 εὐτέλεια
1572 2798 1604 2817 τε

885 2829 951 2859 δεινῆ
968 2828 1179 2871 πρὸσεστιπερὶ
1197 2832 1246 2860 τῆν
1266 2831 1416 2871 ἐρμήιειαν,
1437 2830 1537 2868 inquit
1553 2831 1606 2860 Li-

886 2873 1006 2906 banius.
1054 2875 1194 2913 Denique
1221 2875 1311 2904 stilus
1331 2880 1360 2903 et
1388 2874 1524 2902 elocutio
1550 2884 1605 2904 no—

887 2916 943 2945 stri
964 2926 1023 2947 non
1041 2928 1109 2948 esse
1133 2922 1276 2957 arguunt.
1304 2917 1454 2955 Hermog.
1471 2916 1605 2958 δυσχερὲς

886 2962 974 2999 παρὰ
991 2955 1165 3000 Δημσωθὲνει
1181 2959 1402 2999 καθαρὰν-εὑρεῖν
1416 2961 1605 3000 τραχύτητα.

886 3003 965 3033 Fere
977 3004 1058 3034 enim
1074 3014 1195 3041 semper
1207 3002 1404 3033 acerbitatem
1421 3005 1486 3041 ejus
1504 3003 1606 3033 suavi-

887 3050 949 3078 tate
966 3047 1069 3087 aliqua
1085 3052 1243 3086 temperat.
1283 3047 1343 3076 Sed
1363 3047 1387 3076 si
1403 3056 1530 3086 usquam
1545 3048 1605 3078 ulla
