1931 3322
428 241 493 284 IN
525 241 697 284 ORAT.
732 241 814 282 DE
845 238 1210 281 SYMMORIIS.

93 358 151 389 pra
167 359 196 378 v.
215 351 263 379 10.
290 346 377 386 λέγειν
391 347 453 388 περὶ
467 350 636 390 χρημάτων.
681 347 802 378 Deinde

92 394 124 422 iu
151 391 251 422 verbis
279 391 412 432 ὑπάρχειν
438 391 609 432 ἡγησόμεθα
634 401 730 430 neque
757 394 803 420 est

95 435 232 474 enallage
243 435 400 474 temporis,
409 445 464 464 nec
474 440 575 474 potest
586 445 654 464 esse
668 445 674 463 :
689 434 803 473 quippe

94 479 172 508 tales
187 477 352 517 enallagas,
367 483 399 507 ut
414 488 493 508 sanae
505 477 614 508 rationi
626 477 803 511 contrarias,

96 521 180 550 nulla
195 520 298 559 lingua
314 521 436 560 patitur.
483 522 624 560 Denique
639 519 710 550 οὕτω
729 519 802 549 πολὺ

96 565 147 594 τοῦ
160 562 272 603 πορίσαι
289 569 349 592 tam
365 574 469 594 sanum
485 569 543 599 est,
556 569 588 593 ut
603 563 694 593 mirer
707 563 737 592 in
752 572 803 591 su-

97 606 263 646 spicionem
280 607 384 636 venire
402 607 548 647 potuisse.
594 607 706 635 Orator
724 605 803 635 enim

96 659 156 679 non
172 649 230 679 hoc
251 650 338 685 dicit,
354 650 439 679 cives
463 648 597 679 aversari
619 649 731 687 largam
751 659 804 687 pe-

96 692 195 722 cuuiae
210 692 477 728 contributionem,
493 692 547 722 sed
569 692 636 725 hoc,
653 691 734 729 quod
750 691 804 720 ali-

99 742 212 774 quanto
228 736 364 773 gravius,
380 735 500 765 omnino
521 734 656 764 aversari
676 736 731 767 τὰς
746 734 806 764 εἶσ-

97 779 195 818 φοςάς.
223 779 420 809 Senassrnn.

141 838 184 843 --
213 823 263 852 13.
292 820 526 863 ἀωοο-χῆσομεν]
562 821 704 850 Fortasse
732 820 807 850 latet

96 862 367 905 ἂποχωςησόμεθα.
410 865 448 894 V.
481 864 579 893 Bastii
607 864 807 893 commentat.

100 907 250 947 Palaeogr.
266 918 297 946 p.
311 910 390 961 749,ν
410 908 515 937 IDEM.

141 950 275 980 —ibid.
298 949 341 986 τίς
360 962 402 981 ουν
417 949 476 980 ἔσθ
492 946 570 984 οἶτος
584 961 613 980 κ.
629 961 660 979 τ.
679 949 727 990 λ]
756 949 808 979 Sic

101 993 230 1032 01.ynth
253 994 316 1023 III.
340 1004 372 1033 p.
393 996 445 1024 30.
469 995 500 1023 9.
523 994 571 1023 ed.
596 992 702 1023 Reisk.
724 993 766 1021 νῦν
786 991 810 1022 δ’

99 1035 192 1077 ἑτέρου
213 1034 343 1077 πολέμου
356 1036 447 1077 καιςός
459 1035 528 1066 iiim.
550 1034 594 1070 τίς
612 1046 705 1073 ουτος-ς
730 1033 763 1064 δι
785 1047 810 1064 ον

98 1078 147 1108 καὶ
170 1079 239 1120 περὶ
265 1079 372 1109 τούτων
396 1078 551 1119 ἐμνήσθην,
577 1078 619 1110 ἵνα
644 1091 687 1119 μη
712 1078 810 1108 ταῦτὰ.

99 1121 229 1153 πάθητε.
252 1122 399 1152 Reiskius
414 1127 445 1152 et
458 1123 607 1161 Taylorus
619 1126 810 1156 monuerunt,

101 1166 328 1204 Hermogenem
349 1165 428 1194 hunc
449 1165 549 1193 locum
565 1165 661 1194 citare
676 1175 718 1194 w.
734 1164 810 1203 μεθ.

101 1208 163 1237 δειν.
179 1218 210 1247 p.
226 1210 301 1238 416.
323 1207 487 1248 (Laurent.
501 1207 576 1236 edit.
589 1217 648 1246 qna
662 1218 720 1246 ego
738 1217 812 1237 usus

100 1261 168 1281 sum
182 1261 214 1290 p.
231 1249 324 1291 532.)
348 1250 624 1281 Amensroonnr.
661 1250 811 1280 Reiskius

100 1299 173 1334 post
188 1291 267 1328 οὗτος
278 1293 384 1332 posuit
399 1293 518 1332 siguum
531 1293 754 1332 interrogandi:
780 1299 814 1324 ut

102 1347 171 1376 quae
187 1341 366 1377 sequuntur,
387 1336 400 1365 ὅ
420 1337 463 1366 νῖὲν
483 1335 538 1376 μὲν
557 1336 605 1366 οὐκ
625 1337 671 1372 ὢν,
692 1347 720 1366 u.
736 1347 766 1366 τ.
783 1343 812 1367 λ.

100 1379 333 1419 interrogationi
361 1380 577 1420 respondeant.
621 1380 714 1418 Quod
743 1390 812 1410 cum

101 1424 248 1463 probaret
283 1422 557 1457 Amersfoordtius,
590 1423 691 1453 locum
727 1422 813 1453 illum

102 1465 295 1506 Olynthiacae
311 1470 345 1496 ut
357 1466 484 1496 similem
501 1466 622 1496 citavit.
667 1466 729 1496 Sed
742 1466 814 1497 Rei-

104 1510 190 1539 skius
208 1520 307 1549 neque
330 1509 394 1539 illic
416 1520 480 1540 rem
504 1511 580 1540 bene
602 1509 699 1549 gessit
714 1514 745 1540 et
759 1520 813 1540 no-

99 1552 158 1583 stri
178 1552 240 1583 loci
261 1563 380 1583 sensum
402 1563 551 1593 perversa
570 1552 814 1592 interpunctione

100 1597 291 1626 obscuravit.
314 1597 417 1633 Nune,
427 1600 461 1626 ut
472 1606 530 1636 ego
541 1595 730 1635 interpunxi,
741 1596 812 1636 quid

103 1639 217 1669 Orator
232 1640 319 1676 velit,
334 1639 409 1670 satis
423 1643 562 1679 apparet.
590 1639 709 1669 Eodem
723 1640 815 1670 modo

105 1683 297 1722 interpunxit
312 1683 486 1713 Bekkerus.
509 1682 707 1713 Scnaarnn.

121 1737 124 1746 ³
145 1743 190 1749 —
211 1728 262 1756 16.
284 1726 417 1767 ταυτηνὶ]
443 1726 519 1756 Post
541 1726 570 1755 h.
597 1736 627 1757 v.
656 1726 816 1756 Bekkerus

103 1768 219 1809 posuit,
229 1769 421 1810 uonsssignum
433 1769 655 1808 interrogandi,
667 1770 722 1798 sed
738 1779 816 1808 pun-

103 1816 198 1849 ctum,
209 1813 289 1852 quod
306 1817 441 1854 praestat.
468 1813 509 1843 Et
523 1812 567 1842 sio
582 1811 738 1843 Aristides
755 1813 775 1843 l.
788 1823 815 1844 c.

105 1855 210 1885 lom.

147 1898 274 1929 -ibid.
285 1897 312 1928 ἐν
322 1898 414 1941 ταύτῃ
428 1897 560 1941 χςῆματ’
570 1898 674 1930 ’ἔνεστιν
686 1909 714 1929 ιι.
729 1910 759 1928 τ.
769 1899 816 1940 λ.]

104 1941 249 1982 Χρήματα
264 1942 324 1972 etsi
338 1942 452 1981 saepius
464 1942 608 1972 dicuntur
624 1941 749 1978 nummi,
762 1952 818 1982 pe-

103 1985 198 2015 cunia
221 1985 300 2025 ipsa,
319 1995 530 2025 nonnunquam
552 1990 652 2015 tamen
677 1996 737 2015 vox
762 1995 817 2024 pro

105 2029 198 2058 rebus
226 2033 403 2068 usurpatur,
427 2038 494 2068 quae
517 2033 646 2063 tantum,
673 2033 818 2067 quantum

105 2071 238 2110 pecunia
265 2071 344 2110 ipsa,
368 2072 485 2108 valent3
507 2081 569 2111 opes
590 2071 698 2101 Latine
720 2071 818 2102 dieas.

105 2114 249 2154 Thucyd.
265 2115 341 2144 VII.
358 2117 409 2147 25.
437 2115 526 2145 πλοῖα
540 2132 585 2138 -—
598 2113 727 2154 γέμοντα
747 2126 818 2157 χρη·

104 2157 219 2197 μάτων,
243 2158 282 2187 ad
307 2168 397 2197 quem
419 2158 519 2187 locum
542 2158 728 2188 Scholiastes
753 2160 818 2188 haec

102 2201 292 2240 adscripsit:
316 2201 365 2230 καὶ
380 2199 428 2230 ἐπὶ
444 2203 498 2230 τῶν
511 2200 655 2242 τυχόντων
676 2202 818 2241 πραγμά-

107 2254 165 2273 των
178 2245 218 2274 τὲ
233 2244 378 2296 χρήματα
393 2243 590 2284 λαμβανεται,
599 2244 648 2273 και
654 2244 718 2297 οὐχ
731 2245 819 2287 ὥςπερ

105 2288 150 2316 νῦν
164 2286 326 2328 ἀδοκίμως’
316 2287 364 2318 επι
378 2289 484 2329 χρυσοῦ
492 2287 542 2316 καὶ
556 2285 723 2327 πολυτίμων
734 2288 818 2319 εἰδῶν.

110 2331 160 2360 De
175 2330 347 2362 differentia
362 2331 442 2361 inter
462 2333 565 2372 χρῆσις
581 2336 612 2360 et
633 2332 735 2365 κτῆσις
755 2332 819 2362 dis-

107 2373 205 2404 seruit
220 2375 430 2413 Bergmannus
445 2375 466 2405 1.
478 2385 505 2404 c.
517 2385 548 2414 p.
564 2377 636 2405 123.
650 2379 681 2404 et
693 2374 819 2406 videan-

107 2421 158 2447 tur
180 2422 302 2447 veteres
330 2417 527 2447 Grammatioi
549 2417 579 2447 in
604 2417 652 2447 his
679 2419 820 2452 vocibus.

106 2461 160 2490 *De
186 2459 306 2490 divitiis
329 2460 559 2491 Atheniensium
583 2461 697 2500 saepius
721 2472 820 2492 sermo

109 2508 158 2533 est
181 2503 261 2542 apud
288 2508 410 2534 veteres
436 2508 467 2533 et
491 2505 749 2534 Demosthenem:
775 2505 820 2536 uti

110 2546 238 2585 Olynth.
248 2547 276 2577 Ι.
288 2556 318 2585 p.
333 2550 384 2578 14.
394 2549 446 2578 19.
456 2546 518 2582 ed.‚
534 2547 641 2577 Reisk.
651 2558 820 2587 quanquam

109 2590 184 2619 eol.
201 2600 259 2619 non
280 2590 320 2619 de
340 2590 475 2629 regionis
492 2590 604 2620 Atticae
617 2590 747 2627 divitiis,
765 2593 822 2622 sed

110 2633 150 2662 de
165 2643 386 2686 στρατιωτικοις
399 2637 514 2663 tantum
527 2634 606 2673 agit·
622 2633 686 2663 ’ἐστι
698 2652 739 2657 —
751 2634 822 2676 χξή-

107 2686 202 2716 ματα
219 2677 295 2716 ὑμῖν·
318 2674 397 2706 ἔστιν
416 2688 469 2706 οσα
489 2676 568 2706 οὐδενὶ
588 2679 643 2706 τῶν
658 2677 754 2707 ἄλλων
775 2679 821 2707 ἆν-

112 2718 241 2760 θςώωων
255 2720 465 2759 στρατιωτικά.
509 2721 558 2750 De
573 2720 716 2750 universa
730 2721 822 2751 Athe-

112 2761 260 2792 niensium
283 2762 418 2801 potentia
439 2772 604 2802 eorumque
624 2764 722 2804 copiis
739 2764 823 2794 Phil.

113 2805 141 2834 1.
157 2815 190 2844 p.
205 2806 257 2836 51.
274 2808 326 2836 ΞΟ.
349 2806 431 2845 ὑμεῖς
446 2803 569 2841 δὲῦἄ.
586 2805 668 2843 ²1³8„
684 2806 823 2838 πλείστην

113 2846 255 2888 δύναμιν·
241 2849 381 2878 αωάντων
397 2848 520 2890 ἔχοντες,
539 2849 661 2890 τριῆςεις,
683 2849 823 2886 ὁπλίτας,

114 2889 243 2926 ἱππέας,
271 2891 440 2945 χρημάτων
459 2892 605 2932 πρόσοδον,
635 2891 742 2922 τούτων
770 2892 824 2932 μὲν

114 2932 207 2983 μέχρι
227 2945 278 2968 της
300 2935 418 2976 τῆμερον
431 2934 538 2987 ἡμέρας
558 2935 638 2966 οὐδενὶ
662 2936 778 2967 πώποτε
799 2936 826 2966 ἒν

114 2975 200 3006 δέοντι
215 2975 365 3018 κέχρησθε,
380 2976 478 3012 οὐδενὸς
491 2977 515 3009 δ
526 2977 728 3010 άπολείπεσθε.
771 2980 824 3009 Ul-

113 3019 189 3050 tima
204 3020 353 3050 Reiskius
370 3021 462 3051 vertit
475 3022 505 3052 in
526 3021 653 3053 Indice.
677 3034 696 3052 a
712 3024 825 3054 nemine

112 3063 266 3094 vincimini
282 3063 407 3100 solertia,
423 3066 594 3105 sagacitate.
631 3066 718 3096 Idem
734 3066 825 3097 aliter

1463 238 1546 280 463

836 347 867 377 in
891 351 961 376 nota
986 347 1024 375 ad
1046 357 1115 376 enm
1135 347 1156 376 l.
1179 347 1309 377 Praestat
1326 347 1423 376 forte:
1446 356 1547 376 eorum

835 391 963 419 omnium
977 389 1055 419 nihil
1064 390 1162 420 adhuc
1170 396 1246 420 recte
1256 391 1301 419 usi
1308 391 1383 425 estis,
1394 391 1446 420 etsi
1462 390 1548 419 nulla

835 441 934 463 eorum
946 438 1029 470 purte
1042 433 1156 468 caretis,
1167 433 1280 462 nullam
1295 433 1475 463 desideratis.
1500 433 1548 462 Ita

837 480 867 505 et
888 473 1103 504 ἀπολείπεσθαι
1123 475 1261 505 absolute
1283 477 1440 514 eleganter
1463 485 1550 505 usur-

837 519 902 555 pari
921 517 1037 547 monuit
1058 517 1238 547 Perizonius
1257 519 1295 548 ad
1317 519 1432 549 AElian.
1449 519 1477 548 I.
1495 520 1547 548 3⁶2.

837 561 883 590 Cf.
914 561 996 600 apud
1026 560 1154 590 eundem
1186 561 1269 591 XII.
1299 565 1351 592 41.
1388 560 1550 591 AEschines

837 604 928 633 etiam
945 604 1024 644 apud
1043 604 1204 633 Demosth.
1220 604 1257 633 de
1270 605 1304 633 F.
1317 605 1352 635 L.
1369 615 1398 643 p.
1411 606 1484 634 369.
1496 606 1548 634 13.

838 648 984 686 populum
1015 646 1249 676 Atheniensium
1277 647 1323 676 his
1348 648 1449 676 verbis
1476 647 1552 676 allo-

839 691 959 729 quitur:
976 689 1003 718 οὐ
1018 690 1133 729 τξιῆξεις
1149 688 1308 729 τριακόσιαι
1319 689 1368 718 καῖ
1381 689 1464 720 σκεύη
1480 689 1551 719 ταῦ-

839 745 904 767 ταις
918 733 966 762 καὶ
984 731 1112 772 κτήμαθ’
1129 733 1198 772 ὑμῖν
1212 732 1357 773 πεξίεστις
1377 732 1425 762 Cf.
1438 737 1469 762 et
1484 734 1553 762 Iso-

840 782 953 806 cratem
967 776 995 805 in
1010 778 1126 815 Areop.
1143 786 1170 805 0.
1187 779 1217 805 1.
1231 777 1269 806 de
1285 774 1461 805 conditione
1476 774 1554 804 civi-

840 820 911 850 tanis
927 819 1161 849 Atheniensium
1180 829 1234 849 sua
1249 823 1337 849 aetate
1350 818 1552 848 disserentem

841 869 872 893 et
900 863 937 892 ad
964 873 1031 892 eum
1061 863 1161 892 locum
1185 863 1425 899 Bergmannum.
1466 862 1555 891 Idem

842 912 942 936 tamen
959 906 1113 935 Isocrates
1134 906 1216 945 qnod
1235 906 1273 935 ad
1290 915 1436 935 summam
1451 914 1554 934 rernm

842 948 990 979 sincerius¹
1007 948 1170 987 veriusque
1186 959 1242 987 pro
1260 948 1368 978 horum
1383 956 1556 987 temporum

843 992 1018 1022 conditione
1048 992 1086 1021 ad
1120 991 1298 1031 Philippum
1327 1001 1430 1031 regem
1461 991 1558 1021 verba

843 1035 915 1065 fecit
938 1035 968 1064 in
993 1035 1080 1065 Orat.
1108 1044 1195 1073 quam
1219 1035 1257 1064 ad
1285 1044 1353 1064 eum
1377 1033 1502 1072 scripsit
1525 1044 1558 1073 p.

844 1081 918 1110 147.
932 1077 997 1118 πρὸς
1012 1076 1040 1107 δὲ
1059 1077 1168 1111 τούτοις
1188 1077 1289 1118 [ἑώρων
1303 1077 1354 1117 σὲ]
1372 1077 1421 1107 καὶ
1442 1076 1558 1117 δύναμιν

843 1121 893 1151 καὶ
909 1122 1030 1152 πλοῦτον
1041 1120 1219 1160 κεκτημένον,
1239 1119 1297 1151 ὅσον
1317 1119 1400 1155 οὐδεὶς
1419 1122 1474 1150 τῶν
1491 1119 1558 1150 Ἔλ-

844 1165 936 1195 λήνοον.
961 1168 991 1194 et
1014 1175 1046 1204 p.
1064 1167 1138 1195 188.
1165 1163 1212 1193 τὸν
1232 1162 1332 1203 καιςόν,
1356 1162 1382 1194 ἐν
1404 1160 1427 1202 {5
1446 1164 1482 1193 σὺ
1505 1161 1561 1203 μὲν

844 1207 998 1248 τυγχάνεις
1011 1207 1151 1238 τοσαύτην
1165 1206 1281 1247 δύναμιν
1294 1206 1474 1248 κεκτημένος,
1495 1206 1561 1237 ὅσην

845 1250 929 1284 οὐδεὶς
941 1253 996 1280 τῶν
1011 1252 1060 1282 τὴν
1074 1250 1202 1292 Εὐρώπην
1215 1250 1395 1280 οἰκησάντων.
1421 1250 1560 1280 Amans·

848 1304 996 1325 FoonDT.
1020 1295 1060 1324 V.
1076 1295 1114 1324 F.
1131 1297 1169 1324 A.
1184 1293 1292 1325 Wolfii
1308 1294 1433 1332 Proleg.
1448 1293 1486 1322 ad
1502 1294 1561 1323 Le-

846 1338 924 1377 ptin.
941 1338 1003 1367 vol.
1024 1337 1056 1367 ii.
1081 1348 1111 1376 p.
1124 1339 1198 1369 360.
1236 1338 1321 1367 Usus
1343 1341 1390 1367 est
1413 1336 1470 1366 hoc
1492 1336 1562 1366 loco

847 1380 1019 1411 Dorvillius
1035 1380 1072 1410 ad
1085 1381 1240 1411 Chariton.
1257 1391 1289 1421 p.
1303 1382 1377 1412 272.
1388 1379 1461 1410 edit.
1475 1379 1562 1419 Lips.

846 1424 1042 1455 Sensum.

889 1484 932 1489 ——
950 1468 1002 1497 17.
1026 1467 1094 1506 πςός
1117 1468 1255 1508 ἁπάσας]
1290 1469 1386 1497 Recte
1407 1465 1562 1505 interpre-

847 1509 999 1551 tatur(sc.
1014 1510 1179 1551 wolfius).
1225 1511 1341 1541 Eadem
1357 1509 1474 1540 ratione
1493 1509 1564 1539 Rei-

850 1553 936 1583 skins
953 1553 1025 1583 Ind.
1048 1554 1172 1584 Graecit.
1189 1564 1221 1593 p.
1233 1555 1308 1585 437.
1323 1562 1385 1592 opes
1398 1562 1469 1591 pene
1483 1552 1563 1582 dixe-

849 1598 905 1626 rim
915 1596 1125 1636 aequipollentes
1133 1602 1188 1627 aut
1199 1596 1418 1637 aequiparabiles
1428 1605 1496 1626 cum
1505 1597 1566 1635 opi-

850 1639 901 1670 bus
915 1640 1097 1680 reliquarum
1112 1641 1267 1670 civitatum
1278 1641 1418 1670 omnium.
1456 1639 1492 1668 In
1509 1639 1567 1668 hoc

851 1693 905 1713 usu
922 1683 1148 1722 praepositionis
1170 1683 1236 1723 πρὸς
1255 1694 1313 1713 non
1329 1683 1415 1718 latet,
1435 1687 1470 1712 ut
1490 1692 1566 1712 non-

850 1726 942 1756 nullis
959 1726 1057 1756 visum
1082 1731 1140 1762 est,
1158 1727 1206 1756 vis
1223 1725 1423 1766 comparativi
1439 1725 1565 1764 gradus,

851 1780 910 1808 qua
930 1769 1006 1808 qnid
1023 1770 1178 1800 excellere
1202 1769 1402 1810 significetur,
1426 1769 1479 1798 sed
1500 1769 1567 1798 sola

850 1812 1004 1842 indicatur
1019 1813 1230 1854 aequiparatio.
1259 1813 1440 1843 Herodotus
1455 1811 1502 1842 ΙΙ.
1513 1812 1567 1842 35.

851 1854 917 1895 ἔργα
933 1855 1016 1893 λόγου
1029 1855 1113 1896 μέζω
1129 1855 1293 1898 παρέχεται
1309 1855 1376 1897 πςός
1389 1855 1488 1886 πάσαν
1506 1855 1568 1896 χῶ·

851 1910 904 1939 ςην.
935 1899 1040 1929 Minus
1055 1905 1140 1930 recte
1156 1901 1331 1940 lnterpres:
1353 1909 1441 1938 opera
1455 1898 1568 1928 exhibet

851 1942 1092 1979 memorabilium,
1119 1953 1207 1982 qnam
1230 1943 1291 1973 alia
1319 1942 1454 1982 quaelibet
1475 1942 1567 1981 regin.

853 1985 966 2015 Immo:
997 1996 1083 2025 opera
1108 1985 1220 2016 exhibet
1250 1984 1475 2021 inenarrabilia,
1503 1994 1566 2024 quae

850 2038 1001 2068 componas
1021 2039 1089 2058 cum
1114 2029 1254 2059 similibus
1279 2028 1411 2068 operibns
1436 2029 1567 2058 omnium

850 2074 1013 2112 regionum.
1057 2072 1146 2102 Idem
1166 2073 1230 2103 ΙΙΙ.
1246 2074 1299 2103 94.
1320 2071 1397 2112 φόρον
1420 2069 1569 2109 ἀπαγίνεον

851 2114 916 2156 πρὸς
930 2115 1042 2149 πάντας
1053 2116 1117 2149 τοὺς
1130 2115 1235 2149 ἄλλους
1250 2115 1384 2155 ἒξὴκοντα
1396 2115 1444 2144 καῖ
1460 2113 1568 2155 τριηκό-

851 2170 903 2188 σια
917 2159 1052 2189 τάλαντα
1074 2157 1243 2199 ψήγματος.
1289 2158 1484 2188 Gronovius:
1511 2167 1568 2196 par

851 2202 962 2232 caeteris
970 2203 1112 2234 omnibus.
1125 2204 1219 2238 Bene,
1228 2201 1254 2232 si
1265 2202 1303 2232 de
1313 2212 1386 2232 auro
1397 2200 1568 2231 intellexit:

852 2246 922 2275 Indi
938 2245 1016 2275 enim
1034 2251 1147 2276 tantum
1165 2247 1230 2276 auri
1242 2245 1387 2275 dicuntur
1402 2243 1568 2284 pependis-

852 2298 897 2324 se,
912 2294 1057 2329 quantum
1077 2288 1190 2329 reliqui
1210 2299 1327 2319 omneS.
1371 2288 1457 2319 Idem
1475 2287 1568 2317 vm.

852 2334 904 2362 44.
930 2332 1004 2372 weh<
1025 2333 1138 2367 πάντας
1162 2334 1228 2366 τοὺς
1251 2332 1353 2366 ἄλλους
1379 2330 1568 2372 παρεχόμενοι

851 2376 916 2409 νῆας
939 2375 1094 2414 ὀγδώκοντα
1116 2375 1164 2406 καὶ
1187 2375 1286 2406 ἑκατὸν
1307 2376 1412 2415 μοῦνοι.
1458 2375 1567 2404 Parum

853 2424 938 2449 reete
955 2429 1074 2449 versum
1088 2430 1094 2448 :
1117 2430 1177 2459 prae
1191 2419 1311 2459 reliquis
1325 2418 1464 2449 omnibus.
1495 2417 1567 2447 Sola

854 2461 910 2492 hoc
926 2472 1047 2501 quoque
1061 2463 1129 2492 loco
1145 2463 1262 2492 obtinet
1276 2460 1475 2501 aequiparatio
1488 2472 1495 2490 :
1511 2461 1567 2490 du-

854 2505 968 2544 plicato
998 2506 1077 2535 enim
1106 2505 1160 2535 illo
1190 2516 1314 2535 numero
1344 2505 1565 2545 propemodum

854 2549 946 2578 confit
959 2559 1101 2579 numerus
1116 2548 1236 2578 navium
1250 2549 1344 2579 totius
1356 2548 1465 2578 classis
1483 2548 1567 2576 Grae-

854 2602 910 2623 cae.
926 2592 965 2621 V.
982 2602 1050 2631 cap.
1066 2594 1119 2622 48.
1164 2593 1294 2622 Omnino
1311 2592 1386 2621 tales
1400 2591 1568 2630 aequipara-

855 2635 953 2665 tiones
977 2634 1185 2675 intelligendae
1209 2634 1380 2676 παχυτέρους
1403 2645 1459 2664 nec
1483 2633 1567 2672 cogi-

855 2679 979 2708 tandum
1014 2679 1053 2708 de
1085 2678 1310 2709 accuratissima
1344 2677 1566 2717 exaequatione.

854 2721 1053 2752 Scuneren.

897 2765 1031 2794 —ibid.
1048 2764 1158 2807 πόλεις]
1182 2776 1233 2798 της
1245 2764 1389 2798 Ελλάδος.

898 2825 940 2831 —-
952 2810 1003 2839 19.
1016 2806 1148 2849 ἓνταυὲι]
1166 2808 1278 2838 Omisit
1292 2807 1470 2838 adverbium
1486 2805 1570 2836 Bek-

857 2852 923 2881 ker.
947 2851 1052 2881 Malim
1066 2857 1231 2882 servatum.
1254 2852 1341 2881 Esti.
1356 2862 1385 2889 q.
1398 2860 1444 2879 επι
1455 2861 1505 2880 του
1517 2849 1567 2883 Βη-

856 2905 962 2934 ματος.
976 2893 1106 2925 ἐνταυθοῖ
1116 2896 1206 2925 etiam
1221 2894 1267 2924 hic
1281 2893 1463 2932 significare,
1475 2892 1567 2922 docui

859 2939 887 2968 iu
901 2943 965 2968 not.
983 2940 1018 2969 ad
1037 2939 1134 2977 Longi
1149 2938 1298 2967 Pastoral.
1317 2947 1347 2976 p.
1364 2938 1436 2966 42¹2.
1460 2936 1568 2966 Imm.

900 2999 943 3004 —-
961 2981 1036 3011 ibid.
1059 2981 1177 3020 φοβοῖεν,
1202 2981 1237 3013 ὡς
1256 2979 1312 3019 ἥξει
1334 2979 1486 3020 βασιλεὺς]
1511 2985 1569 3008 ter-

857 3029 951 3054 rentes
951 3025 1118 3062 jactarent,
1127 3029 1284 3053 venturum
1295 3033 1348 3053 esse
1358 3032 1466 3063 regem.
1479 3021 1569 3052 Simi-

858 3067 899 3099 lia
921 3067 1011 3107 tetigi
1028 3068 1056 3097 in
1075 3072 1137 3097 not.
1155 3068 1192 3097 ad
1210 3066 1350 3107 Euripid.
1375 3066 1461 3096 Med.
1478 3066 1568 3096 Pors.

1422 2765 1525 2794 lusu.
