1931 3323
340 194 427 236 336

339 300 407 331 triae
421 299 569 331 servitute
583 304 614 330 et
629 300 765 332 excidio.

383 361 426 367 -—
448 343 527 373 ibid.
550 341 586 373 div
606 345 654 374 οὐκ
676 344 878 386 ἧβουλόμεθα]
900 342 1004 376 ἐκείνων
1022 345 1052 375 ἃ.

340 386 495 425 genitivus
504 387 650 426 partitive
663 390 793 427 positus.
805 387 984 429 ἦβουλόμεθα
996 399 1053 428 pro

339 428 461 470 ἐξουλόμ
465 428 534 464 εθα,
559 429 710 465 Ἀττικῶς.
736 433 837 462 Verba
853 433 897 462 sic
913 433 1053 462 ordinan-

339 473 380 502 da
401 478 492 502 sunt.
518 472 637 510 δεδοικα,
659 481 720 505 etc.
742 488 785 515 μη
802 474 958 515 ἔλθωμεν’
943 487 1055 523 υστερον

339 515 378 550 εἷς
394 516 516 554 ἀνάγκην
531 518 616 547 ποιεῖν
631 520 731 548 πολλὰ
747 518 796 548 καὶ
811 521 935 560 χαλεπὰ,
954 523 991 550 ὠν
1006 521 1053 550 οὐκ

339 557 534 599 ἦὲουλόμεθα.

384 619 427 624 ——
452 603 527 632 ibid.
559 601 760 651 ἧὲουλόμεξνα]
795 604 934 645 Scilicet,
959 616 1051 647 μεχρι

338 645 430 681 τουδε,
429 656 508 699 quse
531 645 671 676 hactenus
682 646 791 687 j‘acere
811 629 970 678 noluimits.
991 659 1051 678 non

339 693 397 723 est,
421 700 456 717 ων
479 689 527 718 οὐκ
552 700 584 718 αν
608 688 793 729 Βουλοίμεθα,
815 701 877 730 quae
901 692 1052 722 nollemus.

339 742 510 771 quanquam
527 733 635 761 eodem
651 734 714 762 fere
732 734 882 763 sententia
898 735 1019 765 recidit.

382 793 426 798 —
441 778 472 805 4.
490 775 516 805 ἐν
527 775 601 816 αὐτῇ
616 775 656 816 ‘rii
669 775 766 816 χώρᾳ]
792 777 830 806 Id
846 783 905 813 est,
927 777 967 822 ’τῇ
980 776 1050 807 Ἀτ-

338 818 416 859 maii,
440 821 506 854 τῶν,
531 818 664 853 scilicet,
687 817 779 854 ὄντων,
802 820 854 849 vel
878 819 1052 860 κτημάτων,

339 866 387 891 est
410 860 589 900 επεξήγησις.
636 861 733 898 Quasi
757 861 855 899 dicat,
877 865 917 894 de
939 865 1001 894 aris
1020 869 1052 895 et

337 903 427 934 focis.

382 965 426 970 --
443 950 474 978 4.
497 946 530 976 τὸ
554 946 611 986 μὲν
634 945 692 988 οὖν]
709 949 946 988 Προκατάληψις,
969 960 1051 980 sum-

336 994 393 1029 pta
411 1000 429 1020 a
448 989 624 1019 discrimine
644 992 905 1030 reprehensionis,
925 1000 955 1023 et
979 1005 1051 1033 pro-

340 1033 410 1072 prio
425 1033 561 1063 consilii.

382 1094 425 1099 -—
450 1079 482 1106 7.
509 1075 565 1114 ἐγὼ
595 1075 639 1117 δὲ]
677 1076 770 1107 Novo
801 1077 890 1116 quasi
921 1079 1050 1109 exordio

338 1123 444 1158 captat
480 1119 725 1149 benevolentiam
764 1120 950 1157 auditorum,
981 1133 1051 1153 cum

338 1162 478 1192 modesta
493 1161 730 1201 reprehensione
747 1162 918 1203 iniquitatis
935 1175 1051 1202 eorum,

338 1215 391 1235 seu
404 1205 625 1244 conquestione
642 1206 757 1245 potius,
773 1212 805 1237 et
818 1208 865 1237 sui
879 1219 953 1248 ergo
969 1219 1049 1238 rem-

337 1249 491 1288 publicam
508 1248 606 1278 studii
620 1250 894 1281 commendatione.

381 1310 426 1315 —
439 1294 469 1323 9.
482 1289 589 1325 αἶτίους
605 1309 647 1314 —--
663 1293 823 1334 ὑστάτους]
844 1295 1000 1331 ὑστάτους,
1019 1296 1050 1325 in

339 1335 453 1365 Aldino
469 1335 578 1364 codice
594 1334 758 1366 oscitantia
772 1336 890 1366 librarii
902 1339 1050 1369 omissum

338 1382 426 1418 puto.
471 1379 551 1408 Nam
571 1379 729 1408 sententiae
751 1390 810 1409 non
830 1380 1050 1419 incommodat,

340 1426 373 1451 et
388 1422 419 1452 in
444 1420 597 1462 προοιμίοις
614 1421 807 1462 δημηγορικοῖς
827 1424 937 1453 eodem
958 1426 1050 1455 modo

342 1471 516 1504 usurpatur.
534 1467 639 1495 Caesar
651 1466 679 1495 in
693 1467 890 1497 Catilinariai
916 1472 937 1486 “
951 1469 1051 1498 Pleri-

339 1519 399 1548 que
429 1508 737 1549 mortalesvfinquit)
765 1515 922 1549 postrema
944 1512 1051 1541 memi-

338 1551 444 1582 nere.’'
471 1552 592 1590 Vulgus
608 1553 751 1591 proxima
767 1564 895 1592 quaeque
906 1554 1052 1592 meminit,

340 1599 453 1625 caetera
479 1595 699 1626 obliviscitur:
730 1598 819 1635 eujus
842 1598 998 1636 ingenium
1020 1599 1050 1628 in

340 1639 477 1669 oratione
488 1639 585 1668 Falsae
603 1639 784 1678 Legationis
796 1641 919 1680 egregie
931 1642 1049 1672 deseri·

339 1682 432 1711 bitur.
463 1683 497 1711 ln
513 1682 591 1712 hanc
608 1683 791 1712 sententiam
807 1684 898 1713 etiam
916 1686 1052 1715 secunda

341 1725 537 1764 Philippica:
562 1725 610 1766 ὁρῶ
629 1727 696 1765 γὰρ,
710 1726 820 1765 inquit,
837 1728 873 1761 ὡς
891 1729 932 1757 τὰ
953 1730 1052 1758 πολλοὶ

341 1767 434 1804 ἐνίους,
451 1779 499 1797 ουκ
513 1768 551 1801 εἷς
565 1780 630 1801 τους
640 1768 756 1805 αἰτίους,
773 1769 842 1798 ἀλλ’
857 1770 896 1804 εἷς
910 1771 975 1806 τοὺς
990 1770 1051 1801 ὑπὸ

337 1813 422 1854 χεῖρα
433 1812 577 1850 μάλιστα
592 1813 640 1841 τὴν
653 1811 728 1852 ὄργην
742 1812 889 1853 ἀφιέντας.

383 1873 426 1879 --
442 1855 519 1884 ibid.
542 1853 672 1890 εἰπόντας
694 1855 720 1886 ἐν
743 1855 808 1898 ὀργῇ
834 1855 978 1899 ποιεισθε]
1011 1858 1049 1888 Id

340 1903 401 1936 est,
416 1899 478 1932 τοῖς
491 1899 615 1929 εἶπουσιν
627 1898 787 1939 ὀργίζεσθε.

384 1960 427 1967 -—
443 1944 495 1972 10.
517 1943 600 1972 κατα
622 1943 750 1983 γνώμην]
789 1952 823 1972 ex
836 1944 992 1979 sententia,
1008 1944 1051 1974 ita

341 1992 376 2016 ut
394 1986 538 2016 volebatis.
561 1986 816 2024 subintelligitur,
838 1989 888 2018 τὴν
903 1986 1051 2027 ὑμετέραν.

339 2029 525 2060 contrarium
540 2029 644 2067 hujus,
661 2031 747 2070 παρὰ
758 2030 881 2069 γνώμην.

382 2090 425 2096 —-
444 2076 497 2102 11.
519 2070 605 2114 ἰδίαν]
628 2075 791 2112 propriam,
810 2074 840 2103 id
866 2077 926 2108 est,
951 2084 1049 2110 suam,

341 2117 391 2147 vel
408 2126 504 2145 meam
520 2116 638 2155 potius,
654 2118 702 2147 τὴν
722 2116 862 2156 ἐμαυτοῦ.
907 2117 1054 2156 Sequitur

340 2159 423 2189 enim
449 2159 556 2198 primae
585 2170 724 2198 personae
755 2162 881 2190 verbum
911 2162 1053 2200 ἧγοῦμαιτ

338 2204 498 2242 privatam,
507 2204 629 2241 privatae
643 2204 812 2233 securitatis
820 2205 935 2234 ratione
945 2204 1054 2241 habita,

340 2247 451 2286 privati
473 2246 599 2285 periculi
625 2251 716 2277 metu.
767 2247 819 2277 Sic
844 2247 934 2277 etiam
960 2248 1055 2283 οἰκεῖος

342 2300 424 2329 saepe
441 2294 618 2328 usurpatur.

385 2351 429 2356 ——
458 2333 534 2362 ibid.
566 2330 820 2374 ὑποστείλασθαι]
856 2333 1053 2364 dissimulare.

343 2375 430 2416 μηδὲν
447 2376 686 2416 ὑποστειλάμενον
708 2375 807 2413 εἰπεῖν,
826 2382 926 2416 aperte
947 2377 1054 2414 dicere,

342 2421 380 2450 ab
398 2418 632 2458 ὑποστέλλομαι.

387 2481 432 2485 —
448 2465 500 2493 12.
525 2462 601 2502 φημὶ
629 2462 657 2493 δὴ
683 2462 764 2504 διχῇ]
797 2462 958 2501 Repetitio
981 2474 1054 2503 pro-

344 2506 522 2545 positionis,
539 2510 569 2535 et
585 2506 763 2536 declaratio.
808 2508 907 2546 Supra
927 2507 1006 2537 enim
1023 2507 1052 2537 in

343 2550 404 2579 hoc
420 2549 502 2584 loco,
519 2548 584 2579 ’ἐστι
599 2549 628 2580 δὴ
649 2547 718 2587 τοίγ’
736 2548 800 2589 ἐμοὶ
821 2550 963 2586 δοκοῦντα,
984 2561 1052 2581 cen-

346 2592 409 2622 suit
425 2602 512 2631 opem
524 2593 678 2622 ferendam
695 2603 764 2623 esse
780 2594 951 2632 Olynthiis:
964 2605 1054 2629 nunc,

344 2646 406 2675 qno
428 2639 521 2674 pacto
542 2635 575 2664 id
600 2635 664 2665 fieri
688 2637 810 2672 debeat,
836 2637 985 2673 ostendit,
1006 2638 1054 2667 καὶ

346 2678 393 2709 τὸν
413 2677 512 2719 τρόπον
533 2680 584 2712 τῆς
607 2677 728 2714 (ἔοηθείας
751 2680 923 2718 εἰσηγεῖται,
945 2679 1011 2710 ἐστὶ
1031 2679 1055 2711 δ’

344 2720 425 2756 οὗτος
438 2723 487 2751 τοῦ
503 2721 619 2751 δυνατοῦ
630 2720 793 2760 κεφαλαίου.

389 2784 434 2788 -
447 2765 524 2795 ibid.
545 2764 630 2806 διχῇ]
655 2765 806 2804 Ulpianus
822 2770 920 2806 putat,
940 2768 1055 2798 Demo-

347 2809 484 2840 sthenem
507 2807 643 2846 iniquum
673 2809 843 2847 postulare,
872 2815 906 2840 ut
935 2821 1055 2850 aequum

346 2854 434 2883 serat.
451 2858 481 2882 et
493 2852 623 2881 fortasse
634 2853 843 2882 accommodat
854 2863 885 2882 se
898 2854 1055 2885 ambitioni

347 2894 590 2929 Atheniensium,
608 2896 663 2925 τῶν
686 2894 712 2924 ἐν
733 2896 793 2930 τοῖς
813 2894 991 2935 ψηφίσμασι
1014 2900 1055 2928 τα

347 2939 481 2978 μέγιστα
496 2936 673 2978 αἶρουμὲνων,
689 2943 724 2968 ut
738 2939 768 2968 in
786 2939 900 2978 Philip.
917 2940 968 2970 ait.
992 2942 1054 2971 Sed

348 2987 452 3012 nostra
468 2981 542 3011 nihil
558 2982 689 3012 interest
704 2982 852 3019 divinare,
866 2993 922 3012 nec
939 2984 1055 3015 incerta

344 3036 403 3064 pro
418 3025 510 3055 certis
525 3025 663 3056 habenda
678 3029 761 3055 snat.

593 194 650 235 H.
684 192 902 237 WOLFII
935 194 999 236 IN
1034 194 1068 236 Ι.

1102 193 1549 238 OLYNTHIACAM

1131 318 1174 325 -—
1194 301 1271 332 ibid.
1291 302 1362 345 διχξῖ
1381 302 1522 335 eonem-{ov
1541 301 1607 333 εῖναι
1630 303 1691 338 τοῖς
1713 303 1795 344 πρέ-

1087 356 1201 384 γμασιν
1221 346 1304 387 ὑμῖν]
1328 348 1450 377 Gemini
1465 346 1563 377 dativi
1584 346 1682 376 eidem
1698 346 1795 376 additi

1088 389 1249 424 adverbio,
1271 388 1423 422 Βοηὸητὲον
1443 390 1512 429 ὑμῖν
1532 390 1591 423 τοῖς
1613 389 1796 430 πράγμασιν,

1087 431 1119 461 id
1137 438 1195 467 est,
1211 432 1289 471 ὑμᾶς
1303 433 1355 462 δεῖν
1367 433 1480 467 βοηθεῖν
1491 434 1552 468 τοῖς
1567 433 1737 474 πράγμασι.

1130 493 1173 498 —
1187 476 1262 505 ibid.
1274 476 1359 517 διχῇ]
1374 476 1400 505 ἐν
1415 476 1484 506 δυοῖν
1496 475 1599 506 τόποιν.

1130 536 1172 541 --
1193 521 1246 549 13.
1272 521 1327 553 τοὶς
1352 518 1470 561 πόλεις]
1493 518 1547 549 δύο)
1569 517 1617 548 καὶ
1643 518 1794 558 τριάκοντα

1087 563 1139 592 τοῦ
1158 562 1328 592 Χαλκιδικοῦ
1341 562 1446 601 γένους.

1130 623 1173 628 —-
1190 606 1242 636 15.
1266 608 1359 640 κακῶς
1381 607 1468 636 ποιεῖν
1491 605 1540 635 τῆν
1563 603 1674 646 χώραν]
1704 604 1795 634 mule-

1076 646 1185 689 facere
1196 650 1320 689 regioni,
1335 649 1483 690 infestare,
1499 649 1619 683 vastari,
1632 647 1783 686 populari.

1129 709 1172 714 -—
1189 698 1290 732 antep.
1311 692 1464 732 ὑπομείνας
1482 692 1580 733 τοῦτο]
1617 692 1696 728 Quis
1719 700 1794 720 vero

1086 744 1142 764 rex
1156 735 1199 764 ita
1214 736 1254 765 sit
1268 735 1418 772 immanis,
1436 740 1469 766 ut
1481 735 1587 765 alienae
1600 733 1727 764 ditionis
1739 744 1794 763 cu-

1086 777 1233 816 piditate,
1246 780 1361 808 vastari
1378 790 1460 809 suam
1474 780 1651 818 pateretur?
1675 777 1796 807 Pericle

1085 825 1186 850 tamen
1203 825 1327 852 auctore
1344 822 1403 852 boc
1418 823 1556 852 fecerunt
1576 821 1795 856 Athenienses,

1086 868 1120 893 ut
1131 863 1264 894 Atticam
1280 866 1317 894 ab
1332 865 1518 895 Archidamo
1531 865 1642 895 vastari
1657 869 1797 902 pateren-

1085 911 1147 943 tur,
1161 912 1191 937 et
1207 907 1267 946 ipsi
1282 908 1403 938 interim
1417 909 1516 938 classe
1531 907 1627 938 missa
1642 907 1796 947 Pelopon-

1085 960 1192 980 nesum
1213 950 1404 988 infestarent,
1421 952 1524 990 itaque
1546 950 1797 982 Lacedaemonios

1085 994 1207 1023 domum
1223 1000 1415 1025 revocarent.
1460 995 1658 1034 Thucydides
1673 993 1726 1023 lib.
1743 995 1775 1022 Ξ.

1126 1054 1170 1059 --
1185 1047 1254 1077 pen.
1273 1037 1515 1079 παραστήσεται]
1547 1044 1630 1080 coget
1644 1037 1685 1068 ad
1708 1037 1792 1067 dedi-

1084 1080 1201 1110 tionem.

1127 1141 1172 1146 —
1186 1122 1262 1152 ibid.
1279 1122 1396 1164 οἰκείαν]
1412 1124 1553 1160 Scilicet,
1568 1124 1676 1166 χώραν,
1689 1122 1722 1152 id
1739 1127 1797 1158 est,

1085 1165 1263 1196 Μακεδονίαν.

1128 1209 1165 1239 Ρ.
1190 1212 1242 1240 22.
1269 1212 1299 1239 1.
1323 1209 1554 1250 προκαθεδεῖται]
1578 1211 1729 1240 Futurum
1749 1219 1797 1239 se—

1084 1253 1217 1282 cundum
1233 1252 1382 1288 medium,
1399 1265 1416 1284 a
1436 1252 1679 1312 προσκαθὲζομαι,
1706 1253 1739 1282 in
1753 1262 1798 1282 res

1081 1305 1136 1335 ger
1137 1296 1225 1326 endas
1237 1296 1396 1326 incumbet.

1127 1356 1171 1362 —
1186 1341 1216 1369 2.
1239 1340 1301 1373 τοῖς
1322 1340 1497 1381 πράγμασι]
1520 1352 1556 1370 τη
1579 1337 1722 1379 πολιορκία
1747 1337 1796 1367 και

1084 1379 1128 1420 τῷ
1146 1382 1279 1422 πολέμῳ,
1296 1383 1390 1413 ducet
1405 1383 1530 1414 bellum.
1575 1382 1624 1412 De
1645 1382 1693 1411 his
1716 1382 1797 1411 enim

1084 1414 1178 1455 rebus
1194 1425 1340 1464 loquitur.

1127 1468 1322 1498 —ibidnrsv
1337 1466 1606 1507 πολιορκουμένωνΓ
1607 1470 1798 1507 Εμφατικῶς.

1088 1508 1258 1538 obsidionis
1274 1519 1359 1539 mora
1377 1510 1591 1541 intolerabilis.
1635 1511 1728 1549 Troja
1743 1512 1798 1542 de—

1088 1552 1180 1588 cimo,
1198 1553 1364 1583 Numantia
1379 1552 1471 1583 tertio
1493 1555 1614 1583 demum
1631 1558 1662 1584 et
1676 1554 1798 1584 decimo

1087 1606 1177 1631 anno,
1190 1601 1367 1636 expugnata
1377 1600 1433 1626 est.
1478 1597 1541 1627 Sed
1558 1607 1626 1627 rara
1641 1598 1705 1627 haec
1726 1603 1799 1628 sun-t

1087 1639 1242 1679 exempla,
1265 1645 1370 1670 nostro
1397 1641 1568 1679 praesertirn
1594 1641 1713 1677 seculo,
1739 1652 1799 1680 quo

1086 1683 1198 1713 moenia
1213 1683 1311 1722 magis
1331 1684 1370 1712 ad
1387 1685 1635 1717 ostentationem,
1652 1694 1740 1723 quam
1757 1685 1797 1714 ad

1087 1726 1294 1756 defensionem
1318 1732 1493 1767 comparata
1513 1737 1584 1757 esse
1603 1727 1704 1758 videri
1727 1738 1798 1767 pos-

1086 1773 1167 1799 sunt.

1130 1830 1171 1836 ——
1183 1815 1214 1844 3.
1231 1813 1275 1843 δεῖ
1287 1812 1334 1853 δὴ]
1351 1813 1529 1844 Conclusio.

1130 1872 1171 1878 —
1188 1856 1264 1886 ibid.
1289 1859 1396 1887 πολλὴν
1411 1856 1458 1886 καὶ
1478 1856 1560 1898 διχῆ]
1586 1856 1746 1899 ΒίῙαν-ἰαπι,
1764 1857 1799 1888 id

1087 1903 1145 1935 est,
1162 1899 1273 1935 διπλῆν,
1290 1901 1341 1930 vel
1352 1900 1459 1936 διττὴν,
1473 1902 1591 1941 gemina
1605 1909 1661 1931 esse
1675 1901 1802 1932 auxilia.

1130 1960 1175 1965 —
1189 1945 1220 1973 4.
1241 1942 1289 1972 καὶ
1309 1943 1371 1984 περὶ
1389 1942 1461 1984 μὲν]
1486 1944 1647 1975 Hactenus
1667 1948 1799 1975 tractata

1088 1990 1136 2016 est
1153 1986 1307 2023 voluntas,
1323 1998 1379 2017 cur
1393 1987 1596 2018 Athenienses
1612 1991 1736 2018 strenue
1747 1989 1799 2028 ju·

1087 2039 1160 2059 vare
1183 2030 1316 2060 debeant
1336 2030 1515 2070 Olynthios:
1538 2041 1618 2061 nunc
1635 2030 1742 2062 transit
1761 2032 1800 2062 ad

1087 2073 1212 2103 alteram
1229 2078 1361 2113 partem,
1376 2074 1562 2104 facultatem.
1580 2089 1582 2091 ·

1131 2133 1176 2140 ———-
1195 2117 1226 2147 5.
1248 2117 1310 2158 περὶ
1333 2117 1362 2148 δὲ
1381 2118 1542 2158 χρημάτων
1558 2116 1655 2158 πόρου]
1680 2117 1727 2147 De
1746 2128 1798 2158 pe-

1088 2161 1182 2190 cuniae
1197 2164 1296 2190 autem
1311 2168 1482 2191 commeatu.
1511 2161 1564 2191 Sic
1581 2161 1671 2190 etiam
1686 2161 1798 2191 Cicero

1086 2213 1170 2242 saepe
1185 2203 1330 2243 loquitur,
1345 2205 1377 2234 id
1393 2209 1452 2240 est,
1468 2204 1551 2243 quod
1566 2203 1675 2234 attinet
1689 2204 1725 2234 ad
1741 2215 1798 2245 pa-

1087 2247 1190 2277 randae
1206 2247 1346 2285 pecuniae
1360 2247 1519 2277 rationem.

1130 2307 1175 2312 -—
1190 2290 1265 2320 ibid.
1282 2288 1360 2319 ἓο-τῖν
1375 2289 1397 2320 03
1412 2290 1516 2332 ἄνδρες]
1541 2291 1617 2320 Cum
1636 2300 1796 2322 assevera-

1088 2332 1172 2362 tione
1185 2338 1215 2363 et
1225 2333 1460 2373 amplificatione
1470 2334 1626 2374 proponit,
1636 2334 1717 2364 Satis
1727 2344 1798 2365 esse

1086 2376 1237 2416 pecuniae.

1129 2419 1260 2450 ——ibid.
1277 2418 1356 2450 ἔστιν
1369 2419 1535 2462 -ἔστινΓ
1536 2421 1693 2462 Εμφατικῆ
1708 2431 1799 2462 repe-

1086 2462 1166 2493 titio.

1131 2507 1215 2536 ·-·--6.
1227 2505 1307 2536 οὖδενι
1319 2507 1375 2537 τὼν
1388 2506 1500 2548 ἄλλων]
1513 2506 1684 2548 Ὑπερβολη.
1726 2506 1798 2536 Non

1087 2550 1158 2589 plus
1172 2556 1269 2589 'quam
1287 2550 1448 2590 Philippo,
1463 2556 1523 2580 non
1539 2551 1610 2591 plus
1625 2557 1714 2590 quam
1729 2550 1797 2589 regi

1089 2594 1265 2623 Persarum.
1309 2594 1369 2624 Sed
1381 2593 1522 2633 respexit
1533 2594 1570 2624 ad
1583 2595 1711 2624 Graeoos
1722 2603 1798 2632 quo-

1088 2647 1155 2667 rum
1172 2647 1249 2676 opes
1263 2637 1386 2667 fuerunt
1401 2641 1518 2667 tenues.

1130 2697 1173 2703 —-
1188 2682 1220 2709 7.
1235 2677 1322 2715 οὕτως
1333 2681 1368 2715 ὡς
1386 2678 1540 2720 Cadmo-32]
1561 2678 1797 2713 ’Ύποο-ιώωησις.

1088 2723 1198 2753 Noluit
1219 2724 1297 2753 enim
1321 2724 1436 2761 dicere,
1457 2720 1484 2752 ἐν
1508 2722 1576 2756 ταῖς
1598 2719 1720 2762 θεωρίαις
1747 2721 1797 2751 καὶ

1089 2778 1158 2801 ταις
1168 2766 1288 2806 ἑορταῖς.

1132 2810 1261 2840 ——ibid.
1277 2808 1300 2839 εἶ
1298 2807 1368 2861 Ημέν
1378 2806 1435 2849 ουν]
1450 2806 1638 2838 ’Υποθετικόν
1650 2805 1774 2839 δίκωλον.

1131 2870 1175 2876 -
1196 2855 1227 2883 8.
1257 2851 1343 2882 ταῦτ’
1368 2851 1552 2892 ἆωοδωσετε]
1595 2852 1636 2881 τοὶ
1663 2850 1797 2892 θεωρικὰ,

1088 2897 1192 2935 ὥσπερ
1205 2906 1288 2937 χρεος
1301 2893 1484 2934 ὀφειλόμενον.

1130 2955 1174 2963 -——
1188 2939 1265 2969 ibid.
1280 2937 1458 2978 ἀποδώσετε]
1483 2936 1620 2967 Pecunia
1639 2937 1798 2996 reddenda

1089 2987 1147 3020 est,
1163 2993 1235 3021 ergo
1245 2992 1303 3011 non
1318 2986 1365 3011 est
1380 2986 1494 3012 vestro.

1131 3044 1173 3049 —-
1187 3027 1216 3056 9.
1234 3022 1331 3060 οὗδενδς
1343 3042 1384 3048 ——-
1400 3023 1532 3066 προσ-δεῖ]
1554 3024 1600 3055 Id
1612 3028 1672 3061 est,
1676 3023 1725 3053 δεῖ
1731 3021 1797 3062 πρός
