1964 3323
348 206 349 209 '
378 210 456 251 176

367 318 470 354 detur,
486 321 538 348 ant
554 315 741 359 ›tamnen-nep.

411 379 453 384 —
467 363 499 391 4.
520 363 577 390 τῶν
598 360 630 390 ἐκ.
651 361 701 392 τοῦ
723 359 806 400 νόμου
828 360 976 401 ῥημάτων]
1002 360 1081 390 idem

367 408 416 433 est
437 414 472 434 ac
495 404 521 434 si
541 404 690 435 dixisset.
721 402 753 433 ἐκ
772 406 827 434 τῶν
853 404 903 433 τοῦ
929 402 1012 443 νόμου
1037 415 1082 443 ρη-

364 447 481 485 μάτων.

409 492 431 520 '7
434 493 485 522 61.
501 494 531 522 1.
555 489 756 531 μνημονεύετε]
782 488 904 519 correxi
927 488 1081 528 μνημονεύ-

366 543 447 565 σετε.
462 544 529 565 nam
543 534 731 564 indicativus
746 533 836 572 plane
853 532 912 562 buc
934 543 992 562 non
1008 543 1080 572 qua-

365 577 446 608 drat.
470 582 500 608 et
522 577 724 617 imperativus
744 577 823 606 foret
846 586 967 615 quoque
990 575 1080 615 paulo

365 619 473 651 durior
486 621 516 650 in
537 621 593 650 hac
610 619 851 654 constructione,
869 619 991 649 tametsi
1013 630 1080 649 sen-

365 664 461 694 tentia
477 674 546 694 eum
566 664 657 694 facile
677 664 779 693 ferret.
826 663 879 692 Nil
897 663 1081 698 offenderer,

365 706 393 736 si
411 707 506 736 verba
523 707 567 736 sic
590 711 694 737 essent
719 710 858 737 structa:
884 707 1034 746 κεφάλαιον
1058 704 1081 735 δ’

363 802 428 822 cam
439 804 449 829 ;
473 803 559 833 qnam
574 794 713 823 memoria
727 797 831 822 tenete.

406 853 450 858 —
471 839 501 866 5.
533 836 634 877 ποιεῖν]
659 836 762 866 malim
786 836 907 871 abesse,
931 839 982 865 aut
1011 847 1078 866 cum

363 878 493 909 ὁποιονοῦν
513 880 633 909 mutari.
652 889 714 919 quae
729 879 836 919 finem,
850 879 1080 919 qualemcunque

363 923 493 957 tandem,
512 923 615 952 sortita
637 928 717 952 sunt.
740 927 793 952 aut.
813 932 881 951 cum
904 920 918 950 ὃ
941 924 1023 952 ποιει.
1047 923 1080 952 id

362 966 440 1004 quod
455 964 582 1005 profecto
595 964 691 1006 jacit.
710 969 762 996 aut
783 965 808 994 si
831 963 965 1016 πρότερον
980 975 1080 996 serva.-

363 1007 495 1047 tur,leg.
508 1007 585 1037 erIt:
601 1008 647 1037 καὶ
665 1008 798 1049 ωρὸτερον
808 1007 891 1042 τέλος
904 1006 1080 1049 ἐσχηκότων,

362 1049 377 1080 ἦ
394 1061 428 1080 σε
444 1051 528 1081 τοῦτο
544 1060 638 1081 ποιειν.
648 1056 674 1081 et
683 1062 745 1091 qua>
758 1051 842 1089 prius
854 1052 964 1079 exitum
977 1053 1081 1082 sortita

361 1099 442 1128 sunt,
459 1104 545 1133 quam
565 1099 601 1123 tn.
619 1094 671 1124 hoc
685 1093 815 1135 faceres.
831 1098 865 1122 ut
885 1093 952 1122 scil.
975 1094 1014 1123 de
1032 1095 1079 1124 his

363 1136 432 1174 lege
448 1136 666 1166 constitueres.

404 1196 448 1200 —
465 1182 516 1209 14.
533 1178 586 1208 οὐδ’
597 1178 689 1218 ὀλίγου
701 1179 752 1215 δεῖ,
766 1179 876 1220 τουτον]
891 1178 1011 1208 correxi
1026 1179 1080 1209 ουδ’

361 1219 455 1259 ὀλίγου
478 1221 507 1252 δὲ
530 1223 636 1252 τοῦτον.
659 1232 717 1252 non
738 1224 835 1262 gratis
854 1222 927 1262 (qui
948 1223 1026 1251 enim
1047 1223 1080 1252 id

351 1265 469 1305 fiat-⁹),
493 1276 582 1305 neque
605 1276 657 1305 pro
680 1265 731 1295 vili
746 1266 874 1295 mercede
897 1265 985 1305 legem
1004 1265 1081 1296 hauc

362 1308 469 1338 tulisti.
493 1307 585 1345 ὀλίγου
608 1310 688 1339 idem
714 1313 760 1338 est
781 1313 870 1347 atque
896 1308 961 1338 ἀντὶ
987 1307 1080 1347 ὀλίγου

362 1351 474 1390 μισθοῦ
490 1352 538 1381 vel
555 1350 691 1393 ἀργυρίου.

405 1412 448 1417 —-
463 1398 515 1426 20.
535 1397 576 1424 τὰ
591 1395 710 1435 τούτων]
731 1395 875 1435 χρήματα
892 1400 974 1435 puta.
992 1404 1080 1434 opes,

363 1449 432 1477 quae
464 1439 570 1467 luorum
594 1442 676 1474 sunt,
697 1439 837 1477 judicum
865 1443 951 1477 puta,
978 1448 1079 1467 coram

363 1481 474 1521 quibus
499 1482 565 1510 baec
586 1492 679 1511 causa
702 1482 815 1521 agitur,
841 1491 958 1520 unaque
985 1481 1080 1511 totius

363 1524 482 1563 populi,
498 1535 624 1563 quorum
649 1535 808 1564 personam
823 1525 943 1562 judices
960 1524 991 1554 in
1013 1525 1080 1554 He-

362 1568 461 1597 liaeam
477 1567 634 1606 congressi
650 1568 918 1606 repraesentabant.
959 1568 1081 1597 Andro-

362 1611 427 1640 tion
443 1611 523 1640 enim
539 1621 608 1641 cum
633 1611 728 1641 sociis
745 1609 908 1673 peculatus
923 1621 994 1640 rcus
1010 1621 1082 1650 age-

364 1654 464 1683 batur.

406 1699 509 1727 —21.
526 1696 683 1736 πολλοστῷ
695 1696 796 1738 χρόνῳ]
810 1697 987 1736 longissimo
1002 1701 1078 1726 tem-

364 1750 439 1778 pore
456 1745 534 1780 post,
547 1750 636 1779 quam
647 1747 807 1778 coeperunt
820 1741 944 1776 debere,
955 1745 985 1770 et
1000 1740 1079 1769 mul-

360 1788 421 1813 clae
444 1783 635 1812 condemnati
659 1789 737 1813 sunt.
764 1783 925 1818 πολλοστὸς
948 1784 997 1813 bic
1020 1794 1078 1812 non

363 1827 482 1862 minuit,
504 1827 559 1856 sed
580 1832 682 1866 auget.
707 1832 845 1866 tempore
861 1826 964 1857 multis
981 1827 1079 1857 modis

361 1871 489 1908 majore,
514 1880 602 1909 quam
626 1869 657 1899 id
685 1876 742 1906 est,
765 1881 826 1910 quo
847 1881 900 1900 eos
917 1871 1079 1910 oportebat

362 1913 522 1953 pecuniam
536 1914 722 1953 dependere,
740 1919 771 1943 ut
787 1914 814 1943 si
832 1914 912 1943 intra
930 1914 1078 1943 duodeci-

362 1966 443 1986 mum
467 1966 600 1986 mensem
618 1957 668 1996 qui
685 1957 875 1991 debuissent,
890 1957 913 1987 ii
931 1957 982 1987 vix
1001 1957 1077 1987 duo-

362 1999 482 2029 decimo
513 2010 589 2030 anno
617 2004 690 2039 post
714 2002 932 2040 dependerent.
958 2000 1022 2032 vid.
1046 2011 1078 2040 p.

363 2044 458 2073 1304.
477 2045 507 2075 9.

405 2104 448 2108 —
463 2088 516 2117 26.
543 2087 599 2117 τῶν
624 2086 718 2117 ἄλλων
745 2087 869 2127 διάφορος
891 2086 940 2128 ὢν]
968 2087 1077 2118 melius

362 2129 488 2168 quidem
510 2129 606 2159 editio
624 2129 735 2160 Wolfii
756 2131 809 2160 dat
834 2129 979 2171 διαφόρως,
995 2132 1076 2170 quod

361 2173 443 2202 idem
475 2171 566 2202 etiam
596 2183 700 2212 margo
732 2174 835 2203 Lutet.
863 2174 965 2204 voluit
994 2174 1078 2204 dare.

361 2215 521 2255 possitque
550 2215 582 2245 id
613 2226 669 2254 pro
699 2215 880 2256 διαφεςόντως
905 2216 1019 2256 accipi.
1047 2222 1078 2247 et

358 2260 474 2298 μᾶλλον
484 2269 541 2298 pro
552 2259 741 2295 vehementer,
754 2261 892 2299 majorem
904 2262 937 2289 in
947 2261 1077 2290 modum.

361 2302 443 2332 baud
458 2302 659 2332 dissimulabo
675 2307 774 2331 tamen
791 2302 865 2332 mihi
883 2302 990 2338 videri,
1006 2304 1077 2333 sub-

359 2345 423 2374 lato
453 2346 604 2375 vocabulo
634 2344 769 2386 διάφορος,
792 2356 847 2375 seu
873 2345 1017 2386 διαφόρως,
1044 2351 1078 2376 ut

359 2392 444 2424 nato,
461 2398 513 2418 seu
529 2399 544 2417 e
562 2388 690 2424 scholio,
712 2398 768 2418 seu
791 2399 807 2418 e
828 2389 911 2418 varia
932 2389 1078 2426 lectione,

359 2430 421 2470 leg.
432 2442 516 2461 esse:
527 2433 582 2461 τῶν
592 2431 686 2461 ἄλλων
697 2430 864 2471 ὣντμὲίλλον,
874 2431 958 2466 ἐλεεῖς
967 2432 1077 2467 αὐτούς.

359 2479 394 2503 ut
416 2474 500 2514 πρᾷος
524 2475 570 2504 καὶ
588 2474 786 2515 φιλάνθρωπος
800 2486 869 2505 cum
889 2477 1004 2514 μᾶλλον
1019 2476 1078 2506 sint

356 2518 524 2555 jungenda,
535 2518 677 2557 idemque
690 2519 729 2548 sit
740 2529 775 2548 ac
789 2519 814 2548 si
827 2518 977 2549 dixisset:
995 2521 1077 2558 μᾶλ-

359 2565 406 2589 λον
421 2560 507 2600 πρᾷος
521 2561 567 2589 καὶ
583 2564 700 2600 μᾶλλον
717 2561 916 2602 φιλάνθρωπος
931 2562 976 2598 ὢν,
992 2562 1079 2597 ἐλεεῖς

360 2603 471 2636 αὐτούς.
519 2604 647 2633 Interim
660 2605 764 2634 dedis
766 2604 895 2645 ιαφόρως.

402 2663 445 2668 --
459 2646 515 2676 ult.
529 2648 644 2677 τουτωνὶ
660 2647 689 2678 δὲ
704 2648 846 2678 τοσούτων
859 2646 954 2690 οντων]
970 2649 1076 2679 horum

354 2689 506 2728 judicum,
527 2695 557 2719 et
573 2695 663 2720 tantae
682 2692 834 2729 judicium
850 2692 1078 2723 circumstantis

359 2732 577 2769 multitudinis,
602 2738 633 2763 et
655 2734 842 2773 reliquorum
869 2735 997 2772 civium,
1023 2736 1076 2775 qui

360 2775 443 2805 domi
456 2780 643 2806 manserunt.

403 2820 480 2849 762.
497 2822 525 2849 4.
551 2819 576 2849 εἴ
593 2831 637 2853 τις
654 2818 773 2860 ἒχξῆτο]
795 2820 917 2850 videtur
933 2820 1002 2862 μόνῃ
1023 2822 1074 2852 de-

361 2873 439 2892 esse.
457 2863 540 2902 quod
555 2863 678 2893 tametsi
694 2864 774 2893 inest
788 2863 819 2893 in
835 2874 961 2894 numero
972 2865 1076 2904 singu-

358 2905 427 2940 lari,
444 2906 553 2935 fortius
569 2911 669 2936 tamen
688 2910 736 2936 est
755 2907 904 2936 additum.
921 2908 1073 2943 ancillam,

749 209 786 250 I.
810 208 844 251 Ι.
866 208 1090 251 REISKE
1129 208 1459 252 ANNOTATA

1115 327 1169 355 pro
1182 318 1307 357 pignore
1321 318 1473 348 abducere.

1162 377 1202 382 ——-
1218 362 1248 390 6.
1267 361 1473 402 σχετλιώτερον
1488 358 1641 402 ἐπάσχεθ’
1656 359 1753 400 ὑμεῖς]
1771 359 1833 399 pri-

1116 413 1198 433 mum
1223 403 1349 434 offendit
1371 404 1401 434 in
1428 406 1485 434 hac
1507 404 1641 436 dictione
1667 403 1832 443 singularis

1117 456 1170 486 pro
1184 446 1307 485 plurali,
1328 447 1382 487 qui
1403 455 1547 478 numerus
1567 447 1675 477 melius
1691 447 1741 481 hic
1760 457 1832 477 con-

1118 489 1244 520 veniret.
1269 500 1358 529 quem
1380 491 1472 520 etiam
1497 489 1604 521 suffeci
1625 500 1642 520 e
1667 489 1834 520 Bavaricn.

1115 533 1227 562 deinde
1243 533 1363 563 subitus
1376 533 1430 564 ille
1447 534 1627 564 transsultus
1643 543 1660 563 a
1671 532 1832 572 judicibus

1116 581 1147 606 et
1165 577 1257 615 plebe
1277 577 1426 616 judicium
1443 577 1658 607 circumstante
1673 576 1711 606 ad
1727 576 1832 606 'rimo-

1115 626 1240 651 cratem.
1258 630 1351 659 quare
1364 620 1468 650 malim
1484 621 1530 650 sic
1550 620 1633 660 legi:
1657 619 1757 658 πολλῷ
1778 622 1833 659 γᾶς

1115 662 1208 693 δήπου
1237 665 1338 694 ταῦτα
1368 664 1581 705 σχετλιώτερα,
1609 660 1645 693 ὧν
1674 661 1834 704 ἐπάσχεθ’

1115 705 1206 744 ὑμεῖς.
1229 717 1296 736 nam
1325 708 1420 737 multo
1442 708 1506 738 haec
1533 710 1603 736 sunt
1626 706 1782 735 acerbiora
1803 710 1834 736 et

1114 749 1346 786 miserabiliora,
1373 761 1462 790 quam
1483 760 1520 780 ea
1537 754 1619 784 sunt,
1642 759 1709 789 quae
1732 748 1831 783 vobis,

1114 792 1181 828 tibi,
1195 793 1380 829 Timocrate,
1399 794 1522 834 tuisque
1533 792 1640 823 amicis
1653 797 1831 822 evenerunt.

1114 835 1194 865 Haec
1211 837 1294 873 olim,
1312 846 1476 876 quaenunc
1492 837 1555 876 ipsi
1569 835 1643 865 mihi
1662 835 1831 873 displicere

1114 879 1277 919 incipiunt,
1291 881 1444 921 reputanti
1464 880 1591 910 mirifice
1606 879 1708 909 varios
1723 889 1832 918 repen-

1113 921 1256 961 tinosque
1274 923 1403 954 oratoris
1421 934 1439 953 a
1457 923 1596 963 personis
1613 922 1680 952 aliis
1699 922 1737 951 ad
1756 922 1830 951 alias

1113 966 1271 996 transitus.

1156 1026 1199 1031 -
1222 1011 1252 1039 8.
1284 1007 1338 1039 οὐδ’
1364 1010 1452 1040 ὁτιοῦν
1481 1007 1651 1050 εἰσφέροντες
1678 1006 1831 1047 παύονται]

1114 1052 1182 1083 scil.
1197 1051 1377 1094 εἰσφέροντες,
1390 1053 1438 1083 vel
1451 1054 1502 1082 ’τοῦ
1517 1051 1658 1092 sio-<pigna
1671 1056 1831 1090 quantum-

1114 1096 1162 1125 vis
1184 1096 1276 1125 etiam
1299 1097 1501 1132 contribuam,
1525 1100 1622 1125 tamen
1647 1095 1735 1124 tinem
1758 1103 1833 1123 con-

1113 1139 1230 1168 serendi
1245 1140 1360 1169 faciunt
1372 1140 1508 1177 nullum3
1532 1149 1586 1169 seu
1603 1138 1654 1177 qui
1670 1137 1830 1177 perpetuis

1114 1182 1390 1213 contributionibus
1407 1181 1632 1212 exinaniuntur.

1156 1239 1198 1246 —-
1222 1227 1274 1255 13.
1302 1225 1399 1265 ὄντων]
1430 1226 1535 1254 nescio
1564 1234 1601 1254 an
1631 1223 1783 1253 redundet
1813 1233 1829 1252 e

1114 1266 1252 1296 clausula
1262 1268 1395 1305 proximi
1412 1267 1553 1297 vocabuli
1569 1266 1647 1296 male
1662 1267 1817 1296 iteratum.

1156 1326 1200 1331 -—
1216 1310 1267 1340 15.
1291 1310 1394 1349 προῖκα
1416 1311 1470 1350 γάρ
1485 1310 1543 1350 ——]
1568 1310 1677 1339 acerba
1701 1309 1765 1338 haec
1783 1313 1832 1338 est

1114 1352 1222 1388 ironia,
1240 1362 1301 1391 qna
1315 1353 1519 1383 Timocratem
1535 1353 1626 1388 ridet,
1640 1352 1783 1381 desinens
1799 1352 1830 1382 in

1115 1406 1143 1425 v.
1160 1395 1316 1426 λανθάνειν.

1156 1455 1200 1462 —-
1214 1442 1265 1470 17.
1279 1437 1321 1479 ὃν]
1344 1438 1464 1468 correxi
1478 1437 1502 1468 δ’.
1517 1438 1548 1477 id
1562 1437 1636 1478 quod
1653 1447 1690 1467 ne
1706 1447 1753 1467 vos
1766 1438 1833 1477 qui-

1114 1481 1178 1511 dem
1198 1480 1305 1523 fugere
1319 1482 1460 1517 arbitror,
1477 1480 1543 1511 scil.
1565 1481 1768 1510 Timocratem
1787 1481 1832 1511 le·

1115 1535 1169 1564 ges
1187 1525 1264 1555 duas
1279 1525 1389 1555 tulisse
1405 1525 1485 1555 inter
1500 1534 1532 1554 se
1544 1529 1727 1564 pugnantes.

1157 1585 1201 1590 -—
1217 1579 1290 1608 pen.
1321 1569 1406 1598 τοῦτο
1435 1566 1468 1597 τὸ
1496 1567 1601 1608 κέρδος]
1631 1566 1744 1602 malim,
1771 1567 1831 1597 nisi

1113 1611 1203 1650 plura
1224 1611 1335 1647 desint,
1361 1612 1481 1642 τοιοῦτον
1503 1610 1605 1651 κέρδος.
1627 1611 1679 1651 qui
1704 1610 1831 1650 dignum

1111 1664 1167 1684 sua
1182 1664 1304 1694 persona
1323 1660 1418 1685 censet
1437 1655 1551 1685 lucrari
1570 1653 1733 1692 ejusmodi,
1755 1654 1784 1683 h.
1801 1665 1829 1684 e.

1112 1703 1173 1727 tam
1189 1697 1299 1740 infame
1317 1698 1444 1733 lucrum,
1468 1703 1577 1736 tempus
1597 1703 1673 1735 puta
1691 1697 1770 1726 illud
1788 1702 1831 1727 to-

1112 1746 1188 1776 tum,
1206 1752 1260 1781 quo
1271 1745 1354 1780 pater
1368 1741 1467 1771 adhuc
1482 1741 1535 1770 sibi
1549 1741 1582 1770 in
1597 1741 1669 1770 vivis
1682 1745 1819 1779 superest.

1154 1802 1197 1807 --
1211 1784 1288 1814 ibid.
1303 1783 1386 1824 τίνος]
1400 1785 1468 1815 scil.
1484 1783 1698 1824 πονηρεύματος.

1154 1829 1175 1857 ’7
1178 1829 1230 1857 63.
1240 1830 1271 1857 7.
1289 1829 1368 1858 κατὰ
1383 1829 1468 1858 τοῦτο
1479 1826 1570 1867 ἄξιος]
1588 1827 1689 1856 malim
1702 1827 1779 1856 κατά
1794 1836 1827 1864 γε

1111 1871 1196 1901 ’τοῦτο
1210 1870 1257 1900 καὶ
1271 1870 1350 1910 μόνον
1364 1870 1450 1910 ἄξιος.

1153 1932 1198 1937 —
1214 1916 1243 1945 9.
1267 1916 1316 1945 τὴν
1338 1913 1432 1955 πόλιν]
1455 1915 1486 1944 h.
1503 1925 1531 1944 e.
1556 1922 1702 1943 summam
1726 1922 1827 1943 rerum

1111 1958 1192 1997 apud
1209 1958 1388 1997 Corcyraeos
1402 1961 1595 1999 potestatem.

1154 2018 1197 2024 --
1213 2003 1265 2031 1⁰2.
1282 2000 1376 2042 ἐστὶν]
1395 2011 1483 2031 soror
1491 2000 1675 2031 Timocratis
1691 2003 1777 2038 puta.

1154 2062 1197 2067 —-
1214 2046 1267 2075 15.
1283 2043 1426 2075 κολακεύει
1440 2043 1484 2085 δὲ]
1501 2047 1571 2084 post
1581 2043 1722 2073 κολακεύει
1738 2041 1765 2072 δὲ
1783 2042 1829 2072 vi-

1112 2087 1202 2118 detur
1218 2086 1392 2129 Ἀνδροτίωνοι
1407 2088 1456 2119 vel
1477 2087 1538 2118 tale
1556 2087 1636 2126 quod
1653 2096 1761 2116 nomen
1775 2086 1828 2116 de-

1112 2141 1193 2161 esse.

1153 2192 1197 2197 -
1213 2176 1265 2205 24.
1294 2177 1401 2215 πρῶτον
1426 2172 1482 2213 μὲν
1509 2173 1545 2206 ὣς
1568 2171 1698 2212 ἀληθῶς]
1725 2171 1826 2201 malim

1111 2221 1218 2258 πρῶτον
1231 2215 1294 2267 μὲν,
1300 2216 1380 2256 μόνον
1394 2217 1430 2251 ὡς
1443 2215 1562 2250 ἀληθῶς.
1579 2225 1646 2245 nam
1659 2215 1690 2244 in
1701 2214 1754 2244 illo
1770 2214 1826 2254 μό-

1110 2271 1150 2291 νον
1176 2265 1242 2291 tota
1263 2261 1313 2290 vis
1343 2259 1612 2300 argumentationis
1644 2257 1825 2292 continetur,

1110 2303 1189 2334 illud
1204 2305 1240 2337 ὡς
1251 2301 1361 2337 ἀληθῶς
1375 2304 1467 2339 labat,
1483 2307 1515 2333 et
1529 2301 1690 2332 redundat.
1724 2300 1827 2333 Solum

1110 2346 1210 2381 illum,
1226 2348 1251 2376 si
1266 2356 1368 2377 verum
1384 2347 1528 2381 volumus,
1544 2347 1659 2385 injuria
1673 2342 1776 2385 afficit,
1794 2346 1827 2374 in

1110 2399 1194 2429 quem
1206 2388 1291 2430 jbrte
1302 2389 1435 2430 Jbrtwna
1448 2389 1564 2421 incidit.
1583 2388 1714 2428 opponit
1726 2393 1827 2418 orator

1111 2433 1172 2462 duo
1196 2432 1321 2462 diversa
1349 2443 1462 2472 genera
1483 2433 1663 2472 patientium
1686 2431 1825 2471 injurias,

1110 2475 1251 2515 privatos
1266 2477 1415 2514 quosdam
1433 2479 1464 2505 et
1477 2475 1600 2515 publice
1617 2485 1732 2504 onmes.
1767 2475 1826 2504 La-

1110 2523 1158 2549 tro
1181 2524 1213 2549 et
1238 2519 1468 2549 manticularius
1491 2517 1621 2559 singulos
1641 2518 1746 2555 laedit3
1777 2518 1825 2547 lex

1110 2562 1259 2601 improba,
1276 2572 1381 2592 omnes.
1397 2562 1450 2592 ille
1462 2562 1614 2601 privatum
1628 2561 1707 2590 hunc
1723 2561 1771 2590 vel
1788 2561 1826 2589 il-

1113 2605 1184 2641 lum,
1205 2605 1236 2635 in
1259 2616 1348 2644 quem
1369 2605 1448 2635 mala
1463 2606 1525 2634 fors
1545 2614 1617 2635 eum*
1632 2603 1744 2638 desert,
1761 2604 1825 2633 haec

1111 2652 1206 2678 totam
1221 2649 1388 2678 civitatem.
1424 2648 1508 2678 Voce
1524 2646 1603 2686 μόνον
1613 2646 1640 2676 si
1651 2646 1701 2676 hic
1718 2656 1824 2676 carere

1110 2701 1288 2732 possumus,
1304 2691 1476 2731 poterimus
1496 2691 1570 2720 item
1587 2701 1617 2720 v.
1639 2692 1692 2720 ⁰27.
1713 2700 1749 2719 ea
1772 2701 1824 2719 ca-

1110 2746 1190 2766 rere.
1214 2735 1332 2765 inutilis
1349 2745 1385 2765 ea
1400 2735 1427 2764 si
1443 2734 1491 2764 hic
1511 2737 1570 2769 est,
1587 2732 1646 2763 erit
1661 2732 1752 2762 etiam
1769 2733 1822 2763 ibi.

1109 2779 1171 2809 Sed
1188 2779 1213 2808 si
1229 2778 1272 2808 ibi
1287 2782 1389 2808 orator
1403 2787 1468 2807 eam
1482 2776 1682 2806 necessariam
1702 2775 1824 2815 judica-

1109 2822 1164 2857 vit,
1191 2822 1313 2852 videtur
1335 2831 1394 2850 non
1418 2820 1636 2850 commissurus
1656 2818 1762 2854 fuisse,
1789 2827 1823 2849 ut

1108 2865 1159 2895 hic
1175 2864 1414 2895 desideraretur.

1151 2910 1225 2939 764.
1239 2911 1292 2937 11.
1308 2909 1414 2947 πςῶτον
1428 2905 1573 2941 ἁπάντων,
1587 2904 1691 2936 ἐ’λυσ-αν
1706 2906 1770 2938 τοὺς
1785 2903 1824 2934 νό-

358 2949 383 2978 εἱ
398 2950 460 2988 quis
466 2947 604 2990 forsitan
618 2950 707 2980 unica
722 2955 857 2980 uteretur
873 2950 949 2990 (vel,
968 2961 1072 2989 quam·
1105 2963 1179 2990 μους
1197 2949 1323 2991 πξὸτεςον
1337 2949 1414 2990 νόμῳ
1429 2967 1472 2973 —-
1487 2949 1595 2980 ταύτην
1610 2948 1764 2990 ὑπέχοντες
1776 2950 1826 2979 τὴν

360 2992 408 3021 vis
424 3002 482 3021 non
501 2993 529 3023 ei
549 2997 633 3023 esset
648 2993 717 3028 alia,
735 2997 845 3032 praeter
868 2993 949 3023 illam
969 3004 1069 3029 unam,
1105 2994 1193 3036 δίκην]
1208 2994 1330 3024 correxi
1344 2993 1448 3023 ἔλυσαν
1459 2993 1568 3033 εἱρκτῆς
1581 2991 1678 3032 [quod
1691 2991 1825 3021 vocabu-

358 3045 417 3073 qua
437 3045 541 3066 carere
559 3047 617 3068 non
641 3035 775 3079 posset),
800 3040 900 3067 tamen
920 3037 968 3067 vel
987 3037 1069 3067 illam.
1106 3038 1168 3067 lum
1185 3038 1224 3069 de
1240 3047 1308 3068 meo
1322 3036 1444 3077 addidi]
1468 3036 1533 3070 τοὺς
1547 3035 1676 3076 πρότερον
1694 3034 1768 3074 νόμῳ
1781 3050 1823 3057 —-
