1931 3322
358 197 442 237 AD
475 195 839 237 ORATIONEM
875 192 938 233 IN
971 192 1402 241 TIMOCRATEM.

189 316 231 322 —
246 299 302 329 ult.
322 299 432 330 ἰδιώτην
451 298 534 329 αὐτὸν
556 298 622 330 ὄντα
646 299 727 330 τοῦτ’
752 299 860 341 ἔλαθε]

146 343 326 373 vocabulum
354 342 523 373 secundum
546 349 577 372 et
604 348 746 382 quartum
773 345 860 374 uncis

144 385 266 415 inclusi.
292 386 376 415 τοῦτο
398 385 478 416 redit
507 396 555 422 eo,
582 387 650 416 scii.
677 387 720 418 ἔτι
743 389 756 418 o‘
779 387 860 427 νόμος

141 427 229 458 αὐτοῦ
242 427 357 462 ἐναντίος
371 427 436 458 ἐστὶ
453 429 528 459 ποῖα-ι
543 431 604 464 τοῖς
617 430 727 464 ἄλλοις.

183 473 258 502 722.
272 473 311 501 Δ2.
331 471 379 501 καὶ
399 473 513 513 γράφων
532 473 582 502 καὶ
607 473 704 513 νόμους
726 472 857 516 εἰσφέρων

138 511 252 554 ἔπται]
268 514 413 545 videntur
423 516 517 546 verba
527 518 753 556 transponenda
768 529 835 548 esse
848 529 855 547 :

137 556 186 586 καὶ
205 557 315 597 γράφων
338 557 447 598 νόμους,
468 559 517 588 καὶ
544 558 687 600 εἰσφέρων.
709 566 763 591 ant
785 561 851 591 sic:

135 598 186 628 καὶ
206 600 320 640 γςάφων
337 601 388 631 καὶ
409 601 541 642 εἶσφέξων
558 602 665 642 νόμους.
683 603 743 634 nisi
763 605 852 635 malis

135 642 248 682 γράφων
269 644 380 674 habere
398 655 454 684 pro
475 647 558 676 nude
580 647 636 682 sio,
654 657 711 686 per
727 657 772 684 se,
797 658 852 688 po-

135 685 256 720 sito,.et
271 697 340 717 cum
354 687 453 726 νόμους
467 688 547 718 haud
564 690 746 727 cohaereute,
761 692 805 722 ita
819 696 852 722 ut

135 727 215 763 δίκας
233 730 445 760 subaudiatur.
463 732 514 770 qui
533 732 649 763 dudum
666 744 700 764 se
718 735 852 774 gesserit

133 781 215 808 eum,
228 772 280 811 qui
291 783 349 813 pro
361 775 503 805 mercede
518 776 589 805 aliis
606 776 758 808 orationes
773 779 849 808 scri-

134 815 198 850 bat,
210 825 285 855 quas
301 817 509 847 conducentes
519 818 551 848 in
559 819 689 857 judiciis
702 821 849 860 recitent;

133 857 206 888 item
220 859 272 897 qui
286 869 344 898 pro
359 861 502 890 mercede
519 861 605 901 leges
621 863 652 893 in
669 865 848 895 concionem

132 900 255 937 inferat,
270 912 346 942 quas
361 903 412 933 alii
427 903 539 934 inferre
556 910 702 936 metuant.

176 961 221 967 —
234 947 267 975 7.
282 945 342 976 οὐδὲ
352 964 394 969 -
403 944 508 976 οὖδ”-
517 946 586 988 οὐδ’]
616 950 713 979 muito
737 950 848 980 fortius

135 987 291 1027 stringunt
304 989 372 1020 haec
393 989 548 1027 ἀσύνδετα,
563 1001 653 1030 quam
667 1003 722 1032 per
743 992 801 1034 μὲν
816 999 847 1024 et

134 1028 166 1060 δὲ
181 1034 233 1061 aut
246 1031 295 1061 καὶ
309 1030 462 1063 dissoluta
478 1038 509 1063 et
523 1034 631 1064 fracta.

176 1091 220 1098 —
241 1076 296 1106 22.
318 1075 381 1105 τίσι
405 1076 514 1111 τούτοις
539 1077 791 1118 προσεξεταζέτω]
820 1080 846 1109 si

131 1117 212 1147 bene
226 1117 318 1148 habet
331 1117 451 1155 τούτοις,
468 1120 528 1149 erit
542 1130 601 1150 non
618 1131 687 1151 cum
704 1121 778 1157 τίσι,
791 1123 844 1152 sed

131 1170 201 1190 cum
227 1160 464 1202 πξοο-εξεταζέτω
490 1163 707 1202 copulandum.
738 1170 845 1204 praeter

130 1203 188 1233 ista
201 1204 290 1233 etiam
304 1203 357 1235 hoc
381 1206 553 1242 consideret,
579 1207 752 1247 quibusnam
775 1209 845 1238 velit

131 1246 207 1287 leges
217 1257 272 1277 esse
282 1248 375 1279 mites.
392 1250 492 1287 possit
507 1260 629 1290 quoque
643 1251 760 1285 τούτους
770 1252 844 1292 legi,

131 1294 163 1319 et
178 1289 217 1319 ad
231 1289 330 1330 νόμους
345 1292 460 1322 referri.

173 1350 216 1355 -——
232 1335 284 1364 26.
301 1335 362 1369 τοῖς
385 1334 413 1365 δὲ
436 1335 496 1366 οὐδὲ
520 1334 626 1377 λόγοις]
650 1342 719 1367 ante
740 1339 801 1372 τοῖς
815 1337 844 1369 δὲ

128 1377 313 1407 sententiam*
324 1379 434 1409 deesse
456 1380 572 1409 dudum
587 1380 737 1417 videram,
757 1386 842 1412 ante-

129 1429 221 1458 quam
231 1420 306 1450 mihi
321 1421 431 1452 liceret
443 1423 568 1452 codices
585 1424 842 1455 Demosthenicos

129 1472 222 1493 mauu
237 1469 380 1494 exaratos
395 1466 570 1505 inspicere;
593 1472 623 1495 et
647 1466 692 1496 sic
717 1468 841 1507 supple-

128 1505 199 1535 bam
219 1506 320 1536 locum
333 1518 340 1537 ε
364 1509 424 1542 τοῖς
437 1507 492 1549 μὲν
505 1511 561 1549 γᾶς
576 1509 707 1551 ὑπάρχει
724 1511 841 1551 ἀμφισ-

127 1547 260 1586 βήτησις,
274 1549 361 1581 ὁποῖοί
381 1562 452 1586 τινες
466 1554 635 1591 φανήσονται
650 1552 735 1587 ὄντες.
780 1556 840 1585 Sed

127 1594 324 1631 postmodum
336 1595 439 1633 reperi
455 1595 484 1624 in
501 1595 589 1625 libris
601 1596 677 1632 haec,
690 1607 759 1636 quae
772 1603 842 1628 sunt

126 1634 245 1665 incuria
260 1636 466 1668 Parisinarum
482 1648 654 1677 operarum,
672 1641 721 1669 vel
735 1641 840 1678 potius

126 1677 319 1714 Alffiuarum,
340 1681 463 1711 omissa.
485 1691 554 1711 nam
576 1682 736 1720 exemplar
751 1684 840 1713 Aldi-

126 1730 198 1751 num
211 1721 261 1751 hio
273 1722 335 1752 loci
348 1728 474 1753 secutus
489 1728 537 1754 est
552 1725 653 1754 editor
666 1726 837 1757 Parisinus.

126 1762 154 1794 ἓν
166 1763 223 1804 μὲν
236 1767 291 1805 γὰρ
301 1767 363 1802 τοῖς
376 1766 475 1798 ἄδηλον
488 1767 514 1797 εἴ
526 1778 572 1802 τις
585 1766 650 1797 ἔστ’
661 1766 764 1804 ἀδίκως
778 1769 840 1799 δια-

125 1805 309 1849 βεξλημένος.

168 1853 282 1883 7023.5.
291 1851 415 1894 ταύτην]
426 1863 526 1883 eausae
537 1853 581 1883 nil
590 1853 692 1890 video,
703 1865 758 1884 cur
767 1855 839 1886 ταύ·

125 1904 177 1924 την
187 1894 247 1924 h.l.
257 1896 478 1934 posthabeatur
492 1897 582 1927 alteri
598 1897 724 1928 lectioni
741 1898 839 1930 αὐτήν.

169 1955 213 1960 -
229 1940 280 1968 11.
295 1941 350 1968 τῶν
364 1939 510 1981 πςοέδςων]
528 1940 655 1970 videtur
664 1942 769 1983 ,γνώμῃ
783 1942 838 1972 de-

125 1989 208 2010 esse.
230 1991 298 2012 cum
312 1983 398 2012 venia
411 1988 440 2012 et
453 1992 593 2013 consensu
602 1983 826 2022 prohedrorum.

168 2025 244 2054 724.
258 2026 290 2055 4.
306 2024 592 2068 προσ-τετιμημένου]
609 2027 730 2057 correxi
748 2039 838 2068 πξοσ-

124 2065 328 2107 τετιμημένον,
351 2068 383 2098 in
398 2069 586 2099 nominativo
602 2070 753 2106 absoluto,
769 2082 837 2102 cum

122 2115 190 2140 esset
204 2111 241 2140 iis
257 2111 293 2142 lis
307 2120 426 2142 carcere
436 2113 590 2149 aestimata,
602 2118 734 2143 autenm
748 2121 838 2145 essent

121 2154 255 2184 custodia
269 2155 417 2185 mulctati.
442 2160 490 2185 est
514 2155 593 2186 enim
610 2157 640 2186 iu
656 2158 834 2196 Augustano

121 2197 406 2238 προστετιμημένων.
429 2199 518 2239 Saepe
530 2211 543 2229 ο
555 2204 587 2229 et
599 2211 620 2228 ω
631 2200 664 2230 in
674 2201 836 2231 codicibus

121 2238 203 2270 inter
219 2250 253 2270 se
268 2246 491 2282 permutantur.

165 2300 209 2307 ·-—
224 2286 254 2314 6.
270 2286 320 2316 τῆν
334 2284 506 2327 διεγγύησιν]
523 2285 607 2316 Citat
628 2286 708 2316 huuc
732 2286 834 2318 locum

123 2325 278 2367 Harpocr.
294 2338 326 2359 v.
341 2328 510 2368 διεγγύησις.

163 2386 208 2392 —
219 2371 272 2400 17.
287 2371 320 2401 τὸ
334 2369 432 2412 Θεῖναι]
444 2372 568 2402 correxi
581 2371 626 2412 τᾷῗ
636 2371 732 2403 θεῖναι.
746 2384 834 2414 quam

119 2417 205 2443 atrox:
216 2411 345 2454 facinus
363 2416 547 2452 commiserit,
563 2420 626 2453 aut,
642 2427 731 2457 quam
753 2423 834 2448 atro-

118 2465 182 2486 cem
198 2457 301 2488 tulerit
317 2458 420 2499 legem,
436 2458 497 2499 lege
508 2468 541 2488 ea
546 2458 692 2500 ferenda,
710 2471 773 2501 quae
788 2471 834 2492 res

117 2499 207 2529 etiam
240 2503 405 2538 praeteritas
436 2501 554 2532 dudum
583 2503 830 2542 complecteretur.

119 2541 252 2581 perinde
267 2543 347 2573 enim
364 2549 424 2580 est,
439 2544 516 2574 δεινὸν
532 2556 561 2576 v.
574 2547 626 2576 16.
642 2556 698 2586 pro
722 2551 831 2578 neutro

118 2585 246 2621 habeas,
262 2587 448 2617 subaudiens
464 2586 548 2628 ἔργον,
563 2594 615 2619 aut
636 2599 692 2628 pro
712 2601 830 2621 mascu-

117 2627 195 2665 lino,
210 2633 243 2659 et
257 2639 327 2660 oum
342 2629 423 2670 νόμον
433 2632 571 2670 copules.
594 2634 680 2662 ποιεῖν
693 2632 740 2663 τὸν
751 2633 832 2673 νόμον

117 2670 195 2702 δεινὸν
211 2677 258 2702 est
273 2673 404 2704 reddere
420 2684 505 2704 suam
522 2675 622 2714 legem
638 2685 765 2713 saevam,
786 2678 832 2707 ef—

118 2714 211 2746 ficere
228 2720 260 2746 ut
273 2716 326 2747 lex
343 2727 360 2747 a
376 2727 409 2748 se
423 2717 486 2747 lata
497 2728 580 2748 saeva
596 2718 646 2748 sit.

161 2775 206 2781 -
221 2761 270 2789 18.
287 2759 382 2802 νόμος]
400 2771 458 2790 non
476 2760 621 2801 displicet
636 2761 742 2792 Womi
758 2772 830 2793 con-

114 2801 236 2840 jectura
260 2802 358 2843 δῆμος.
380 2803 558 2843 designavit
581 2804 706 2844 quidem
729 2812 830 2836 orator

118 2843 188 2874 hoo.
209 2845 336 2877 defendi
351 2851 451 2877 tamen
463 2848 539 2878 satis
554 2849 633 2878 bene
648 2853 752 2888 potest
764 2850 831 2879 vul-

120 2891 202 2925 gata.
227 2888 256 2918 si
277 2889 321 2920 lex
344 2900 400 2930 per
421 2891 636 2931 metonymiam
654 2897 707 2922 aut
722 2903 830 2931 synec-

117 2929 236 2972 dochen
274 2933 443 2974 accipiatur
475 2945 532 2974 pro
564 2936 684 2965 civitate
720 2935 832 2976 legibus

117 2977 227 3008 utente,
242 2977 383 3016 opposita
397 2977 575 3018 oiigarchiae
596 2983 627 3008 et
648 2979 831 3010 monarchiae

117 3013 239 3055 legibus
254 3018 298 3048 nii
314 3021 423 3058 utenti,
444 3021 686 3061 quod-voluutas
714 3033 830 3063 praeva-

162 3067 239 3090 v0L.
257 3071 287 3091 V.

1524 199 1603 240 169

895 297 987 326 lentis
1013 307 1130 329 summa
1150 300 1201 330 lex
1225 308 1255 332 et
1278 304 1417 344 prolege
1433 304 1483 335 sit.
1507 315 1607 344 eoque

895 341 992 379 magis
1020 343 1173 372 servanda
1201 351 1246 373 est
1270 347 1403 386 vulgata,
1433 349 1515 387 quod
1542 348 1604 387 ipsi

896 388 1018 414 veteres
1047 385 1277 422 existimarunt,
1299 389 1489 420 insolentiam
1512 392 1602 430 hujus

894 428 1104 466 usurpationis
1132 428 1193 458 sibi
1226 434 1426 463 annotandum
1458 445 1540 469 esse.
1571 434 1602 463 id

892 471 975 508 quod
987 481 1026 500 ex
1035 471 1182 502 Aristidis
1195 473 1377 509 Scholiasta,
1388 487 1475 515 quem
1487 477 1603 517 Taylor

891 512 1011 549 citavit,
1027 520 1157 545 constat.
1182 516 1290 546 Possit
1305 522 1403 547 tamen
1421 520 1511 550 etiam
1525 521 1602 555 fieri,

889 562 923 587 ut
936 562 1039 587 orator
1049 558 1208 599 reliquerit
1222 557 1245 597 οἷ
1256 559 1387 591 πολιτεία
1398 561 1514 600 ἔννομος.
1540 565 1600 593 Lo-

888 610 943 630 cus
959 600 1022 637 ifle,
1039 613 1129 642 quem
1145 603 1261 642 Taylor
1279 615 1319 634 ex
1336 604 1484 635 Aristidis
1505 607 1600 636 Scho—

886 643 978 674 liasta
992 645 1108 676 inedito
1123 646 1159 676 ad
1173 647 1428 678 Pauethenaicam
1442 649 1528 683 citat,
1541 660 1599 679 non

886 687 977 717 estin
993 688 1126 719 scholiis
1144 691 1182 719 ad
1203 700 1270 720 eam
1289 691 1470 727 orationem,
1494 694 1547 721 sed
1570 693 1600 721 in

885 730 1009 770 Sopatri
1043 733 1332 771 prolegomeuorum
1360 735 1448 764 hiatu
1477 745 1601 775 magno,

885 784 975 813 quem
991 785 1008 804 e
1025 775 1178 806 Bavarico
1203 777 1311 808 codice
1337 779 1426 814 sarsi,
1446 788 1478 817 p.
1495 779 1533 808 V.
1550 780 1599 807 ed.

883 818 1054 848 Jebbianae.

926 864 946 890 7
951 862 1002 890 ⁰25.
1014 864 1044 891 9.
1057 861 1246 904 διατεθέντα]
1259 863 1320 894 imo
1333 875 1405 894 vero
1419 863 1555 895 διαθέντα
1569 865 1599 894 in

882 908 963 941 part.
988 914 1052 936 aor.
1074 907 1106 934 Q,
1127 905 1232 935 activi.
1259 911 1294 936 ut
1323 907 1516 947 προλαβόντα.
1540 918 1599 937 ozon

882 951 946 975 tum
959 946 1078 977 demum
1093 948 1165 977 dare
1178 949 1235 986 jus
1259 949 1379 980 vadium
1394 950 1601 986 sistendorum,

878 994 1030 1030 postquam
1056 991 1230 1021 damnatum
1249 993 1422 1023 reddidisset
1445 995 1598 1024 inimicum

880 1032 967 1062 vobis.
1013 1033 1234 1064 Verumtamen
1257 1035 1335 1065 bene
1353 1041 1456 1075 potest
1473 1037 1597 1076 vulgata

880 1075 1016 1105 defendi.
1038 1086 1097 1106 non
1124 1083 1187 1107 tuin
1205 1078 1328 1109 demum
1351 1079 1502 1120 imperare
1524 1091 1598 1110 con-

880 1117 1070 1149 stitutionem
1083 1121 1233 1158 praedam,
1248 1127 1409 1162 postquam
1427 1124 1595 1162 praeeepis-

880 1166 929 1191 set
952 1161 1021 1191 hino
1039 1173 1105 1197 vos,
1124 1165 1304 1195 seutentiam
1322 1167 1454 1196 carceris
1470 1168 1500 1197 in
1523 1177 1596 1196 con-

877 1205 1052 1235 demnatum
1065 1206 1185 1242 effatos,
1201 1208 1285 1237 illinc
1302 1209 1476 1239 damnatum
1492 1210 1594 1240 iuimi-

878 1257 948 1277 cum
964 1249 1052 1279 vobis
1069 1250 1235 1280 redditum.
1280 1252 1332 1282 Sic
1354 1254 1392 1282 ad
1410 1254 1518 1283 Graeca
1541 1256 1594 1284 ad-

879 1292 994 1322 stricte.
1013 1303 1082 1332 quae
1095 1294 1204 1324 Latine
1219 1294 1263 1324 sio
1278 1296 1387 1326 efferas
1399 1296 1495 1326 ferme
1508 1308 1514 1325 :
1540 1298 1594 1326 de-

878 1335 967 1364 cebat
989 1346 1058 1366 eum
1088 1336 1133 1366 sic
1150 1337 1280 1372 sancire,
1299 1344 1330 1369 ut
1352 1340 1396 1369 sas
1421 1340 1461 1369 sit
1483 1341 1592 1369 aerario

877 1379 998 1418 praedes
1028 1380 1133 1416 edere,
1164 1380 1246 1410 nulia
1273 1383 1434 1421 praemissa
1458 1384 1593 1412 carceris

876 1431 978 1460 poena,
1001 1432 1062 1462 qua
1082 1433 1209 1453 necesse
1236 1431 1284 1454 est
1307 1430 1341 1455 ut
1362 1427 1497 1456 damnati
1521 1437 1593 1466 erga

879 1474 935 1494 vos
951 1464 1068 1495 animus
1085 1466 1215 1496 infestus
1231 1467 1295 1498 fiat.

919 1525 962 1530 —-
979 1509 1031 1539 15.
1048 1510 1105 1544 τὰς
1118 1509 1171 1540 ὑπὸ
1187 1510 1258 1550 τῶν]
1275 1511 1523 1552 praepositionem
1540 1524 1593 1542 un—

876 1550 922 1580 cis
941 1551 1064 1581 inclusi.
1111 1553 1143 1582 Si
1167 1559 1317 1590 servatur,
1339 1556 1523 1585 subauditur
1546 1568 1595 1594 γε-

876 1593 993 1634 νομένας
1008 1599 1060 1624 aut
1075 1596 1225 1634 γεγονυίας.

918 1639 995 1667 796.
1010 1639 1041 1666 7.
1057 1639 1235 1679 παραδώσει]
1263 1639 1332 1670 scii.
1360 1641 1593 1672 undecimviris.

918 1697 962 1702 ——
978 1682 1009 1710 8.
1023 1680 1247 1722 παραλήψεται]
1262 1683 1329 1712 scii.
1342 1693 1358 1712 a
1376 1685 1590 1714 thesmothetu.

917 1740 960 1745 —
977 1726 1028 1754 24.
1053 1722 1176 1764 ὁπόσων]
1201 1728 1286 1755 recte
1309 1726 1411 1757 habet.
1436 1727 1517 1757 idem
1543 1734 1591 1758 est

874 1768 965 1805 atque
986 1765 1138 1802 τοσούτων,
1162 1768 1262 1797 ὁπόσα.
1309 1769 1416 1800 Wolfii
1438 1771 1537 1800 ὁπᾶσον
1552 1783 1589 1800 ne

875 1808 1016 1839 Graeeum
1034 1811 1158 1849 quidem
1175 1816 1232 1842 est.
1257 1822 1315 1842 nou
1340 1823 1443 1843 onmes
1467 1816 1590 1845 mulctae

873 1852 1008 1890 publicae
1022 1853 1269 1892 duplicabantur.
1294 1861 1378 1886 reete
1402 1868 1476 1896 ergo
1499 1858 1586 1894 dicit,

872 1905 976 1924 earum
999 1898 1128 1926 omnium
1153 1899 1343 1935 muletarum,
1373 1911 1435 1940 qaoe
1463 1904 1588 1940 geminus

873 1939 1059 1979 irrogantur.
1096 1939 1273 1978 irrogantur
1306 1947 1408 1972 autem
1445 1944 1587 1982 gemin-ce,

872 1991 941 2020 quae
956 1992 975 2011 a
994 1983 1058 2012 reis
1078 1983 1182 2012 damni
1198 1983 1347 2022 simplicis
1363 1986 1493 2025 duplum
1508 1989 1587 2026 ejus,

871 2025 953 2063 quod
972 2025 1084 2064 injuria
1100 2032 1183 2056 esset
1195 2027 1341 2060 ablatum.
1358 2030 1497 2068 exigunt.

914 2070 1027 2099 7221.
1038 2069 1181 2105 δεκαπλᾶ,
1193 2072 1234 2100 τοὶ
1247 2069 1275 2099 δὲ
1287 2071 1336 2100 καὶ
1348 2071 1462 2114 διπλᾶ]
1475 2078 1528 2103 aut
1539 2074 1588 2102 καὶ

871 2111 1035 2142 deiendum
1057 2118 1116 2146 est,
1136 2118 1188 2142 aut
1204 2116 1428 2153 transponenda
1445 2121 1515 2146 sunt
1534 2127 1587 2146 vo-

870 2154 990 2189 cabula,
1004 2155 1076 2184 καθ’
1093 2154 1135 2189 οὓς
1155 2158 1195 2186 τὰ
1219 2156 1275 2195 μὲν
1291 2157 1402 2195 διωλᾶ,
1417 2160 1457 2188 τὰ,
1481 2159 1511 2189 δὲ
1536 2161 1586 2189 καῖ

871 2197 1004 2229 δεκαπλᾶ
1015 2197 1142 2238 γίγνεται
1152 2202 1206 2229 τῶν
1218 2199 1403 2241 ὀφλημάτων.
1419 2204 1447 2232 vi
1456 2214 1583 2242 quarum

870 2241 968 2281 legum
983 2242 1050 2271 aliae
1064 2243 1182 2272 mulctae
1199 2243 1310 2282 tluplae,
1332 2245 1417 2276 aliam>
1433 2256 1481 2275 ero
1496 2248 1583 2276 etiam

869 2284 1000 2323 decuplae
1015 2286 1200 2326 irrogantur.

912 2345 955 2349 —
970 2330 1001 2359 3.
1018 2328 1051 2358 τό
1073 2328 1287 2370 γεγραμμένον]
1303 2341 1358 2366 aes,
1375 2331 1463 2369 cujus
1480 2336 1583 2360 essent

868 2370 913 2400 rei
929 2371 1014 2401 sacti.
1031 2383 1061 2403 v.
1079 2382 1110 2402 v.
1129 2375 1159 2403 ό.
1185 2373 1238 2402 ubi
1258 2374 1336 2413 λῆξιν
1357 2379 1386 2403 et
1410 2375 1582 2414 γράμματα

868 2414 1014 2453 appellat.

909 2475 952 2480 ——
975 2461 1027 2489 12.
1051 2460 1129 2499 arag&
1156 2458 1255 2487 πάντα
1280 2458 1326 2489 τὸν
1352 2457 1447 2500 νόμον]
1475 2470 1582 2490 verum

866 2500 1012 2531 existimo
1041 2507 1073 2531 et
1102 2502 1190 2531 alteri
1215 2502 1341 2532 lectioni
1364 2505 1443 2543 arag&
1472 2505 1584 2537 πάντας

865 2545 930 2578 τοὺς
946 2544 1045 2586 νόμους
1060 2545 1294 2584 praeferendum.
1316 2554 1370 2584 per
1385 2550 1473 2576 totam
1491 2547 1581 2587 legem

865 2597 959 2617 suam.

907 2649 950 2653 —
967 2633 1019 2661 17.
1035 2630 1282 2672 ἀπαλλάξωνται]
1299 2632 1421 2662 correxi
1442 2633 1583 2662 ἀπαλλά-

864 2673 956 2713 ξεται.
981 2680 1014 2704 ιιι
1028 2674 1067 2704 ad
1083 2685 1167 2704 reum
1185 2675 1302 2705 redeat.
1326 2675 1399 2705 liber
1414 2677 1470 2705 erit
1493 2681 1581 2715 atque

864 2717 991 2748 discedet
1010 2718 1169 2748 absolutus.

906 2762 981 2791 728.
1000 2764 1049 2792 10.
1066 2759 1178 2800 λαβεῖν]
1196 2761 1282 2792 uncis
1298 2760 1423 2797 inclusi,
1439 2767 1469 2791 ct
1491 2763 1580 2802 plane

864 2803 1060 2839 delevissem,
1083 2804 1141 2834 nisi
1168 2804 1198 2834 in
1226 2808 1357 2834 mentem
1380 2805 1526 2840 venisset,
1548 2810 1581 2834 ut

864 2846 980 2877 dicitur
994 2848 1128 2878 umbram
1153 2858 1243 2886 poensc
1265 2854 1395 2887 captare,
1418 2848 1462 2877 sic
1487 2848 1579 2877 etiam

865 2895 948 2920 recte
965 2891 1028 2920 diei
1053 2901 1158 2930 posse,
1175 2902 1276 2921 *nomeu
1293 2900 1393 2929 pirna.
1411 2891 1493 2929 quod
1511 2893 1579 2930 ejus

865 2938 913 2963 est
925 2935 1042 2968 umbra.
1052 2940 1179 2974 captare.
1194 2936 1313 2973 reliquit
1324 2932 1471 2972 1·oI›is,pro
1482 2944 1582 2973 poetm.

863 2986 954 3016 poenae
967 2987 1068 3007 nomen
1083 2986 1194 3016 capere.
1218 2981 1366 3016 przvterea
1380 2978 1471 3006 etiam
1490 2975 1586 3007 λαέεῖν

865 3025 970 3059 potest
987 3026 1018 3051 et
1034 3030 1123 3060 paene
1139 3021 1233 3050 debet
1256 3020 1293 3049 ad
1316 3017 1451 3057 ἀφείλετο
1466 3020 1563 3060 repeti
1577 3032 1584 3049 ;

866 3074 883 3094 z
