1931 3323
315 213 399 254 4¹³0

318 321 360 348 10
373 318 472 349 trihus
485 323 571 347 erant
585 317 713 347 divisae:
743 318 869 357 singula:
887 316 964 347 enim
984 316 1036 346 tri-

319 362 376 391 bus
391 362 588 391 continebant
600 363 617 390 2
635 360 826 400 synunorias,
844 372 894 391 seu
912 361 1036 390 classes.

319 405 386 435 Has
402 411 501 434 autem
520 408 561 434 ⁶20
578 404 714 443 appellat
732 415 854 443 magnas
869 405 982 434 classes
999 404 1035 433 ad

316 448 519 478 differentiam
551 448 699 477 minorum
741 447 860 478 illarum
895 448 1037 477 classium

318 491 386 521 sive
418 492 621 521 subclassium
650 495 687 522 12
716 491 880 526 hominum,
907 492 937 520 in
963 501 1038 529 quas

318 535 448 572 singulae
464 536 524 564 illae
542 536 671 574 majores
685 533 844 575 συμμορίαι
861 538 947 564 erant
970 535 1039 564 sub-

318 578 444 613 divirae,
468 584 501 608 ut
522 580 585 616 jam
612 584 700 607 antea
726 579 873 608 diximus.
919 577 1037 616 Interp.

317 622 422 651 reddit
437 622 480 651 ita
496 628 528 651 ut
545 622 659 651 classes
676 621 805 657 singulte
823 620 951 658 singulis
971 622 1039 659 qui-

320 666 414 694 nariis
443 668 484 696 60
515 665 628 695 talenta
659 666 798 694 reddant.
847 665 887 693 At
918 674 991 692 vero
1019 665 1038 693 ὁ

319 709 437 738 classes
459 708 632 738 duodenum
657 709 809 738 hominum
834 718 890 736 non
913 706 1038 735 dicendi

317 752 670 792 sunt(opinor)quinarii
680 752 733 780 sed
742 749 924 780 duodenarii
934 751 953 779 ‚5
965 749 1041 778 duo-

319 795 437 825 denarii
452 794 547 836 [sie]:
562 798 582 825 ξ)
594 795 671 824 euim
682 795 798 824 classes
811 793 1038 829 minores‚si==e,

321 844 354 868 ut
372 839 415 868 ita
433 839 543 874 dicam,
559 838 746 873 subclasses‚
762 836 933 866 efficiebant
952 846 1037 865 unam

319 883 466 920 majorem
499 882 565 912 sive
596 880 759 920 συμμοξίαν
786 879 918 918 μεγάλην
934 890 942 915 ;
972 889 1040 908 nam

321 926 483 964 quinquies
505 925 638 954 duodeni
661 924 797 954 efficiunt
819 926 870 953 60.
918 924 960 952 Et
982 922 1040 951 hoc

322 969 444 1008 quidem
473 969 521 998 vel
547 969 660 1005 exiguo
687 966 900 997 Arithmeticae
926 966 1039 995 lumine

320 1012 436 1041 clarum
453 1016 483 1041 et
500 1011 697 1050 perspicuum
711 1011 752 1041 fit.
776 1010 854 1039 illud
872 1020 943 1038 vero
958 1009 1037 1048 quod

319 1055 459 1094 sequitur
474 1054 636 1084 obscurius
651 1060 734 1083 certe
754 1059 785 1083 et
808 1053 982 1089 ‹finiemus-5
1008 1057 1040 1082 ut

318 1109 360 1127 sc.
379 1104 538 1128 crescente
549 1108 675 1127 numero
685 1097 865 1131 triremium,
878 1096 1039 1125 decresce-

317 1152 351 1171 re
371 1142 500 1171 deberet
521 1152 664 1171 numerus
685 1141 880 1175 talentorum,
898 1139 985 1178 quasi
1002 1139 1038 1168 ad

319 1185 426 1224 plures
441 1195 533 1214 naves
550 1185 745 1214 instruendas
763 1183 960 1232 paucioribus
986 1193 1038 1221 pe-

320 1228 420 1258 cuniis
431 1239 507 1267 opus
518 1234 611 1264 esset,
621 1235 651 1257 et
663 1229 700 1257 ad
714 1226 876 1266 pauciores
890 1225 1039 1278 pluribus.

321 1273 369 1301 lta
399 1274 478 1302 enim
509 1271 619 1301 suadet
641 1278 742 1301 orator
774 1281 803 1300 v.
835 1272 863 1300 4.
894 1269 967 1303 ἕνη-ως
995 1267 1041 1299 ἐὰν

320 1314 375 1355 μὲν
400 1316 465 1356 ὑμῖν
493 1314 591 1345 ἕκατον
614 1323 674 1345 etc.
700 1320 731 1343 ut
757 1314 781 1344 si
805 1319 928 1342 centum
953 1313 1040 1343 trire-

321 1360 422 1389 nribus
446 1359 539 1388 fuerit
561 1369 650 1398 opus,
674 1361 715 1388 60
745 1358 858 1387 talenta
886 1362 1040 1395 sumptum

320 1403 502 1439 absolvant3
525 1402 570 1431 sin
594 1402 736 1431 ducentis
758 1411 837 1440 opus
861 1399 964 1434 fuerit,
990 1400 1042 1429 tri-

320 1447 405 1484 ginta
425 1446 485 1476 sint
510 1446 622 1476 talenta
642 1456 709 1484 quae
733 1449 887 1483 sumptum
910 1443 1043 1472 coeffici-

322 1495 384 1519 ant.
420 1490 531 1528 Iniqua
546 1499 616 1518 sane
631 1489 695 1519 haec
711 1494 741 1518 et.
758 1492 945 1527 praepostera
961 1492 1043 1516 esset

320 1533 399 1563 ratio
423 1535 475 1566 τῆς
497 1534 626 1566 ναυτικῆς
641 1531 820 1570 ἱσυντάξεως,
843 1530 869 1560 si
890 1531 939 1560 hic
955 1530 1042 1560 locus

318 1576 362 1606 ita
381 1583 564 1612 sumeretur,
579 1580 668 1615 prout
686 1577 779 1605 verba
802 1584 909 1604 sonare
934 1573 1042 1603 viden-

323 1625 383 1655 tur,
400 1622 485 1659 quasi
503 1621 539 1649 nd
559 1619 720 1658 pauciores
738 1630 830 1648 naves
850 1617 1041 1658 apparandus

322 1664 428 1703 plures
449 1664 564 1693 nummi
586 1662 783 1702 impendendi
806 1662 996 1696 viderentur,
1011 1666 1043 1690 et

322 1708 392 1737 vice
407 1717 507 1737 versa.
552 1709 594 1737 At
619 1707 710 1744 lunge
736 1706 794 1735 alia
823 1704 1041 1735 Demosthenis

322 1761 408 1782 mens
425 1756 482 1780 est.
529 1751 598 1780 Non
616 1750 695 1779 enim
711 1750 740 1778 id
759 1750 824 1778 vult
840 1750 963 1784 Orator,
982 1747 1042 1777 viz.

325 1800 358 1824 ut
371 1794 516 1824 universa
539 1804 574 1822 ea
593 1795 635 1823 60
659 1793 771 1822 talenta
793 1792 822 1821 in
846 1796 967 1821 centum
990 1791 1043 1820 tri-

323 1848 424 1867 remes
456 1837 715 1876 impenderentur,
745 1842 772 1865 et
802 1836 849 1865 sic
877 1834 1042 1873 deinceps:

325 1882 379 1910 sed
397 1886 429 1910 ut
445 1880 558 1918 singuli
573 1879 720 1913 duodeni,
732 1889 858 1916 quorum
875 1887 986 1907 census
999 1882 1043 1906 est

325 1934 512 1961 sexagenum
529 1923 686 1957 talentum,
704 1923 764 1951 sint
781 1921 951 1956 trierarchi,
969 1921 997 1949 h.
1017 1931 1044 1949 e.

327 1978 415 1997 unam
443 1967 595 1996 triremem
621 1966 820 1995 instruerent..
874 1966 976 2003 Atque
1004 1963 1046 1993 ita

324 2011 496 2049 completus
507 2011 587 2039 soret
604 2019 747 2038 numerus
763 2013 885 2038 centum
902 2007 1043 2036 navium:

324 2055 442 2085 centies
459 2055 540 2082 enim
556 2052 690 2082 duodeni
712 2056 796 2081 erant
814 2051 872 2080 viz.
891 2050 974 2080 mille
990 2051 1046 2080 du-

325 2098 419 2132 centi,
436 2097 487 2136 qui
504 2097 532 2126 iu
551 2106 675 2126 censum
693 2095 868 2130 veniebant,
884 2098 914 2123 et
936 2094 1046 2132 quibus

325 2142 504 2180 impendere
518 2140 651 2169 debebat
662 2139 776 2178 grande
791 2139 849 2168 hoc
865 2141 895 2167 et
908 2142 1047 2176 sumptu-

327 2195 414 2215 osum
439 2183 625 2214 trierarchiae
648 2194 763 2212 munus.
811 2183 929 2211 Sensus
952 2181 1047 2219 igitur

327 2229 419 2267 hujus
443 2227 503 2257 loci
527 2231 594 2256 est:
628 2226 699 2263 Quo
730 2225 831 2255 levius
860 2224 971 2254 bellum
1001 2223 1047 2253 in-

330 2271 460 2310 gruerit,
477 2282 513 2300 eu
533 2270 695 2310 pauciores
713 2269 853 2299 triremes
870 2273 900 2298 et
913 2267 1047 2298 minores

330 2316 478 2355 impensae
504 2314 717 2353 requirentur
710 2335 718 2349 ‚
753 2323 813 2351 quo
844 2311 979 2351 gravius,
1011 2322 1047 2340 eo

330 2359 470 2399 pluribus
494 2359 625 2387 navibus
652 2362 681 2385 et
704 2355 874 2397 majoribus
898 2355 1048 2394 impensis

331 2413 411 2441 opus
427 2402 502 2432 erit.
521 2412 588 2431 nain
606 2401 630 2430 si
649 2405 769 2429 centum
788 2405 903 2429 tantum
916 2398 1046 2427 navibus

332 2457 412 2484 opus
429 2446 530 2480 suerit,
543 2450 607 2474 tum
621 2444 791 2473 duodecies
807 2442 956 2477 homines,
973 2452 1046 2480 quo-

332 2500 397 2518 rum
422 2499 533 2518 census
559 2491 600 2518 60
620 2487 741 2517 talentis
762 2486 941 2521 aestimatur,
959 2495 1046 2514 unam

333 2532 489 2562 triremem
520 2532 550 2561 in
582 2541 739 2560 commune
772 2530 924 2559 instruere
953 2529 1048 2558 debe-

333 2577 429 2611 hunt3
445 2580 589 2614 quantum
606 2585 649 2604 sc.
668 2573 792 2612 gravius
806 2578 851 2603 est
864 2572 987 2606 bellum,
1004 2571 1049 2601 illi

333 2619 504 2649 duodenam
521 2618 658 2647 conferre
671 2617 839 2647 debebunt.
885 2616 936 2645 Sin
953 2615 1049 2654 duplo

332 2664 449 2703 plures,
465 2661 525 2691 viz.
538 2661 676 2690 ducentae
692 2671 797 2695 naves,
814 2661 849 2689 ad
867 2659 925 2688 hoc
938 2659 1050 2688 bellum

330 2706 535 2745 requirantur,
560 2710 620 2734 tum
638 2704 876 2743 duplicabuntur
892 2703 1051 2741 impensae,

333 2758 363 2780 et
379 2749 490 2788 singuli
507 2747 660 2782 semones,
677 2757 806 2785 quorum
820 2757 930 2787 census
946 2751 994 2775 est
1010 2747 1051 2776 30

333 2793 528 2827 talentorum,
550 2795 639 2821 erunt
659 2790 764 2819 itidem
789 2789 959 2825 trierarchi,
976 2790 1005 2818 h.
1022 2799 1050 2817 e.

335 2846 423 2866 unam
442 2835 557 2874 pariter
573 2834 726 2864 triremem
749 2835 951 2872 apparahunt.
998 2831 1052 2861 Sin

334 2890 410 2910 vero
440 2880 539 2908 adhuc
572 2879 696 2917 gravius
727 2877 765 2906 sit
794 2877 921 2911 bellum,
953 2875 1053 2904 adhuc

334 2924 451 2961 plures,
467 2929 613 2951 trecenta:
638 2931 681 2950 sc.
708 2920 848 2949 triremes
874 2920 909 2948 ad
941 2918 1051 2948 hellum

333 2966 521 2997 instruendae
545 2965 614 2999 sint,
638 2969 700 2994 tum
725 2963 848 3002 gravius
872 2962 929 2992 erit
952 2963 1052 2991 adhuc

334 3020 430 3045 onus,
455 3008 608 3047 siquidem
627 3007 738 3048 singuli
757 3012 777 3038 4
793 3006 961 3040 terniones,
978 3015 1051 3043 quo-

332 3063 397 3084 rum
416 3063 527 3083 census
544 3056 591 3082 est
613 3053 654 3082 ΞΟ
672 3050 829 3086 talentum,
846 3049 926 3079 idem
945 3058 1051 3078 munus

621 211 670 253 T.
705 209 854 250 STAN
869 209 985 250 LEII
1019 209 1498 251 ANNOTATIONES

1071 323 1160 357 atque
1186 329 1260 348 onus
1286 319 1502 348 trierarchatus
1526 317 1681 354 subibunt,
1705 318 1799 356 qnod

1071 361 1204 390 duodeni
1230 361 1273 391 illi
1301 363 1347 392 vel
1380 362 1445 392 seni
1474 362 1650 392 subiissent.
1710 362 1789 391 Haee

1071 404 1169 433 fusius
1181 405 1334 444 explicare
1348 405 1441 441 volui,
1456 405 1526 445 quia
1541 417 1558 435 a
1574 403 1674 434 statim
1691 404 1790 434 fronte

1074 448 1223 487 perplexa
1248 454 1279 478 et
1305 449 1443 479 involuta
1470 449 1623 478 videntur.
1668 448 1716 478 Cf.
1735 448 1788 478 Ul-

1074 492 1152 529 pian.
1178 491 1238 521 vot.
1257 492 1298 521 vi.
1320 503 1349 531 p.
1373 495 1425 523 68.
1469 493 1571 532 Atque
1592 491 1642 521 hic
1662 491 1789 530 quidem

1073 535 1311 573 Symmoriarnm
1344 536 1419 565 ordo
1448 541 1479 565 et
1509 535 1588 565 ratio
1613 538 1681 564 erat
1707 534 1789 572 apud

1073 578 1286 613 Athenienses,
1302 585 1392 618 atque
1412 579 1556 608 hactenus
1572 578 1696 617 antiqua
1712 577 1790 606 clas-

1073 622 1151 651 sium
1164 622 1352 652 distributio.
1391 622 1480 661 Quod
1498 632 1571 652 vero
1589 621 1637 650 hic
1652 620 1791 660 sequitur

1072 664 1152 702 apud
1186 666 1275 695 Dem.
1306 666 1372 704 ipse
1403 666 1442 695 de
1473 676 1528 694 suo
1555 664 1654 698 addit,
1682 668 1790 704 estque

1073 707 1231 746 propi-Ium
1255 708 1354 747 ipsius
1380 708 1556 743 inventum;
1585 712 1618 737 ut
1640 707 1702 737 viz.
1728 707 1791 736 illis

1074 753 1171 786 1200,
1198 761 1238 780 ex
1265 753 1374 790 quibus
1396 750 1506 788 viginti
1529 751 1646 781 classes
1670 755 1790 780 consta·

1074 794 1157 828 bant,
1168 794 1315 823 adderent
1328 795 1376 824 alii
1388 793 1625 833 octingenti,qui
1636 793 1791 822 efficerent

1074 847 1229 866 numerum
1246 840 1339 867 2000.
1365 837 1454 874 Quod
1470 848 1505 866 eo
1517 837 1645 867 consilio
1662 837 1744 871 fecit,
1759 840 1791 866 ut

1074 890 1111 909 ex
1131 880 1187 909 hoc
1203 891 1297 910 censu
1312 880 1468 920 exemptis
1483 880 1533 915 iis,
1549 879 1660 919 quihus
1674 880 1724 909 lex
1740 878 1790 908 vel

1074 923 1152 953 ratio
1167 923 1214 953 vel
1234 924 1423 953 consuetudo
1434 923 1657 953 immunitatem
1669 933 1685 951 a
1695 922 1791 952 tribu·

1074 965 1114 995 tis
1142 966 1337 1006 liturgiisque
1367 967 1532 1002 concessit,
1569 966 1675 1005 quales
1705 970 1790 995 erant

1074 1007 1228 1049 ἐπίκληςοι,
1259 1010 1379 1051 ὀρφανοὶ,
1408 1009 1598 1051 κληςουχικοῖ,
1635 1009 1792 1044 κοινωνικοὶ,

1075 1058 1106 1082 ut
1124 1053 1170 1083 his
1185 1053 1340 1094 (inquam)
1361 1053 1517 1092 exemptis
1540 1062 1684 1082 numerus
1708 1054 1792 1083 1900

1073 1097 1172 1126 adhuc
1202 1097 1320 1136 integer
1347 1101 1549 1136 permaneret.
1591 1095 1734 1135 Sequitur
1762 1100 1796 1125 et

1074 1139 1133 1169 alia
1149 1140 1321 1170 subdivisio
1344 1140 1576 1180 symmoriarum
1602 1139 1669 1169 sive
1685 1139 1792 1170 classi-

1074 1193 1135 1218 um,
1153 1194 1240 1222 quam
1256 1184 1305 1214 hic
1323 1184 1467 1223 proponit
1481 1188 1512 1213 et
1526 1183 1636 1213 suadet
1652 1183 1741 1212 Dem.
1759 1192 1791 1221 p.

1075 1228 1148 1257 287.
1165 1234 1267 1266 antep.
1283 1227 1389 1257 τούτων
1410 1226 1541 1267 (inquit)
1556 1229 1612 1256 τῶν
1626 1228 1792 1265 συμμοριῶν

1075 1269 1198 1301 ἑκάστην
1208 1270 1304 1300 διελεῖν
1314 1269 1416 1300 κελεύω
1425 1270 1464 1306 eie,-
1473 1269 1557 1301 πέντε
1567 1268 1638 1309 μέςη
1649 1271 1727 1299 κατὰ
1741 1269 1792 1298 δώ-

1076 1313 1142 1343 δεκα
1153 1314 1258 1354 ἄνδρας.
1274 1315 1317 1344 ita
1327 1320 1358 1344 ut
1369 1323 1557 1353 unaquaeque
1566 1312 1676 1343 classis
1688 1313 1792 1342 distriu

1078 1358 1222 1387 bueretur
1251 1359 1281 1387 in
1313 1361 1332 1389 5
1361 1363 1473 1396 panes,
1506 1366 1633 1395 quarum
1661 1356 1790 1406 singulae

1077 1406 1181 1430 essent
1205 1404 1245 1431 12
1263 1400 1442 1438 ¹hominum3
1462 1400 1624 1440 quinquies
1647 1399 1726 1430 enim
1752 1401 1792 1429 12

1076 1444 1190 1474 faciunt
1205 1447 1260 1480 60,
1273 1455 1310 1474 ex
1326 1455 1389 1483 quo
1403 1454 1528 1474 numero
1543 1442 1653 1473 classis
1671 1448 1791 1473 consta-

1078 1488 1149 1517 bat:
1173 1498 1229 1517 nec
1255 1488 1337 1518 euim
1368 1487 1534 1518 verisimile
1561 1492 1609 1517 est
1631 1486 1686 1517 hos
1708 1489 1791 1517 1200

1076 1531 1226 1570 integram
1253 1541 1337 1561 suam
1363 1531 1573 1566 substantiam,
1598 1534 1652 1560 aut
1674 1530 1792 1561 reditus

1078 1585 1150 1605 suos
1165 1585 1295 1611 annuos,
1309 1575 1339 1604 in
1355 1575 1446 1614 Reip.
1460 1585 1533 1604 usus
1549 1572 1727 1609 contulisse,
1740 1573 1797 1603 sed*

1077 1625 1193 1658 partem
1224 1619 1355 1658 aliquam
1390 1623 1418 1648 et
1448 1618 1618 1657 portionem
1647 1619 1793 1648 bonorum

1076 1667 1166 1701 atque
1182 1662 1372 1692 facultatum.
1416 1660 1544 1701 Τίμημα
1560 1661 1655 1701 igitur
1668 1661 1718 1691 hio
1734 1670 1800 1690 nou

1076 1711 1123 1735 est
1139 1715 1262 1741 census,
1280 1716 1331 1735 seu
1349 1704 1524 1740 aestimatio,
1537 1715 1591 1734 seu
1608 1705 1737 1740 taxatio,
1750 1704 1796 1733 in-

1077 1753 1172 1787 tegrae
1183 1749 1362 1778 substantiae
1371 1754 1422 1778 aut
1431 1747 1564 1777 omnium
1574 1749 1732 1783 bonorum,
1742 1747 1795 1777 sed

1077 1791 1173 1830 partis
1191 1797 1304 1822 tantum
1323 1797 1354 1821 et
1372 1791 1419 1832 (ni
1437 1791 1541 1832 fallor)
1560 1792 1673 1831 quintae
1686 1790 1795 1830 partis,

1078 1835 1158 1873 quod
1178 1836 1284 1865 videor
1309 1835 1381 1865 mihi
1403 1834 1549 1874 colligere
1569 1846 1607 1864 ex
1623 1836 1693 1865 loeo
1718 1845 1794 1873 quo-

1078 1878 1147 1907 dam
1168 1879 1326 1908 Demosth.
1337 1879 1389 1908 Or.
1402 1889 1431 1907 c.
1442 1878 1562 1917 Aphob.
1578 1877 1630 1918 [Α
1642 1878 1667 1918 §.
1684 1876 1721 1916 γ’.
1713 1877 1795 1917 .]δῆ-

1079 1926 1124 1950 λον
1141 1920 1196 1959 μὲν
1210 1920 1295 1951 τοίνυν
1315 1921 1360 1950 καὶ
1387 1920 1418 1950 ἐκ
1437 1921 1544 1951 τούτων
1561 1919 1627 1951 ἐστὶ
1643 1934 1676 1952 το
1691 1919 1799 1955 πλῆθος

1079 1966 1129 1999 τῆς
1144 1963 1248 1999 οὖα-ἶρις.
1269 1963 1470 1994 vra-reumata
1490 1970 1550 1993 τα)
1553 1965 1640 1995 άντων
1660 1965 1715 2005 γεῖς
1733 1963 1796 2004 τρία

1079 2008 1213 2036 τάλαντα
1228 2006 1362 2046 τίμημα·
1377 2006 1485 2037 ταύτην
1500 2006 1586 2046 ἦξίουν
1601 2008 1735 2049 εἶσφὲξειν
1750 2009 1800 2039 τὴν

1079 2051 1220 2092 sio-<pogium
1233 2050 1388 2092 manifesta
1400 2055 1438 2080 est
1453 2051 1613 2091 igiturper
1623 2062 1656 2082 ea
1668 2062 1730 2092 quae
1740 2062 1796 2081 au-

1080 2095 1164 2124 distis
1177 2094 1348 2124 relictarum
1361 2093 1641 2135 niihijbrtittiaritm
1657 2096 1748 2134 copia,
1760 2096 1798 2124 si-

1081 2139 1195 2178 qnidem
1210 2140 1247 2168 15
1260 2138 1434 2167 talentarmn
1446 2147 1560 2167 censum
1574 2140 1594 2168 3
1606 2139 1730 2178 talenta,
1741 2139 1798 2168 col-

1082 2181 1231 2211 lectionem
1243 2191 1301 2210 meo
1316 2182 1427 2211 nomine
1425 2179 1613 2221 jaciendum,
1621 2188 1799 2212 censuerunt

1082 2231 1190 2255 tutores
1202 2225 1267 2259 mei,
1278 2229 1338 2257 etc.
1361 2224 1437 2254 Cum
1451 2234 1524 2262 ergo
1539 2225 1797 2255 Dem-facultates

1084 2278 1155 2298 suas
1173 2270 1212 2298 15
1227 2268 1370 2297 talentum
1388 2267 1483 2297 fuisse
1499 2278 1538 2297 ex
1554 2278 1590 2298 eo
1606 2275 1797 2307 argumenta—

1083 2316 1142 2347 tur,
1157 2312 1238 2351 quod
1250 2311 1347 2341 trihus
1357 2311 1479 2341 talentis
1490 2321 1599 2341 census
1608 2311 1716 2350 sueri13
1730 2312 1799 2342 hinc

1082 2355 1205 2384 omnino
1241 2353 1387 2393 sequitur,
1419 2354 1521 2394 quinta
1551 2365 1647 2385 annun
1682 2361 1796 2385 tantum

1082 2403 1168 2437 parte
1185 2399 1332 2427 bonorum
1346 2408 1454 2427 censos
1470 2398 1566 2428 fuisse
1580 2398 1665 2428 cives
1679 2400 1797 2429 Atticos

1083 2443 1134 2471 113.
1156 2452 1183 2471 a.
1201 2443 1256 2472 5ta,
1274 2446 1350 2480 part.
1373 2446 1421 2471 est
1441 2443 1495 2471 τῶν
1517 2444 1569 2472 15.
1593 2446 1619 2471 1.
1645 2442 1722 2482 [sic]
1746 2443 1804 2481 qui

1081 2482 1180 2524 quinis
1190 2484 1311 2514 talentis
1322 2485 1404 2514 censi
1418 2485 1447 2514 in
1456 2484 1559 2524 capita
1567 2485 1721 2516 dicuntur.
1740 2487 1799 2516 Per

1080 2527 1204 2569 τίμημα
1220 2530 1270 2561 τῆς
1283 2528 1379 2569 χώςας
1395 2528 1491 2558 intell.
1506 2538 1606 2558 census
1617 2530 1704 2559 totins
1718 2530 1798 2559 Atti-

1083 2583 1121 2602 cae
1136 2572 1274 2613 regionis,
1290 2583 1345 2600 non
1363 2572 1447 2601 urhis
1469 2576 1586 2601 tantum
1602 2572 1801 2602 Athenarum.

1083 2616 1204 2646 Census
1230 2615 1307 2644 enim
1339 2614 1440 2653 ipsius
1469 2614 1553 2644 urbis
1580 2616 1711 2654 primum
1742 2626 1799 2645 non

1083 2659 1142 2689 nisi
1166 2661 1226 2689 130
1243 2658 1388 2688 talentum
1408 2658 1480 2688 fuit:
1506 2668 1574 2698 quae
1591 2664 1690 2689 tamen
1715 2665 1800 2698 post-

1085 2714 1121 2732 ea
1156 2702 1199 2732 ita
1236 2702 1323 2731 auxit
1352 2702 1484 2738 fortuna,
1518 2706 1551 2731 ut
1588 2704 1652 2732 400
1683 2702 1801 2733 fierent.

1085 2746 1238 2784 Locuples
1261 2745 1351 2783 hujus
1373 2746 1417 2775 rei
1441 2744 1528 2774 testis
1553 2745 1641 2774 Dem.
1664 2746 1693 2774 in
1718 2746 1801 2775 Phil.

1083 2796 1119 2820 Δ.
1131 2800 1161 2828 p.
1176 2790 1249 2820 237.
1263 2793 1313 2820 15.
1324 2787 1377 2818 ’Ἦν
1388 2787 1499 2818 ωοτόὗ
1514 2789 1608 2818 πάλαι
1622 2793 1680 2817 etc.
1705 2789 1797 2819 Aliud

1086 2833 1181 2872 igitur
1189 2831 1311 2871 τίμημα
1328 2834 1379 2866 τῆς
1392 2832 1500 2873 χώξας,
1517 2831 1598 2861 aliud
1614 2830 1738 2871 τίμημα
1750 2834 1802 2866 τῆς

1086 2875 1203 2908 πέλεως,
1214 2886 1382 2914 quanquam
1398 2876 1453 2903 hoc
1464 2875 1590 2904 fortasse
1607 2874 1637 2903 in
1655 2875 1707 2904 ilio
1718 2886 1799 2905 com-

1083 2919 1281 2958 prehensum,
1298 2924 1330 2948 ut
1346 2929 1416 2958 pars
1434 2917 1462 2947 in
1476 2922 1560 2947 toto:
1585 2922 1617 2947 ut
1632 2918 1710 2948 enim
1727 2919 1801 2948 urbs

1086 2963 1274 2992 Athenarum
1300 2961 1329 2991 in
1358 2961 1481 2999 regione
1507 2960 1608 2990 Attica
1632 2961 1692 2990 sita
1717 2961 1802 3002 (opi-

1085 3005 1166 3042 nor),
1184 3016 1296 3035 census
1313 3004 1491 3044 reditusque
1509 3003 1594 3034 urbis
1611 3003 1640 3033 in
1652 3014 1743 3034 censu
1757 3015 1802 3034 re-

1084 3049 1184 3087 gionis
1206 3048 1342 3078 inclusus
1361 3052 1390 3078 et
1408 3052 1585 3084 contentus,
1610 3047 1652 3077 ita
1669 3051 1700 3077 ut
1715 3050 1801 3078 4000
