1931 3322
0 3177 19 3322 ζ’·
0 3139 15 3153 ζ

446 211 510 254 IN
544 208 951 252 PHILIPPICAM
988 209 1070 250 DE
1102 209 1278 252 PACE.

129 318 189 353 Βεῒν
197 317 359 360 ἐπιθυμεῖν]
382 318 509 358 Oppida
525 317 656 348 Boeotiae
677 321 759 353 sunt,
772 326 842 356 quae

130 361 268 392 Thebani
290 362 371 391 bello
397 361 548 392 Phocensi
569 361 741 391 amiserant.
786 361 843 389 Est

129 410 162 435 et
181 404 389 434 Orchomenus
416 405 577 434 Arcadiae:
602 415 657 434 nec
681 413 738 433 non
766 403 843 432 alius

129 447 161 477 in
175 448 342 478 Thessalia.
367 448 571 487 Appollonius
596 447 665 487 [lib.
682 447 746 476 111.
767 447 841 476 0265.

131 501 156 520 s.
159 491 173 542 ]
189 502 219 520 τι
212 489 259 520 ’δέ
274 502 319 521 κεν
331 490 412 520 πόλιν
427 489 616 532 Ὂξχομὲνοιο,
633 489 660 525 ὂ’ς
675 501 719 523 τις
730 487 766 518 δ’δ’
782 486 843 528 ’-Ος

129 533 209 574 χόμ-
199 543 269 571 ενος;
291 534 357 564 haec
375 535 493 564 Medeae
508 534 641 573 quidam,
667 543 735 572 quae
753 537 844 570 capta

129 586 232 606 amore
245 577 364 608 Iasonis
380 577 489 607 illum
481 587 511 606 ιιι
528 575 718 607 Thessaliam
735 585 843 614 seque-

130 621 228 650 batur.

175 662 231 702 [P.
247 663 321 694 159.
335 664 384 693 ed.
399 662 458 702 D.]
474 679 518 684 —
533 665 585 692 11.
603 660 744 692 Φίλιππον
757 659 844 691 τοίνυν

128 705 202 739 τινὲς
215 705 272 746 μὲν
285 707 422 745 τολμῶσι
438 704 543 745 λέγειν]
567 704 751 745 Occupatio‚
777 703 844 743 ‘⁷¹55-

128 747 226 785 ληψις.
251 753 283 778 at
307 749 387 779 enim
409 749 549 779 Thebani
573 759 632 779 non
658 752 728 778 sunt
753 747 844 777 amici

128 792 288 831 Philippo.
310 802 370 822 non
386 792 469 822 enim
483 790 584 822 libens
609 791 669 822 illis
691 790 845 821 concessit

129 834 358 865 Orchomenum
386 839 418 865 et.
440 835 623 872 Coroneam,
645 835 700 865 sed
714 834 844 865 invitus.

127 877 230 917 itaque
248 878 277 908 ei
292 879 406 909 nullam
429 889 520 918 opem
536 883 642 909 contra
657 888 713 908 nos
733 878 844 912 ferent,

129 920 156 951 si
182 922 330 961 postulet.
353 922 430 952 hanc
455 921 603 952 ἀντίθεσιν
628 920 780 961 Ulpianus
804 921 846 950 ait

129 975 198 994 esse
211 964 270 994 ἀπὸ
286 967 336 995 τοῦ
351 965 480 995 δυνατοῦ.
500 976 593 1004 posse
603 965 684 995 euim
698 963 844 1004 Philippo

128 1007 233 1038 resisti
246 1011 331 1038 tanto
344 1008 480 1044 facilius,
498 1008 525 1038 si
537 1008 624 1038 illum
639 1007 774 1038 Thebani
786 1018 844 1037 non

125 1050 273 1089 juverint.
317 1051 380 1082 Sed
396 1052 460 1082 fere
475 1056 541 1081 tota
560 1051 659 1082 oratio
680 1050 789 1081 nititur
803 1050 847 1091 τῷ

128 1092 315 1135 συμφέροντι,
342 1095 424 1135 quod
440 1095 631 1134 praecipuum
644 1098 737 1134 capnt
752 1099 800 1124 est
815 1094 846 1123 in

131 1138 290 1168 suasoriis.
312 1148 372 1168 non
392 1138 524 1178 expedit
547 1138 661 1168 bellum
687 1137 845 1177 suscipere

130 1190 201 1210 cum
214 1181 360 1221 Philippo
375 1185 437 1210 tam
450 1181 548 1211 levem
559 1181 599 1210 ob
613 1190 748 1211 causam.
763 1180 845 1218 peri-

130 1223 269 1254 culosum
281 1228 339 1259 est,
353 1229 386 1254 nt
401 1224 464 1254 dici
480 1224 571 1259 solet,
581 1222 703 1264 σφηκίαν
715 1221 846 1264 ἐρεθίζειν,

127 1266 249 1297 irritare
264 1267 427 1297 crabrones.
442 1268 497 1298 sed
505 1267 693 1298 admiscetur
708 1267 798 1297 etiam
813 1266 846 1297 τό

128 1308 250 1340 δυνατόν.
267 1319 327 1340 non
339 1321 504 1351 possumus
519 1310 565 1340 illi
579 1311 738 1346 resistere,
755 1315 786 1340 et
800 1314 846 1340 tot

128 1352 308 1384 civitatibus
315 1354 498 1393 conjunctis,
507 1364 635 1394 quarum
646 1353 845 1384 offensionem

132 1397 357 1427 contrahemus.

172 1440 302 1470 —ibid.
329 1438 477 1470 Φίλιππόν
497 1451 570 1475 τινες
587 1442 723 1480 τολμῶσι
743 1439 846 1480 λέγειν,

129 1482 165 1516 ὡς
179 1483 228 1513 οὐκ
239 1481 386 1525 ἐβούλετο]
410 1483 569 1523 Frequens
585 1482 728 1522 ἐναλλαγῆ
743 1485 845 1523 poetis

129 1529 162 1555 et
184 1526 377 1557 oratoribus:
400 1527 560 1566 multoque
583 1532 630 1557 est
661 1528 845 1567 elegantius,

130 1579 220 1608 quam
238 1569 263 1599 si
281 1569 430 1600 dixisset:
453 1569 527 1605 τινὲς
542 1572 679 1610 τολμῶσι
695 1569 796 1608 λέγειν,
810 1572 845 1606 ὡς

130 1613 180 1642 οὐκ.
202 1610 331 1643 ἔξούλετο
357 1611 509 1649 Φίλιππος.
534 1613 581 1654 [p.
611 1616 684 1644 160.
709 1615 758 1643 ed.
786 1615 826 1644 D.
830 1613 844 1654 ]

131 1656 305 1695 Sophocles
322 1655 435 1696 [Ajace
450 1658 578 1687 Lorario
593 1668 640 1686 vs.
659 1659 733 1688 838.
736 1657 751 1698 ]
764 1659 846 1686 καλῶ

131 1697 156 1728 δ’
181 1700 301 1739 ἀρωγους
323 1702 379 1734 τὰς
407 1702 518 1740 σεμνὰς
539 1699 648 1742 Ἐριννυς
669 1717 713 1723 —-
735 1699 847 1740 μαὲειν

132 1740 202 1782 ἐμὲ,

172 1799 240 1842 πςός
253 1803 308 1832 τῶν
323 1801 464 1844 Ἀτρειδῶν
479 1803 515 1837 ὡς
528 1801 682 1843 διόλλυμαι
695 1803 801 1837 τάλας.

131 1869 230 1899 invoco
241 1870 441 1908 opitulatrices
456 1871 537 1901 diras
546 1871 668 1901 ultrices
683 1881 727 1901 me
738 1872 846 1907 videre,

132 1912 169 1942 ab
193 1913 308 1943 Atridis
333 1918 370 1943 ut
395 1914 516 1953 disperii
541 1916 636 1945 miser.
681 1916 759 1954 Ajax
781 1915 847 1945 haec

132 1956 276 1986 moriens.
309 1956 355 1987 sic
380 1957 491 1987 comici
512 1958 686 1996 loquuntur.
731 1959 848 1988 Teren-

134 1999 196 2029 tius
214 1999 308 2040 [Eun.
323 2000 363 2030 V.
381 2003 413 2031 9.
426 2000 472 2041 5.]
498 2004 519 2018 “
532 2001 607 2031 scin‘
619 2011 679 2038 me,
696 2001 724 2031 in
736 2001 847 2057 quibus

133 2042 192 2072 sim
216 2043 375 2082 gaudiis?''
396 2048 437 2079 et,
467 2048 489 2062 “
504 2044 552 2074 fac
576 2055 638 2080 me,
662 2050 711 2120 nt5
721 2045 827 2075 sciam.
830 2044 848 2057 '’

134 2086 264 2116 Plautus
281 2086 328 2127 [in
347 2087 488 2124 Poenulo,
504 2089 574 2117 Act.
585 2089 630 2118 ΙΙ.
645 2098 676 2118 v.
717 2098 764 2118 ..s
768 2087 782 2128 ]

175 2149 197 2163 “
210 2146 273 2175 Sex
284 2156 381 2185 agnos
391 2147 555 2184 immolavi,
565 2158 622 2177 nec
631 2148 718 2187 potui
726 2153 827 2178 tamen

177 2189 346 2228 Propitiam
373 2191 524 2221 Venerem
553 2191 665 2227 facere,
696 2191 742 2222 uti
766 2194 849 2222 esset

220 2232 328 2264 mihi.”

136 2304 168 2330 et
183 2303 256 2339 post
269 2310 368 2340 pauca
384 2300 432 2342 [v.
447 2304 503 2333 41.
517 2301 561 2343 s.]

179 2359 246 2390 “Si
267 2360 385 2391 Hercle
407 2361 487 2392 istuc
509 2373 642 2403 unquam
659 2363 771 2394 factum
789 2367 848 2400 est,

223 2408 287 2433 tum
303 2415 351 2434 me
362 2404 510 2444 Juppiter

178 2446 299 2482 Faciat,
320 2451 355 2478 ut
381 2458 502 2487 semper
527 2449 703 2480 sacruficem
718 2454 750 2480 et
771 2460 848 2480 nun-

222 2500 314 2530 quam
326 2490 422 2521 litcm.
427 2490 447 2504 '‘

136 2557 223 2587 litare
235 2561 293 2594 est,
309 2558 391 2597 quod
407 2558 586 2599 Xenophon
596 2559 673 2589 dicit
684 2561 848 2600 καλλιερειν,

136 2599 195 2630 ἀνι-ὂ
218 2603 274 2630 τῶν
297 2603 394 2637 λιτῶν,
414 2612 433 2631 a
455 2602 597 2641 precibus,
623 2613 685 2642 quae
700 2603 850 2643 sacrificiis

135 2643 324 2680 adhibentur,
341 2648 374 2674 ut
389 2645 503 2675 Festus
516 2646 619 2676 docet.

177 2697 299 2726 -peu.
314 2687 424 2722 τούτοις
432 2687 487 2728 μὲν
499 2686 753 2729 ἐρ’ρῶσθιιιλέγω]’
754 2695 848 2719 Aer-‘rs-

136 2729 235 2769 ῗσμός.
251 2729 324 2764 τινὲς
340 2734 477 2771 τολμῶσι
486 2730 586 2770 λέγειν.
595 2732 669 2771 quid
685 2733 762 2770 ego?
785 2732 849 2762 τού-

138 2783 198 2807 τοις
233 2772 290 2813 μὲν
329 2772 468 2816 ἒρῥῶτθαι
508 2774 595 2813 λέγω,
624 2775 849 2811 ἀντανάκὶΗασις

138 2814 246 2846 Esaias
269 2815 354 2857 [cap.
370 2817 486 2848 LXVI.
510 2820 541 2849 3.
562 2817 605 2872 5.]
629 2818 678 2847 καὶ
693 2818 773 2848 αὐτοὶ
788 2817 847 2857 ἐξε-

137 2857 257 2899 λέξαντο
271 2861 327 2893 τὰς
342 2860 415 2895 ὁδοὺς
427 2861 530 2895 abaram,
554 2861 603 2891 καὶ
623 2863 663 2891 τὰ
679 2861 848 2900 Βδελύγμα-

138 2913 178 2931 τοι
203 2902 294 2932 αὐτῶν
314 2903 329 2933 ἢ
353 2901 435 2956 ψυχὴ
458 2904 550 2934 αὗτῶν
573 2903 704 2940 ἧθὲληο-ε,
726 2905 774 2934 καὶ
793 2903 848 2943 ἐγὼ

138 2943 296 2984 εκλέξομαι
319 2947 360 2976 τὲ
383 2946 588 2987 ἒμπαίγματα
613 2947 714 2978 αὐτῶν.
738 2947 797 2978 λύει
817 2947 847 2978 δὲ

138 2989 188 3019 τὴν
199 2986 345 3025 ἀντίθεσιν,
357 2989 459 3030 inquit
479 2991 641 3030 Ulpianus,
655 2990 724 3020 κατ’
739 2992 846 3029 ἀγανά-

137 3041 250 3068 κτησιν,
269 3031 306 3065 ὡς
329 3031 448 3064 εὗῆθει’
437 3034 627 3074 επιτιμησας.
641 3034 846 3075 perindignu-

1504 207 1587 250 407

875 316 991 351 tionem,
1014 321 1050 344 ut
1064 314 1192 355 samem
1214 317 1372 354 increpans
1381 325 1392 352 ,·
1422 324 1482 344 non
1507 314 1590 345 enim

877 359 978 388 omnia
999 358 1141 388 refellere
1172 360 1332 394 debemus,
1365 359 1419 388 sed
1448 356 1589 397 quaedam

877 403 1015 436 eludere,
1043 400 1068 430 si
1086 401 1167 430 levia
1183 407 1262 431 sunt.
1278 407 1309 431 et
1325 402 1414 431 simul
1430 402 1497 441 ipsa
1512 400 1590 431 ἀντί-

877 445 961 477 θεσις
979 443 1112 473 continet
1128 444 1158 472 in
1177 455 1208 473 se
1226 444 1422 480 solutionem,
1438 445 1518 483 quod
1535 445 1591 474 mi-

877 493 961 517 ratur
982 487 1102 516 illorum
1130 486 1301 522 audaciam,
1328 487 1379 525 qui
1405 488 1508 517 dicere
1532 489 1591 518 hoc

876 541 935 560 non
952 531 1144 560 verebantur.
1158 531 1246 559 Dem.
1264 530 1317 569 [de
1334 531 1411 559 mala
1422 531 1590 569 legatione,

878 584 908 612 p.
931 573 1022 614 419]
1039 571 1172 614 ἐρ’ῥῶσθαι
1188 573 1287 602 πολλὰ
1311 574 1425 612 φράσας
1444 574 1487 612 τᾷἰ
1509 575 1592 614 σοφᾷἷ

878 617 1022 657 Σοφοκλεῖ.
1068 617 1182 655 Egerat
1215 615 1392 650 AEschines,
1419 626 1510 654 quum
1543 628 1592 647 es-

878 665 923 690 set
939 661 1176 700 τξιτάγωνιστῆς,
1202 660 1364 688 Creontem
1385 658 1414 687 in
1435 659 1591 697 Antigona

878 703 1053 744 Sophoclis,
1068 704 1097 732 in
1115 713 1173 742 qua
1187 702 1264 742 ῥῆσις
1279 706 1327 732 est
1341 700 1466 741 egregia
1478 702 1593 732 Creon-

878 746 918 776 tis
942 748 980 776 de
1003 746 1110 786 patriae
1134 747 1272 775 caritate.
1301 744 1348 784 [p.
1364 747 1438 775 161.
1464 745 1513 774 ed.
1531 744 1591 787 D.]

878 801 969 829 quam
985 790 1207 819 Demosthenes
1224 789 1373 828 integram
1387 787 1511 818 recitari
1523 790 1593 827 jus-

878 833 965 863 sitin
981 833 1035 863 illa
1059 832 1265 868 accusatione,
1288 832 1369 872 quod
1388 831 1441 861 vix
1462 842 1593 870 unquam

879 877 953 906 alias
974 876 1064 906 fecit:
1087 887 1144 906 nec
1167 876 1278 906 Cicero
1306 885 1408 914 saepe:
1432 875 1595 905 AEschines

879 921 1072 960 ἀπειροκάλως
1099 920 1226 949 multum
1252 917 1351 948 utitur
1379 918 1436 948 hac
1462 923 1597 948 ostenta-

880 964 962 993 tione
970 963 1164 998 eruditionis,
1174 962 1345 1002 praesertim
1359 966 1464 991 contra
1477 961 1597 991 Timar-

879 1007 981 1037 chum.
1026 1007 1078 1036 Sic
1096 1012 1197 1036 autem
1215 1005 1441 1035 Demosthenes
1458 1009 1531 1044 post
1544 1015 1596 1035 re-

879 1050 1056 1080 citationem
1072 1049 1154 1079 illam
1172 1048 1218 1089 [p.
1235 1049 1340 1100 419]
1354 1047 1462 1078 τούτων
1486 1048 1594 1089 Aio-xi-

878 1105 922 1128 νης
936 1092 1010 1123 οὐδὲν
1031 1092 1093 1123 εἶπε
1119 1104 1185 1134 προς
1207 1091 1303 1128 αὑτὸν,
1329 1090 1356 1121 ἐν
1381 1091 1420 1121 'tii‘
1443 1092 1595 1131 πςεσβείᾳ,

878 1136 1020 1186 quamvis
1045 1146 1126 1175 saepe
1146 1136 1309 1167 actitasset
1328 1137 1513 1165 Creontem.
1538 1136 1591 1164 sed

879 1180 978 1221 patria
988 1179 1128 1219 Philippi
1142 1179 1311 1218 hospitium
1327 1182 1417 1217 atque
1429 1177 1594 1208 amicitiam

880 1223 1080 1263 antiquiorem
1098 1223 1161 1252 sibi
1183 1223 1316 1252 ducebat
1340 1227 1372 1251 et
1390 1222 1487 1261 magis
1510 1232 1595 1251 com-

880 1266 1074 1306 pendiosam,
1103 1277 1171 1306 quae
1201 1265 1373 1305 Sophocles
1407 1265 1534 1304 scripsit
1563 1271 1595 1296 et

879 1310 946 1349 ipse
966 1309 1107 1340 actitavit
1129 1309 1256 1345 oblitus,
1285 1319 1320 1339 ac
1346 1308 1468 1348 longum
1494 1309 1597 1339 valere

879 1354 989 1384 dicens
1004 1352 1162 1392 Sophocli,
1174 1353 1204 1382 in
1218 1362 1277 1392 quo
1289 1352 1347 1382 alia
1364 1357 1410 1381 est
1427 1352 1596 1383 urbanitas.

879 1401 925 1433 ut,
935 1407 990 1426 cur
1002 1397 1119 1427 Fabius
1136 1397 1311 1432 affirmaret,
1331 1395 1535 1425 Demostheni
1549 1397 1593 1425 fa-

880 1440 977 1470 cetias
1004 1439 1153 1476 defuisse,
1178 1439 1321 1480 equidem
1337 1449 1395 1468 non
1412 1439 1595 1478 intelligam,

879 1494 940 1523 quo
956 1482 1032 1513 nihil
1057 1483 1201 1513 Ciceroni
1228 1483 1351 1512 videtur
1375 1481 1514 1512 facetius.
1539 1483 1596 1512 sed

879 1527 977 1557 facete
1016 1526 1100 1556 dicta
1141 1526 1167 1556 si
1209 1526 1384 1564 quaerimus,
1426 1526 1595 1556 Lucianum

879 1571 1050 1604 audiamus,
1077 1569 1129 1608 qui
1152 1569 1247 1599 multo
1279 1569 1344 1598 sale
1370 1578 1426 1598 nos
1453 1568 1596 1600 defricat.

879 1613 932 1642 Sic
953 1612 1048 1652 igitur
1067 1612 1120 1642 ille
1143 1612 1218 1642 false
1234 1611 1340 1642 ridens
1359 1613 1531 1641 Homerum
1549 1611 1595 1652 [in

880 1657 970 1686 Gallo
987 1655 1154 1694 gallinaceo
1169 1667 1196 1684 c.
1215 1658 1245 1686 2.
1259 1659 1282 1684 t.
1302 1656 1350 1685 ΙΙ.
1365 1665 1395 1694 p.
1411 1654 1530 1695 704.‘]
1518 1667 1530 1684 ο
1546 1657 1597 1685 τοῦ

879 1698 1042 1740 Ἀχιλλέως
1053 1697 1142 1731 ἵππος·
1153 1697 1399 1738 ὁξιινξὲὂς,μιικρά
1409 1696 1530 1750 χαίρειν
1528 1699 1600 1739 <peci-

879 1754 935 1776 σας
950 1742 994 1780 τῷ
1008 1740 1227 1793 χρεμετίζειν,”
1219 1740 1336 1771 εὀ-τηκεν
1351 1740 1377 1770 ἐν
1387 1741 1474 1781 μέσον
1487 1741 1530 1781 τῷ
1544 1752 1598 1772 πο-

879 1785 962 1825 λε’μῳ
978 1784 1183 1824 διαλεγόμενος,
1197 1783 1250 1815 ἔπη
1269 1783 1322 1814 &aa
1339 1783 1483 1826 ῥαψῳδῶν.
1507 1795 1598 1825 equus

880 1828 1004 1859 Achillis
1020 1829 1180 1859 valedicens
1196 1828 1362 1858 hinnitibus
1375 1832 1435 1858 stat
1449 1829 1481 1858 in
1501 1829 1599 1860 media

880 1873 943 1902 acie
958 1873 1164 1906 sermocinans,
1190 1872 1310 1912 integra
1326 1876 1475 1901 contexens
1489 1874 1596 1902 carmi-

881 1926 931 1945 na.
976 1915 1030 1944 Sic
1042 1915 1121 1944 enim
1135 1925 1228 1944 ausus
1244 1920 1290 1944 est
1304 1914 1461 1943 Homerus
1474 1915 1598 1952 poetica

880 1958 1005 1988 licentia
1028 1958 1140 1988 facere.
1164 1957 1274 1998 ἔρρωσο,
1298 1957 1376 1993 vale,
1391 1957 1474 1996 qnod
1490 1958 1520 1987 in
1538 1959 1596 1988 fine

882 2001 1082 2041 epistolarum
1106 2000 1302 2031 adscribitur.
1325 2001 1380 2030 sed
1395 2002 1521 2031 verbum
1538 2003 1597 2032 hoc

881 2046 1038 2075 robustam
1053 2049 1145 2085 atque
1161 2044 1334 2074 athleticam
1363 2044 1501 2074 declarat
1513 2045 1596 2076 vale-

882 2089 1032 2119 tudinem.

926 2132 962 2161 P.
980 2134 1053 2162 147.
1069 2134 1099 2161 1.
1113 2130 1161 2160 καὶ
1176 2133 1226 2162 τὴν
1239 2130 1319 2170 δόξαν
1329 2131 1378 2161 τοῦ
1389 2129 1529 2170 πολέμου,
1544 2133 1595 2162 τοῦ

882 2173 966 2205 δοκεῖν
981 2173 1107 2206 azuba-ev
1115 2172 1199 2215 ‚egico
1214 2172 1372 2215 εἰληφέναι]
1397 2174 1425 2203 Ν
1429 2185 1466 2204 on
1482 2175 1599 2215 impro-

881 2218 982 2249 banda
1004 2224 1051 2249 est
1075 2218 1142 2248 haec
1171 2217 1277 2253 lectio,
1302 2217 1329 2247 si
1353 2218 1510 2257 suppleas,
1526 2229 1597 2258 quae

881 2261 995 2292 usitata
1014 2267 1062 2292 est
1087 2259 1227 2298 ἔλλειψις,
1249 2259 1329 2290 ἕνεκα
1348 2262 1398 2291 τοῦ
1418 2261 1512 2290 δοκεῖν.
1541 2263 1598 2292 sed

882 2305 1052 2345 elegantius
1069 2309 1128 2340 est,
1154 2304 1183 2334 si
1203 2304 1307 2343 legas:
1331 2305 1380 2335 τῐσν
1396 2303 1475 2343 δόξαν
1487 2305 1538 2334 τοῦ
1550 2304 1599 2334 τὸν

882 2348 1006 2388 πόλεμον
1016 2349 1102 2379 δοκεῖν
1118 2348 1141 2378 δ,
1157 2360 1186 2378 α.
1203 2358 1232 2377 κ.
1247 2347 1281 2377 εἰ.
1293 2345 1382 2387 ugia-14
1402 2345 1541 2387 πολέμου
1551 2347 1596 2387 γί-

881 2403 968 2423 νεται.
984 2402 1052 2422 cum
1075 2391 1252 2422 debellatum
1271 2396 1323 2425 est,
1335 2394 1387 2420 aut
1401 2401 1491 2430 quum
1497 2390 1599 2432 facile

881 2437 1027 2471 cernitur,
1044 2436 1095 2475 qui
1107 2435 1228 2464 victores
1228 2432 1340 2474 fictori
1354 2435 1423 2463 sint.
1439 2434 1597 2473 nosjinem

881 2479 1082 2509 reddidimus.
1093 2478 1232 2508 Tacitus:
1248 2476 1350 2517 [Hist.
1364 2476 1444 2518 HL]
1459 2481 1480 2495 ‘⁸
1492 2478 1598 2509 Ceteri

881 2522 989 2557 duces,
1017 2521 1090 2551 dum
1115 2525 1272 2561 peractum
1290 2519 1403 2550 bellum
1421 2525 1540 2560 putant,
1563 2522 1598 2551 fi-

882 2575 951 2595 nem
978 2565 1045 2603 ejus
1070 2563 1293 2602 insignivere,''
1315 2562 1361 2603 [p.
1379 2566 1452 2594 162.
1470 2565 1519 2594 ed.
1537 2565 1596 2606 D.]

882 2608 914 2637 id
944 2614 1002 2643 est,
1025 2607 1220 2646 insigniorem
1252 2607 1427 2637 reddidere.
1453 2607 1596 2647 Thucyd-

883 2651 931 2680 καὶ
946 2651 958 2680 ὅ
973 2650 1108 2689 ’πόλεμος
1122 2651 1247 2692 ταχεῖαν
1262 2649 1347 2683 ἔλαβε
1357 2648 1452 2690 κξίτιν.
1465 2651 1552 2692 [add.
1566 2653 1594 2681 Ι.

883 2694 952 2734 ⁰23]
986 2696 1074 2724 Dem.
1105 2693 1259 2734 [Epistola
1287 2694 1326 2723 de
1351 2694 1451 2723 reditu
1478 2705 1543 2730 sno,
1564 2704 1596 2733 p.

884 2739 979 2768 1163.
997 2742 1018 2766 t.
1041 2737 1087 2767 11.
1115 2737 1237 2778 Reisk]
1253 2737 1303 2771 τῖς
1319 2735 1342 2766 δ’
1361 2736 1518 2774 ἀναγκαίας
1528 2737 1596 2777 μὲν,

882 2781 1037 2819 ἀγνώμονος
1052 2779 1081 2810 δὲ
1094 2780 1197 2821 τύχης,
1216 2781 1271 2820 οὐχ
1292 2779 1328 2813 ὃς
1356 2779 1454 2809 δίκαιον
1472 2777 1514 2813 ἷν,
1528 2780 1597 2810 ἀλλ’

883 2823 918 2857 ὡς
933 2822 1076 2859 ἐβούλετο,
1097 2824 1227 2863 κρινάσης
1245 2823 1290 2852 τᾶν
1309 2822 1379 2862 ὑπὲξ
1394 2823 1443 2854 vi:
1459 2821 1597 2852 Ἐλλήνων

882 2864 1044 2906 ἐλευθερίας
1058 2867 1162 2904 ἀγῶνα,
1172 2865 1199 2896 “dv
1213 2867 1298 2905 ὑμεῖς
1312 2863 1495 2902 ἠγωνία-τισὸς,
1507 2866 1596 2896 οὗθ’ἐν

882 2911 942 2943 τοῖς
960 2912 1043 2950 μετὰ
1071 2911 1170 2940 ταῦτα,
1196 2908 1300 2950 χρόνοις
1324 2906 1454 2938 ἀπέστην
1479 2909 1531 2942 τῆς
1559 2909 1597 2943 εἷς

882 2953 961 2992 ὑμᾶς
976 2952 1087 2987 εὐνοίας.
1136 2954 1244 2992 Pugna
1268 2950 1346 2979 enim
1372 2951 1596 2989 Chaeronensis,

881 2995 911 3025 in
928 3007 985 3035 qua
1003 3001 1150 3027 certatum
1169 3000 1215 3025 cst
1232 2995 1270 3024 ‹lc
1290 2993 1417 3023 Graeciae
1441 2993 1596 3031 libertate,

881 3039 969 3068 finem
1003 3040 1074 3070 fecit
1103 3036 1291 3068 certaminis.
1316 3041 1379 3066 tum
1408 3036 1488 3067 enim
1521 3039 1594 3069 victi
