1931 3323
320 208 400 250 196
688 208 723 249 Ι.
748 209 782 250 Ι.
804 208 1029 251 REISKE

316 314 421 344 Attico
429 334 430 337 =
438 313 636 345 excessisset.

358 375 402 379 —
417 360 470 388 2⁰2.
495 358 528 388 ἂν
549 357 709 400 ἐπιείκειαν]
733 360 871 390 contraxi
887 359 917 388 in
932 370 1024 389 unum

316 400 499 431 vocabulum
512 402 699 440 ἀνεπιείκειαν,
711 404 924 438 incivilitatem,
937 403 1024 433 incle-

316 449 465 473 mentium.

361 487 434 515 846.
448 489 499 517 ΞΟ.
516 489 574 521 τοῖς
585 488 753 527 δικάζουσιν]
767 488 798 517 id
815 494 872 523 cst,
885 489 944 522 τοῖς
958 488 1026 518 ’τότε

316 527 484 567 δικάζουσιν.

359 587 403 594 —-
419 575 469 602 2²42.
493 572 576 603 πλέον
592 573 604 603 ἢ
618 574 689 602 πάνυ
704 574 830 614 πολλῶν]
857 574 949 603 verba
964 574 1026 603 duo

317 614 415 652 prima
429 626 445 644 a
462 616 547 645 libris
569 617 748 655 quibusdam
766 619 884 651 abesse,
900 621 1026 646 annota-

317 662 382 686 tum
412 663 458 687 est
483 658 512 687 in
536 659 670 697 margine
694 659 795 689 Lutet.
820 661 907 697 cujus
931 659 955 689 si
981 664 1028 689 sat

318 710 428 738 magna
459 712 551 740 penes
582 713 630 731 me
657 707 739 731 esset
763 701 928 731 auctoritas
952 702 1027 743 (non

318 743 398 772 enim
422 749 550 780 constat,
568 745 647 774 unde
666 744 726 773 illae
750 745 898 774 lectiones
922 750 1028 774 sumtae

320 786 392 821 sint,
409 797 476 825 quae
489 787 517 816 iu
535 792 620 825 parte
635 797 652 816 a
669 788 776 817 Lamb.
792 792 904 817 curatae
921 789 1030 826 margi-

321 829 352 858 ni
371 834 441 858 suut
455 829 554 865 ittitae,
564 829 751 869 dubiumque
763 834 914 868 superest,
931 832 1028 860 sintne

321 873 504 910 conjecturae
520 877 570 902 aut
588 873 706 910 Wolfii,
722 878 774 902 aut
790 873 941 909 Lambini,
960 883 995 902 an
1013 884 1029 903 e

320 915 428 944 codice
446 917 530 944 bona:
546 920 624 945 notae
640 915 796 955 repetitae)
812 916 1008 946 delevissent.

364 975 407 980 ——-
423 959 474 988 2³²5.
496 958 737 995 ἀναγνωσθεισῶν,
752 961 806 988 τῶν
819 958 875 999 μὲν
892 959 946 1000 —]
973 970 1029 988 non

322 1001 430 1031 damno
456 1001 531 1030 hanc
554 1002 726 1036 lectionem,
743 1012 847 1031 verum
869 1007 969 1032 tamen
992 1013 1030 1031 ex

322 1045 402 1080 Aug.
420 1043 492 1072 dedi
507 1045 628 1074 auctius
640 1045 725 1083 (1111(1,
741 1045 969 1083 ἀναγνωσθεισῶν
985 1044 1031 1075 ἐπὶ

322 1087 363 1127 ’τῇ
376 1085 445 1128 δίκη,
460 1097 506 1115 και
524 1087 638 1123 τούτων,
653 1090 707 1117 τῶν
720 1098 760 1127 με
750 1099 785 1118 -ν,

366 1147 409 1151 -—
424 1140 494 1168 pen.
516 1131 595 1170 παξόι
609 1131 674 1173 του]
690 1131 812 1161 correxi
829 1133 906 1171 παρὰ
921 1130 1030 1168 τούτου

324 1173 362 1201 ab
379 1172 436 1201 hoc
451 1174 591 1211 Apliobo.

368 1217 495 1246 847.1.
523 1218 603 1247 ἀλλὰ
628 1216 748 1258 ταύτην]
779 1217 898 1246 correxi
926 1216 995 1246 aim?
1019 1217 1033 1248 ἢ

323 1258 442 1294 ταύτην,
458 1260 539 1297 quod
552 1266 597 1290 est
613 1260 710 1298 magis
725 1260 872 1291 Atticum.

368 1319 412 1324 —
424 1305 453 1332 4.
470 1301 632 1343 ἐλογιζόμην
645 1304 785 1333 τοσοῦτον.
801 1304 829 1333 οὐ
845 1303 898 1343 γὰρ
912 1303 969 1343 —]
992 1304 1035 1333 vi-

325 1345 415 1375 detur
426 1346 594 1382 SETdeesse,
613 1351 644 1376 ut
657 1345 950 1386 511ε-ἐλογιζόμην,
966 1357 1036 1376 τοσ-

326 1389 413 1422 οῦτον,
427 1388 476 1419 δεῖ.
499 1388 527 1418 οὗ
549 1391 602 1429 γὰρ
615 1408 657 1411 -
674 1395 790 1419 tantum
805 1390 893 1420 abest.
909 1391 938 1418 h.
955 1400 983 1419 e.
998 1400 1035 1419 ne

327 1431 358 1461 in
375 1436 505 1461 mentem
523 1433 644 1470 quidem
662 1432 735 1462 mihi
752 1433 836 1463 venit
852 1434 909 1463 hoc
925 1434 1036 1462 facere.

370 1493 414 1497 ——
433 1478 464 1506 6.
489 1475 673 1516 ἀκούσαντες]
704 1476 806 1505 malim
836 1476 978 1510 ἀκούοντες
1007 1476 1036 1505 111

326 1518 483 1556 praesenti.
527 1519 578 1548 Sic
594 1519 673 1548 enim
689 1519 863 1557 loquuntur.
886 1523 918 1549 ut
932 1520 954 1548 oi
972 1517 1038 1548 τότε

328 1560 498 1600 δικάζοντες,
513 1572 569 1590 11011
585 1563 761 1595 δικάσαντες.

371 1622 414 1627 -—
436 1608 466 1634 7.
502 1607 557 1633 τῶν
591 1603 852 1645 ἐπιγεγραμμένων
882 1602 1037 1645 ἐτίμησαν]

328 1647 472 1683 mulctam
503 1647 548 1677 illi
580 1648 751 1684 irrogarunt
781 1648 918 1684 eandem,
951 1658 1038 1686 quam

329 1701 387 1728 ego
403 1690 433 1719 in
450 1690 558 1720 libello
581 1701 649 1720 meo
672 1691 864 1721 accusatorio
885 1691 913 1721 ei
930 1690 1040 1720 iuscri-

330 1743 465 1772 pseram.

375 1794 417 1798 ——
432 1778 482 1807 13.
509 1776 595 1816 πεξῖε
585 1776 723 1817 ἑκάστου]
749 1777 780 1806 id
801 1775 1001 1818 051,πεςῖτου
1018 1774 1044 1805 ἐν

330 1814 403 1849 ἑκασ
406 1832 439 1850 τη
454 1822 509 1849 ’τῶν
522 1822 681 1860 μαρτυριῶν
694 1820 958 1860 μεμαρτηξημὲνου.

375 1880 417 1886 -
435 1865 486 1894 17.
509 1863 654 1903 ἀποκρίσει
670 1861 693 1892 δ
707 1861 955 1904 ἐπισκηψάμενος]
971 1862 999 1892 11.
1016 1873 1043 1892 e.

333 1906 357 1934 si
376 1910 548 1936 mereretur
562 1907 758 1944 exceptione,
774 1917 840 1945 quae
856 1917 912 1945 pro
929 1917 983 1935 sua
998 1916 1046 1934 re—

333 1950 499 1987 sponsione
511 1959 611 1978 0011111]
636 1949 749 1979 arbitro
773 1950 856 1979 edita
876 1949 1045 1979 venditare-

333 1996 383 2021 tur
411 2003 427 2021 a
456 2002 503 2021 me
531 1993 666 2030 meisque
692 1993 862 2027 advocatis,
891 2002 957 2022 eam
988 2002 1046 2021 non

335 2045 421 2065 suam
445 2035 688 2074 responsionem,
705 2035 759 2064 sed
785 2035 921 2065 fictitiam
942 2038 973 2064 et
994 2034 1047 2063 fal-

336 2088 399 2107 sam
417 2089 493 2108 esse.
539 2078 689 2117 Aphubus
713 2088 833 2117 nempe,
850 2078 881 2108 id
904 2079 984 2117 quod
1007 2088 1046 2107 ex

334 2121 433 2159 prima
449 2122 551 2151 harum
569 2126 673 2150 contra
685 2131 753 2150 eum
770 2122 920 2151 dictarum
937 2121 1048 2150 oratio-

335 2174 406 2193 num
422 2170 551 2200 constat,
565 2174 665 2193 coram
678 2164 792 2194 arbitro
807 2175 824 2195 a
843 2164 1049 2194 Demosthene

336 2208 375 2236 de
391 2207 544 2237 nonnullis
561 2206 750 2246 gravissimis
764 2208 983 2236 controversiae
1000 2217 1050 2235 ca-

337 2251 453 2288 pitibus
470 2261 524 2280 seu
541 2249 677 2279 articulis
693 2249 910 2289 interrogatus,
925 2260 1050 2289 respon-

337 2294 436 2330 derat,
452 2303 548 2332 puero
574 2292 789 2323 Demosthenis
813 2294 921 2322 scribae
945 2297 1049 2332 partes

339 2340 460 2375 agente,
476 2342 507 2365 et
522 2337 559 2366 ab
579 2336 709 2375 Aphobo
726 2336 808 2365 dicta
828 2346 955 2375 quaeque
972 2336 1050 2365 cala-

338 2390 389 2409 mo
413 2379 596 2418 excipiente.
641 2379 703 2409 Sed
727 2379 873 2418 Aphobus
901 2380 979 2409 hanc
1003 2389 1049 2409 re-

340 2423 534 2460 sponsionem
550 2422 732 2452 infirmatum
756 2422 820 2452 ibat
841 2423 898 2451 hao
920 2432 1051 2452 excusa-

339 2465 436 2501 tione,
453 2465 583 2495 scribam
600 2475 698 2504 neque
714 2470 798 2495 recte
811 2465 968 2495 audivisse
984 2475 1001 2494 a
1018 2475 1051 2495 se

341 2508 437 2543 dicta,
450 2518 548 2547 neque
566 2508 695 2538 fideliter
711 2508 740 2537 in
756 2509 861 2538 literas
878 2508 1030 2538 retulisse.

385 2569 428 2573 —-
451 2553 501 2581 26.
538 2549 749 2592 γραμματείῳ]
787 2551 899 2581 tabella
929 2551 1053 2590 publice

341 2594 513 2633 proposita,
530 2599 562 2623 ut
579 2595 775 2632 ajudicibus,
797 2599 828 2623 et
843 2598 992 2633 quotquot
1004 2596 1054 2633 ju-

342 2633 425 2667 dicio
450 2638 641 2673 interessent,
663 2637 794 2675 spectari
809 2642 925 2676 posset,
945 2638 972 2666 in
997 2647 1056 2676 qua

344 2680 460 2718 scripta
476 2685 556 2709 essct
570 2691 684 2709 summa
698 2685 825 2710 controv
830 2681 932 2717 ersiae,
943 2682 981 2710 de
997 2691 1056 2719 qua

339 2723 498 2761 judicibus
515 2728 597 2751 essct
610 2723 664 2751 d.
640 2734 683 2751 1.(
688 2725 843 2753 inondum.

388 2769 497 2795 -017.
521 2776 600 2814 1(περι
605 2765 745 2804 τούτου]’
738 2777 798 2794 11110
816 2776 832 2794 v
836 2777 887 2795 ero
903 2766 972 2805 περὶ
989 2766 1058 2795 ταύ-

345 2784 509 2843 ’της-101111
524 2809 603 2837 enim
629 2809 664 2836 ml
688 2807 855 2848 μαξτυξίαν.
869 2809 927 2838 nisi
946 2809 970 2838 si
990 2814 1059 2848 post

344 2855 439 2890 ἀγῶνα
455 2850 580 2882 atldas‘'
564 2863 607 2881 οτι
624 2851 749 2884 ἀληθης’
739 2863 818 2887 εστι,
833 2851 879 2881 vel
898 2852 956 2881 tale
972 2852 1057 2890 quid.

346 2895 457 2925 similis
472 2900 520 2925 est
535 2905 565 2934 p.
583 2896 656 2924 848.
677 2896 726 2924 19.
741 2894 846 2924 locus:
874 2894 935 2934 ‘fregi
951 2906 980 2923 ου
993 2895 1057 2933 μά-

346 2945 439 2969 λιστα
465 2939 599 2978 προσῆκεν
624 2936 705 2976 αὐτῷ’
728 2936 774 2966 τόν
800 2937 878 2975 λόγον
904 2936 1056 2968 ποιεῖσθαι.

346 2992 414 3011 cum
431 2986 530 3011 tamen
547 2979 692 3020 μαρτυρία
708 2984 739 3010 et
754 2980 875 3014 Βάσανος
888 2990 1056 3022 praecesse-

346 3025 416 3066 11111,
433 3025 521 3055 ’1111110
533 3024 700 3054 foeminina.
727 3023 916 3054 subanditur
928 3018 970 3054 ibi
984 3025 1055 3065 πρα-

1062 207 1390 250 ΑΝΝΟΤΑΤΑ

1058 327 1136 356 γμοι.
1152 315 1219 354 (ωέρὶ
1234 327 1263 344 ου
1278 316 1463 355 πράγματος.

1102 361 1177 389 848.
1193 360 1225 389 3.
1249 356 1491 397 ὡμολόγειταῦθ’
1506 354 1598 399 ουτος]
1625 358 1693 389 scil.
1709 346 1770 388 Μί·

1058 402 1138 441 bam
1163 400 1315 431 hominem
1339 401 1469 430 liberum
1497 412 1577 438 esse,
1598 411 1667 431 cum
1690 401 1770 436 aliis,

1059 455 1127 484 qnae
1143 444 1293 483 Aphobus
1310 449 1372 473 tum
1386 444 1596 475 confitebatur.

1101 504 1144 510 —-
1155 487 1232 517 ibid.
1256 488 1305 517 τὴν
1317 484 1486 527 μαρτυρίαν]
1504 487 1598 517 Phani
1613 491 1699 526 puta,
1716 485 1771 524 qni

1060 531 1116 560 hac
1140 530 1276 560 oratione
1301 530 1488 565 defenditur,
1516 534 1547 559 et
1570 530 1770 569 reliquorum,

1061 574 1111 612 qni
1139 574 1340 608 testabantur,
1367 583 1400 602 se
1422 572 1610 609 interfuisse,
1632 583 1700 602 cum
1717 572 1768 604 A.-

1060 618 1180 656 plnobus
1201 616 1259 646 ista
1283 615 1484 645 Demostheni
1507 614 1707 655 interroganti
1723 624 1771 643 re-

1062 659 1237 698 sponderet,
1262 669 1393 697 vereque
1414 659 1468 688 illa
1491 668 1559 688 esse
1582 664 1671 697 atque
1697 657 1771 686 fide-

1061 703 1132 732 liter
1150 712 1167 731 a
1186 701 1449 732 commentariensi
1464 706 1598 742 excepta
1621 706 1652 731 et
1672 699 1771 730 literis

1062 745 1250 784 consignata.

1106 806 1148 810 -
1164 790 1194 818 6.
1211 786 1279 816 ἀλλ’
1292 786 1408 827 ἅπλῶς]
1425 787 1492 817 scil.
1509 787 1633 828 γράφειν,
1652 785 1671 816 ὶὶ
1686 785 1775 817 ἤκουε.

1064 832 1117 860 sed
1149 831 1270 860 videtur
1285 833 1413 860 verbum
1434 832 1521 869 παρῆν
1535 830 1716 860 desiderari.
1741 834 1774 859 ut
1796 858 1798 860 ,

1064 874 1104 902 sit
1119 872 1187 902 ἀλλ’
1198 875 1298 907 ἁπλῶς
1313 875 1410 913 παρῆν,
1426 874 1480 903 sed
1494 883 1529 902 ea
1542 873 1580 902 de
1591 883 1682 903 causa
1699 872 1774 908 sota,

1065 916 1115 945 vel
1132 917 1201 945 ideo
1215 917 1417 950 solummodo,
1430 916 1710 946 commentariensis
1723 916 1775 946 ille

1065 960 1137 989 adei
1140 964 1181 992 at,
1197 960 1244 988 vel
1263 960 1408 988 intererat
1427 959 1477 987 isti
1492 959 1586 994 actui,
1604 969 1663 998 quo
1678 977 1730 988 —.

1109 1020 1149 1024 -—
1166 1002 1241 1031 ibid.
1266 1001 1336 1041 ὑπὲξ
1361 995 1425 1041 τοῦ]
1456 1008 1642 1040 suspectum.
1672 1001 1776 1031 malim

1067 1056 1191 1085 prorsus
1208 1046 1325 1074 abesse.
1341 1050 1392 1074 aut
1407 1043 1488 1073 aliud
1504 1044 1676 1083 quidlatet.

1108 1106 1152 1111 —
1169 1091 1219 1118 102.
1241 1088 1294 1118 ὑπὸ
1307 1087 1421 1128 μάλης]
1439 1087 1522 1118 citat
1535 1088 1565 1118 11.
1581 1087 1601 1118 Ι.
1618 1088 1730 1118 Suidas
1747 1097 1777 1118 v.

1067 1131 1121 1161 ὑπὸ
1135 1133 1242 1170 μάλης.

1109 1193 1152 1213 -,
1168 1177 1218 1205 ⁶25,
1242 1172 1458 1213 ὁμολογούμενον
1477 1174 1511 1206 ὡς
1529 1173 1635 1214 δοῦλον]
1655 1174 1778 1204 correxi

1067 1216 1294 1257 ὁμολογουμένως
1318 1216 1417 1246 δοῦλον.
1444 1220 1511 1246 nata
1537 1222 1583 1246 est
1612 1217 1736 1256 vulgata
1759 1228 1776 1246 e

1068 1261 1283 1300 colliquatione
1316 1260 1442 1290 duarum
1482 1259 1672 1295 variantium,
1710 1271 1778 1299 quae

1069 1305 1153 1334 fuere
1169 1304 1198 1332 in
1215 1303 1313 1339 libris,
1325 1303 1355 1331 in
1367 1303 1432 1332 aliis
1447 1302 1663 1343 ὁμολογούμενον
1677 1302 1780 1338 δοῦλον,

1069 1348 1099 1377 in
1116 1347 1183 1377 aliis
1197 1345 1421 1385 ὁμολογουμένως
1436 1345 1536 1375 δοῦλον.

1112 1408 1154 1413 --
1169 1393 1221 1421 26.
1245 1388 1451 1429 ἐμαρτύρησαν,
1467 1387 1634 1430 ἐκδιδόντας]
1654 1389 1683 1418 111
1700 1390 1780 1429 Aug.

1071 1444 1116 1472 pr.
1128 1437 1174 1462 est
1186 1431 1375 1473 ἐμαρτύρησεν
1387 1430 1543 1465 ἐκδιδόντος.
1554 1437 1655 1471 potest
1667 1437 1781 1462 utrum-

1071 1488 1130 1515 qw»
1146 1476 1279 1514 probari.
1304 1474 1502 1515 ἐμαρτύρησεν,
1527 1476 1594 1505 scil.
1619 1475 1795 1514 Apliobus‚'

1072 1525 1123 1549 aut
1146 1519 1158 1549 ὁ
1182 1518 1302 1554 Μιλύας,
1325 1518 1337 1548 ὁ
1361 1516 1509 1558 ἐλεύθερος.
1534 1516 1689 1554 ἐκδιδόντος,
1713 1519 1784 1548 scil.

1071 1561 1154 1601 ἐμοῦ.
1197 1562 1259 1591 Sed
1288 1566 1319 1591 et
1350 1561 1474 1599 vulgata
1501 1566 1604 1599 potest
1632 1566 1783 1594 constare.

1075 1605 1198 1635 Praetuli
1216 1610 1313 1634 tamen
1327 1604 1487 1634 lectionem
1506 1604 1688 1644 Augustani.
1704 1615 1735 1634 v.
1750 1615 1783 1644 p.

1075 1651 1148 1679 850.
1161 1650 1210 1678 19.
1221 1653 1251 1678 et
1262 1650 1312 1678 21.
1323 1648 1397 1686 Leg.
1405 1657 1531 1676 censeo:
1544 1646 1692 1684 ἐκδιδόντος
1702 1646 1784 1688 ἐμοῦ,

1075 1692 1123 1722 οὒκ
1138 1690 1245 1721 ἐθέλειν
1259 1692 1356 1721 τοῦτον
1370 1689 1555 1730 παραλαβεῖν.

1117 1753 1161 1757 -
1176 1744 1244 1773 pen.
1268 1734 1304 1767 ὡς
1319 1732 1418 1772 αὐτὸς]
1438 1733 1558 1764 correxi
1576 1730 1611 1763 οἷν
1625 1734 1721 1768 αὐτός.
1747 1735 1786 1765 de

1076 1778 1140 1807 illis
1156 1777 1345 1807 solummodo
1359 1777 1451 1806 rebus
1467 1781 1551 1806 certo
1567 1787 1623 1816 per
1640 1782 1789 1808 tormenta

1078 1826 1227 1855 constare,
1239 1821 1278 1850 de
1294 1819 1405 1858 quibus
1422 1825 1571 1855 constare,
1582 1826 1611 1849 et
1623 1831 1689 1859 quae
1705 1826 1791 1851 certa

1079 1869 1170 1903 atque
1187 1868 1251 1894 rata
1267 1873 1346 1898 esse,
1359 1861 1410 1891 ille
1428 1863 1494 1901 ipse
1511 1863 1587 1899 vult,
1609 1869 1639 1893 et
1660 1865 1727 1903 ejus
1743 1864 1790 1895 in-

1080 1913 1184 1938 terest-

1123 1950 1232 1979 --1111.
1248 1949 1307 1988 περὶ
1324 1947 1352 1978 δὲ
1367 1946 1402 1977 αὖ
1414 1951 1492 1978 τινῶν
1507 1947 1535 1978 οὗ
1545 1948 1654 1989 σαφὴς]
1671 1950 1709 1980 de
1723 1950 1793 1990 qui-

1081 1995 1138 2023 bus
1155 1994 1196 2023 nil
1213 1996 1363 2027 constare,
1379 1995 1409 2021 et
1426 2002 1492 2029 quae
1507 1992 1601 2022 dubia
1614 1998 1703 2032 atque
1719 2004 1793 2023 con-

1083 2044 1221 2066 troversa
1248 2045 1367 2064 manere
1397 2034 1449 2064 ille
1478 2035 1553 2070 vult,
1577 2041 1607 2065 et
1629 2047 1696 2076 quae
1725 2038 1792 2076 ejus

1082 2077 1211 2109 interest
1226 2078 1387 2117 supprimi,
1398 2077 1437 2106 de
1455 2078 1499 2107 his
1514 2082 1628 2110 certum
1646 2080 1719 2119 quid
1735 2090 1792 2109 non

1083 2127 1241 2152 constare:

1127 2168 1200 2196 849.
1231 2168 1260 2195 1.
1297 2163 1403 2194 ταύτην
1431 2165 1480 2194 ἰ’ἠν
1507 2161 1679 2205 μαρτυρίαν]
1709 2165 1792 2203 (111οὰ

1085 2208 1208 2238 Phanus
1221 2208 1328 2243 edidit,
1342 2212 1373 2236 et
1388 2206 1535 2244 Aphobus
1551 2207 1617 2236 falsi
1633 2208 1732 2246 arguit
1749 2213 1793 2238 at-

1083 2262 1142 2290 que
1157 2255 1323 2291 oppugnat,
1347 2251 1429 2279 idem
1451 2249 1655 2280 testimonium
1673 2251 1794 2290 Aphobi

1083 2295 1185 2328 frater,
1200 2293 1317 2328 AEsius,
1333 2292 1442 2322 edidit.

1127 2354 1169 2359 --
1191 2339 1222 2365 7.
1244 2334 1373 2376 ἔγραψα]
1402 2335 1523 2365 correxi
1553 2333 1705 2376 ἐνέγραψα.
1734 2346 1794 2366 11011

1086 2380 1275 2418 scripsissem
1302 2389 1409 2409 nomen
1436 2379 1502 2417 ejus
1525 2378 1555 2408 in
1578 2388 1703 2408 numero
1724 2377 1796 2409 reli-

1085 2433 1212 2462 quorum
1229 2422 1363 2457 testium,
1379 2432 1504 2460 quorum
1521 2422 1640 2451 nomina
1658 2422 1796 2453 subscri-

1085 2471 1138 2506 pta
1163 2470 1232 2494 sunt
1255 2465 1366 2495 tabulis
1387 2464 1460 2499 illis,
1478 2465 1588 2503 quibus
1609 2464 1797 2508 consignatae

1086 2513 1172 2540 erant
1196 2508 1413 2547 responsiones
1430 2507 1551 2546 Aphobi
1567 2508 1606 2537 ad
1627 2508 1797 2549 interroga-

1088 2553 1185 2583 tiones
1203 2551 1429 2581 Demosthenis.
1448 2561 1478 2581 ν.
1493 2561 1523 2581 v.
1541 2553 1593 2581 1⁶2.

1130 2597 1236 2624 —10.
1261 2594 1377 2635 ἑαυτοῦ]
1409 2594 1509 2633 ipsum
1537 2597 1634 2633 semet⁴
1656 2592 1799 2632 designat

1090 2643 1201 2668 orator.
1250 2639 1413 2677 Repugnat
1432 2636 1522 2676 enim,
1542 2636 1595 2672 ait,
1616 2633 1799 2675 quemquam

1092 2680 1137 2721 [11.
1162 2692 1189 2710 e.
1211 2681 1275 2721 me]
1301 2681 1435 2710 scribere
1459 2689 1547 2708 suum
1571 2679 1616 2720 [11.
1632 2689 1660 2717 e.
1680 2680 1798 2721 meum]

1091 2724 1312 2758 adversarium,
1336 2728 1366 2752 et
1388 2723 1477 2761 nujus
1500 2721 1653 2762 [Aphobi,·
1670 2723 1729 2753 mei
1745 2725 1798 2754 ad-

1094 2766 1238 2807 versarii]
1266 2767 1401 2800 fratrem,
1430 2766 1458 2794 in
1485 2765 1617 2794 test-ibus
1643 2764 1719 2801 illis,
1746 2767 1799 2805 qui

1094 2814 1290 2844 testarentur,
1308 2819 1378 2837 vera
1394 2818 1462 2837 esse
1477 2807 1541 2844 illa,
1557 2817 1626 2847 quae
1636 2807 1800 2847 Aphobum

1091 2855 1271 2892 gravarent;
1288 2852 1315 2881 si
1332 2861 1405 2881 vere
1420 2850 1503 2880 dicta
1514 2855 1545 2880 et
1558 2850 1674 2890 scripta
1689 2851 1750 2891 illa,
1760 2853 1801 2883 de

1090 2895 1201 2936 quibus
1218 2895 1287 2934 quis
1299 2897 1475 2928 testaretur,
1489 2903 1547 2922 non
1560 2893 1701 2924 fuissent.

1132 2955 1176 2961 --
1186 2940 1237 2968 11.
1249 2937 1296 2967 και
1309 2936 1410 2967 τούτου
1420 2934 1557 2988 ἀδελφὸν]
1570 2946 1627 2976 pro
1637 2936 1686 2966 καὶ
1701 2936 1801 2977 τούτου

1089 2979 1207 3020 ἀδελφόν
1224 2980 1326 3010 malim
1345 2979 1393 3009 και
1414 2991 1463 3009 του
1483 2977 1608 3010 τοιούτου
1624 2978 1755 3019 αδελφὸν,
1770 2985 1804 3009 et
1820 2999 1823 3001 -

1088 3026 1209 3056 fratrem
1237 3023 1368 3054 hominis
1395 3022 1477 3059 talis,
1503 3029 1554 3054 sc.
1574 3020 1639 3062 ἔμοι
1667 3021 1803 3064 διαφόρου,

1921 2662 1931 3083 -ᾼ-,μ-ε-*ἡ-μᾲμμζ,
1922 2630 1931 2651 L*
