1931 3323
321 214 405 255 380

323 323 404 348 nesta
419 319 520 357 specie,
537 327 645 356 nempe
663 327 699 347 ne
712 316 872 356 supplices
884 315 946 345 illis
962 313 1037 345 fuis-

325 372 358 391 se
375 361 547 397 videamur,
573 366 625 390 aut
643 360 764 390 illorum
782 360 906 399 eguisse
921 358 1037 388 auxilio

325 405 397 443 plus
412 415 500 443 quam
517 404 565 434 illi
581 408 696 434 nostro.
741 402 894 433 Aristides
919 401 1039 441 [Sicili-

327 449 392 477 ensi
406 448 431 477 1.
449 459 478 486 p.
500 451 552 478 11.
567 453 590 478 t.
606 448 652 477 ΙΙ.
665 448 714 477 ed.
731 447 835 487 Cant.]
862 443 898 479 οἷς
912 445 959 475 οὐκ
973 445 1038 474 εἴτι

327 491 495 531 πεισόμεθα
507 491 544 526 εἷς
554 490 643 521 πλείω
658 490 736 529 λόγον
747 490 804 520 ’ἥκει
818 490 943 525 σκοπεῖν,
958 489 1039 524 ἀλλὰ

326 546 356 563 τι
352 517 531 574 ’πράξαντες
546 533 572 565 ἔν
585 535 668 575 καλῷ
689 546 739 564 του
763 544 924 574 σχηματος
946 532 1026 571 εἴημε
1017 542 1040 560 -ν

326 577 369 607 ἄν.
395 578 535 608 Clemens
559 578 786 608 Alexandrinus
814 576 881 616 [προ
872 576 1041 617 τρεπτικᾷἷ,

327 631 357 659 p.
373 622 401 651 3.
415 632 439 651 3.
459 623 542 652 Pott.
545 622 558 663 ]
572 621 664 662 ἄνδρες
677 620 749 654 τινὲς
759 619 916 659 οὖκαίνδρες,
925 620 1041 649 ἀπατη-

326 664 381 700 ao),
406 665 601 707 προσχήματι
621 675 760 705 μουσικης
782 664 972 704 λυμηνάμενοι
995 660 1041 691 τᾶν

326 707 391 741 βίον.
408 708 466 742 βίος
481 715 540 745 est,
553 709 634 748 quod
650 718 705 738 nos
720 707 877 736 mnndum.
924 705 1040 735 Paulus

327 750 358 791 [l
381 751 452 781 Cor.
471 753 495 779 V
500 753 544 782 ΙΙ.
561 763 592 782 v.
606 753 658 782 31.
662 751 809 791 ]παράγει
828 749 860 779 τὸ
872 748 1040 790 σχηματοῦ

326 793 440 843 κᾷσμου
455 795 567 825 τούτου.
589 795 724 833 proetevit
747 794 851 823 mundi
871 791 962 831 hujus
981 800 1043 830 spe-

325 847 394 874 cles,
409 838 596 879 nonfigara,
615 843 647 867 ut
661 837 688 865 V
690 842 769 867 etus.
816 836 943 875 Speciem
967 845 1042 864 vero

326 881 474 918 nominat,
495 892 584 921 quam
601 880 727 911 Lucas'
719 891 751 909 ιιι
767 879 856 910 Actis
871 875 1043 918 φαντασίαν,

325 925 459 954 Ioannes
497 924 668 963 Apostolus
695 922 858 963 ἀλαζόνειαν
885 923 935 952 τοῦ
971 919 1043 953 Βίου.

325 968 453 997 Tacitus
478 967 781 1008 [Hist.1.c.13.]
807 970 828 983 “
845 975 917 995 mox
934 974 1042 1003 suspe-

327 1015 410 1040 ctum
427 1010 605 1040 Othonem
597 1021 627 1040 ιιι
639 1011 746 1040 eadem
764 1010 913 1048 Poppaea,
925 1007 956 1037 in
973 1017 1043 1045 pro-

326 1054 459 1083 vinciam
479 1054 670 1084 Lusitaniam
696 1052 800 1093 specie
815 1051 978 1091 legationis
994 1060 1043 1079 se-

324 1097 466 1136 posuit‚”
489 1108 686 1149 προσχηματι
703 1094 905 1136 πρεσξείας,(ι
909 1094 968 1124 uod
986 1103 1043 1122 sae-

325 1140 396 1179 pius
415 1145 462 1171 est
475 1139 630 1180 πρόφασις.
675 1140 858 1170 Herodotus
875 1137 946 1178 [lib.
966 1135 1041 1166 VII.

325 1185 401 1214 157.
419 1194 452 1223 p.
464 1186 539 1215 577.
555 1183 666 1214 Wess.
671 1183 685 1222 ]
701 1181 865 1232 πρόσχημα
879 1179 935 1233 μὲν
951 1179 1043 1211 ποιεύ-

323 1238 407 1265 μενος
421 1227 457 1260 ὡς
471 1226 520 1257 ἐπ’
534 1225 648 1261 Ἀθηνας
670 1225 800 1260 ἐλαύνων,
823 1223 850 1253 ἓν
865 1224 912 1263 νόῳ
929 1222 953 1253 δ’
968 1223 980 1253 ἔ
1030 1234 1042 1252 ν

325 1271 425 1300 πέίσαν
448 1272 497 1300 τὴν
518 1269 645 1300 Ελλάδα
668 1268 718 1299 ὑπ’
739 1267 834 1307 {anzi-rr?
856 1267 1019 1298 ποιήσασα

325 1323 379 1342 ιιο3
416 1312 550 1343 dicimus
577 1318 775 1344 countenance
805 1321 840 1341 or
870 1311 1043 1341 semblauce.

324 1355 373 1395 [p.
390 1358 445 1386 70.
463 1357 513 1387 ed.
533 1357 591 1398 D.]
637 1355 807 1396 Sophocles
835 1353 976 1394 [Electra
996 1364 1044 1384 vs.

367 1470 467 1509 Πατὴρ
482 1471 549 1508 γὰρ,
564 1467 636 1498 οὐδὲν
646 1468 734 1504 εἶλλο,
750 1466 795 1498 σοὶ
806 1465 960 1508 πρόσχημ’
974 1465 1028 1502 ἀεὶ,

376 1511 584 1521 ‘‘‘‘‘

324 1572 607 1613 TacitnssHistor.
624 1573 650 1602 I.
677 1584 703 1602 c.
721 1571 790 1613 19.]
815 1575 835 1589 “
853 1570 1045 1601 Censuerant

323 1620 439 1654 patres,
454 1617 620 1646 mittendos
637 1617 674 1646 ad
691 1615 906 1645 Germanicum
925 1613 1043 1644 exerci-

325 1664 389 1689 tum
403 1660 532 1699 legatos.
562 1659 712 1699 agitatum
744 1663 883 1694 secreto,
908 1668 981 1687 num
1012 1663 1044 1688 et

328 1702 404 1732 Piso
427 1703 688 1741 proficisceretur,
716 1702 831 1743 majore
857 1700 1043 1740 praetextu.’'

324 1743 373 1775 ἐπὶ
403 1744 508 1786 μείζονι
534 1746 739 1787 προσχήματι.
770 1745 908 1784 sequitur
938 1744 1042 1774 enim:

325 1793 347 1806 ‘⁶
364 1788 412 1818 illi
429 1789 640 1819 auctoritatem
656 1790 804 1824 Senatus,
828 1788 877 1818 hic
891 1788 1043 1827 dignatio-

323 1842 394 1862 nem
415 1832 547 1862 Caesaris
568 1831 716 1862 laturus-‘⁴'
763 1833 836 1862 Erat
862 1831 943 1861 enim
968 1831 1043 1861 Piso

325 1875 430 1905 Caesar
446 1877 510 1915 jam
529 1875 694 1914 adoptione
706 1876 806 1904 factus
823 1885 840 1904 a
855 1875 965 1910 Galba,
985 1875 1043 1905 hoc

324 1918 472 1957 legationi
490 1919 698 1959 dignationem
714 1918 847 1955 addidit,
864 1917 980 1957 ἀξίωσιν
994 1918 1044 1948 καὶ

324 1962 501 2004 πρόσχημα,
515 1963 597 2002 quod
611 1968 784 2001 praetentum
796 1966 898 1999 vocat,
915 1961 965 2000 qui
977 1961 1044 1991 vul-

325 2006 428 2044 gatius
445 2005 597 2046 πρόφασις.
614 2015 714 2045 neque
728 2010 803 2039 erat,
814 2006 899 2046 quod
914 2005 1043 2043 Lipsius

325 2054 500 2088 suspectum
515 2050 641 2080 haberet
654 2049 733 2079 hunc
749 2049 863 2084 locum,
879 2058 968 2088 quem
984 2059 1042 2088 ego

325 2093 479 2132 praestabo
503 2103 620 2123 sanum.
664 2093 724 2122 Sed
750 2103 837 2122 nemo
856 2091 966 2122 melius
987 2102 1043 2121 ex-

326 2136 423 2175 plicat
438 2136 499 2166 vini
514 2137 603 2175 hujus
616 2135 771 2172 vocabuli,
781 2146 871 2175 quam
887 2136 976 2165 Plato
990 2134 1044 2175 [do

331 2180 462 2218 Republ.
490 2181 531 2209 ΙΙ.
561 2190 594 2218 p.
609 2181 684 2210 365.
703 2185 725 2208 t.
747 2180 793 2209 11.
814 2180 865 2210 ed.
889 2179 998 2230 Steph.
1017 2189 1042 2210 s.

328 2229 349 2252 t.
375 2223 434 2252 VI.
472 2233 502 2262 p.
531 2224 581 2252 2&
577 2226 606 2253 ).
644 2222 730 2276 Rip]
770 2221 889 2262 πρόθυρα
913 2221 969 2260 μὲν
996 2233 1043 2251 και

327 2277 440 2308 σχημα
466 2266 562 2296 κύκλω
593 2265 655 2306 περὶ
685 2264 822 2305 ἒμαυτον,
834 2264 1046 2319 ..σκιαγραφίαν

327 2310 428 2349 ἇρετης
451 2308 668 2349 περιγραπτέον,
691 2311 740 2339 τήν
755 2307 783 2339 δὲ
799 2309 850 2338 τοῦ
872 2309 1047 2347 σοφωτάτου

326 2352 501 2405 Ἀρχιλόχου
516 2353 657 2382 ἀλώπεκα
675 2351 790 2382 ἑλκτέον
803 2351 936 2391 ἐξόπιθεν
951 2352 1047 2393 κερδα-

328 2395 396 2426 λέαν
419 2397 468 2426 καὶ
493 2396 629 2427 ποικίλην.
655 2395 788 2436 πρόθυρον
812 2401 858 2426 est
881 2395 1047 2438 πρόσχημα

328 2441 380 2474 τῆς
402 2439 497 2476 οἰκίας,
512 2439 741 2481 frontispicium
767 2444 887 2469 vocant.
932 2440 1049 2469 Seneca

329 2482 370 2513 de
396 2484 488 2512 rebus
516 2484 655 2513 externis
681 2483 736 2523 [ad
763 2482 925 2519 Helviam,
947 2493 975 2512 c.
1000 2482 1048 2523 5.]

329 2530 351 2544 ‘⁶
367 2526 455 2555 Intra
470 2526 544 2556 nihil
547 2527 700 2577 'habentia
715 2526 810 2556 fronti
828 2525 961 2556 simile.'’
976 2524 1051 2559 ἐντὸς

330 2568 403 2599 οὐδὲν
432 2568 510 2608 δ’μοιο
501 2581 525 2599 ν
547 2568 650 2610 ἔχοντα
673 2582 715 2609 τῳ
740 2581 948 2611 προσχηματι.
992 2569 1049 2598 AE-

330 2612 452 2642 schines
469 2611 586 2653 [Epist.
604 2614 670 2643 XI.
692 2624 722 2652 Ρ.
740 2615 793 2643 78.
817 2614 866 2643 ed.
884 2612 1049 2653 Sammet.]

329 2657 379 2687 τὴν
394 2654 448 2686 ὑπὸ
464 2654 627 2696 πρόσχημα
650 2654 807 2696 παῤῥησίας
821 2656 877 2686 ὅδόν
897 2657 948 2687 »τοῦ
964 2661 1052 2686 κολα-

329 2698 416 2729 κεύειν
432 2698 569 2739 ἑλόμενοι.
593 2700 675 2738 quod
697 2699 930 2730 callidissimum
957 2709 1051 2739 genus

332 2747 381 2773 est
395 2741 593 2772 adulationis.
639 2743 823 2773 Plutarchus
846 2742 893 2784 [in
915 2745 1050 2778 Caesare‚

332 2797 358 2816 c.
384 2785 455 2825 30.]
487 2785 631 2838 caes-aris,
658 2785 769 2824 inquit,
808 2786 990 2825 postulatio,
1017 2785 1052 2815 τὸ

333 2829 497 2870 πρόσχημα
526 2840 578 2862 της
604 2828 793 2867 δικαιολογίας
814 2828 948 2870 λαμπρον
976 2829 1052 2883 εἶχε.

333 2873 494 2911 Chrysost.
509 2871 672 2913 πρόσχημα
687 2873 737 2903 τῆν
754 2871 902 2905 ευσὲβειαν
917 2870 1052 2912 ποιούμε-

333 2927 368 2946 νοι
396 2916 625 2958 χρηματισμοῦ.
653 2916 737 2958 quod
762 2925 822 2945 non
848 2915 948 2955 magis
978 2916 1052 2946 olim

335 2969 425 2999 quam
440 2959 533 2989 hodie
548 2960 719 2990 factitatum
736 2963 793 2988 est.

378 3001 462 3032 Ibid.
487 3000 670 3044 τυγχάνοντα
708 3000 818 3043 ἀδείας]
840 3002 909 3031 Νο3
939 3001 1053 3031 salvum

337 3045 511 3077 conductum
527 3045 670 3077 dicimus.
716 3046 764 3077 M.
780 3045 900 3076 Tullius
919 3044 965 3086 [iu
983 3045 1051 3075 Cat.

666 209 791 251 DOU
801 207 923 251 NAEI
957 204 1440 249 PRAELECTIONES

1073 313 1138 342 111.
1157 323 1185 342 c.
1207 311 1255 352 4.]
1281 316 1302 329 “
1321 312 1482 343 introduxi
1506 311 1703 342 Vulturcium
1720 311 1787 342 sine

1073 354 1183 386 Gallis.
1210 355 1300 385 fidem
1324 356 1352 386 ei
1374 356 1527 395 publicam
1547 352 1637 395 jussu
1663 361 1788 387 senatus

1074 399 1157 429 dedi.
1171 399 1310 429 hortatus
1323 410 1403 434 sum,
1420 404 1454 430 ut
1466 409 1513 436 ea,
1529 409 1596 438 quae
1612 399 1714 435 sciret,
1723 399 1789 430 sine

1074 443 1185 472 timore
1201 443 1384 473 iudicaret.¹'
1406 443 1439 473 id
1455 447 1513 479 est,
1528 443 1622 478 ἀδεῶς.
1635 441 1693 476 δέος
1707 441 1790 473 enirn

1075 488 1173 522 timor,
1198 497 1215 515 a
1231 496 1292 525 quo
1309 486 1444 526 περιδεὲς,
1467 484 1613 526 ψοφοδεὴς.
1636 486 1720 525 quod
1735 486 1789 516 ci-

1074 540 1147 560 cero
1169 529 1218 570 [p.
1233 532 1287 560 71.
1310 531 1360 560 ed.
1376 530 1435 571 D.]
1453 529 1641 568 exprimens,
1665 532 1687 546 “
1704 529 1791 568 quic-

1075 573 1150 612 quid
1174 574 1377 614 increpuerit,
1393 573 1495 604 timeri
1519 571 1716 608 Catilinam.''
1743 572 1790 613 [in

1075 617 1143 647 Cat.
1172 619 1201 648 Ι.
1229 618 1277 659 7.]
1338 616 1427 648 Fides
1459 616 1578 657 publica
1608 620 1656 645 est
1695 614 1791 646 ἄδεια.

1077 661 1168 691 Dem.
1182 661 1254 723 qwuid
1273 664 1320 690 est
1333 660 1416 700 quod
1432 661 1555 691 domum
1569 669 1586 688 e
1602 659 1669 689 foro
1682 669 1791 689 secure

1075 704 1206 734 reditis?
1228 703 1272 734 δ’τι
1288 703 1327 746 τῇ
1333 703 1429 755 ψυχῇ
1441 702 1520 734 τοῦθ’
1538 701 1662 736 ἕκαστος
1676 700 1730 732 οἶδε
1745 713 1792 731 και

1075 746 1176 787 ἓαῤῥεῖ
1195 748 1244 777 καὶ
1267 746 1445 779 πεπίστευκε
1459 747 1498 788 τῇ
1519 745 1663 786 πολιτεία,
1684 744 1793 785 μηδένα

1076 789 1160 819 αὐτον
1182 789 1284 829 ἕλξειν,
1306 789 1383 830 μηδ’
1385 789 1506 843 ὑβριεῖν,
1529 789 1607 829 μήτε
1621 800 1793 820 τυπτησειν.

1076 831 1131 862 εἶτ’
1145 831 1225 872 ἔφ’“
1213 844 1241 863 ην
1252 833 1347 862 οἴδειαν
1361 832 1442 862 αὐτοι
1458 830 1617 872 πορεύεσθε,
1639 833 1749 863 ταύτην
1763 831 1793 862 οὐ

1077 874 1290 909 βεβαιώσαντες
1315 872 1380 914 ἐμοὶ
1401 873 1557 907 βαδιεῖσθε.
1583 874 1704 914 [contra
1730 875 1793 905 Mi-

1077 919 1172 948 diam.
1202 929 1233 956 p.
1264 917 1356 958 585]
1403 918 1521 948 Seneca
1559 917 1714 958 [Hercule
1743 919 1791 948 fu-

1076 965 1173 996 rente,
1198 971 1229 990 v.
1253 962 1326 991 651.
1351 959 1393 1001 s.]
1417 965 1439 978 “
1454 960 1510 990 vix
1533 961 1634 991 adhuc
1658 966 1723 991 tuta
1746 966 1796 993 est

1077 1004 1153 1033 fides
1170 1002 1271 1034 vitalis
1289 1014 1381 1040 aurae,
1396 1015 1466 1035 cum
1478 1004 1516 1034 ab
1526 1003 1635 1035 inseris
1647 1004 1678 1035 in
1692 1005 1795 1035 lucem

1076 1046 1202 1077 rediit.'’
1246 1047 1407 1088 Appianus
1432 1047 1533 1089 [Bell.
1556 1048 1627 1078 Civ.
1641 1049 1671 1079 Ι.
1694 1059 1722 1078 c.
1736 1051 1794 1080 77.

1076 1101 1109 1130 Ρ.
1137 1092 1212 1121 108.
1236 1096 1259 1120 t.
1291 1092 1338 1121 11.
1364 1091 1414 1121 ed.
1445 1091 1637 1133 Schweigh.]
1661 1092 1794 1123 Senatus

1077 1135 1197 1172 legatos
1213 1134 1298 1164 misit.
1312 1134 1350 1165 ad
1365 1135 1491 1170 Sullam,
1511 1134 1563 1174 qni
1584 1134 1670 1165 illum
1686 1144 1796 1166 recon-

1077 1177 1218 1208 ciliarent
1233 1177 1370 1208 inimicis
1387 1188 1422 1209 ac
1448 1179 1600 1214 dicerent,
1625 1178 1651 1208 εἴ
1663 1189 1736 1212 τινος
1761 1180 1796 1209 ἀ-

1075 1220 1217 1261 σφαλείας
1224 1219 1321 1258 δέοιτο,
1331 1221 1369 1263 τῇ
1375 1221 1464 1264 Βουλῇ
1470 1222 1610 1263 τάχιστοι
1619 1220 1800 1254 ἐπιστεῖλαι.

1023 1278 1043 1297 ι.
1077 1265 1101 1294 si
1124 1265 1177 1294 sibi
1193 1265 1320 1303 timeret,
1344 1276 1379 1296 ac
1392 1267 1578 1296 securitatem
1599 1266 1733 1306 aliquam
1747 1276 1796 1297 re-

1077 1309 1216 1348 quireret,
1226 1319 1313 1348 quam
1323 1311 1454 1347 primum
1457 1307 1579 1350 faceret
1588 1315 1722 1339 senatum
1734 1320 1797 1340 cer-

1077 1352 1189 1382 tiorem.
1205 1352 1317 1390 quibus
1327 1352 1414 1382 Sulla
1423 1353 1590 1392 respondet
1603 1363 1610 1381 ε
1635 1353 1798 1392 ἀσφάλειαν

1076 1393 1163 1429 αὐτὸς
1175 1396 1292 1435 μᾶλλον
1306 1395 1415 1431 αὐτοῖς,
1426 1396 1476 1426 καὶ
1490 1395 1549 1429 τοῖς
1564 1393 1592 1428 ἒς
1606 1395 1690 1426 αὐτον
1704 1407 1800 1426 κατα-

1077 1439 1213 1477 φυγοῦσιν
1222 1437 1249 1472 ἒς
1264 1439 1307 1469 ἀεὶ
1318 1439 1460 1479 παρέξειν,
1474 1437 1598 1479 στρατὸν
1611 1437 1686 1481 ἔχων
1702 1439 1798 1470 εὔνουν.

1079 1481 1116 1522 [l.
1133 1483 1160 1512 Ι.
1192 1492 1220 1512 c.
1245 1483 1265 1513 7
1269 1483 1316 1524 9.]
1339 1493 1386 1513 vos
1415 1482 1489 1513 mihi
1512 1482 1722 1513 securitatem?
1745 1494 1798 1524 ego

1076 1525 1154 1555 vobis
1166 1527 1273 1566 potius,
1288 1527 1474 1568 omnibusque
1488 1526 1528 1556 ad
1540 1536 1584 1556 me
1597 1525 1799 1568 confugienti-

1078 1568 1130 1599 bus
1144 1571 1176 1600 in
1190 1571 1394 1610 sempiternum
1408 1570 1560 1609 praestabo,
1571 1571 1623 1610 qui
1638 1570 1712 1600 mihi
1717 1570 1800 1611 fide-

1079 1612 1135 1642 lem
1157 1618 1245 1653 atque
1265 1614 1393 1644 amicum
1409 1613 1529 1643 habeam
1544 1614 1711 1644 exercitum.
1735 1618 1797 1654 quo

1080 1657 1173 1686 verbo
1204 1667 1264 1687 non
1294 1657 1426 1687 obscure
1457 1656 1661 1696 significabat,
1697 1657 1799 1696 inquit

1078 1706 1195 1736 auctor,
1211 1711 1245 1730 se
1260 1699 1405 1735 militum,
1420 1710 1509 1739 quam
1520 1699 1661 1734 habebat,
1676 1711 1798 1730 manum

1077 1753 1137 1772 non
1153 1743 1364 1779 dimissurum,
1381 1744 1435 1773 sed
1451 1743 1479 1772 in
1493 1743 1593 1772 animo
1614 1743 1729 1773 habere
1750 1754 1799 1773 re-

1078 1796 1182 1824 gnum.
1229 1787 1338 1823 Vides,
1357 1785 1609 1826 publicamfidem
1625 1786 1688 1815 dici
1706 1786 1798 1817 etiam

1077 1830 1252 1870 ἀσφάλειαν.
1274 1830 1445 1870 Euripides
1462 1829 1664 1870 [Phoenissis,
1681 1840 1711 1860 v.
1723 1831 1797 1862 ²274.

1077 1872 1120 1913 s·]

1079 1965 1082 1967 Α
1121 1941 1303 1982 ὢπλισμενος
1317 1941 1345 1972 δὲ
1359 1941 1466 1994 χεῖρα..
1462 1940 1534 1980 τῷδε
1548 1942 1697 1982 φασγάνῳ,

1120 1996 1162 2015 τα
1177 1984 1263 2016 πίστ’
1278 1984 1402 2026 ἐμαυτῷ
1415 1986 1466 2015 τοῦ
1483 1984 1608 2025 θράσους
1623 1985 1800 2026 παρέξομαι.

1077 2044 1110 2075 id
1122 2049 1183 2082 est,
1196 2046 1246 2076 τὴν
1261 2044 1373 2082 πίστιν,
1380 2045 1476 2086 fidem
1487 2044 1648 2084 publicam,
1659 2047 1708 2076 τήν
1722 2044 1801 2076 αδει-

1077 2099 1120 2118 αν.
1165 2088 1261 2119 Venit
1291 2089 1418 2128 quidem
1443 2088 1608 2128 Polynices
1633 2089 1665 2119 in
1691 2091 1800 2120 urbem

1078 2129 1251 2167 ὑπόσπονδος
1265 2133 1312 2162 καὶ
1328 2132 1454 2172 ξιφήρης,
1478 2132 1532 2161 sed
1550 2132 1662 2162 dextra
1684 2137 1800 2163 armata

1078 2175 1150 2216 plns
1168 2177 1195 2205 ei
1213 2176 1391 2206 securitatis
1414 2175 1515 2210 dedit,
1531 2185 1621 2213 quam
1639 2176 1716 2205 fides
1738 2186 1802 2205 ma-

1079 2219 1147 2249 tris.
1190 2217 1392 2259 Thucydides
1418 2217 1487 2258 [lib.
1504 2219 1561 2248 IV.
1585 2228 1612 2248 c.
1637 2219 1704 2260 92]
1729 2219 1802 2249 νική-

1080 2272 1185 2298 σαντες
1215 2263 1334 2313 aim-avc„
1346 2261 1372 2291 ἓν
1401 2259 1540 2302 Κορωνεία,
1569 2264 1676 2293 πολλὴν
1708 2261 1802 2291 αδειαν

1080 2305 1173 2347 μέχρι
1198 2307 1280 2337 τοῦδε
1295 2306 1334 2347 '⁷37
1347 2304 1465 2335 Βοιωτία
1476 2304 1715 2345 κατεστήσαμεν.
1738 2306 1800 2345 L)-

1082 2350 1142 2382 sias
1174 2349 1373 2390 [Epitaphio‚
1390 2359 1420 2388 Ρ.
1433 2338 1487 2378 7¹5.
1511 2354 1533 2378 t.
1549 2349 1587 2378 V.
1604 2350 1652 2379 ed.
1672 2349 1801 2390 Κθί313.]

1081 2394 1131 2424 καὶ
1154 2395 1210 2422 τῶν
1230 2390 1338 2423 παίδων
1360 2393 1401 2422 τὰ
1423 2391 1478 2431 μὲν
1493 2392 1626 2432 σώματα
1648 2392 1687 2426 εἷς
1709 2391 1802 2423 ἄδειαν

1083 2436 1282 2472 κατέστησαν,
1305 2435 1534 2475 ἀπαλλάξαντες
1556 2434 1585 2465 δὲ
1598 2436 1648 2466 τοῦ
1664 2433 1738 2470 δέους
1752 2447 1802 2465 και

1083 2482 1139 2514 τας
1161 2479 1265 2521 ψυχας
1287 2477 1494 2519 ἧλευθὲρωσαν.
1520 2477 1568 2519 [Ρ.
1592 2480 1646 2508 722.
1671 2480 1721 2516 ed.
1743 2479 1803 2520 D.]

1085 2523 1254 2554 Licentiam
1270 2533 1394 2562 quoque
1416 2522 1558 2560 poetieam
1577 2517 1667 2551 vocat
1690 2522 1804 2551 Eusta-

1085 2568 1167 2598 thius
1183 2566 1286 2596 ἄδειαν.
1333 2566 1395 2595 Sed
1411 2566 1476 2595 haec
1497 2564 1632 2618 potius)n
1620 2570 1667 2594 est
1663 2563 1807 2618 ”egone-Za.

1087 2612 1178 2641 Dem.
1195 2610 1274 2652 [περι
1286 2621 1339 2645 της
1354 2619 1484 2649 παραπρ.
1487 2608 1502 2649 ]
1527 2606 1575 2638 ἐπι
1591 2619 1628 2638 τη
1641 2608 1693 2642 τῆς
1709 2608 1810 2647 εἰρηνης

1086 2653 1199 2695 εξουσία
1212 2649 1374 2692 βαδίζοντες
1388 2652 1481 2682 ἔκεισε
1494 2641 1682 2696 διεφθείροντο.
1721 2652 1810 2681 Non-

1086 2707 1241 2738 nunquam
1269 2697 1477 2735 impunitatem
1508 2690 1671 2725 vertimus.
1725 2695 1806 2724 Hor.

1087 2741 1157 2782 [lib.
1174 2742 1202 2771 J.
1227 2740 1289 2771 Od.
1305 2742 1359 2770 17.
1375 2740 1424 2781 5.]
1449 2743 1471 2756 “
1488 2739 1616 2779 Impune
1632 2740 1733 2767 tutum
1748 2748 1807 2777 per

1086 2795 1193 2815 nemus
1211 2785 1337 2814 arbutos
1353 2785 1494 2822 quaerunt
1507 2781 1669 2810 latentes?
1690 2777 1740 2810 De
1756 2791 1807 2811 ca-

1085 2828 1177 2871 'pellis
1194 2828 1269 2857 suis.

1131 2873 1170 2901 Ρ.
1187 2873 1261 2902 139.
1277 2872 1306 2901 Ξ.
1317 2869 1366 2899 stas
1381 2867 1531 2898 διοικοῖντα
1543 2864 1678 2906 Φιλίππῳ
1691 2868 1732 2897 τὰ
1740 2864 1814 2906 παρ’

1087 2915 1101 2945 ὖ
1102 2913 1169 2956 μῖν]
1193 2914 1264 2944 Hoc
1279 2918 1329 2944 est
1344 2912 1522 2953 πράττοντα.
1558 2909 1612 2949 Sic
1625 2910 1706 2940 enim
1725 2910 1810 2940 Thu-

1056 2986 1058 2989 .
1088 2969 1126 2998 cy
1102 2928 1236 2988 ffidides:
1256 2951 1337 2986 idern
1368 2954 1403 2986 τὸ
1425 2951 1614 2994 πρυτανεύειν·
1642 2952 1702 2984 nisi
1726 2952 1808 2994 qnod

1087 3001 1147 3031 boc
1164 3000 1344 3032 translatum
1361 3009 1378 3028 a
1395 3008 1460 3038 rep.
1473 2996 1723 3041 Atheniensium.
1745 2995 1809 3025 Tri-

1089 3045 1147 3075 bus
1175 3042 1304 3076 Athenis
1327 3047 1412 3073 erant
1434 3034 1551 3082 decern.
1579 3039 1602 3070 οἱ
1629 3035 1810 3071 πεντακόσιοι
