1931 3323
333 180 417 222 416

332 287 406 322 ἓεις,
422 286 472 317 νέοι
487 286 561 322 ὅντες
572 286 593 317 οἱ
607 285 734 322 ἐπιεικεῖς
745 295 795 327 φα.
791 287 896 324 ’νονται,
906 288 953 318 καὶ
970 287 1042 326 εἰρξ-

335 331 483 361 απίιτητοι
505 330 558 360 ὑπὸ
574 333 628 360 τῶν
647 329 758 367 ἀδίκων,
784 330 837 361 ἅτε
864 333 906 371 μὴ
931 331 1041 373 ἒχοντε,
1032 343 1044 353 ς

335 373 362 403 ἐν
375 375 471 408 αὑτοις
480 373 704 413 παραδείγματα
715 374 878 412 motam-&n
892 375 951 407 τοῖς
962 385 1042 404 πονη-

331 418 398 456 ροῖς.
425 418 538 446 Contra
556 428 642 447 senes
656 417 850 459 καχύποπτοι
877 417 924 446 καὶ
945 418 1043 447 κακοή-

334 459 407 495 θεις,
422 459 513 501 vajii,
529 466 708 490 veteratore&
730 460 794 491 ’ἐστι
810 472 863 499 γαρ
878 460 1044 496 κακοέὲεια,

335 502 370 532 τὸ
385 502 433 532 ἐπὶ
449 503 481 533 τὸ
496 514 586 544 χειρον
599 504 834 544 ὑπολαμβάνειν’
827 503 951 533 εμκαστα
961 504 1041 541 quod

333 546 409 584 quid
423 546 473 583 sit,
497 547 686 577 manifestius
707 548 799 576 docet
821 548 959 576 1ὶΙιθί.ε>ῑ
976 547 1044 586 phi-

333 589 483 643 losophus
501 590 580 620 libro
604 591 669 620 ΙΙΙ.
697 588 1042 639 [Rhet.c.15.]'wr2aan

332 630 366 661 τὸ
380 644 451 662 αυτο
466 631 611 674 ἐνδέχεται
625 640 681 664 πλε
685 634 755 664 ιᾶνων
776 631 851 662 ἕνεκα
874 632 1043 673 πραχθῆναι,

331 674 377 715 ’τᾷἷ
400 676 455 716 μὲν
479 676 663 708 διαβάλλοντι
695 675 871 706 κακοηὲιο-τὲ
863 687 910 709 ε,ον
940 675 986 705 ἐπι
1013 675 1045 704 τὸ

329 720 424 760 χεῖρον
439 718 661 760 ἓκλαμΒοὶνοντ-ι,
683 719 725 756 τῷ
746 718 772 747 δὲ
789 717 972 758 ιἰπολυομένῳ
990 717 1045 748 ἐπὶ

333 761 367 791 τὸ
382 762 505 795 Βέλτιον.
531 767 564 791 ut
585 762 751 791 Diomedes
768 761 845 790 dicit
863 771 896 790 se
913 761 1046 799 elegisse

336 805 480 846 Ulyssem
493 805 686 844 potissimum
703 805 746 833 rei
760 805 901 843 gerendae
916 804 1046 838 socium,

334 850 408 887 quia
427 847 626 878 fortissimum
638 847 803 888 judicavit.
831 846 939 887 [Iliad.
956 848 998 876 X.
1016 857 1046 877 v.

335 894 410 922 243.
431 892 474 932 S.]
500 891 577 920 alius
606 891 701 926 dicet,
727 896 759 920 ut
781 890 922 928 ignavum
942 895 971 920 et
988 900 1047 919 non

334 934 477 964 aemulum
503 934 617 973 gloriae.
660 935 750 963 Dem.
777 932 830 972 [de
857 935 987 969 Corona,
1015 944 1046 972 p.

336 978 428 1017 228]
445 976 579 1011 κακοήθης
595 976 622 1007 δὲ
639 977 684 1014 ὢν,
701 975 831 1017 Αἶσχίνη,
844 978 929 1006 τοῦτο
941 987 1047 1006 παντε-

335 1022 392 1054 λῶς
402 1019 492 1056 εὔηθες
503 1019 600 1060 ᾠήθης,
615 1021 640 1050 si
656 1031 703 1050 me
719 1020 878 1050 credidisti
900 1024 983 1049 tuum
999 1031 1048 1050 οι·-

334 1063 438 1094 dinem
461 1064 491 1093 in
513 1064 657 1100 dicende,
684 1074 773 1103 quem
799 1067 830 1093 tu
858 1063 1048 1103 praesoribis,

333 1112 522 1138 secuturum.

377 1168 422 1173 -—-
437 1151 515 1180 ibid.
531 1149 685 1192 σχέτλιον]
718 1150 897 1181 Eustathius
913 1152 999 1190 ωαρᾶ
1014 1149 1047 1180 τὸ

333 1192 469 1234 σχέσθαι
490 1194 538 1223 καὶ
553 1196 654 1224 τλῆναι
670 1193 737 1224 κατ’
758 1193 929 1234 ἀντίφρασιν.
955 1196 1046 1224 Dem.

334 1236 475 1278 σχέτλιον
488 1239 542 1276 γὰρ
558 1237 590 1266 ἂν
605 1238 642 1268 ε’ίη
659 1237 743 1267 τοῦτό
754 1249 797 1275 γε.
814 1237 949 1268 τουτέστι
962 1238 1049 1268 δεινόν.

334 1280 426 1310 Unde
441 1280 648 1322 σχετλιασμός
663 1281 710 1310 καὶ
730 1279 851 1315 δείνωσις
875 1282 904 1311 in
923 1292 1049 1320 perora-

334 1323 473 1353 tionibus
504 1324 712 1363 potissimum.
757 1325 863 1356 Idem:
895 1323 1048 1365 σχέτλιος,

332 1365 436 1405 ὄόξὺς,
461 1366 509 1397 καὶ
535 1367 652 1407 ἰταμὸς,
677 1367 726 1397 καὶ
744 1367 869 1408 σφοδρός.
891 1367 1049 1404 vehemens,

333 1411 548 1450 acer,impiger
571 1421 627 1449 per
643 1411 840 1441 contrarium.
862 1410 909 1440 καὶ
935 1412 1049 1440 ἀκατά-

334 1463 443 1494 σχετος
461 1454 510 1483 καὶ
534 1453 710 1493 τολμητίας,
735 1454 746 1483 ὁ
770 1456 813 1494 μὴ
830 1453 907 1488 εἰδὼς
921 1454 1049 1495 ἀνασχέ-

334 1496 411 1526 σθαι
427 1497 475 1527 καὶ
491 1498 602 1527 τλῆναι.
616 1497 748 1539 perferre
766 1504 793 1528 et
807 1498 879 1536 pati.
908 1498 956 1538 [p.
973 1500 1047 1529 188.

332 1540 383 1570 ed.
402 1541 458 1592 D.]
481 1545 565 1570 recta
593 1546 691 1571 autem
720 1540 968 1580 significatione‘
956 1553 968 1571 o
983 1552 1050 1581 καρ-

334 1593 441 1623 τερικος
455 1584 501 1613 καὶ
518 1583 687 1621 ἀνένδοτος,’
679 1595 757 1623 ηγουν
777 1585 789 1613 ὁ
813 1597 856 1625 μη
875 1584 963 1620 εἶ’,κων
980 1583 1050 1614 ἀλλ’

333 1624 476 1678 ἐπιμένων
494 1627 644 1667 τλημόνως
669 1627 768 1667 πράξει
792 1628 846 1657 τινὶ
861 1627 997 1667 δυο-κόλου.
1015 1632 1049 1659 ut

335 1668 477 1710 σχέτλιος
490 1670 526 1708 ει,
543 1670 673 1707 'offla-eu,
681 1670 869 1705 εῑπολύτλας
881 1671 936 1704 διος
947 1669 1049 1701 '03:25-

333 1712 410 1746 σεύς.
427 1714 504 1743 Hor.
522 1714 622 1753 [Epp.
637 1714 915 1755 1.7.40.]·‘proles
928 1714 1048 1754 patien-

336 1755 377 1785 tis
402 1755 541 1794 Ulyssi,”
562 1757 775 1787 Telemachus.
793 1757 889 1786 multa
904 1757 983 1786 enim
1007 1757 1049 1786 si-

334 1797 461 1838 gnificat
489 1799 547 1829 hoc
575 1800 772 1835 vocabulum,
798 1800 854 1830 sed
879 1799 980 1829 omnia
1007 1810 1048 1831 ex

335 1841 443 1872 eadem
459 1842 590 1880 origine,
617 1843 728 1891 inquit,
744 1843 889 1879 egregius
910 1842 962 1870 ille
977 1842 1049 1872 arti-

334 1885 399 1920 fex,
410 1895 478 1924 quae
493 1883 635 1923 singula
627 1884 766 1914 mvenies
776 1885 858 1922 apud
866 1883 1053 1915 Homerum.

379 1945 424 1950 ——-
436 1930 468 1959 5.
482 1927 587 1958 οὑτωσὶ
602 1927 649 1958 ἥδη
661 1926 936 1973 προσενηνεγμένους]
957 1927 1048 1959 Dem.

335 1969 495 2012 [Philipp
514 1972 570 2001 IV.
595 1981 625 2010 p.
644 1973 716 2002 149.
721 1970 735 2023 ]
761 1969 792 1999 τί
807 1969 873 2000 ποτ’
892 1982 934 2000 ουν
953 1969 1050 2006 ἐκεῖνος

335 2015 397 2048 ’τοῖς
410 2014 509 2048 ἄλλοις
521 2014 569 2043 καὶ
579 2014 646 2054 ὑμῖν
661 2014 690 2044 οὗ
703 2013 749 2044 τὸν
758 2013 842 2043 αυτὸν
853 2013 951 2053 τρόπον
962 2025 1049 2054 προσ·-

336 2057 472 2098 φέρεταις
499 2059 598 2088 Hebr.
622 2058 704 2089 XII.
731 2057 777 2098 [v.
795 2057 843 2098 7.]
870 2058 893 2087 εἷ
923 2057 1050 2088 παιδείαν

337 2100 509 2142 ὑπομένετε,
522 2102 557 2136 ὣς
571 2101 637 2134 υἱοῖς
659 2102 728 2141 ὑμῖν
750 2098 960 2140 προσφέρεταιὸ
975 2101 1049 2137 θεός.

336 2150 372 2174 ut
385 2155 452 2175 cum
461 2145 550 2185 filiis,
575 2144 718 2174 vobiscum
744 2145 807 2185 agit
832 2143 929 2174 Deus:
952 2145 1049 2176 velut

327 2186 419 2227 filiis,
430 2198 459 2218 se
474 2189 551 2218 vobis
566 2186 647 2218 Deus
667 2186 761 2229 offert.
762 2170 877 2218 oPlato
894 2188 1048 2228 [Charmi-

337 2230 390 2267 de,
409 2241 439 2270 p.
457 2233 532 2282 1²31.
545 2236 569 2261 t.
584 2232 623 2260 V.
640 2231 689 2261 ed.
711 2231 800 2278 Βὶρ.]
819 2242 855 2260 συ
872 2230 927 2270 μὲν
942 2232 978 2266 ὡς
992 2232 1049 2271 φά-

337 2285 451 2309 σκοντος
466 2273 536 2313 ἔμου
552 2273 646 2304 εἰδέναι
662 2274 723 2314 περὶ
738 2278 774 2303 οὖν
798 2273 901 2314 ἐρωτῶ,
922 2274 1048 2315 προσ-φέ-

336 2328 367 2358 ρῃ
381 2317 446 2358 πρὸς
460 2316 525 2357 ἐμὲ.
541 2324 576 2348 tu
592 2327 702 2348 mecum
717 2318 793 2358 agis,
817 2328 899 2358 quasz
914 2328 966 2359 ego
979 2328 1049 2357 pro-

326 2361 446 2400 fiterer,
459 2371 503 2390 me
517 2363 591 2392 scire
605 2372 640 2391 ea
655 2363 763 2395 omnia,
775 2362 809 2391 de
826 2343 1048 2401 q1tib12s⁰quaero.
1073 2358 1192 2400 facere.

337 2404 479 2433 Secunda
504 2405 606 2434 tabula
627 2404 710 2443 regis
735 2404 849 2434 divinae
870 2405 971 2441 docet,
989 2407 1051 2440 πῶς

339 2445 383 2475 δει
401 2446 607 2488 προσφέρεσθαι
633 2448 676 2488 τῷ
699 2447 826 2479 πλησίον.
851 2448 987 2488 quomodo
1010 2450 1050 2479 sit

337 2491 484 2530 agendum
499 2501 566 2521 cum
576 2492 712 2531 proximo.

381 2533 509 2563 -ibid.
535 2534 597 2574 περὶ
616 2537 671 2564 τῶν
688 2533 801 2576 οἰκείων]
826 2533 986 2564 Αἶνίττεται
1001 2535 1050 2566 τὴν

337 2573 514 2615 Ἀμφίπολιν
525 2578 574 2606 καῖ
589 2589 634 2607 τον
648 2576 785 2618 Ὠρωπόν.
818 2578 883 2607 haec
896 2577 975 2607 enim
992 2588 1048 2617 op-

336 2618 411 2658 pida
426 2619 631 2650 Athenienses
647 2621 705 2651 sibi
716 2622 905 2656 asserebant,
920 2625 951 2650 et
966 2631 1049 2660 saepe

336 2661 483 2692 vindiciis
499 2662 611 2692 amissa
627 2666 824 2703 repetebant:
851 2675 906 2693 nec
925 2674 983 2694 non
1002 2664 1048 2694 in-

337 2705 432 2742 sutas,
448 2716 528 2745 quae,
546 2710 709 2746 postquam
735 2707 827 2737 maris
849 2707 979 2746 imperio
992 2718 1049 2748 po-

339 2747 387 2777 titi
403 2755 485 2785 sunt,
497 2749 527 2779 in
543 2749 664 2779 illorum
679 2755 764 2780 erant
779 2750 908 2780 ditione.

380 2803 509 2832 —pem
523 2793 571 2823 και
587 2793 832 2833 ἀναγκαιοτάτων]
859 2793 944 2830 Quid
968 2792 1048 2823 enim

335 2837 396 2864 tam
418 2836 633 2872 necessarium,
657 2846 746 2875 quain
769 2836 871 2866 victus
894 2836 1048 2876 quotidia-

336 2877 415 2907 nus?
436 2880 619 2909 frumentum
645 2883 745 2909 autem
768 2878 889 2918 navigia
904 2880 1048 2919 deporta-

337 2920 420 2956 bant,
447 2927 480 2951 ut
507 2922 663 2953 diximus:
680 2933 747 2962 quae
774 2921 928 2961 Byzantii,
955 2933 1047 2960 quum

335 2963 436 3000 pacati
470 2975 528 2994 non
559 2970 653 3000 erant,
679 2967 895 3005 exceptahant.
927 2965 1046 2996 Plinius

332 3005 403 3047 [lib.
421 3007 495 3038 VII.
513 3018 582 3048 cap.
599 3009 715 3040 XXX.
730 3020 754 3040 s.
773 3009 908 3039 XXXI.
929 3008 1046 3050 Hard.]

678 180 932 222 DOUNAEI
966 178 1443 224 PRAELECTIONES

1078 292 1097 305 ‘¹
1113 288 1172 317 Sed
1191 299 1251 327 quo
1270 293 1310 324 te,
1329 290 1372 318 M.
1388 287 1481 323 Tulli,
1502 287 1625 327 piaculo
1647 291 1761 318 taceam
1774 288 1788 317 Φ.

1079 335 1109 360 te
1127 331 1260 367 dicente,
1286 332 1385 370 legem
1412 332 1571 370 agrariam,
1597 332 1653 360 hoc
1670 335 1716 360 est
1731 331 1786 360 ali—

1077 380 1179 403 menta
1191 384 1246 403 sua
1258 375 1480 404 abdicaverunt
1499 373 1630 404 tribus.''
1653 373 1698 403 sic
1712 383 1787 413 pop.

1077 417 1288 451 Atheniensis,
1310 428 1368 456 quo
1387 428 1490 456 pacem
1507 422 1717 452 conservaret,
1733 416 1787 445 ali-

1077 468 1211 489 mentum
1223 460 1379 490 abdicavit
1393 460 1626 499 quodammodo.

1120 503 1245 533 —Ibid.
1262 504 1327 544 πρὸς
1338 504 1483 544 ἅπαντας]
1500 502 1692 544 Σύμπαντας,
1705 503 1788 531 ἀσυν-

1077 544 1258 585 αθροιστικόν,

1123 590 1175 629 [Ρ.
1201 593 1273 620 189.
1299 590 1348 619 ed.
1373 590 1430 630 D.]
1446 607 1490 612 -—-
1505 589 1580 620 ibid.
1609 588 1670 628 περὶ
1691 588 1743 621 τῆς
1764 585 1790 616 ἐν

1079 633 1201 671 Δελφοῖς
1228 634 1326 673 ο-κιὲίς]
1351 634 1555 663 Proverbium
1582 637 1628 663 est
1652 631 1713 670 περὶ
1737 631 1790 664 τῆς

1079 674 1133 705 ’όνου
1147 678 1241 709 σκιᾶς.
1255 678 1308 706 sed
1322 677 1366 706 sic
1380 678 1459 706 solet
1473 678 1561 706 Dem.
1577 683 1790 713 nonnunquam

1078 721 1248 756 μεταποιεῖν
1261 722 1316 754 τὰς
1328 718 1481 759 παροιμίας
1500 719 1555 749 ἐπὶ
1572 718 1605 748 τὸ
1617 716 1790 757 σεμνότερον,

1081 765 1114 789 ut
1128 762 1275 791 diximus.
1292 773 1348 800 per
1363 774 1395 792 se
1412 764 1492 792 enim
1518 772 1599 801 saepe
1616 767 1688 791 sunt
1702 760 1794 789 trivi-

1081 803 1144 832 ales
1162 809 1193 833 et
1205 805 1336 839 εὐτελεῖς.
1352 806 1402 834 hic
1419 811 1517 836 autem
1534 807 1620 834 locus
1633 813 1789 843 exponen·

1082 846 1139 875 dus
1157 852 1252 877 estex
1276 848 1438 885 superiori,
1458 850 1509 881 τῆς
1528 846 1656 879 Πυλαίαις
1680 846 1707 875 δὲ
1724 844 1788 875 ἐπε-

1082 887 1195 929 Θύμουν,
1209 890 1257 919 καὶ
1272 892 1328 920 τῶν
1347 890 1372 920 ἐν
1388 892 1512 930 Δελφοῖς
1523 890 1791 930 πλεονεκτημάτων,

1082 932 1151 962 δυοῖν
1162 933 1244 973 κύριοι
1258 932 1398 971 γενέσθαι.
1411 944 1478 973 quae
1490 934 1550 963 duo
1561 933 1705 971 suffragia
1719 932 1792 961 Phi-

1081 975 1169 1015 lippo
1186 986 1335 1007 concessa
1347 983 1432 1006 erant
1445 977 1703 1016 Amphictyonum
1719 985 1792 1004 con·

1082 1029 1183 1050 sensu.
1218 1020 1273 1049 sed
1290 1021 1431 1050 Thessali
1455 1020 1544 1050 reddi
1562 1020 1620 1049 sibi
1637 1019 1792 1054 volebant,

1082 1072 1179 1102 eoque
1206 1064 1299 1093 multa
1328 1063 1528 1102 indulgebant
1553 1063 1632 1102 regi,
1662 1072 1791 1101 quorum

1083 1106 1201 1136 fuerant
1240 1111 1309 1146 post
1344 1107 1537 1147 sacrilegium
1573 1105 1790 1135 Phocensium.

1083 1150 1173 1179 Dem.
1192 1150 1347 1190 [Philipp.
1362 1151 1417 1180 IV.
1436 1161 1466 1189 p.
1481 1149 1571 1189 149]
1586 1149 1633 1179 οὔκ
1646 1147 1675 1178 ’ἦν
1691 1149 1790 1188 ἀσφα-

1082 1191 1130 1226 λὲς
1144 1192 1234 1231 λέγειν
1245 1192 1270 1223 ἐν
1281 1193 1433 1232 Θετταλία
1447 1194 1487 1223 τιὶ
1503 1191 1657 1227 Φιλίππου,
1672 1193 1714 1231 μὴ
1729 1202 1792 1221 συν-

1082 1235 1278 1270 ευπεπονθότος
1301 1238 1350 1266 τοῦ
1367 1236 1494 1270 πλήθους
1508 1238 1563 1266 τῶν
1575 1237 1740 1271 Θετταλῶν,
1750 1234 1795 1273 τῷ

1083 1280 1145 1313 τοὺς
1159 1280 1299 1320 τυράννους
1314 1279 1445 1313 ἐκβαλεῖν
1464 1279 1602 1310 Φίλιππον
1622 1278 1729 1313 αὐτοῖς,
1744 1277 1793 1307 καῖ

1082 1323 1131 1353 τὴν
1157 1322 1283 1353 Πυλαίαν
1305 1323 1463 1352 ἀποδοῦναι.
1487 1322 1576 1352 reddi
1594 1332 1653 1351 non
1678 1321 1794 1361 potuit,

1083 1367 1165 1404 quod
1182 1377 1237 1396 non
1253 1370 1321 1396 ante
1342 1367 1520 1396 habuerant.
1547 1365 1629 1405 [lino
1652 1364 1794 1395 Thessali

1084 1410 1180 1439 veteri
1198 1410 1395 1450 possessione
1414 1410 1533 1439 fuerant
1547 1420 1564 1439 a
1580 1407 1793 1438 Phocensibus

1083 1453 1195 1491 dejecti
1218 1463 1345 1492 eamque
1371 1462 1553 1492 recuperare
1580 1461 1658 1481 nunc
1690 1451 1795 1480 stude-

1084 1496 1165 1526 bant.
1192 1507 1222 1527 v.
1249 1500 1365 1527 Auctor
1393 1506 1511 1533 argum.
1539 1505 1581 1525 ω’.
1613 1505 1742 1534 παραπρ.
1762 1497 1794 1523 et

1082 1538 1273 1579 VVesseling.
1301 1541 1339 1570 ad
1364 1539 1458 1569 Diod.
1487 1540 1519 1569 S.
1551 1544 1574 1569 t.
1597 1538 1643 1568 ΙΙ.
1663 1548 1695 1577 p.
1721 1538 1796 1567 129.

1082 1581 1186 1625 Beck]
1213 1584 1371 1613 Diodorus
1387 1583 1450 1613 Sic.
1478 1582 1546 1622 [lib.
1567 1582 1662 1611 XVI.
1690 1591 1717 1610 c.
1741 1583 1795 1611 60.

1083 1626 1135 1655 ubi
1159 1627 1280 1657 omnino
1306 1627 1369 1657 vid.
1386 1624 1539 1664 Wessel.]
1560 1624 1646 1663 ἔδοξεν
1670 1621 1711 1653 οἶν
1735 1635 1797 1658 τοις

1082 1668 1216 1711 συνέδροις
1235 1670 1405 1711 μεταδοῦναι
1429 1667 1564 1708 Φιλίππῳ
1579 1668 1626 1697 και
1643 1679 1704 1700 τοις
1723 1667 1796 1696 ἀπο-

1082 1712 1164 1750 φόνοις
1175 1714 1262 1743 αυτοῦ
1277 1725 1329 1748 της
1345 1710 1576 1751 Ἀμφικτυονίας,
1597 1709 1645 1739 καὶ
1670 1709 1713 1739 δύο
1738 1708 1795 1746 ψή-

1082 1762 1149 1794 φους
1165 1755 1249 1797 ἔχειν,
1272 1768 1305 1790 ας
1330 1755 1455 1796 πρότερον
1470 1755 1492 1784 οἱ
1507 1752 1797 1792 καταπολεμηθέντες

1083 1800 1189 1833 Φωκεῖς
1204 1805 1288 1841 εἰχον.
1313 1804 1344 1828 et
1360 1798 1508 1836 deinceps
1527 1796 1677 1826 Thessali.
1724 1797 1795 1826 Hoc

1083 1840 1233 1890 impedi-ie
1262 1845 1314 1870 aut
1344 1840 1426 1870 velle
1446 1840 1636 1875 rescindere,
1666 1839 1795 1879 perinde

1084 1893 1151 1912 esse
1175 1884 1227 1920 ait,
1257 1894 1292 1913 ae
1319 1883 1345 1913 si
1369 1884 1408 1912 de
1434 1885 1540 1919 umbra
1564 1883 1795 1914 contenderent.

1083 1926 1198 1956 nullius
1214 1927 1293 1956 enim
1310 1927 1348 1956 ad
1364 1937 1470 1966 pacem
1494 1930 1584 1965 atque
1599 1926 1795 1956 concordiam

1084 1979 1154 1999 esse
1169 1970 1323 2001 momenti.
1340 1971 1389 2001 τὴν
1411 1966 1630 2010 Ἀμφικτυονίαν
1649 1979 1797 1999 commune

1083 2012 1333 2053 Amphictyonum
1360 2013 1578 2052 interpretatus
1602 2023 1681 2042 sum.
1702 2013 1793 2043 Dem-

1085 2056 1158 2097 [pro
1174 2057 1304 2092 Corona,
1319 2067 1351 2096 p.
1365 2056 1456 2096 wa]
1483 2054 1530 2086 ἐπὶ
1547 2054 1634 2096 ἱερέως
1649 2055 1796 2094 Κλειναγό-

1082 2111 1137 2139 ρου,
1152 2098 1254 2140 ἐαρινῆς
1275 2098 1415 2135 Πυλαίας,
1436 2099 1509 2138 ἔδοξε
1532 2100 1591 2133 τοῖς
1607 2098 1795 2138 πυλαγόραις,

1083 2144 1132 2174 καὶ
1153 2144 1213 2177 τοῖς
1235 2142 1367 2183 συνέδροις
1387 2145 1443 2174 τῶν
1457 2141 1683 2183 Ἀμφικτυόνων,
1694 2142 1742 2171 καὶ
1754 2143 1798 2182 τῷ

1083 2187 1220 2226 κοινῷτῶν
1231 2184 1453 2226 Ἀμφικτυόνων.
1483 2186 1705 2226 Etymologus:
1728 2183 1796 2214 ἐκα-

1083 2231 1161 2260 λεῖτο
1186 2229 1213 2260 δὲ
1238 2229 1414 2270 πυλαγόρας,
1438 2231 1516 2269 παρὰ
1540 2227 1573 2258 τό
1589 2227 1615 2258 ἔν
1629 2227 1669 2268 τῇ
1682 2227 1797 2269 Πυλαία

1083 2272 1226 2313 ἀγορεύειν.
1254 2273 1334 2303 idem
1358 2273 1537 2313 ῖερομνῆμων.
1563 2270 1695 2312 ἀγορεύειν
1715 2271 1795 2302 enirn

1083 2317 1191 2353 dicere,
1216 2315 1403 2357 μνημονεύειν,
1429 2325 1596 2355 memorare,
1626 2315 1798 2345 mentionem

1239 2361 1286 2389 De
1298 2359 1378 2389 asini
1394 2360 1501 2389 umbra
1524 2362 1596 2388 nota
1619 2362 1666 2387 est
1681 2357 1795 2388 fabula.

1084 2403 1146 2433 Sed
1170 2413 1225 2433 nos
1249 2404 1414 2433 referemus
1439 2402 1530 2432 etiam
1557 2411 1598 2431 ex
1625 2400 1796 2432 Scholiaste

1083 2446 1301 2486 Aristophanis
1332 2446 1387 2487 [ad
1421 2444 1536 2486 Vesp.]
1571 2444 1796 2475 Demosthenes

1083 2495 1198 2527 noster,
1225 2500 1317 2529 quum
1340 2499 1464 2519 causam
1490 2488 1652 2528 aliquando
1677 2487 1794 2527 capita-

1082 2533 1142 2564 lem
1170 2538 1287 2572 ageret,
1308 2533 1432 2572 judices
1462 2537 1562 2562 autem
1586 2531 1796 2566 dormitarent,

1086 2575 1132 2617 [p.
1151 2578 1224 2607 190.
1238 2577 1286 2606 ed.
1302 2578 1343 2606 D.
1346 2576 1360 2617 ]
1378 2586 1477 2615 neque
1493 2578 1606 2605 attente
1624 2573 1698 2604 satis
1709 2574 1796 2603 audi-

1084 2624 1163 2657 rent,
1178 2620 1260 2659 Quin
1278 2630 1347 2655 vos,
1374 2619 1486 2658 inquit,
1502 2617 1672 2652 attenditis,
1688 2627 1706 2646 ο
1722 2616 1795 2653 viri,

1082 2674 1147 2693 rem
1163 2663 1251 2693 vobis
1269 2663 1396 2693 narrabo
1411 2661 1558 2701 lepidam.
1589 2659 1718 2690 Juvenis
1728 2660 1796 2699 qui-

1083 2707 1153 2737 dam
1173 2707 1288 2736 asinum
1305 2705 1438 2736 Athenis
1452 2706 1578 2744 Megara
1593 2703 1796 2733 conduxerat.

1083 2750 1140 2781 sed
1154 2756 1231 2780 aestu
1247 2758 1356 2787 magno
1371 2749 1495 2788 dempta
1517 2746 1644 2782 sarcina,
1663 2746 1798 2785 jumenti

1083 2793 1141 2823 sub
1170 2793 1277 2823 umbra
1302 2792 1427 2822 latebat.
1471 2790 1662 2820 Exturbatus
1693 2793 1794 2819 autern

1083 2837 1121 2866 ab
1136 2846 1278 2875 agasone,
1288 2845 1356 2864 cum
1368 2834 1485 2864 diceret
1495 2843 1527 2863 se
1538 2832 1653 2862 asinum
1664 2832 1796 2869 locasse,

1081 2890 1140 2909 non
1156 2880 1304 2914 umbram,
1321 2888 1379 2917 ego
1404 2886 1489 2912 vero,
1504 2875 1615 2915 inquit,
1633 2880 1795 2914 utrumque

1082 2922 1229 2953 conduxi.
1274 2921 1387 2951 Umbra
1409 2919 1490 2950 enim
1515 2918 1653 2958 sequitur
1667 2928 1794 2958 corpus,

1081 2967 1209 3006 ejusque
1224 2964 1383 2995 individua
1397 2967 1444 2993 est
1463 2972 1575 2993 comes.
1589 2962 1664 3002 quid
1678 2962 1791 2992 multa
1785 2961 1797 2982 Ρ

1080 3019 1120 3040 ex
1132 3009 1188 3040 bac
1201 3006 1424 3039 altercatione
1415 3017 1445 3038 in
1457 3007 1510 3046 jus
1525 3004 1601 3037 itum
1616 3009 1674 3037 est.
1714 3005 1792 3037 Haeo
