1931 3323
348 206 427 250 194

344 312 573 344 convenientem
588 314 774 354 dependere.

387 359 460 387 8:36.
474 359 503 388 3.
520 355 629 400 ἐκεῖνος]
645 364 731 398 pater
744 358 971 393 Demosthenis,
987 369 1052 388 ora-

343 400 433 429 toris.

386 459 429 466 ——
445 445 476 473 4
492 440 596 483 ωφλιν,
610 443 781 495 ἀνεβάλετο]
799 444 919 474 correxi
930 443 1057 482 ὤφειλεν,

344 483 415 519 ἓνεβ.
430 485 498 516 scil.
511 485 676 528 μαρτυρίαν.
699 487 844 517 differunt
855 485 970 526 ὀφείλειν
980 486 1039 516 et’'

344 534 433 568 φλειν.
457 528 532 559 illud
543 530 581 559 de
593 530 707 560 debitis
719 530 863 561 numatiis
878 535 1054 569 usurpatur,

344 582 412 610 quae
426 571 572 602 solvenda
586 577 676 611 sunt3
692 573 750 603 hoc
767 575 805 603 de
818 574 908 603 rebus
921 573 1053 607 acerbis,

343 623 412 653 quae
427 615 592 645 tolerandae
606 626 614 653 3
630 626 810 655 quamquam
828 616 880 646 illa
896 616 962 654 ipsa
977 616 1053 645 tole-

342 657 441 687 rantia
448 668 603 697 poenarum
612 663 658 688 est
665 661 802 698 quaedam
811 659 896 698 quasi
905 660 992 688 luitio
999 659 1052 688 de-

345 701 488 737 bitorum,
504 712 571 740 quae
584 702 653 740 quis
669 702 823 732 contraxit
833 703 896 731 suis
907 702 1052 731 moribus.

387 745 476 773 —7.
491 742 523 783 ἐξ
544 744 648 784 αὐτῆς]
671 745 768 774 visum
794 745 956 782 aliquando
984 745 1052 780 fuit,

344 791 396 815 aut
411 785 442 825 ἐξ
457 788 547 828 ἀρχῆς
562 788 623 826 leg.
635 797 716 822 esse,
731 792 784 817 aut.
800 787 923 826 ἐξαῦτις.
947 788 1053 817 eadem

345 831 507 866 sententia,
521 840 638 865 rursus,
657 829 764 859 denuo.
786 831 847 860 Sed
871 840 949 859 nunc
971 830 1053 859 arbi-

344 877 410 902 tror
425 873 585 902 tenendam
602 883 671 902 esse
684 873 851 912 vulgatum,
865 878 896 902 et
911 873 1001 907 αὐτῆς
1015 874 1051 903 ad

342 914 500 956 μαρτυρίαν
519 916 723 945 referendum.
745 926 778 946 esc
799 917 850 946 illo
875 916 1052 945 testimonio:

346 968 374 987 v.
394 958 525 988 similem
540 959 640 988 locum
657 969 688 998 p.
702 960 775 989 857.
789 961 819 989 6.
844 959 894 988 ubi
911 969 941 988 v.
959 959 1054 989 dicta.

386 1017 429 1024 --
443 1004 493 1031 11.
508 1000 522 1030 ὃ
536 1001 583 1030 καὶ
599 1001 682 1041 ἡμεῖς
695 1001 950 1042 &peccem-ovum]
966 1002 1053 1032 locus

344 1043 393 1073 hio
418 1044 492 1074 mibi
520 1050 694 1084 suspectus.
726 1056 784 1084 ego
807 1045 947 1085 equidem
974 1046 1052 1076 haud

341 1086 492 1126 intelligo.
516 1087 660 1118 videntur
675 1088 818 1118 nonnulla
833 1089 953 1118 deesse.

385 1147 429 1153 —-
443 1130 519 1160 ibid.
533 1129 615 1172 τότε]
633 1131 662 1161 in
679 1132 777 1170 prima
793 1131 923 1161 actione.

385 1191 428 1196 —-
445 1176 496 1204 12.
512 1171 668 1214 ἐξεγένετο]
687 1176 711 1204 si
732 1176 812 1204 nobis
835 1175 968 1210 licuisset,
985 1174 1051 1203 scil.

341 1220 437 1247 testes
454 1217 636 1258 producere,
652 1228 750 1257 neque
768 1219 930 1247 fuissemus
945 1218 981 1246 ub
1001 1228 1054 1247 an-

341 1259 455 1299 gustiis
476 1260 624 1299 temporis
647 1261 767 1291 exclusi
793 1272 848 1300 per
875 1261 1053 1291 insidiosam

341 1302 543 1334 calliditatem
558 1304 695 1343 Aphobi,
711 1304 762 1343 qui
778 1304 855 1334 hanc
872 1308 987 1344 partem
1004 1314 1053 1333 ac-

341 1346 511 1377 cusationis
519 1347 556 1376 ad
564 1351 732 1377 extremum
741 1347 822 1376 diem
830 1351 1055 1383 reservaverat,

341 1399 403 1429 quo
418 1390 507 1420 nobis
522 1390 618 1420 otium
635 1401 672 1420 ne
689 1395 868 1430 superesset
882 1390 1054 1429 producen-

341 1432 392 1462 dis
412 1433 543 1463 testibus
557 1433 636 1463 hanc
653 1433 833 1464 calumniam
848 1433 1011 1463 refutandi.

384 1493 428 1498 ——
444 1479 495 1507 14.
511 1476 608 1517 αὐτῷ]
623 1476 703 1516 patri
718 1487 796 1507 meo.

385 1536 429 1542 —
443 1520 496 1550 15.
512 1518 642 1560 ὤφειλεν]
665 1524 753 1559 pater
776 1529 874 1555 meuS,
890 1524 966 1555 tum,
984 1528 1053 1549 cum

341 1561 423 1592 diem
440 1572 529 1592 suum
545 1573 719 1602 supremum
736 1562 846 1593 obiret.

384 1622 427 1628 -—
444 1607 495 1636 16.
511 1607 711 1646 φανερὰ-ταὶ
727 1604 810 1646 ὄντα]
829 1606 842 1636 ἦ
857 1606 961 1645 φανερὰ
974 1603 1054 1634 οὐσία

341 1652 401 1684 est,
414 1659 504 1688 quam
519 1659 607 1678 nemo
622 1659 681 1678 non
696 1654 798 1678 cernat
809 1648 919 1684 oculis,
931 1653 964 1677 nt
977 1658 1054 1687 prae-

341 1691 406 1727 dia,
425 1691 547 1726 domus,
568 1691 684 1721 metalli
708 1691 834 1727 fodiuae,
852 1697 880 1720 et
898 1692 975 1720 bona
990 1691 1053 1720 sere

340 1733 406 1769 illa,
421 1744 489 1773 quae
502 1734 670 1764 immobilia
683 1734 777 1773 vulgo
793 1733 998 1773 appellantur.
1024 1740 1054 1763 et

341 1787 410 1816 quae
428 1777 458 1807 in
474 1788 600 1807 censum
618 1777 774 1818 publicum
796 1777 901 1812 relata,
918 1777 1054 1815 vectiga-

339 1820 382 1850 lia
405 1825 484 1850 stata
510 1820 620 1850 aerario
642 1821 798 1860 dependit.
824 1820 838 1849 ἦ
859 1819 982 1860 κρύφιος,
1004 1820 1053 1849 vel

341 1864 459 1904 ἀφανὴς,
470 1874 537 1902 quae
549 1874 607 1893 non
618 1868 702 1903 patet
718 1864 867 1902 cujusque
878 1862 1054 1902 adspectui,

341 1913 375 1936 ut
401 1906 532 1945 pecunia
557 1906 589 1936 in
618 1916 688 1937 arca
714 1907 849 1943 defossa,
873 1911 925 1936 aut
950 1911 1054 1935 mutuo

341 1950 423 1985 data,
439 1954 490 1980 aut
505 1949 535 1979 in
553 1950 635 1979 vasis
651 1949 797 1989 pretiosis
818 1950 971 1979 mundove
991 1949 1054 1979 col-

340 1992 452 2023 locata.

383 2053 427 2059 -—-
439 2037 490 2067 18.
503 2035 624 2073 ἀδελφὴν
633 2035 690 2077 ——J
707 2040 836 2075 apparet
847 2046 886 2065 ex
899 2035 958 2065 hoc
973 2036 1055 2072 loco,

341 2089 471 2120 generos
487 2078 665 2109 haereditate
679 2079 766 2118 quasi
788 2078 947 2117 accepisse
971 2089 1055 2109 soce-

341 2132 445 2152 rorum
461 2122 628 2159 infamiam,
641 2122 668 2152 si
691 2122 794 2162 capite
816 2121 924 2152 minuti
946 2123 1054 2153 deces-

342 2165 467 2195 sissent.

385 2209 461 2238 837.
473 2208 525 2238 25.
540 2219 576 2237 τη
593 2205 688 2247 πόλει]
704 2212 775 2246 post
787 2220 822 2259 τῃ
838 2206 918 2237 πόλει
934 2208 1055 2238 videtur

341 2250 413 2280 ἀλλ’
426 2250 455 2281 οὗ
471 2251 543 2282 δητα
556 2261 591 2281 τη
605 2248 706 2286 «πόλει,
721 2254 772 2280 aut
789 2249 852 2289 ἐμοι
867 2249 974 2290 μέντοι,
985 2250 1054 2280 ἀλλ’

340 2293 406 2335 οὐχὶ
427 2293 467 2336 τῇ
487 2292 568 2324 πόλει
592 2294 711 2323 deesse.
756 2294 814 2323 Est
834 2294 899 2323 haec
924 2294 1053 2323 oratoris

340 2326 541 2376 reprehensio
557 2341 589 2366 et
604 2337 762 2367 revocatio
775 2337 897 2367 suimet.
920 2336 1052 2376 primurn

340 2380 474 2416 dubitat,
503 2379 629 2416 mihine,
656 2390 692 2410 au
724 2380 807 2415 urbi,
833 2379 949 2410 fecistis
974 2380 1053 2410 bona

340 2433 409 2453 mea
417 2422 638 2463 inconspicua?
655 2423 684 2453 h.
698 2434 725 2453 e.
742 2423 910 2463 eripuistis,
925 2424 1053 2453 emedio

341 2466 525 2502 sustulistis,
541 2473 574 2495 ut
589 2466 689 2496 oculis
705 2467 789 2496 cerni
812 2477 957 2506 nusquam
981 2477 1054 2506 pos-

340 2509 411 2539 sint.
445 2510 535 2545 Tum,
548 2509 798 2549 reprehendens
791 2520 859 2550 ipse
875 2515 984 2544 semet,
1000 2520 1054 2540 ne·

341 2556 394 2592 gat
405 2546 438 2581 se
448 2552 603 2587 dubitare,
613 2553 669 2582 sed
683 2556 767 2582 certo
780 2553 858 2582 scire
870 2552 924 2589 ait,
934 2557 1052 2583 tutores

341 2604 466 2634 operam
477 2595 614 2630 dedisse,
628 2600 662 2625 ut
676 2595 744 2634 ipse
754 2595 891 2635 quidem,
904 2597 1052 2636 pupillus,

340 2638 485 2673 nesciret,
495 2648 557 2677 quo
568 2638 718 2668 abiissent
730 2637 791 2668 sibi
808 2649 861 2669 sua
877 2640 966 2675 bona,
980 2641 1052 2669 urbs

340 2685 455 2717 autem,
477 2684 512 2710 ut
534 2681 609 2710 bene
635 2687 772 2716 nossent,
796 2692 864 2721 quae
886 2687 918 2712 et
940 2687 1053 2722 quauta

337 2724 400 2764 ipsi
412 2724 494 2753 bona
507 2726 623 2753 essent.

382 2784 425 2790 —-
440 2776 510 2806 pen.
536 2766 753 2806 μιμησάμενοι]
776 2766 898 2796 correxi
920 2769 1052 2808 τιμησά-

339 2820 426 2850 μενοι.
449 2819 487 2839 ne
501 2808 555 2838 illa
570 2808 692 2848 quidem
708 2808 777 2848 ipsa
793 2809 916 2840 traditis
932 2810 1005 2841 mihi
1021 2812 1050 2841 iu

340 2863 456 2887 manuS,
473 2862 599 2891 quorum
614 2862 682 2881 cum
699 2851 931 2882 aestimationem
946 2864 1051 2883 curas-

342 2896 416 2926 setis
443 2906 459 2925 a
484 2895 675 2930 censoribus,
699 2895 946 2933 quaestoribusve
974 2897 1050 2933 fieri,

340 2943 405 2969 tum
428 2949 552 2968 censum
580 2948 696 2973 eorum,
723 2947 792 2968 meo
818 2937 950 2974 nomine,
973 2939 1049 2980 reip.

341 2981 544 3021 dependistis,
559 2987 589 3010 et
605 2981 634 3010 in
650 2980 789 3010 aerarium
807 2980 963 3011 intulistis.

383 3026 460 3056 838.
473 3050 480 3055 .
494 3022 718 3065 .ταραδέδοται]
735 3024 807 3054 dedi
824 3021 971 3063 παρέδοτε.
987 3030 1048 3055 tra-

727 209 760 251 Ι.
785 209 817 252 Ι.
841 208 1064 251 REISKE
1096 207 1420 250 ANNOTATA

1087 315 1231 344 dida-itis«

1130 376 1171 380 —
1190 361 1239 386 14.
1262 357 1429 398 ἀναφέρετε]
1451 358 1572 398 culpam
1600 358 1677 389 male
1702 363 1794 399 gesta*

1088 401 1361 430 administrationis
1391 402 1443 431 alii
1474 402 1502 431 in
1534 401 1610 431 alios
1640 404 1795 437 confertis,

1087 444 1225 473 dicentes
1242 444 1367 482 quique,
1385 455 1440 474 nnn
1456 456 1526 484 ege,
1541 445 1594 475 sed
1613 444 1665 475 ille
1679 446 1727 476 vel
1744 445 1796 474 illc

1088 487 1163 515 hanc
1178 493 1293 525 partem
1311 486 1441 516 curavit.

1131 531 1203 560 8:39.
1220 532 1251 559 7.
1267 530 1315 560 τὴν
1335 527 1500 570 μίσθωσιν]
1521 540 1621 560 curam
1644 531 1796 566 elocandi,

1087 578 1117 602 et
1130 572 1243 602 locaria
1258 572 1431 611 redigendi.

1131 633 1172 637 ——
1188 619 1239 645 11.
1256 616 1292 650 ὡς
1313 615 1412 657 αὐτὸς]
1439 615 1559 645 correxi
1582 616 1618 649 ὡς
1641 615 1735 651 αὑτόν,
1756 617 1795 645 αιΙ

1086 664 1183 688 semet.
1204 669 1272 688 cum
1290 659 1429 688 traducta
1448 659 1478 688 in
1501 660 1623 689 domum
1641 670 1725 689 suam
1743 660 1796 689 itta

1086 702 1237 740 mancipia
1252 711 1307 741 pro
1323 702 1387 731 suis
1400 702 1533 741 propriis
1549 702 1684 732 haberet.

1128 762 1170 766 —-
1185 747 1238 775 252.
1252 744 1340 785 χωςῖς
1350 746 1408 786 —]
1426 745 1551 775 videtur
1562 745 1651 775 locus
1669 745 1714 775 sic
1728 754 1797 773 esse

1085 788 1337 818 constituendus.
1366 788 1454 829 χωρὶς
1478 791 1534 818 τῶν
1555 788 1662 824 ἄλλων,
1687 785 1722 817 ὠν
1747 788 1796 816 τοῦ

1084 828 1140 868 μὲν
1166 829 1287 871 ἀρχαίου
1311 829 1395 861 πέντε
1424 832 1559 861 τάλαντα
1585 843 1664 865 ουτος
1688 831 1796 870 εἶ’)..ηφε

1086 871 1184 901 Sine
1168 885 1200 909 α,
1211 874 1293 911 quod
1302 884 1319 903 e
1330 874 1474 913 proximo
1486 875 1607 904 videtui
1619 874 1797 904 adhaesissc.

1129 917 1204 945 840.
1216 919 1244 945 2.
1261 917 1452 957 ὅμολογησαι]
1471 917 1547 946 liene
1557 917 1657 947 habet.
1670 928 1700 946 v.
1714 917 1798 947 dicta

1087 957 1123 986 ad
1140 968 1171 997 p.
1187 960 1260 990 825.
1283 960 1336 989 ult.
1358 959 1488 990 subaudi
1509 970 1526 989 a
1548 960 1699 990 communi
1723 959 1798 999 ’ω-ξός

1085 999 1133 1030 ’τὸν
1158 1001 1443 1041 μεταπεμψάμενον.
1470 1001 1591 1034 venisse
1615 1003 1739 1042 quidem
1765 1003 1796 1032 in

1087 1043 1307 1074 Demosthenis
1338 1046 1435 1084 patris
1470 1045 1645 1076 moribundi
1674 1047 1798 1075 domum

1086 1087 1188 1117 aiebat
1202 1088 1366 1127 Aphobus,
1382 1089 1438 1118 sed
1458 1089 1590 1127 negabat
1609 1089 1648 1119 ad
1664 1099 1732 1119 eum
1749 1099 1798 1118 ac-

1087 1131 1233 1166 cessisse,
1251 1132 1382 1170 negabat
1396 1131 1470 1162 item
1487 1132 1527 1161 de
1543 1132 1734 1172 praescriptis
1750 1136 1799 1161 tu-

1087 1173 1155 1202 telae
1171 1175 1313 1212 gerendae
1328 1174 1555 1205 conditionibus
1571 1176 1608 1205 ad
1625 1186 1694 1205 eum
1712 1174 1799 1214 quic-

1086 1226 1175 1255 quain
1193 1217 1379 1248 condixisse.

1127 1277 1171 1282 ·——
1186 1263 1218 1290 4.
1232 1258 1344 1301 ἐκεῖνος]
1366 1265 1451 1300 pater
1471 1271 1569 1291 meus.
1592 1265 1663 1300 post
1686 1259 1799 1290 διέθετο

1086 1302 1210 1332 videtur
1224 1303 1340 1343 aliquid
1356 1303 1539 1339 desiderari,
1554 1303 1592 1333 ad
1607 1305 1685 1334 hanc
1704 1304 1799 1333 ferme

1087 1345 1267 1376 sententiam
1280 1357 1288 1375 :
1311 1345 1343 1386 ἐξ
1357 1344 1392 1377 ἦν
1402 1346 1426 1377 δ’
1440 1345 1495 1386 ἐγὼ
1511 1347 1588 1386 ὑμῖν,
1604 1345 1629 1376 ὦ
1646 1347 1738 1387 ἄνδρες
1758 1346 1799 1376 δι-

1086 1387 1210 1426 κασταὶ,
1226 1387 1366 1430 ἐπιδείξω,
1377 1389 1533 1430 φανήσεται
1546 1388 1624 1424 οὗτος
1635 1390 1684 1420 καὶ
1699 1391 1801 1430 mageb*

1087 1432 1130 1471 τῷ
1142 1431 1239 1472 wan-gi
1263 1431 1458 1473 διατιθεμένῳ,
1478 1432 1527 1462 καὶ
1548 1431 1800 1474 ωροεισεληλυθῶς.

1086 1484 1120 1504 ez·
1132 1475 1167 1505 iis
1179 1481 1289 1511 autem,
1304 1486 1367 1517 quae
1381 1485 1432 1516 ego
1447 1476 1668 1514 vobis„7'udices,
1683 1477 1800 1506 demun-

1086 1518 1194 1554 strabo,
1218 1520 1371 1556 constabit,
1394 1518 1474 1549 hamc
1489 1519 1641 1558 Aphobum
1661 1525 1688 1550 et
1708 1519 1799 1549 inter-

1076 1558 1187 1600 fuisse,
1201 1571 1270 1591 cum
1281 1567 1368 1601 pater
1382 1562 1523 1592 ultimum
1536 1567 1704 1598 testaretur,
1718 1567 1746 1592 et
1760 1563 1800 1591 ud.

1087 1614 1153 1634 eum
1176 1605 1308 1635 introisse
1327 1606 1425 1643 prins,
1448 1615 1538 1644 quam
1561 1605 1744 1645 Demophon
1767 1612 1797 1635 et

1087 1646 1292 1687 Tlierippides
1314 1647 1545 1678 intervenirent.
1588 1649 1651 1678 Alii
1674 1648 1800 1678 codices

1088 1689 1162 1719 dant
1188 1690 1464 1730 προσεισεληλυθώς.
1497 1691 1578 1730 quod
1607 1691 1699 1721 etiam
1727 1692 1799 1721 ferri

1088 1737 1201 1771 potest.
1246 1734 1308 1763 Sed
1323 1737 1387 1763 tum
1404 1734 1535 1763 exsistet
1552 1735 1615 1764 haec
1632 1735 1799 1764 sententia:

1088 1781 1278 1814 postremum
1295 1777 1415 1806 venisse
1431 1777 1605 1816 Aphobum,
1621 1782 1651 1807 et
1673 1777 1800 1817 reliquis

1084 1821 1147 1858 jam
1164 1819 1341 1857 congressis
1356 1820 1535 1850 accessisse.

1130 1879 1172 1884 ——
1189 1865 1219 1893 8.
1234 1862 1474 1903 ἀποφευξόμενος]
1491 1862 1613 1892 correxi
1626 1863 1801 1903 ἀποφευξού-

1087 1915 1178 1942 μενος.
1222 1905 1274 1935 Sic
1289 1907 1367 1936 enim
1386 1911 1532 1945 usurpant
1545 1906 1638 1936 Attici
1651 1918 1682 1936 v.
1693 1907 1802 1946 φεύγειν

1088 1948 1118 1976 in
1135 1949 1249 1978 futuro.
1292 1948 1458 1988 Colligitur
1480 1960 1517 1978 ex
1538 1949 1601 1978 h.l.
1620 1951 1800 1985 Demouem,

1088 1991 1212 2020 fratrem
1243 1992 1460 2022 Demosthenis
1488 1992 1630 2028 senioris,
1661 1993 1726 2031 jam
1757 1994 1801 2023 af-

1087 2033 1195 2070 fuisse,
1220 2039 1380 2074 antequam
1407 2035 1453 2066 illi
1475 2040 1538 2065 tres
1565 2040 1682 2065 tutores
1707 2037 1801 2067 adve-

1088 2077 1190 2107 nirent
1203 2079 1316 2108 vocati.

1130 2136 1174 2143 -—
1190 2123 1242 2151 10.
1259 2120 1351 2162 ἡμῶν]
1372 2132 1422 2151 me
1437 2125 1522 2161 puta,
1539 2131 1674 2151 sororem
1691 2125 1722 2152 et
1736 2133 1797 2152 ma-

1088 2167 1177 2193 trem.

1129 2224 1173 2230 —-
1184 2208 1236 2236 ⁶20.
1253 2206 1332 2245 λόγον
1346 2206 1439 2245 ἐαυτῷ
1460 2204 1574 2247 δέδωκε]
1592 2207 1719 2237 verbum
1736 2218 1799 2238 me-

1087 2248 1171 2279 dium
1188 2250 1228 2279 de
1244 2260 1312 2280 meo
1329 2249 1446 2280 addidi.
1470 2249 1584 2279 dicitur
1601 2250 1627 2280 is
1642 2250 1721 2289 λόγον
1734 2250 1800 2281 ἐαυ-

1087 2292 1130 2331 τῷ
1144 2291 1249 2329 διδόναι,
1267 2295 1411 2323 rationem
1425 2293 1484 2332 ipse
1498 2293 1551 2322 sihi
1566 2293 1648 2330 dare,
1662 2294 1714 2333 qui
1737 2304 1800 2325 rem

1088 2336 1124 2365 ad
1143 2335 1275 2365 animum
1293 2346 1380 2366 suum
1397 2341 1534 2372 revocat,
1549 2346 1678 2376 eamque
1693 2337 1801 2376 agitat,

1088 2383 1119 2408 et
1143 2379 1237 2408 veluti
1265 2379 1400 2409 calculos
1428 2379 1584 2414 subducit,
1610 2384 1734 2410 rectene
1761 2391 1799 2410 au

1088 2432 1178 2452 secus
1193 2426 1274 2461 agat,
1288 2423 1335 2452 vel
1352 2421 1461 2461 egerit.

1131 2483 1173 2488 -—
1194 2467 1246 2496 25.
1270 2464 1395 2506 τούτοις]
1422 2464 1661 2500 machinabatur,
1688 2469 1723 2495 ut
1748 2466 1798 2496 vel

1087 2507 1146 2538 hoc
1165 2508 1345 2547 pauxillum,
1364 2508 1447 2547 quod
1472 2518 1510 2537 ne
1532 2508 1725 2548 septuaginta
1746 2509 1799 2540 mi-

1087 2561 1140 2580 nas
1157 2552 1282 2591 quidem
1297 2551 1424 2586 valeret,
1439 2551 1665 2585 interverteret,
1681 2556 1711 2581 et
1725 2551 1798 2582 mini

1087 2593 1234 2633 eriperet.

1131 2639 1205 2668 841.
1221 2639 1253 2668 3.
1274 2635 1475 2678 Θρασύλοχος]
1493 2636 1722 2676 Thrasylochus
1747 2636 1797 2669 hio

1087 2684 1154 2710 erat
1167 2681 1262 2711 frater
1274 2680 1394 2710 Midiae.
1411 2690 1537 2719 quorum
1551 2680 1589 2708 de
1606 2680 1733 2709 fratrum
1747 2690 1798 2710 ne-

1087 2723 1184 2762 quitia
1199 2723 1280 2753 hac'
1271 2733 1302 2752 m
1315 2734 1348 2753 re
1363 2724 1569 2752 demonstrata
1579 2722 1684 2752 multis
1695 2729 1798 2754 noster

1086 2772 1213 2806 questus
1228 2771 1276 2796 est
1290 2765 1320 2795 in
1337 2765 1475 2795 oratione
1490 2769 1596 2794 contra
1615 2765 1756 2795 Midian».

1128 2826 1172 2832 —·
1187 2810 1218 2840 5.
1234 2807 1399 2840 ἀπέκλεισα
1413 2808 1455 2844 δὲ,
1477 2807 1513 2841 ὡς
1534 2807 1712 2842 διαδικασίας
1734 2819 1800 2839 τευ-

1085 2850 1214 2892 ξόμενος]
1239 2850 1395 2882 Sententia
1420 2855 1486 2880 est:
1510 2851 1622 2889 excepi
1646 2856 1677 2881 et
1697 2861 1800 2882 reser-

1087 2895 1159 2925 vavi
1174 2894 1248 2924 mihi
1265 2896 1317 2934 jus
1333 2894 1469 2933 agendi'
1460 2904 1491 2923 m
1505 2898 1623 2924 tutores
1639 2894 1729 2924 titulo
1746 2905 1798 2934 pe-

1085 2937 1243 2967 cuniarum
1256 2938 1502 2967 defraudatarum
1519 2936 1698 2976 (διαδικασία
1719 2938 1800 2968 enim

1084 2985 1149 3010 erat.
1175 2980 1256 3011 actio
1277 2981 1316 3010 de
1337 2980 1478 3019 pecuniis
1500 2979 1738 3021 controversis),
1756 2978 1798 3010 nil

1083 3024 1263 3063 desperans,
1277 3023 1353 3059 sore,
1369 3027 1403 3054 ut
1415 3023 1645 3062 Thrasytoohus
1667 3023 1725 3054 hoc
1746 3024 1798 3062 jus
