1931 3323
330 210 408 251 192
708 208 743 251 Ι.
769 209 803 251 Ι.
827 207 1052 251 REISKE
1079 208 1403 253 ANNOTATA

370 333 411 338 —--
428 318 479 345 10.
505 313 668 356 ἀφέληται]
695 316 817 347 correxi
841 314 979 356 ἀφέλητε,
1006 316 1036 345 in

324 358 437 388 activo.
455 369 482 388 v.
499 369 529 397 p.
549 362 623 389 824.
639 362 691 389 22.

368 419 410 424 ——
425 404 478 432 26.
493 399 559 443 τρία
583 403 716 432 τάλαντα
736 402 783 431 καὶ
803 400 920 443 χιλίοις]
943 413 1036 432 usura

325 446 390 474 haee
417 450 465 474 est
491 446 789 484 sesquidrachmalis.
827 446 882 475 sed
914 446 960 475 vel
992 446 1035 475 sic

319 499 445 528 ⁴quoque
462 499 520 518 non
535 489 607 518 satis
625 493 744 519 constat
759 489 847 520 ratio.
881 490 959 518 Nam
972 492 1035 520 108

325 532 414 562 rninae
430 532 545 562 faciunt
560 532 596 561 ad
620 543 741 562 usuram
759 542 943 561 novenorum
961 533 1034 561 obo-

324 575 435 611 lorum,
467 577 526 605 162
558 575 716 605 drachmas
746 585 801 613 per
830 585 976 610 mensem,
1004 580 1035 604 et

326 620 410 650 1944
432 629 487 658 per
510 629 631 648 annum.
670 628 743 657 ergo
771 628 825 656 per
852 618 1033 648 decennium

326 664 442 692 19440.
465 662 523 691 hoc
539 668 586 691 est
603 662 715 691 talenta
731 661 802 696 tria,
822 663 860 690 14
878 662 986 695 minas,
1004 668 1034 691 et

322 708 366 734 40
381 705 552 734 drachmas.
597 706 680 743 Ergo
697 709 826 742 quatuor
840 704 945 740 minas,
965 715 1033 734 cum

323 750 366 777 40
398 748 551 778 drachmis
581 748 663 786 pluS,
691 757 781 785 quam
812 747 1034 777 Demosthenes

324 792 436 830 posuit.
481 791 540 821 Sed
561 791 680 819 videtur
701 794 804 818 orator
825 799 1033 827 saepenumero

323 844 507 864 excessuum
520 838 550 863 et
565 834 740 862 defectuum
758 842 815 860 non
830 832 1033 871 diligentissi-

323 887 403 907 mam
419 877 561 907 habuisse
583 876 742 910 rationem,
758 875 813 904 sed
830 885 962 905 summas
983 886 1033 906 ro-

321 921 432 950 tundas
444 920 596 959 posuisse.

366 965 441 994 826.
451 966 480 993 5.
494 961 670 1002 κλέπτουσι]
683 959 812 991 κλέπτει
828 960 951 1000 aliquis,
965 972 1034 1001 quae

320 1006 381 1045 ipsi
393 1006 453 1036 sibi
468 1011 588 1044 servat3
604 1005 762 1045 κακουςγεῖ,
775 1015 842 1043 quae
855 1004 930 1034 sinit
941 1005 1034 1036 alium

318 1050 425 1080 furari.

364 1111 406 1115 —
423 1095 474 1122 11.
491 1092 703 1133 μισθώσαντα]
722 1090 845 1121 correxi
864 1101 932 1121 meo
954 1090 1034 1122 arbi-

320 1140 413 1171 tratu,
436 1135 638 1176 μισθώσουσι,
653 1136 807 1165 εἰοειινεηί.
821 1146 850 1164 v.
866 1145 895 1164 v.
910 1137 962 1165 27.
978 1146 1034 1174 po-

321 1183 416 1209 teram
432 1178 465 1208 τό
481 1179 519 1208 ad
535 1180 697 1218 insequens
709 1180 751 1208 νῦν
765 1179 891 1214 referre,
903 1183 935 1208 ut
951 1183 1034 1208 esset

320 1219 353 1250 τὸ
376 1223 417 1252 νῦν
441 1221 480 1252 δέ.
505 1222 596 1251 malui
623 1228 721 1252 tamen
746 1221 779 1251 τὸ
803 1222 892 1261 plane
915 1222 1034 1258 tollere,

319 1264 391 1304 quia
408 1266 633 1295 Demosthenes
649 1265 764 1295 mavult
781 1265 810 1294 in
825 1265 975 1303 ejusmodi
988 1265 1032 1294 lo-

316 1308 364 1338 cis
380 1310 423 1339 νῦν
438 1309 581 1347 simplex,
596 1319 686 1347 quam
699 1309 732 1338 τὸ
748 1309 801 1343 νῦν,
816 1318 976 1346 usurpare.

362 1369 405 1374 —
425 1354 475 1382 17.
488 1352 583 1393 ὥσπερ
597 1352 644 1382 οὐκ
659 1351 691 1391 ἐξ
710 1352 796 1381 αὐτοῦ
811 1362 841 1380 τ.
859 1351 910 1392 π.]
936 1350 1032 1391 parti-

319 1395 418 1425 culam
448 1395 629 1425 infitiantem
655 1395 761 1425 addidi
787 1405 803 1424 e
828 1394 927 1431 libris,
954 1405 1032 1433 quos

317 1446 484 1478 antequam
497 1438 694 1479 inspicerem,
706 1437 858 1468 ratiocinii
870 1448 968 1468 nexus
983 1448 1031 1467 me

319 1482 463 1512 docuerat
479 1492 544 1512 eam
569 1482 668 1521 ipsam
694 1482 863 1511 addendam
880 1492 959 1517 esse,
975 1480 1031 1510 sed

317 1535 377 1554 non
394 1525 461 1555 sine
477 1525 520 1562 ἂν,
533 1530 566 1555 ut
580 1526 620 1554 sit
635 1525 730 1578 ‹Ze-mg
743 1524 792 1554 οὐκ
807 1524 840 1554 ἒιν
855 1523 941 1554 αὐτου
954 1536 984 1554 τ.
996 1534 1032 1554 π.

360 1586 404 1590 —
419 1571 466 1598 18.
479 1567 637 1610 μαρτυρίας
650 1569 685 1603 ὣς
700 1567 894 1613 ἀπεκρίναντο]
909 1567 1032 1597 correxi

317 1610 476 1652 paq-rupta<
510 1612 658 1654 [subaudi
688 1611 822 1652 τούτων],
852 1613 888 1640 ὡν
917 1609 1032 1641 ἐναντίον

314 1654 505 1695 ἀπεκρίναντο.
524 1656 686 1685 testimonia
697 1663 808 1690 eor-um,
820 1664 916 1684 coram
929 1655 1033 1694 quibus

314 1697 347 1728 1ιί
363 1698 510 1738 [tutores]
528 1699 702 1738 interrogati
715 1698 933 1736 responderunt.

360 1759 402 1763 —-
420 1744 470 1771 21.
487 1740 581 1783 οὗτος]
597 1741 804 1780 Therippides
821 1745 907 1779 puta.

360 1802 403 1807 —-
430 1786 487 1814 ult.
515 1784 687 1825 μαρτυρίαν]
724 1784 848 1813 correxi
874 1783 1028 1823 ἀπόκρισιν.

316 1827 507 1867 Quamquam
524 1829 604 1858 enim
621 1829 685 1857 haec
700 1826 849 1866 ἀπόκςιτις
866 1826 1032 1865 aequivale-

316 1871 367 1900 bat
383 1871 573 1908 testimonio,
588 1877 619 1901 et
635 1870 736 1900 statim
751 1881 872 1909 quoque
887 1867 1030 1909 μαςτυρίοι

315 1914 498 1952 appellatur,
513 1919 613 1944 tamen
627 1918 704 1948 erat,
716 1915 740 1943 si
756 1924 861 1943 verum
877 1913 1029 1946 volumus,

316 1958 476 1996 responsio
500 1959 538 1988 ad
565 1959 753 1996 interrogata
777 1966 794 1985 a
821 1956 1028 1986 Demosthene

313 2011 417 2030 coram
435 2001 576 2031 testibus.

358 2046 431 2074 827.
447 2047 476 2074 2.
491 2041 584 2085 οὗτος]
600 2044 749 2083 Aphobus
766 2047 848 2083 puta.

356 2105 399 2110 -
416 2090 446 2118 4.
463 2086 558 2117 ἐκεῖνο
547 2087 573 2128 ,]
594 2086 812 2126 Theiippides.

356 2148 400 2153 ——
416 2132 447 2160 6.
463 2131 519 2172 οὐχ
533 2131 709 2171 ὁμολογησειι
731 2127 754 2159 δ’
769 2128 868 2169 αὐτὸς]
893 2130 968 2158 bene
984 2129 1028 2157 vi-

313 2173 405 2203 detm
433 2174 559 2209 habere,
594 2178 625 2203 et
654 2173 719 2203 haec
756 2182 826 2202 esse
856 2171 1027 2202 sententia:

313 2217 431 2256 scripta
446 2217 568 2256 quidem
585 2216 663 2246 illa·
656 2227 686 2245 ιη
703 2215 816 2245 tabulis
832 2225 899 2245 esse
917 2216 1028 2244 fatetur

312 2259 474 2299 Aphobus,
492 2271 525 2290 se
546 2264 647 2290 autem
669 2264 760 2298 negat
783 2258 846 2287 illis
871 2268 1027 2287 assensum

312 2314 394 2333 esse.
407 2303 436 2333 h.
450 2314 477 2333 e.
496 2314 556 2333 non
572 2303 728 2343 recepisse
742 2301 949 2331 haereditatem
963 2301 1028 2330 adi-

313 2351 413 2377 turum
439 2347 502 2376 illis
530 2346 653 2387 scriptis
678 2344 916 2375 conditionibus.
940 2355 970 2374 v.
995 2354 1028 2384 p.

314 2392 387 2420 840.
402 2392 435 2421 3.

355 2451 399 2455 ——
415 2436 445 2463 9.
461 2433 493 2462 τὸ
508 2431 641 2474 μισθοῦν]
665 2433 697 2462 id
718 2436 778 2466 est,
801 2432 849 2462 τὴν
872 2429 1029 2470 vetica-affut

313 2477 364 2505 τοῦ
378 2476 518 2515 μισθοῦν.
542 2481 663 2506 recusat
678 2475 847 2509 declarare,
869 2479 920 2504 aut
935 2474 965 2503 in
980 2474 1027 2503 lu-

312 2529 378 2549 cem
395 2520 544 2557 proferre,
571 2520 719 2559 scriptum
741 2518 770 2547 in
794 2518 907 2547 tabulis
932 2521 1026 2547 testa-

312 2566 448 2592 mentum
463 2563 635 2592 mandatum
652 2563 690 2591 de
707 2563 799 2591 domo
817 2561 975 2591 elocanda.

336 2613 339 2616 ·
353 2622 396 2627 —
407 2608 457 2636 12.
467 2603 498 2634 ἐκ
510 2608 564 2635 τῶν
573 2605 726 2647 διαθηκῶν]
737 2604 892 2635 Sententia
905 2609 969 2633 est:
986 2614 1026 2634 ex

312 2648 352 2678 iis
367 2648 566 2683 testimoniis,
583 2659 651 2688 quae
668 2653 801 2678 tutorum
818 2648 954 2687 ipsorum
972 2647 1026 2677 alii

309 2692 351 2721 de
363 2691 431 2720 aliis
445 2691 621 2730 perhibent,
634 2692 709 2721 satis
721 2695 840 2721 constat
852 2692 930 2729 ejus,
943 2691 1024 2730 quod

310 2734 372 2769 aio,
388 2733 517 2770 veritas,
531 2734 606 2763 mihi
623 2734 689 2764 scil.
705 2739 817 2764 tantam
835 2744 851 2763 a
867 2738 954 2774 patre
977 2744 1026 2765 re-

308 2778 414 2808 lictam
431 2787 501 2807 esse
517 2777 737 2807 haereditatem.

355 2823 428 2852 828.
444 2823 475 2851 4.
489 2824 529 2851 τὰ
545 2821 631 2851 αὑτοῦ
648 2819 799 2861 πράττειν]
817 2829 850 2849 se
866 2819 909 2848 ait
924 2830 1025 2850 rerum

310 2874 434 2895 suarum
450 2864 610 2903 sategisse,
625 2874 724 2903 neque
740 2863 835 2892 otium
853 2862 911 2891 sibi
927 2863 1025 2893 fuisse

310 2918 360 2938 res
377 2907 504 2943 alienas,
520 2908 550 2938 h.
567 2918 593 2938 e.
609 2917 706 2942 meas,
721 2905 858 2935 curandi.

350 2968 394 2973 -—-
406 2953 437 2981 5.
452 2950 517 2991 καὶ]
532 2955 602 2991 post
617 2949 729 2980 διδασκ.
746 2947 892 2988 expunxi.
914 2958 951 2977 ne
963 2959 1024 2977 ma-

304 2994 406 3033 gistris
420 2995 534 3034 quidem
558 2994 685 3025 debitam
706 2993 845 3024 doen-ime
867 2992 1024 3022 mercedem

306 3037 453 3075 dependit.

1113 334 1156 340 —
1173 319 1224 348 14.
1239 315 1418 360 ἐπιτρόπους]
1434 318 1536 350 malim
1558 318 1783 362 συνεπιτρὸπους.

1113 377 1156 382 -—
1173 361 1222 391 15.
1240 360 1467 402 ἀπογράψαντα]
1484 369 1556 402 post
1570 362 1783 404 ἀπογράψαντι

1071 413 1180 432 vereor
1197 414 1234 432 ne
1251 405 1333 434 desit
1349 406 1397 436 τὴν
1411 405 1439 435 δὲ
1454 405 1569 446 pen-riga.
1589 406 1651 436 οὔτε
1673 408 1783 448 γήμαν-

1070 458 1120 482 τα,
1137 447 1199 476 οὔτε
1214 458 1294 476 σιτον
1307 446 1399 484 δόντα,
1417 449 1463 478 vel
1480 449 1540 479 tale
1555 449 1640 488 quid

1112 507 1154 512 —
1171 491 1220 520 19.
1239 492 1318 530 wag&
1339 490 1386 520 τὸν
1401 490 1494 533 λόγον]
1517 501 1568 531 per
1583 492 1668 522 illam
1689 493 1782 532 ipsam

1068 534 1222 568 rationem,
1239 534 1287 563 vel
1312 543 1364 571 per
1390 535 1475 564 illum
1498 539 1677 574 computum,
1698 545 1782 575 quem

1068 575 1204 613 Apholms
1217 577 1436 629 ipsfjudicibus
1450 577 1588 608 exhibuit.

1111 621 1129 648 8
1134 618 1399 660 39.1.ἰ.πε’φῃνεν]
1416 620 1487 650 dedi
1504 621 1543 650 de
1557 631 1625 651 meo
1637 620 1782 663 ἀναπέφῃ-

1067 671 1115 691 νεν.
1139 661 1278 691 constitit
1293 674 1309 692 e
1327 663 1450 698 tabulis,
1466 664 1641 702 cujusmodi
1659 665 1780 701 tabulas

1067 705 1272 744 negotiatmes
1286 716 1390 736 omnes
1402 706 1525 743 habent,
1534 707 1697 747 diligenter
1709 718 1780 737 con-

1068 748 1210 787 sanatas,
1228 748 1279 777 ubi
1297 754 1365 779 sunt
1381 750 1514 779 rationes
1537 755 1731 790 acceptorum
1750 755 1781 780 et

1068 801 1286 830 expensorum,
1300 803 1352 821 seu
1359 792 1545 823 creditorum
1556 799 1587 823 et
1597 793 1781 825 debitorum.

1110 852 1152 856 —
1167 836 1198 865 3.
1215 833 1259 864 τὸν
1272 834 1410 877 ἀριθμὸν]
1427 841 1478 866 aul.
1493 847 1541 867 τον
1555 835 1638 866 αὐτὸν
1651 836 1779 877 ἄξιθμόν,

1067 880 1119 905 aut
1134 888 1267 907 τοο-ουτον
1282 876 1397 917 ἀριθμὸν
1411 879 1522 908 malim.

1110 937 1152 942 —
1165 923 1194 949 4.
1211 920 1337 965 αὐτὸς]
1327 931 1386 959 zpse
1400 922 1475 951 solus
1492 921 1626 952 tulisset.

1110 980 1153 984 --
1176 965 1205 993 9.
1231 960 1323 1004 οὗτος]
1349 963 1472 993 correxi
1501 963 1598 1001 οὕτως.
1630 965 1668 995 ad
1698 965 1780 996 hunc

1067 1006 1204 1041 modum,
1222 1011 1255 1035 ut
1277 1010 1362 1035 tutor
1382 1007 1495 1046 pnpilli
1515 1017 1578 1037 rem
1599 1007 1779 1038 familiarem

1068 1058 1127 1078 non
1140 1059 1156 1078 e
1169 1049 1372 1088 vectigalibus
1385 1054 1534 1088 tueretur,
1548 1051 1601 1081 sed
1614 1051 1682 1091 ipsa
1697 1057 1781 1082 sorte

1067 1092 1265 1122 absumenda.

1111 1153 1154 1158 -—-
1169 1135 1245 1165 ibid.
1260 1136 1359 1165 τοῦτον
1378 1134 1424 1166 τὸν
1439 1134 1533 1176 λόγον]
1551 1135 1618 1167 scil.
1634 1147 1695 1177 quo
1713 1142 1778 1167 ute-

1067 1178 1157 1208 batur
1168 1179 1329 1219 Aphobus,
1345 1189 1410 1218 prae
1424 1189 1457 1209 se
1473 1179 1575 1209 ferens
1589 1187 1749 1210 consumta
1762 1192 1780 1211 a

1068 1232 1101 1251 se
1118 1232 1185 1251 esse
1199 1232 1290 1261 opum
1307 1223 1419 1261 capita,
1432 1224 1472 1252 τοὶ
1484 1222 1604 1264 ἀρχαῖοι.
1620 1224 1722 1253 malim
1735 1230 1778 1254 ta-

1067 1275 1134 1295 men
1149 1266 1270 1295 τοιοῦτον
1279 1265 1368 1303 λόγον,
1379 1266 1407 1304 ‘27'
1410 1267 1522 1296 asmodi
1536 1268 1678 1296 rationem
1693 1273 1779 1307 gestae

1065 1318 1093 1338 se
1107 1309 1218 1345 tinette,
1234 1309 1354 1348 qualem
1371 1308 1564 1339 exhibuisset
1578 1310 1740 1349 Aphobus.

1107 1369 1151 1374 ——-
1167 1353 1218 1382 17.
1235 1349 1437 1392 κατεδιῄτησε]
1457 1351 1524 1381 scil.
1541 1351 1553 1381 ὁ
1568 1351 1723 1387 διαιτητής.
1746 1354 1778 1383 id

1067 1396 1143 1425 euim
1158 1396 1182 1424 si
1186 1394 1305 1436 fecisset
1319 1395 1466 1433 Aphobus,
1477 1395 1587 1425 arbiter
1598 1401 1699 1426 contra
1712 1406 1778 1426 eum

1065 1448 1123 1468 non
1136 1437 1259 1468 dedisset
1273 1437 1443 1468 arbitrium.

1108 1498 1151 1503 —
1167 1483 1217 1511 19.
1233 1479 1310 1522 ἔχειν
1319 1481 1376 1522 με]
1393 1491 1441 1511 me
1455 1480 1570 1511 habere
1585 1491 1603 1510 a
1618 1491 1652 1511 se
1666 1482 1779 1513 tradita

1065 1524 1119 1554 illa
1134 1526 1240 1554 decem
1259 1525 1383 1554 talenta.

1107 1585 1149 1589 --
1165 1570 1214 1598 23.
1233 1565 1405 1608 διπλασίοις]
1424 1566 1556 1596 subaudi
1571 1566 1696 1609 μέρεσιν.
1720 1570 1774 1600 atii

1065 1611 1139 1640 dant
1153 1609 1319 1644 διπλασίως.
1344 1609 1471 1649 perinde
1489 1615 1547 1639 est.

1109 1656 1183 1684 830.
1210 1657 1239 1684 4.
1264 1652 1450 1694 ψεύσασθαι]
1476 1652 1599 1684 videtur
1626 1659 1699 1685 ante
1725 1661 1779 1686 aut

1065 1702 1135 1735 post
1151 1697 1180 1726 h.
1197 1708 1225 1727 v.
1241 1697 1349 1727 deesse
1366 1695 1476 1734 ψεῦδος.

1109 1758 1150 1762 ——
1166 1742 1196 1770 6.
1215 1739 1464 1780 κατορωρυγμένα]
1487 1738 1589 1769 clausa
1616 1740 1669 1770 sub
1695 1743 1777 1777 seris,

1065 1784 1097 1812 in
1112 1793 1182 1812 arca
1198 1781 1322 1823 (infossa,
1336 1789 1370 1812 ut
1386 1782 1476 1812 etiam
1501 1783 1603 1813 Latini
1618 1791 1777 1822 usurpant.

1108 1844 1148 1848 —
1163 1829 1215 1856 14.
1233 1824 1282 1856 ὑπ’
1296 1824 1413 1865 ἐκείνων]
1429 1825 1459 1854 in
1483 1825 1552 1855 aliis
1574 1831 1622 1856 est
1644 1825 1693 1856 ὑπ’
1707 1827 1777 1857 ὲκεί-

1063 1880 1116 1905 νου,
1140 1874 1172 1899 ut
1190 1869 1227 1899 ad
1243 1869 1326 1907 λόγου
1345 1870 1506 1904 referatur,
1521 1870 1776 1908 quemadmodum

1064 1911 1165 1942 ἐκείνων
1186 1913 1225 1942 ad
1249 1913 1347 1942 ταῦτα
1371 1911 1478 1942 referri
1503 1912 1610 1950 possit.
1657 1913 1721 1943 Sed
1745 1914 1776 1944 in

1064 1957 1242 1994 pronomine
1263 1957 1385 2004 quide-m
1411 1954 1601 1985 difficultatis
1619 1955 1695 1985 nihil
1718 1963 1776 1987 est.

1066 2009 1169 2029 verum
1183 1998 1235 2028 ὑπὸ
1250 2003 1298 2028 est
1310 1998 1465 2034 vitiosum,
1477 2001 1509 2027 et
1520 1998 1549 2027 ei
1565 1998 1776 2030 sufficiendum

1063 2042 1132 2079 ἀπὸ,
1145 2042 1210 2071 sive
1225 2041 1277 2071 ἀπ’
1291 2041 1405 2078 ἐκείνων,
1420 2041 1485 2071 sive
1501 2039 1555 2071 ἀπ
1565 2040 1664 2072 ἐκείνου
1680 2043 1776 2083 legas,

1065 2085 1130 2115 sive
1146 2083 1304 2124 denique'
1294 2084 1341 2115 επ’
1355 2082 1453 2117 ἐκείνω
1469 2084 1536 2115 scil.
1551 2084 1596 2124 τῷ
1606 2084 1690 2124 λόγῳ.

1106 2146 1150 2151 —
1173 2130 1225 2158 17.
1249 2127 1317 2158 ὅταν
1342 2127 1370 2158 δὲ
1396 2127 1563 2162 eadam-ae,
1574 2128 1720 2168 πλούσιον]
1749 2129 1776 2158 si

1065 2173 1142 2201 bene
1172 2172 1263 2201 habet
1288 2172 1421 2210 vulgata,
1444 2171 1489 2200 sie
1513 2175 1560 2200 est
1584 2171 1775 2210 accipienda,

1063 2225 1099 2244 ac
1123 2215 1147 2244 si
1170 2214 1324 2245 dixisset:
1347 2213 1414 2243 ὅταν
1435 2213 1464 2244 δὲ
1486 2213 1624 2246 βούληται
1644 2214 1776 2250 πλούσιον

1062 2255 1117 2296 ἐμὲ
1145 2258 1241 2293 ποιεῖν,
1272 2257 1349 2287 ποιεῖ
1371 2257 1520 2287 πλούσιον.
1566 2257 1626 2286 Sed
1651 2257 1776 2288 videtur

1063 2301 1168 2339 potius
1191 2300 1305 2339 aliquid
1330 2300 1451 2330 deesse.
1472 2310 1500 2329 e.
1512 2309 1539 2328 c.
1558 2299 1626 2330 ὅταν
1649 2299 1679 2329 δὲ
1704 2301 1777 2331 ἀπο-

1062 2343 1172 2384 φεύγειν
1187 2343 1336 2377 Βούληται.
1358 2345 1404 2372 εἰη
1418 2347 1517 2372 autem
1527 2342 1652 2380 judicio
1671 2344 1777 2373 absolvi

1062 2388 1142 2417 velit.
1167 2392 1220 2416 aut
1234 2385 1301 2416 ὅταν
1316 2385 1343 2416 δὲ
1365 2385 1464 2416 λαθεῖν
1477 2384 1611 2416 κλέπτων
1625 2385 1775 2418 Βούληται.

1062 2432 1219 2465 sinautem
1239 2440 1293 2459 sua
1316 2430 1408 2459 latere
1427 2429 1498 2459 velit
1507 2427 1614 2470 jitrta.
1640 2434 1694 2459 ant
1708 2429 1776 2460 ὅταν

1062 2471 1086 2502 δ’
1108 2472 1162 2512 ἐμὲ
1190 2472 1237 2502 οὐκ
1263 2472 1410 2504 ἐλεηθῆναι
1434 2471 1584 2505 βούληται.
1608 2472 1653 2502 sin
1676 2479 1774 2503 autem

1060 2516 1146 2547 vobis
1143 2519 1205 2546 mei
1217 2517 1431 2546 miserationem
1441 2516 1550 2554 eripere
1561 2515 1642 2551 velit,
1654 2521 1717 2545 tum
1729 2526 1773 2546 mu

1061 2560 1230 2598 locupletem
1246 2559 1309 2589 vult
1322 2560 1451 2589 oratione
1465 2558 1596 2588 reddere

1102 2620 1145 2625 ——
1166 2605 1219 2633 23.
1241 2601 1434 2641 καταλιπὼν]
1462 2601 1564 2631 malim
1591 2597 1774 2630 καταλείπων

1059 2646 1089 2676 in
1107 2646 1265 2687 praesenti,
1281 2648 1321 2675 sic
1335 2646 1514 2684 relinquens,
1531 2644 1575 2673 ita
1585 2649 1771 2674 numeratam

1060 2693 1092 2719 et
1106 2695 1243 2729 paratam
1255 2690 1285 2718 in
1297 2699 1366 2719 arca
1377 2689 1530 2727 jacentem
1547 2692 1660 2717 tantam
1675 2697 1773 2726 pecu-

1059 2732 1152 2769 niam,
1167 2733 1210 2762 ita
1226 2731 1347 2762 obviam
1365 2737 1396 2760 et
1411 2730 1530 2760 facilem
1553 2735 1644 2769 atque
1665 2734 1771 2769 paten-

1059 2781 1121 2806 tem
1138 2776 1250 2815 cuique
1266 2774 1404 2804 involare
1421 2772 1548 2803 volenti.

1101 2821 1176 2850 831.
1194 2822 1224 2849 8.
1243 2817 1350 2858 ἔγημε]
1367 2821 1438 2856 post
1453 2814 1542 2855 ἔγημε
1557 2815 1681 2845 videtur
1705 2816 1771 2846 haee

1060 2863 1209 2892 sententia
1232 2863 1357 2912 deesse,
1377 2870 1426 2889 και
1449 2858 1556 2889 ταύτην
1564 2857 1638 2910 :mer
1661 2859 1771 2899 [filiam

1060 2902 1277 2944 Philonidis]’
1267 2901 1315 2934 εντ’
1329 2902 1492 2941 ὃγδοηκοντα.
1505 2902 1592 2940 μναῖς
1605 2900 1716 2941 ἔγημεν.
1741 2907 1773 2933 et

1059 2949 1136 2979 hauc
1152 2947 1275 2988 quidem
1291 2956 1362 2976 cum
1386 2945 1458 2976 dote
1480 2947 1522 2976 80
1545 2944 1691 2975 minarum
1715 2945 1771 2976 do-

1059 3002 1141 3022 mum
1168 2990 1272 3026 duxit,
1300 2989 1383 3020 illam
1407 2999 1481 3019 vero
1504 2987 1602 3018 noluit
1627 2986 1770 3027 [matrem

1059 3035 1187 3076 meam],
1201 3034 1288 3073 cujus
1305 3033 1421 3068 dotem,
1437 3032 1511 3062 item
1528 3031 1677 3062 minarum
1699 3031 1772 3062 toti-
