1997 3323
381 218 458 259 102

376 323 459 353 oasui
477 323 683 354 Phooensium
698 323 866 355 insultavit.

420 382 464 389 -ι
475 367 551 397 ibid.
562 367 719 408 μίιςτυρες]
735 367 785 398 alii
799 379 836 398 ex
854 367 964 397 iisdem
981 366 1085 402 sociis,

375 409 508 439 istorum
522 410 652 450 scriptas
666 411 829 441 relationes
845 421 897 440 ore
909 410 1086 440 confirman-

375 456 435 482 tes.
459 453 509 482 vel
530 454 618 483 etiam
635 453 728 484 iidem
745 454 822 483 socii
838 453 1010 493 legationis,
1022 453 1083 491 jam

374 494 461 525 illinc
475 496 505 525 in
522 497 626 526 urbem
644 497 772 533 reversi,
788 501 818 527 et
833 508 849 526 a
866 508 898 527 se
914 501 975 526 tum
988 496 1085 525 literis

375 538 553 578 consignata
565 540 665 570 verbis
681 541 744 570 suis
757 550 814 580 pro
826 539 1000 570 testimonio
1013 550 1084 569 oon-

374 581 540 613 firmantes.

419 627 516 655 —1'7.
523 624 643 667 τούτων]
653 626 741 665 hujus
748 626 825 662 ausi,
833 626 922 665 hujus
929 623 1083 655 facinoris.

376 677 459 707 saepe
474 669 572 698 ταῦτα
585 674 749 708 usurpatur
762 680 819 709 pro
835 670 929 699 τοῦτο.
946 669 995 698 vel
1012 670 1083 698 sub-

377 711 500 741 auditur
515 713 569 741 τῶν
583 710 676 751 ἐ’ςγων,
693 712 741 742 vel
765 714 819 741 τῶν
833 711 1083 753 ἐπιχειρημάτων.

418 771 461 777 —-·
483 756 535 784 20.
558 754 626 795 ὑπὲρ
651 754 771 794 τούτων]
802 754 929 784 dubium
959 759 1019 790 est,
1044 754 1080 783 ad

376 807 453 837 quos
465 797 626 833 referatur,
639 797 858 836 Philippumne
869 802 899 826 et
911 797 1083 834 Thebanos,

372 850 427 879 pro
442 839 496 870 his.
508 850 544 870 an
561 840 597 870 ad
610 841 825 874 Athenienses,
841 839 944 870 horum
956 840 1082 870 nomine.

419 901 461 906 —-
474 885 525 914 23.
538 886 599 917 πῶς
613 885 667 923 γὰρ
679 884 725 913 οὐκ
735 881 866 924 αἰσχρὸν]
882 883 1036 912 Aristides
1049 893 1082 922 p.

375 928 449 957 216.
462 925 493 955 ἰη
505 926 658 965 exemplis
668 928 720 960 τῖς
731 924 892 965 {mycenae
904 926 963 956 h.1.
973 924 1082 961 citans,

374 969 420 999 sio
434 969 553 1004 recitat,
565 969 708 998 omittens
720 969 879 999 nonnulla:
896 971 956 1002 πῶς
970 969 1023 1007 γὰρ
1035 968 1083 998 οὐκ.

374 1011 503 1053 αἶσχςόν,
516 1010 639 1052 δημοσία
653 1010 708 1051 μὲν
722 1012 833 1046 πάντας
855 1012 933 1052 ὖμὲίς
942 1029 983 1034 —-—
994 1011 1031 1045 εἷς
1053 1010 1081 1041 δὲ

375 1054 409 1084 τὸ
423 1055 596 1094 δικαστήριον
610 1054 808 1089 συνελθόντας·
824 1055 865 1085 νῦν
875 1054 1007 1096 ’πρόσεχε
1022 1055 1083 1088 τοῖς

374 1096 658 1137 ἒω-εμβεβλημὲνοις·
680 1099 734 1131 τὰς
755 1097 824 1138 ὑπὲξ
849 1098 953 1128 τούτων
975 1096 1084 1131 εὐθύνας

374 1140 546 1174 δικάσοντας·
568 1140 641 1170 ἄλλο
662 1139 762 1181 νόημα·
777 1140 849 1181 ὁξκον
869 1140 937 1181 ὑπὲρ
959 1142 1010 1174 τῆς
1031 1140 1083 1170 πό-

375 1189 446 1216 λεως
465 1183 666 1224 ὀμωμοκότας·
682 1183 708 1213 ὃν
719 1184 855 1223 εἰλήφατε
871 1183 918 1215 ἐπ’
931 1183 1082 1224 αὐτοφώρῳ

372 1226 495 1256 τοιαῦτα
508 1226 692 1258 πεποιηκότα·
707 1227 749 1257 νῦν
762 1227 795 1257 τὸ
807 1228 1003 1268 συμπληξοῧν·
1017 1228 1081 1257 τοῦ·

371 1280 418 1299 τον
432 1271 555 1308 ἀφεῖναι.

417 1315 492 1343 382.
506 1315 535 1344 9.
546 1311 574 1347 ὃς
587 1311 619 1342 ἐκ
633 1314 683 1343 τοῦ
697 1312 840 1354 πολέμου]
855 1313 928 1343 citat
942 1313 972 1343 h.
985 1313 1006 1342 l.
1019 1312 1081 1342 Mi-

372 1356 519 1386 nucianus
534 1367 564 1396 p.
581 1357 654 1386 154.

415 1416 457 1422 —-
472 1402 525 1430 21.
539 1399 654 1440 τυχεῖν]
678 1405 750 1439 post
769 1401 869 1441 τυχεῖν
884 1399 999 1429 addunt
1013 1399 1082 1438 qui-

373 1442 442 1472 dam
458 1443 555 1477 αὐτῆς.
570 1443 652 1481 quod
670 1447 701 1472 ut
717 1453 774 1472 non
795 1443 945 1482 improbo,
963 1442 1007 1472 ita
1028 1452 1081 1472 ne-

371 1485 542 1515 cessarium
557 1486 637 1515 haud
653 1486 733 1515 duco
758 1486 841 1516 addi.
884 1486 1082 1515 Constructio

372 1528 431 1559 sibi
448 1528 495 1558 vel
513 1528 557 1558 sic
574 1529 650 1558 bene
666 1533 796 1564 constat,
810 1539 877 1568 quae
897 1529 963 1558 haec
979 1533 1026 1558 est
1040 1540 1047 1559 ε
1069 1528 1082 1557 ὅ

369 1573 424 1612 γὰρ
449 1572 594 1612 χρήματα
619 1572 779 1607 ἀναλώσας,
804 1573 880 1602 ὥστε
908 1572 1008 1613 τυχεῖν
1030 1584 1083 1607 της

367 1615 474 1656 εἲςήνης.

415 1660 490 1689 383.
506 1657 538 1688 5.
561 1658 597 1691 ὣς
620 1657 632 1686 ὅ
656 1656 713 1698 μὲν
738 1656 890 1697 δῆμος-]
916 1657 1080 1687 Scholiast.

372 1702 523 1740 Hermog.
539 1712 571 1741 p.
585 1701 616 1730 5.
639 1712 797 1734 σκοωηο-ας
812 1699 840 1731 δὲ
858 1699 977 1740 [corax
999 1705 1081 1740 puta,

372 1744 517 1774 inventor
540 1743 613 1773 artis
629 1745 784 1785 oratoriae]
806 1743 841 1777 ὡς
855 1744 867 1772 ὅ
882 1742 999 1782 δημος’
984 1745 1080 1773 αστίι-

369 1786 486 1826 δμητον
511 1787 558 1816 καὶ
583 1786 711 1817 ἄτακτον
734 1786 843 1833 πέφυκε
869 1789 1007 1826 πρᾶγμα,
1032 1786 1081 1817 καὶ

372 1829 506 1865 ἐννοήσας,
527 1830 571 1860 ὅτι
594 1829 674 1868 λόγο,
696 1829 786 1865 ἐστὶν,
802 1833 822 1869 ᾤ
838 1829 1012 1870 ῥυθμίζεται
1035 1831 1080 1860 ἀν-

371 1872 487 1913 &goim-ou
508 1871 610 1908 βίος,’
600 1873 741 1903 εσκόπησε
765 1873 811 1903 διὰ
833 1872 915 1910 λόγου
937 1872 983 1903 τὸν
997 1873 1082 1913 δῆμον

370 1915 418 1946 ἐπὶ
432 1918 473 1951 τὰ
488 1916 640 1956 πρόσφορα
653 1916 701 1945 καὶ
716 1914 877 1956 προτςὲπειν
891 1915 938 1945 καὶ
958 1916 1080 1957 ἀποτςέ-

369 1969 440 1990 mcv.

412 2020 455 2026 -—
471 2005 502 2034 6.
517 2002 748 2042 ἀσυνετῶτατον]
770 2001 891 2041 praetuli
914 2000 1081 2032 ἀσυνθετώ-

369 2057 467 2076 τατον.
482 2051 512 2075 et
528 2045 575 2075 sic
595 2045 671 2075 citat
686 2044 920 2080 Valkenaerius,
937 2045 973 2075 V.
991 2045 1026 2075 C.
1043 2045 1080 2074 ad

372 2089 564 2119 Herodotum
579 2099 610 2127 p.
622 2090 696 2119 239.
718 2089 770 2118 ubi
783 2094 919 2118 veterum
933 2088 1080 2126 quosdam

372 2133 517 2167 nominat,
532 2131 583 2170 qui
598 2132 618 2160 l.
631 2131 660 2161 h.
674 2131 843 2161 imitatione
855 2136 1082 2171 expresserunt.

373 2174 474 2205 Etiam
490 2175 572 2215 κῦμα
586 2174 668 2204 idem
681 2174 817 2212 praesert,
830 2179 860 2203 et
874 2173 1083 2204 ἀκατάστατον

370 2217 496 2248 omittit.
518 2227 645 2257 quorum
670 2221 808 2246 neutrum
834 2217 939 2256 probo.
963 2226 1030 2246 nam
1056 2216 1082 2246 si

371 2261 503 2300 vulgatae
519 2261 633 2299 πνεῦμα
654 2260 712 2289 hoc
728 2259 800 2290 licet
815 2269 983 2299 opponere,
999 2260 1081 2298 quod

369 2309 481 2334 ventus
495 2303 526 2333 in
542 2302 708 2334 continenti
731 2313 790 2332 non
811 2303 923 2337 minus,
938 2312 1026 2340 quam
1050 2302 1080 2332 in

371 2357 493 2386 aequore
515 2347 623 2386 spiret,
645 2355 742 2386 eoque
757 2345 803 2375 ais
820 2355 1080 2384 supervacaneum

369 2400 438 2420 esse
455 2389 481 2419 ἐν
496 2388 647 2431 θαλάττῃε
670 2390 766 2419 multo
779 2389 876 2428 magis
891 2388 974 2419 idem
990 2387 1015 2418 ἐν
1029 2387 1080 2418 Θα-

371 2432 467 2474 λάττῃ
483 2433 542 2463 erit
557 2443 828 2472 supervacaneum,
841 2432 867 2461 si
880 2436 1011 2472 optetur.
1029 2431 1080 2461 ubi

371 2475 449 2506 enim
466 2477 548 2515 κῦμα
566 2481 614 2506 est
629 2476 715 2512 alias,
732 2485 821 2515 qnam
836 2476 865 2505 in
882 2474 978 2505 mari?

412 2537 456 2543 -—
465 2521 495 2549 7.
507 2519 601 2559 ὥσπερ
614 2517 639 2548 ἐν
651 2518 807 2560 θαλάττῃ]
820 2518 972 2548 Aristides
985 2518 1023 2547 de
1038 2518 1077 2547 D.

369 2563 404 2592 C.
420 2573 451 2602 p.
466 2564 538 2592 186.
554 2562 598 2592 ἔτι
609 2562 643 2592 τὸ
657 2561 742 2592 εἰκόσι
757 2561 900 2603 χρῆσθαι,
914 2560 1079 2600 σεμνότητα

368 2605 418 2635 καὶ
452 2603 569 2644 ἀξίωμα
597 2603 701 2645 ἔχοντα
737 2605 782 2634 τὶν
811 2604 889 2642 λόγον
917 2603 1078 2644 ἐργάζεται.

369 2649 465 2688 ὥσπερ
481 2647 506 2678 ἐν
520 2648 661 2678 θαλάττη
677 2649 790 2688 πνεῦμα
805 2648 1022 2683 ἀκατάστατον,
1044 2648 1080 2682 ὡς

369 2692 402 2722 ἂν
417 2692 493 2733 τύχη
508 2690 666 2728 κινούμενον.

412 2752 456 2758 —-
472 2737 501 2766 9.
516 2732 584 2763 ἀλλ’
603 2733 662 2764 οὐδὲ
685 2732 850 2774 μέμνηται]
875 2733 974 2763 locum
1000 2733 1079 2764 hunc

370 2779 467 2808 citans
495 2777 674 2807 Alexander
702 2787 733 2816 p.
759 2779 812 2807 72.
850 2777 995 2807 observat
1027 2777 1079 2806 hic

369 2822 480 2852 deesse
493 2820 587 2856 ουδεὶς,
602 2820 685 2860 quod
702 2820 743 2849 sit
759 2819 1012 2850 subaudiendum.

413 2882 457 2888 —-—
467 2868 482 2894 1
491 2867 520 2894 1.
537 2864 573 2898 ὡς
587 2863 619 2893 ἂν
630 2862 710 2903 αὐτῷ
724 2863 802 2904 δοκῇ]
818 2863 942 2893 videtur
954 2862 1078 2902 quidem

369 2908 416 2938 illi
434 2907 514 2947 αὐτῷ’
535 2913 583 2936 ter
605 2906 685 2936 intra
705 2906 919 2936 brevissimum
944 2906 1077 2945 spatium

367 2952 477 2981 iterato
492 2949 609 2990 aliquid
623 2949 816 2979 insuavitatis
836 2948 948 2979 inesse.
972 2959 1077 2979 verum

366 2994 483 3024 nullum
498 2998 545 3023 est
559 2993 680 3023 illorum
693 2992 786 3022 trium
798 2992 888 3031 αὐτῷ,
900 3002 960 3031 quo
972 3002 1076 3022 carere

367 3037 468 3078 possit
484 3036 592 3070 oratio.
614 3037 752 3076 πράττειν
774 3035 824 3068 τινὶ
841 3041 888 3067 est
903 3045 996 3075 penes
1013 3036 1075 3066 De-

760 216 794 261 Ι.
816 216 850 259 Ι.
873 213 1098 259 REISKE
1129 211 1459 258 ANNOTATA

1119 321 1318 359 mosthenem,
1340 323 1433 354 alicui
1457 324 1592 360 studere,
1604 324 1718 355 factum
1734 325 1829 362 velle,

1120 364 1229 394 studiis
1254 371 1285 395 et
1305 367 1473 398 commodis
1490 369 1557 406 ejus
1574 368 1731 399 inservire.
1752 373 1846 408 pos-t.-
1864 383 1878 397 κ

1118 407 1183 448 δοκῇ
1197 408 1322 438 videtur
1336 408 1436 461 τρόπον
1447 412 1569 441 deesse.

1160 468 1203 473 —-
1219 453 1271 482 19.
1286 450 1353 492 παρ’
1368 452 1450 493 ὑμῖν]
1471 464 1529 484 non
1547 451 1738 484 solummodo
1753 436 1883 485 ουιιικῖῗῗ

1118 493 1155 522 ad
1179 504 1233 524 vos
1258 504 1274 524 e
1298 495 1452 534 legatione
1473 497 1617 533 redisset,
1641 497 1695 527 sed
1720 496 1826 534 etiam,
1842 496 1873 535 ’.ᾗ

1118 535 1168 566 die
1184 536 1302 573 dicta‚'
1293 548 1324 567 m
1344 538 1464 576 judicio
1479 543 1595 575 vestro,
1605 540 1693 579 jussu
1708 545 1740 571 et
1754 550 1824 569 sen-

1116 579 1213 609 tentia
1225 584 1338 617 vestra,
1349 582 1438 611 morti
1455 592 1524 612 esse
1536 583 1649 612 datum.
1661 593 1692 613 v.
1704 593 1738 622 p.
1750 585 1826 615 396.

1118 624 1171 652 20.
1194 621 1385 664 ἐπιορκοῦντας
1407 623 1545 664 ἐξελέγξω
1566 623 1632 666 παρ’
1651 625 1720 666 ὑμῖν
1741 633 1825 666 φανε-

1117 667 1176 705 ρῶς.
1199 667 1324 706 perjurii
1353 668 1506 698 manifesti
1533 678 1635 698 coram
1659 668 1748 699 vobis
1775 669 1824 709 (in

1112 708 1234 747 judicio
1260 710 1380 751 vestro)
1406 721 1459 741 eos
1485 711 1672 741 convincam.
1695 715 1728 741 et
1751 713 1826 742 39¹7.

1118 751 1172 780 ult.
1196 763 1254 781 οσοι
1269 753 1441 785 ἀπολώλασι
1456 753 1536 804 παρ’
1548 755 1629 795 ὑμῖν,
1641 754 1693 793 qui
1704 753 1825 793 judicio

1117 798 1221 824 vestro
1237 797 1430 827 condemnati
1445 794 1552 828 mortis
1569 797 1754 837 supplicium
1775 801 1824 827 to-

1115 837 1259 868 lerarunt.
1283 839 1369 869 conf.
1383 851 1415 880 p.
1427 843 1502 871 410
1515 851 1586 880 pen.

1158 897 1201 902 ·—-
1215 883 1267 911 20.
1281 893 1331 911 του
1346 881 1419 924 ζῆν’
1406 894 1473 914 οντα
1487 895 1571 925 κυριον
1589 882 1685 914 ἓαυτω
1701 882 1825 917 &Bam-

1115 923 1182 963 σαι]
1207 933 1262 963 pro
1284 925 1335 954 τοῦ
1363 926 1393 955 in
1418 926 1504 957 libris
1528 932 1576 957 est
1605 926 1650 957 τό.
1679 926 1824 966 copulavi

1115 969 1298 1018 utrumque2
1305 967 1355 997 τοῦ
1370 967 1404 998 τὸ
1423 968 1478 1010 ζῇν.
1502 973 1536 998 ut
1551 971 1616 999 haeo
1631 969 1671 999 sit
1685 974 1828 998 consti-u«

1115 1007 1199 1038 ctio.
1223 1009 1271 1039 οὐκ
1285 1021 1351 1039 οντα
1369 1010 1455 1050 κύριον
1469 1012 1519 1041 τοῦ
1541 1011 1701 1045 βεβαιῶσαι
1722 1023 1756 1041 το
1779 1010 1826 1052 ζῇν

1116 1050 1220 1091 ἑαυτῷ,
1242 1052 1273 1082 id
1299 1058 1356 1089 est,
1380 1054 1409 1084 οὖ
1435 1054 1577 1095 δυνάμενον
1600 1054 1660 1085 οὐδὲ
1684 1055 1734 1086 τὴν
1757 1043 1826 1095 {m'm

1115 1093 1208 1134 ἑαυτῷ
1225 1094 1397 1129 βεβαιῶσαι.

1159 1155 1200 1160 -
1216 1140 1268 1169 24.
1284 1138 1393 1182 δούλην]
1419 1139 1612 1180 5οἰ1.ἑαυτφ.
1635 1139 1825 1180 subjugavit.

1116 1178 1178 1210 sibi
1201 1183 1368 1221 arrogavit,
1382 1183 1538 1223 praesidiis
1560 1183 1625 1213 suis
1648 1183 1823 1223 occupavit,

1116 1224 1220 1253 urbem
1229 1225 1378 1262 Graecam,
1388 1231 1418 1256 et
1427 1226 1520 1266 paulo
1530 1231 1598 1256 ante
1609 1227 1647 1256 ab
1656 1227 1824 1266 semetipso

1114 1266 1241 1297 liberam
1255 1268 1438 1299 declaratam
1450 1269 1601 1309 vobisque
1616 1269 1800 1306 addicturus
1791 1280 1824 1300 in

1115 1319 1190 1348 paee
1206 1321 1274 1341 cum
1288 1312 1451 1342 Antaleida
1463 1313 1586 1342 factam.

1157 1370 1201 1375 —-
1214 1364 1284 1393 pen.
1299 1354 1446 1394 λέγοντας,
1460 1355 1686 1397 εὐδοκιμοῦντας]
1711 1354 1823 1385 sustuli

1114 1406 1242 1427 comma.
1263 1397 1400 1436 λέγοντας
1423 1398 1646 1439 εὐδοκιμοῦντας,
1667 1399 1749 1429 idem
1776 1402 1824 1428 est

1115 1443 1217 1479 atque,
1232 1439 1444 1481 εὐδοκιμοῦντας
1457 1439 1483 1471 ἐν
1497 1441 1539 1481 τῷ
1551 1440 1651 1480 λέγειν.

1158 1500 1201 1505 -
1213 1484 1266 1513 ult.
1278 1483 1310 1514 τί
1322 1485 1370 1514 καὶ
1386 1485 1509 1515 ποιῆσαι
1524 1483 1626 1525 ζητοίη.
1649 1485 1745 1516 πολλοὶ
1757 1485 1824 1514 ἀνα-

1115 1523 1236 1567 λίτκειν]
1261 1527 1390 1557 distinxi
1405 1527 1504 1558 aliter.
1525 1527 1557 1558 τί
1569 1527 1621 1557 καὶ
1628 1528 1768 1565 cronno-aq
1790 1528 1821 1557 iu

1115 1569 1264 1619 optativ.0
1287 1570 1359 1610 quid
1376 1571 1513 1601 faceret?
1536 1570 1627 1612 ζητοίη
1642 1573 1740 1601 πολλοὶ
1754 1572 1823 1602 ἂνα-

1115 1609 1230 1642 λίσιιειν.
1263 1623 1333 1643 num
1361 1614 1559 1644 contenderet
1583 1614 1680 1644 multa
1705 1613 1825 1654 impen-

1115 1654 1213 1684 dere.
1202 1655 1214 1676 ⁷
1237 1661 1269 1686 et
1282 1656 1353 1687 ideo
1365 1666 1487 1696 quoque
1501 1667 1533 1696 p.
1549 1659 1624 1688 384.
1639 1658 1669 1687 2.
1688 1667 1745 1696 pro
1761 1655 1824 1687 Cov-

1115 1696 1234 1728 λησεται
1263 1699 1334 1729 dedi
1366 1699 1504 1733 Βούλοιτο.
1541 1699 1711 1740 praesertim
1741 1701 1824 1730 inse-

1115 1745 1227 1780 quente
1240 1742 1380 1781 μαίνοιτο.

1157 1785 1231 1815 384.
1261 1788 1292 1816 3.
1321 1784 1429 1827 εἵλετο]
1470 1785 1601 1817 subaudi
1627 1784 1724 1822 αὗτός,
1750 1785 1822 1825 ipse

1114 1832 1224 1866 sponte
1240 1838 1306 1864 sua,
1321 1829 1411 1859 ultro.

1158 1887 1200 1894 —
1213 1873 1243 1902 9.
1255 1874 1364 1903 πολλὰ.
1379 1873 1427 1902 οὐκ
1442 1871 1584 1912 ἐδέξαντο]
1599 1870 1769 1911 interposui
1781 1871 1822 1902 de

1113 1923 1184 1943 meo
1210 1915 1246 1948 ὡς
1271 1914 1341 1945 3²-
1352 1916 1434 1955 quod
1462 1920 1561 1946 autem
1589 1915 1757 1945 discrimen
1782 1914 1822 1945 sit

1114 1956 1195 1987 inter
1206 1956 1340 1999 δέχεσθαι
1355 1962 1387 1988 et
1401 1958 1571 1999 λαμβάνειν,
1585 1958 1663 1988 haud
1679 1957 1821 1988 dixerim.

1158 2017 1200 2023 —
1215 2004 1267 2031 11.
1283 2001 1330 2031 καὶ
1348 1999 1462 2042 δείπνῳ]
1477 2002 1502 2031 si
1518 2002 1663 2038 feremus,
1679 2001 1738 2031 erit
1753 2001 1823 2031 red-

1115 2042 1247 2073 dendum
1262 2044 1292 2074 in
1306 2045 1461 2080 convivio,
1473 2044 1654 2074 sacrificium
1667 2044 1824 2083 publicum

1115 2085 1266 2117 insecuto.
1289 2087 1399 2118 Omnia
1410 2087 1560 2117 sacrificia
1570 2086 1696 2117 exibant
1707 2086 1737 2116 in
1751 2097 1823 2116 con-

1114 2128 1232 2159 vivium
1259 2135 1291 2160 et
1319 2129 1577 2170 compotatiouem
1591 2141 1599 2159 :
1628 2140 1687 2159 non
1721 2135 1824 2160 autem

1115 2172 1215 2202 omnia
1229 2173 1373 2203 convivia
1388 2173 1581 2212 praecedebat
1596 2172 1792 2202 sacrificium.

1157 2232 1199 2237 —
1210 2217 1260 2245 12.
1270 2215 1473 2257 αἰχμάλωτα]
1487 2215 1554 2246 scil.
1566 2215 1709 2255 σώματα,
1719 2226 1823 2255 quam-

1114 2267 1203 2296 quam
1221 2258 1363 2299 utiquep
1366 2264 1473 2289 raestet
1492 2259 1549 2288 hoc
1565 2268 1632 2288 voc.
1647 2258 1731 2293 addi,
1751 2259 1826 2298 quia

1114 2300 1235 2337 dubito,
1247 2311 1317 2332 num
1331 2312 1458 2342 usquam
1472 2301 1608 2332 locorum
1621 2301 1827 2343 αἰχμάλωτον,

1114 2343 1160 2373 sio
1176 2345 1267 2380 nude,
1282 2355 1338 2384 pro
1350 2345 1443 2387 αῖχμ.
1459 2347 1531 2385 σῶμ.
1532 2356 1552 2374 α
1566 2345 1748 2385 reperiatur.

1156 2403 1199 2409 ——
1217 2389 1267 2418 17.
1283 2388 1372 2427 λόγον,
1391 2387 1417 2417 ὃν
1435 2357 1531 2430 οὒχ]μ
1528 2387 1629 2418 delevi
1651 2387 1824 2424 articulum,

1114 2434 1148 2459 ut
1170 2429 1255 2469 ἄξιον,
1276 2441 1336 2461 non
1355 2431 1503 2467 neutrius,
1519 2431 1574 2462 sed
1591 2430 1752 2461 masculini
1769 2441 1823 2471 ge-

1114 2473 1196 2504 neris
1213 2473 1264 2504 sit.

1156 2533 1199 2538 —
1215 2520 1265 2548 18.
1282 2517 1294 2547 ὅ
1295 2518 1359 2560 ρων]
1380 2528 1439 2547 non
1460 2517 1613 2557 improbo.
1630 2515 1701 2556 quia
1722 2520 1823 2546 tamen

1114 2558 1216 2596 Philo,
1225 2570 1284 2590 non
1297 2571 1353 2591 suo
1367 2561 1473 2596 solius,
1483 2561 1536 2591 sed
1549 2560 1734 2599 collegarum
1748 2570 1822 2599 quo-

1113 2613 1171 2641 que
1184 2603 1304 2634 nomine
1318 2604 1464 2644 loquitur,
1476 2603 1602 2634 malim
1589 2605 1698 2645 ορῶντες
1709 2602 1739 2632 in
1754 2602 1825 2642 plu-

1112 2645 1180 2676 rali.

1155 2706 1198 2712 —
1213 2691 1265 2720 26.
1281 2690 1365 2732 ἡμῖν]
1389 2689 1505 2720 addidi.
1527 2689 1610 2728 quod
1634 2687 1707 2718 addi
1730 2698 1823 2728 opor-

1113 2731 1218 2768 tuisse,
1234 2733 1324 2763 docet
1339 2729 1711 2772 p.385.12.0’2wr185,uev
1727 2731 1758 2762 δὴ
1769 2749 1823 2761 -.

1155 2777 1297 2806 385.12.
1310 2774 1398 2817 ουτοι]
1413 2775 1578 2806 AEsohines
1592 2779 1678 2814 puta,
1691 2784 1761 2804 eum
1774 2784 1823 2804 so-

1112 2818 1245 2848 dalibus.

1155 2862 1265 2892 -.25
1280 2860 1328 2891 καὶ
1347 2860 1488 2901 καλέσαι]
1504 2859 1562 2890 nisi
1577 2858 1759 2889 infitiatione
1776 2869 1825 2888 re-

1112 2909 1193 2934 ctum
1207 2909 1263 2934 est.
1286 2915 1355 2934 cum
1369 2904 1455 2934 vobis
1468 2903 1710 2951 persuasissem,·
1714 2907 1748 2932 ut
1757 2903 1822 2941 jam

1111 2947 1235 2977 velletis
1259 2947 1400 2986 Philippi
1415 2957 1535 2986 quoque
1560 2946 1679 2985 legatos
1700 2944 1733 2975 in
1750 2955 1824 2975 con-

1111 2990 1230 3020 cionem
1254 2990 1400 3026 invitare,
1425 2998 1485 3029 quo
1508 2989 1587 3029 ipsis
1613 2988 1823 3023 declararetis,

1111 3043 1127 3063 ι
1131 3044 1166 3064 os
1182 3034 1359 3066 decrevisse
1376 3033 1479 3065 socios
1494 3042 1618 3073 quoque
1631 3036 1754 3064 vestros
1765 3031 1822 3061 bac
