1931 3323
279 195 361 235 268

284 301 353 341 ὑπὲρ
379 300 495 338 τούτων,
521 301 555 342 ἃ]
587 301 756 336 ἐπεπόνθειν.
783 304 866 335 nolui
891 309 990 335 tamen

284 345 438 382 vulgatam
455 348 679 385 movere,quod
693 348 865 386 suspicarer
880 348 910 377 in
924 348 990 378 aliis

284 387 356 416 olim
372 387 459 417 libris
474 388 570 419 fuisse
585 390 661 420 lianc
672 391 850 421 lectionem:
864 390 932 431 ὑπὲρ
943 393 992 422 τὴν

285 431 401 464 ἡλικίαν,
416 430 445 460 ἢν
459 431 529 472 ἔχω,
548 430 583 462 ὧν
597 432 775 464 ἐπεωόνθειν.
799 440 829 464 81
851 436 896 464 sic
919 434 991 464 dedi

284 474 323 502 de
339 483 417 503 meo.

328 533 372 539 ——
396 519 448 548 13.
475 516 542 548 ἰδίαν
571 518 675 561 ἔλαχον
702 519 789 561 δίκην]
816 521 898 551 Citat
923 520 952 550 11.
970 520 991 550 Ι.

286 559 441 599 Harpocr.
457 572 488 591 v.
502 560 571 593 δίκη.

330 621 372 626 —
398 607 450 635 17.
472 605 486 635 ἦ
508 608 591 645 μετὰ
613 604 700 636 ταῦτ’
722 606 875 648 ἀσέλγεια]
907 617 937 636 v.
962 618 989 648 p.

288 648 382 678 1265.
399 652 428 679 2.

330 691 425 720 1257.
440 693 472 721 4.
494 691 653 731 Πάνακτον]
669 692 750 722 Citat
766 693 827 722 11.1.
840 693 994 733 Harpocr-

285 733 342 762 hac
360 744 445 764 voce.

330 793 372 800 —-
399 779 430 806 7.
463 776 706 819 ωξοσκρούματα]
738 777 811 807 dedi
839 779 995 818 ωροσκξού-

287 831 405 859 σματα.
427 820 550 861 offensae.
572 831 639 850 nam
655 822 766 860 κξοῦμα
787 831 845 850 11011
861 822 924 851 fere
941 821 996 851 ali-

286 866 347 898 ter,
364 873 452 902 quam
464 864 503 893 de
519 864 617 892 modis
632 864 758 893 musicis
774 870 947 903 usurpatur.

331 923 375 929 -
391 910 420 937 8.
445 905 555 942 συνέβη,
575 905 606 944 ἐξ
621 903 656 934 οἷν
671 907 845 948 ἀκούσεσθε]
870 907 997 937 distinxi

290 952 322 978 et
345 949 466 978 correxi
494 950 556 978 sio:
580 949 692 982 συνέβη.
716 950 764 979 hic
789 952 928 981 absoluta
951 955 997 980 est

289 991 377 1021 istaeo
400 992 558 1022 sententia.
585 997 648 1022 tum
669 993 775 1033 incipit
796 1004 883 1023 nova.
915 993 946 1031 ἐξ
963 990 998 1022 ὦν

289 1034 323 1071 δ’,
340 1034 503 1065 ἀκούσεσθε.
519 1035 586 1065 hinc
603 1035 649 1075 [id
668 1042 726 1071 est,
746 1037 783 1066 ab
804 1037 855 1066 illa
871 1035 997 1075 expedi-

291 1078 389 1118 tione]
401 1079 535 1108 simultas
545 1078 623 1108 nobis
634 1080 752 1109 exstitit.
777 1080 889 1113 Quibus
900 1083 996 1108 antem

289 1130 304 1150 e
320 1121 404 1151 rebus
419 1130 450 1150 ea
467 1123 689 1161 exstiterit,jum
704 1132 737 1150 ex
749 1131 794 1151 me
809 1122 946 1151 audietis.

332 1181 376 1187 ——-
400 1167 448 1194 18.
472 1164 657 1204 πξοσεούξουν]
681 1164 764 1193 Citat
789 1164 818 1193 h.
840 1165 860 1194 l.
886 1165 998 1194 Eusta-

292 1208 375 1237 thius
401 1208 439 1236 ad
463 1208 641 1241 Homerum,
669 1209 756 1246 eujus
785 1209 879 1236 verba
905 1208 998 1236 refert

293 1252 490 1280 Casaubonus
519 1251 557 1279 ad
583 1251 693 1279 Athen.
719 1263 748 1291 p.
772 1253 824 1280 42.
850 1251 929 1280 conf.
960 1251 998 1280 ad

294 1294 406 1324 Moerin
425 1293 599 1323 Atticistam
617 1294 756 1323 Pierson.
772 1303 803 1332 p.
820 1296 894 1323 217.

336 1355 379 1359 --
392 1340 442 1368 20.
457 1335 734 1377 ἀπεπεμψάμεθα]
750 1338 851 1366 malim
867 1335 1000 1375 ἓπεμεμ-

295 1379 429 1419 ψάμεθα,
440 1381 477 1409 ab
493 1378 715 1420 ἐπιμέμφομαι.
734 1380 836 1410 leniter
849 1390 891 1410 eos
905 1390 1000 1418 repre-

295 1424 497 1458 hendebamus,
527 1425 617 1453 amice
643 1434 709 1453 cum
739 1424 774 1453 iis
798 1423 1000 1463 querebamur.

295 1467 433 1498 Wollius
447 1467 598 1505 vulgatam
610 1466 827 1505 interpretatur
840 1468 1001 1496 transmisi-

295 1520 371 1546 mus,
384 1510 637 1539 dissimulavimus.
655 1520 774 1544 verum,
790 1511 919 1548 primum
934 1509 1001 1548 qui-

297 1554 378 1588 dem,
396 1564 454 1582 non
470 1553 526 1582 hoc
543 1557 591 1582 est
606 1552 856 1593 ἀποπέμπεσθαι,
874 1554 927 1582 sed
944 1562 1002 1582 πα-

297 1595 476 1637 ραπέμπειν.
502 1596 626 1631 deinde,
654 1606 713 1625 non
736 1596 941 1626 transmisisse
964 1596 1003 1625 si-

296 1641 390 1669 lentio
411 1645 502 1678 atque
517 1639 761 1668 dissimulatione
774 1644 907 1669 actorem
924 1640 1004 1678 ejus-

299 1694 358 1722 que
375 1683 488 1712 amicos
503 1682 577 1711 istas
593 1682 732 1720 injurias,
744 1683 796 1712 sed
811 1682 858 1712 vel
873 1683 1004 1712 maxime

299 1731 424 1765 questos
456 1735 536 1759 esse,
564 1729 682 1754 constat
710 1736 751 1755 ex
781 1725 886 1755 addito
914 1726 949 1758 ὡς
982 1724 1005 1754 δ’

298 1767 450 1809 ἐχλεύαζον
462 1769 629 1807 ἡμᾶς-111
641 1777 707 1797 vero
720 1778 769 1798 nos
779 1769 1005 1803 subsannabant,

300 1819 327 1842 et
338 1822 373 1841 ¹ne
385 1812 424 1841 sic
433 1811 803 1851 quidemfinemfaciebnnt
813 1813 1006 1851 injuriarum.

301 1855 513 1885 subsannabat
528 1865 636 1893 nempe
651 1856 757 1884 Conon
770 1865 836 1884 curn
854 1855 923 1884 filiis
939 1855 1007 1885 Ari-

303 1904 420 1928 stonem
441 1908 509 1926 cum
532 1898 651 1933 amicis,
670 1898 808 1928 modeste
824 1904 1007 1937 querentes;

303 1947 335 1971 et
350 1942 488 1980 quamvis
502 1941 670 1970 elementer
685 1941 848 1980 objurgati,
860 1947 960 1971 tamen
972 1953 1008 1971 ne

306 1985 352 2014 sie
369 1984 491 2023 quidem
507 1984 708 2014 abstinebant.

347 2044 390 2049 ——-
407 2030 458 2057 21.
482 2026 529 2056 καὶ
546 2027 593 2057 οὔκ
614 2025 763 2067 ἐπαύοντο]
786 2027 859 2057 (18ᾱί
873 2038 912 2057 ex
931 2029 1010 2067 Aug.

306 2070 354 2100 καὶ
371 2069 422 2100 οὐδ’
435 2069 607 2100 ἐπαύσαντο.
622 2076 828 2101 verumtamen
840 2081 877 2101 ne
889 2072 932 2101 sic
944 2073 1011 2110 qui-

306 2114 375 2142 dem
407 2119 583 2152 persanatus
609 2117 654 2142 est
682 2115 777 2144 locus.
805 2115 906 2144 nullus
933 2116 1011 2144 enim

306 2157 414 2185 dubito
442 2157 501 2195 leg.
526 2167 614 2186 esse:
642 2157 690 2186 καὶ
712 2155 765 2187 οὐδ’
786 2159 821 2191 ὡς
842 2157 1011 2188 ἐπαύσαντο.

308 2199 390 2238 quod
407 2201 497 2228 inodo
514 2211 577 2229 sum
595 2200 821 2238 interpretatus.

353 2260 395 2265 —
412 2243 465 2272 ult.
488 2242 580 2283 ταύτῃ
596 2242 634 2283 τῇ
646 2242 768 2284 ἑσπέρᾳ]
794 2254 852 2283 qua
868 2244 935 2274 scil.
953 2245 1015 2274 Im-

310 2290 433 2325 perator
449 2296 501 2315 eos
517 2286 736 2325 increpaverat.

356 2331 449 2359 1258.
469 2334 498 2358 1.
520 2331 705 2362 τελευτῶντες
722 2329 749 2359 δὲ
762 2330 820 2370 -]
849 2330 931 2360 Citat
949 2330 1013 2360 11.1.

312 2372 465 2402 Aristides
480 2371 560 2413 τέχν.
580 2383 609 2411 p.
627 2374 699 2402 126.
717 2379 747 2402 et
762 2376 835 2404 1⁰28.

354 2432 398 2437 ——
413 2418 463 2445 17.
487 2415 626 2455 πρότεξος]
649 2416 801 2453 dubitavi,
814 2421 911 2446 utrum
927 2415 956 2445 in
972 2416 1017 2445 lo-

313 2468 381 2487 cum
406 2469 435 2487 v.
461 2457 586 2498 πρότεξος
612 2458 781 2488 sufficerem
807 2459 871 2500 πρὸς
899 2458 1018 2495 τούτοις,

313 2501 393 2539 quod
419 2501 588 2540 Dionysius
612 2502 674 2530 dat.
699 2509 805 2540 praeter
827 2503 882 2532 illa
903 2503 1016 2541 priora.

315 2544 371 2572 sed
387 2549 487 2582 potest
504 2545 626 2583 vulgata
641 2543 742 2574 locum
758 2546 847 2576 tueri.
866 2547 979 2586 primus
991 2551 1018 2576 et

310 2587 455 2625 princeps,
467 2593 570 2616 auctor
583 2588 713 2626 eaemplz'.

358 2647 401 2674 -ῂ-
422 2632 473 2660 25.
499 2629 655 2670 Λεωκόςιον]
679 2631 762 2661 Citat
778 2631 809 2662 h.
824 2632 846 2662 l.
864 2632 1017 2672 Harpocr-

316 2683 346 2703 v.
366 2673 514 2712 Λεωκόριον.

357 2733 399 2738 -
421 2717 474 2745 27.
498 2717 540 2754 μῆ
564 2715 686 2756 μαθεῖν]
721 2718 854 2748 subaudi
882 2717 1020 2747 &svaei-*aa

318 2760 405 2798 ἡμῖὶς.
421 2763 471 2788 aut
487 2760 558 2788 τινά,

359 2820 401 2825 —
421 2812 491 2840 pen.
513 2800 650 2841 Μελίτην]
675 2802 758 2831 Citat
779 2803 808 2832 11.
822 2803 842 2831 l.
867 2803 1020 2842 Harpocr-

315 2857 346 2875 v.
359 2844 479 2874 Μελίτη.

360 2905 403 2910 —
418 2888 494 2917 ibid.
519 2886 614 2917 ’ἕω-μνον
637 2886 660 2916 δ’
684 2885 728 2926 ἄρ’
748 2886 891 2927 ἐνταῦθα]
917 2899 974 2928 pro
999 2887 1022 2918 δ’

317 2929 360 2970 ἄρ’
373 2931 444 2960 dedi
459 2931 521 2970 γάρ.
543 2939 611 2959 nam
633 2930 659 2959 si
678 2931 771 2959 dubie
788 2930 909 2960 locutus
929 2938 1022 2967 esset,

319 2978 353 3002 nt
369 2974 610 3011 probabilitatem
627 2973 720 3003 solam
744 2980 878 3010 secutus,
894 2985 952 3004 non
969 2976 1021 3004 ad-

318 3016 450 3047 didisset
464 3018 561 3046 ταῧτα
576 3019 629 3057 γὰρ
640 3016 752 3057 ὕστερον
765 3015 936 3057 ἐπυθόμεθα.

651 196 687 236 Ι.
711 196 745 237 Ι.
776 196 1001 239 REISKE
1033 195 1358 238 ANNOTATA

1068 304 1163 334 1259.
1179 305 1229 334 12.
1254 303 1325 333 οὕτω
1345 301 1531 345 &ienuam—J
1560 302 1644 335 citat
1658 305 1688 336 h.
1703 306 1725 336 1.

1025 346 1178 377 Aristides
1194 357 1273 387 τεχν.
1285 358 1317 386 p.
1332 349 1405 378 12³8.

1068 408 1110 413 —-
1132 392 1182 420 13.
1206 390 1393 430 συγκλεῖσαι]
1413 394 1528 420 tantum
1550 391 1628 421 enim
1651 391 1729 422 ooeni

1025 434 1091 472 ejus
1107 432 1205 462 oculis
1219 433 1421 472 ingesserunt,
1445 438 1476 463 et
1498 434 1607 474 pugnis
1631 443 1666 464 os
1685 434 1729 465 ita

1025 477 1240 512 contuderunt,
1257 481 1290 506 ut
1305 481 1404 506 tumor
1419 477 1522 507 vultus
1536 487 1594 507 uon
1610 483 1731 517 patere-

1025 525 1074 550 tur
1090 520 1193 549 nculos
1209 519 1332 559 aperiri.

1068 580 1111 585 ——
1120 565 1172 593 19.
1187 562 1317 603 σημεῖον]
1333 566 1405 602 post
1417 562 1532 604 σημεῖον
1543 563 1664 593 videtur
1673 561 1731 603 μὲ-

1026 618 1123 644 γιστον
1140 607 1258 636 deesse.

1068 667 1112 673 -—-
1135 652 1186 680 24.
1213 647 1333 691 γυμνὸς]
1357 649 1451 688 pallio
1478 649 1557 679 enim
1586 649 1734 691 spoliatus

1026 693 1133 723 fuerat.
1147 704 1176 723 v.
1187 703 1216 723 v.
1231 696 1282 723 11.

1069 753 1113 758 --
1129 738 1181 766 ω7.
1203 734 1360 776 βαλανεῖον]
1375 745 1434 765 non
1450 734 1664 771 domesticum,
1680 735 1735 765 sed

1027 779 1196 818 publicum.

1073 823 1166 851 1260.
1182 824 1213 853 3.
1238 820 1351 859 τούτου]
1374 819 1455 850 redit
1476 821 1514 850 ad
1536 820 1736 851 Euxitheum.

1030 865 1091 893 Sed
1108 864 1133 893 si
1150 866 1206 894 lioc
1219 865 1300 901 μετὰ
1323 861 1422 891 τούτου
1443 868 1591 898 servatur,
1607 873 1736 893 necesse

1031 912 1078 936 est
1093 906 1227 938 ἀπιόντας
1241 914 1310 934 cum
1323 903 1443 933 ἀπιόντα
1453 906 1572 941 mutari,
1584 907 1735 945 pluralem

1031 959 1096 978 cum
1114 948 1271 987 singulari,
1286 947 1360 977 alias
1376 948 1575 978 omittendum
1589 954 1670 978 85581
1682 960 1737 988 με-

1030 993 1069 1021 τὰ
1103 990 1213 1020 τούτου.
1243 990 1294 1021 vel
1328 990 1430 1030 potius
1468 993 1542 1022 ordo
1573 993 1738 1022 verborum

1031 1034 1183 1073 optandus
1200 1038 1259 1069 est,
1275 1033 1326 1072 qni
1343 1034 1433 1063 estin
1450 1035 1529 1073 Aug.
1547 1039 1578 1064 et
1593 1035 1639 1065 sic
1651 1035 1722 1065 feci.

1073 1094 1116 1099 —
1125 1079 1156 1106 4.
1173 1079 1225 1111 τῆς
1237 1075 1339 1117 οἰκίας]
1357 1077 1485 1107 subaudi
1498 1080 1548 1112 τῖς
1559 1079 1607 1108 τοῦ
1620 1077 1739 1110 Μειδίου.

1031 1125 1065 1149 ut
1081 1120 1235 1158 colligitur
1255 1131 1294 1150 ex
1311 1121 1554 1159 insequentibus.
1570 1132 1599 1152 v.
1619 1132 1647 1151 v.
1664 1125 1693 1152 8.

1074 1180 1116 1185 —
1128 1167 1157 1194 6.
1171 1163 1288 1203 ἄγουσι]
1316 1163 1439 1192 dativus
1456 1169 1503 1194 est
1525 1164 1554 1194 11.
1569 1165 1590 1193 l.
1611 1165 1739 1204 pluralis

1032 1206 1175 1245 particip.
1210 1217 1302 1246 praes.
1326 1203 1457 1246 affuisse,
1485 1207 1533 1237 vel
1564 1207 1740 1248 interfuisse,

1031 1259 1100 1278 cum
1127 1250 1305 1280 adducerent
1331 1252 1354 1280 it
1377 1251 1530 1285 medicum,
1551 1252 1600 1290 qni
1623 1253 1741 1281 arcessi-

1033 1293 1145 1322 vissent.

1077 1353 1116 1358 —
1134 1346 1204 1374 pen.
1226 1337 1261 1370 ὡς
1279 1334 1320 1366 οὖν
1344 1337 1392 1369 καὶ
1407 1335 1491 1365 ταῦτ’
1511 1335 1615 1377 ἀληθῆ]
1637 1336 1742 1366 addidi

1034 1377 1092 1408 καί.
1109 1379 1241 1409 refertur
1257 1381 1292 1409 ad
1313 1391 1342 1410 v.
1357 1390 1426 1419 pen.
1442 1390 1474 1419 p.
1489 1381 1585 1410 1259.

1080 1425 1173 1454 1261.
1191 1425 1219 1452 2.
1236 1422 1352 1463 τούτου]
1367 1421 1440 1452 (18ᾱί
1456 1422 1571 1452 τούτων.
1608 1424 1744 1459 Conone,

1035 1465 1138 1496 Ctesia
1154 1467 1220 1506 ejus
1236 1465 1310 1502 filio,
1326 1472 1357 1496 et
1375 1465 1552 1505 Theogene,
1575 1467 1744 1496 Androme-

1036 1509 1084 1538 nis
1097 1509 1168 1538 filio.
1188 1520 1218 1539 v.
1233 1519 1263 1548 p.
1279 1511 1373 1541 1259.
1390 1512 1441 1539 10.

1079 1570 1121 1575 —-—-
1137 1553 1169 1582 4.
1185 1553 1213 1582 οὗ
1227 1553 1361 1594 μετρίας]
1379 1557 1450 1593 post
1465 1552 1493 1582 οὗ
1506 1550 1626 1592 μετρίας
1641 1552 1746 1583 addidi

1038 1595 1123 1628 τινάς.
1169 1596 1269 1625 Etiam
1286 1597 1385 1636 Toup.
1403 1597 1530 1626 Emend.
1546 1596 1584 1625 ad
1609 1596 1695 1626 Suid.
1723 1601 1746 1626 t.

1038 1639 1102 1668 111.
1120 1649 1151 1677 p.
1168 1641 1241 1669 277.
1264 1639 1312 1668 fin.
1328 1641 1406 1673 τινας
1423 1650 1439 1669 8
1459 1639 1554 1669 Suida
1573 1639 1747 1669 addendum

1039 1687 1155 1711 censet.
1171 1681 1244 1711 citat
1264 1682 1293 1711 11.
1310 1683 1330 1711 l.
1354 1683 1507 1712 Aristides
1526 1692 1608 1723 τεχν.
1625 1694 1654 1723 p.
1673 1684 1747 1713 0238.

1039 1730 1070 1754 et
1086 1725 1194 1754 Suidas
1211 1735 1239 1755 v.
1254 1726 1369 1763 φαῦλον.

1081 1785 1126 1791 —-
1141 1770 1171 1797 5.
1195 1767 1232 1801 εἷς
1247 1768 1318 1808 qratia]
1343 1768 1459 1798 addunt
1472 1768 1592 1808 qnidam
1611 1767 1678 1798 libri
1695 1778 1747 1797 κα.-

1040 1810 1094 1840 κόν.
1126 1821 1182 1840 non
1216 1812 1292 1840 male
1323 1812 1367 1841 illi
1397 1812 1532 1850 quidem,
1563 1812 1616 1840 sed
1646 1816 1749 1850 potest

1041 1854 1130 1883 etiam
1157 1854 1221 1883 sine
1242 1855 1296 1883 illo
1319 1855 1439 1893 integra
1462 1864 1531 1883 esse
1553 1854 1661 1884 oratio.
1678 1866 1707 1884 v.
1724 1855 1749 1884 si

1041 1898 1155 1937 placet,
1175 1908 1243 1936 quae
1262 1898 1300 1926 ad
1328 1899 1454 1927 Dionem
1471 1897 1612 1928 Cassium
1629 1898 1752 1936 scripsi-

1041 1950 1120 1976 muS,
1135 1951 1165 1979 p.
1182 1943 1232 1970 90.
1247 1942 1298 1971 32.
1315 1940 1521 1979 itern‚quibus
1537 1940 1607 1970 addi
1624 1945 1752 1979 possunt

1042 1984 1073 2013 hi
1100 1983 1160 2014 loci
1182 1984 1330 2014 Aristidis
1346 1985 1452 2022 t.1.p.
1468 1986 1540 2014 246.
1557 1988 1587 2015 4.
1611 1989 1634 2013 t.
1652 1985 1695 2013 11.
1718 1994 1751 2023 p.

1044 2028 1117 2057 155.
1136 2030 1187 2058 12.
1216 2027 1265 2056 ubi
1281 2028 1318 2057 ad
1339 2030 1395 2057 τῶν
1410 2027 1591 2056 subauditur
1604 2025 1692 2066 φόβου
1705 2026 1754 2056 καὶ

1045 2069 1181 2104 ἀπονοίας.
1202 2070 1237 2100 it.
1253 2081 1284 2109 p.
1300 2072 1373 2101 297.
1389 2073 1418 2101 9.
1442 2071 1514 2100 item
1532 2081 1561 2108 p.
1576 2072 1627 2100 64.
1645 2073 1674 2100 8.
1700 2069 1754 2100 ubi

1047 2114 1225 2143 subauditur
1245 2113 1345 2155 ἄχαρι,
1367 2119 1418 2143 aut
1438 2112 1581 2154 βλαβερόν.
1604 2118 1637 2142 111
1653 2117 1754 2142 autem

1047 2159 1086 2187 τοὶ
1109 2156 1266 2196 κακόφημα
1289 2157 1480 2192 omittuntur,
1499 2156 1543 2185 ila
1561 2166 1665 2186 rursus
1681 2166 1756 2194 quo-

1048 2211 1108 2239 que
1128 2203 1168 2230 τὰ
1191 2200 1316 2239 εὔφημα.
1341 2200 1385 2229 sic
1402 2200 1439 2229 ab
1461 2198 1598 2229 Aristide
1619 2203 1640 2228 t.
1659 2199 1704 2228 ll.
1720 2209 1753 2238 p.

1052 2245 1122 2275 196.
1139 2243 1193 2272 ult.
1218 2243 1361 2272 omissum
1384 2246 1431 2273 est
1455 2240 1566 2280 ἀγαθὸν,
1583 2241 1632 2272 vel
1649 2240 1755 2282 ὄφελος.

1050 2287 1111 2316 Sed
1127 2286 1191 2315 haec
1207 2296 1265 2315 non
1283 2291 1353 2315 sunt
1367 2286 1456 2324 hujus
1471 2285 1542 2315 loci.

1091 2347 1135 2352 —
1147 2332 1198 2360 17.
1210 2328 1402 2369 ἰθυφάλλους]
1419 2327 1611 2368 lthypballos
1626 2327 1671 2358 illi
1687 2338 1756 2358 sese

1051 2372 1269 2412 appellitabant
1295 2374 1333 2402 de
1359 2372 1547 2411 impudentia
1573 2376 1604 2401 et
1630 2371 1758 2401 audacia

1051 2421 1181 2451 aetatem,
1199 2426 1318 2451 sexum,
1332 2416 1466 2445 ordinem
1481 2415 1622 2444 violante.
1636 2414 1758 2446 αὐτολη-

1050 2458 1153 2492 κύθους
1168 2463 1267 2488 autem
1284 2459 1321 2487 de
1347 2457 1541 2497 simplicitate
1562 2457 1634 2488 vitae
1649 2463 1680 2487 et
1695 2458 1758 2486 fru-

1053 2502 1187 2541 galitate,
1203 2512 1271 2541 quae
1294 2502 1494 2541 pedissequos
1518 2501 1618 2531 nullos
1638 2500 1758 2530 deside-

1052 2551 1144 2581 raret,
1159 2545 1301 2575 oleariam
1314 2549 1468 2584 gestantes
1477 2544 1649 2584 ampullam,
1659 2553 1757 2582 neque

1053 2589 1246 2628 splendorem
1268 2588 1299 2618 in
1325 2587 1409 2618 victu
1434 2591 1465 2617 et
1487 2588 1570 2617 cultu
1592 2586 1761 2622 affectaret,

1054 2632 1107 2661 sed
1135 2632 1267 2671 ipsamet
1292 2630 1353 2660 sibi
1376 2630 1504 2660 serviret
1527 2629 1759 2668 necessariaque

1054 2674 1289 2710 administraret,
1305 2674 1472 2713 cujusmodi
1486 2680 1533 2703 est
1548 2671 1680 2711 gestatio
1697 2682 1759 2702 am-

1054 2719 1146 2757 pullae
1161 2718 1284 2747 oleariae
1297 2717 1333 2746 ad
1350 2717 1501 2752 balneum,
1517 2721 1569 2745 aut
1585 2715 1618 2745 in
1637 2715 1760 2751 itinere,

1055 2770 1108 2791 seu
1121 2760 1193 2800 quia
1208 2771 1298 2791 servo
1312 2760 1381 2799 quis
1395 2763 1489 2793 earet,
1505 2768 1558 2788 seu
1581 2757 1652 2797 quIa
1667 2759 1760 2788 mole-

1056 2805 1130 2833 stias
1146 2809 1176 2834 et
1187 2803 1309 2833 fastidia
1321 2802 1393 2832 vita?
1404 2801 1590 2841 pompaticae
1606 2801 1760 2834 abhorret.

1054 2847 1128 2876 citat
1149 2847 1178 2876 11.
1193 2847 1214 2876 1.
1237 2847 1390 2884 Har-poor.
1407 2855 1436 2874 v.
1454 2843 1611 2884 ἰθύφαλλοι
1632 2849 1662 2874 et
1677 2845 1762 2876 αὖτο-

1055 2889 1177 2919 λήκυθοι.

1099 2949 1140 2955 -—
1156 2935 1207 2963 22.
1233 2930 1496 2971 κατεσκευάκασιν]
1524 2929 1648 2960 correxi
1670 2937 1764 2961 κατα-

1056 2976 1196 3005 σκευάσει.
1213 2979 1243 3004 et
1258 2974 1375 3010 nescio,
1387 2981 1423 3003 an
1439 2974 1503 3014 pari
1516 2974 1608 3003 modo
1620 2972 1714 3004 etiam
1731 2984 1762 3004 v.

1058 3020 1107 3049 13.
1123 3017 1291 3058 πειςίισεται
1302 3018 1464 3056 legendum
1487 3016 1539 3053 sit,
1559 3027 1616 3058 pro
1633 3016 1763 3057 πειράσε-
