1931 3322
444 204 527 245 AD
562 204 738 245 ORAT.
772 204 854 246 DE
889 205 1255 248 SYMMORIIS.

120 307 245 338 tandum
262 309 397 340 videtur.
413 312 693 343 Amanssoonor.

164 353 254 381 —9.
284 353 298 382 ἦ
298 353 381 393 μεῖς]
430 354 529 384 Recte
558 355 646 384 dedit
677 353 833 384 Reiskius.

121 392 324 424 Vertendum:
341 397 364 424 si
375 405 420 432 ea,
433 407 489 436 quo
502 408 550 427 nos
559 403 703 436 putamus
716 399 834 431 instare,

122 433 253 473 [bellum
281 444 356 476 puta
379 449 447 469 cum
475 441 594 481 Persis]
627 451 726 471 revera
738 439 833 479 fiant,

120 481 186 506 mm
199 479 391 511 caet.ID1:M.

163 521 294 551 ——ibid.
310 524 675 566 τηλικοῦτον-ἔστις-]
712 525 750 553 V.
766 523 833 553 Me-

120 560 175 592 let.
190 564 269 594 Crit.
285 575 315 604 p
331 569 385 596 71.
407 568 604 598 SCHAEFER-

167 622 211 629 -
227 610 279 637 10.
304 609 387 649 ὗμιν]
412 610 449 640 F.
470 611 542 662 695⁹..
554 612 664 650 χιλίους
683 609 762 647 ὑμῶν
784 608 832 637 ivr·

119 649 202 682 πέας
246 651 283 680 Iu
300 652 423 691 vulgata
437 657 468 681 et
484 653 551 691 ὑμῖν
567 653 655 681 habet
672 652 753 690 quod
769 651 832 680 dis-

118 693 246 731 pliceat,
261 703 319 722 nec
334 694 485 732 particula
497 695 632 723 suoloeo
648 695 750 733 posita
767 699 832 729 est3

118 736 258 774 requiras
282 737 360 765 enim
384 738 478 767 verba
500 736 546 766 sie
569 741 703 766 structa:
725 736 833 769 ἱππέας

118 777 176 815 μὲν
190 775 312 818 χιλίους.
326 778 435 808 IDEM.

161 837 205 843 —-
219 820 296 850 ibid.
311 821 443 862 ῖπωὲας]
463 822 499 851 V.
516 827 578 851 not.
596 822 634 852 ad
651 823 718 862 ὑμῖν
733 832 763 851 ν.
781 824 832 851 10.

119 862 225 893 lum-1.

127 919 131 921 ·
163 922 205 928 —
218 908 266 935 11.
278 905 457 948 τξιακοσίας]
475 907 640 946 Kriigerus
652 908 689 937 ad
704 907 831 946 Dionys.

119 948 224 978 Halic.
246 948 496 990 Historiograph.
512 962 543 990 p.
567 954 640 981 5210.
659 954 679 967 “
698 950 834 990 ὑπάξχειν

118 1009 162 1015 --
177 996 280 1030 potest
295 993 415 1028 abesse,
433 1004 503 1023 cum
521 993 611 1023 facile
626 992 707 1027 ὄντας
723 995 833 1022 subau-

119 1033 219 1064 dias.’'
242 1035 281 1063 V.
296 1040 359 1064 not.
376 1037 413 1065 ad
427 1037 495 1076 ὑμῖν
510 1047 540 1065 v.
560 1039 613 1066 10.
637 1037 741 1065 IDEM.

161 1094 205 1099 —
219 1080 272 1108 12.
293 1077 438 1119 δεήσεται]
463 1079 551 1109 Nihil
576 1089 632 1108 nec
649 1077 833 1108 subaudien-

118 1120 189 1150 dum
206 1131 304 1160 neque
321 1122 504 1151 addendum.
545 1122 611 1151 Nos
627 1131 750 1160 quoque
763 1121 834 1150 sim-

117 1163 262 1201 pliciter:
284 1169 366 1204 -gute
395 1163 493 1194 Worte
523 1165 616 1204 geben
645 1164 731 1193 wird.
781 1164 833 1192 Sic

118 1205 234 1236 δεῖσθαι
251 1217 281 1236 ν.
300 1207 351 1236 13.
372 1211 405 1236 et
418 1206 561 1247 δεομένους
574 1218 604 1237 ν.
627 1209 680 1236 15.
703 1208 809 1236 IDEM.

122 1261 127 1264 ·
159 1266 204 1271 —
219 1252 271 1280 13.
288 1247 320 1279 ἐκ
335 1248 390 1288 μὲν
404 1251 454 1280 τοῦ
469 1251 566 1279 καλεῖν
578 1267 622 1272 --
632 1249 833 1289 ἀφαμαρτεῖν]

117 1292 215 1322 Immo
238 1292 303 1322 haec
326 1302 447 1332 quoque
471 1293 627 1322 cohaerent
647 1303 716 1321 cum
738 1293 834 1321 verbo

118 1333 211 1371 ἐστὶν,
223 1335 304 1374 quod
318 1335 382 1365 finit
395 1336 566 1376 periodum.
607 1335 729 1364 Monuit
742 1335 832 1364 etiam

119 1376 282 1416 Kriigerus
312 1379 350 1408 ad
379 1380 513 1418 Dionys.
545 1378 649 1409 Halic.
675 1377 833 1408 Historio-

120 1421 227 1460 graph.
244 1432 274 1460 p.
291 1423 364 1452 210.
387 1423 494 1452 IDEM.

159 1479 205 1485 ——
226 1463 303 1494 ibid.
325 1464 359 1494 τὸ
386 1463 519 1506 δεῖσθαι]
543 1463 704 1495 Posterior
730 1464 833 1503 implo-

118 1506 210 1535 randi
234 1507 319 1536 notio
343 1507 394 1537 hic
417 1508 506 1538 unice
530 1519 605 1538 vera
627 1513 688 1544 est,
712 1513 743 1537 et
766 1509 834 1546 ipse

118 1552 202 1578 tenet
217 1548 367 1579 Reiskius
387 1551 423 1579 ad
447 1561 477 1580 ν.
497 1553 550 1581 23.
572 1557 707 1589 rogantes
727 1562 745 1579 α
760 1550 835 1580 ‘tobis

113 1593 231 1631 protegi
245 1609 287 1614 —
303 1590 335 1620 ἐκ
347 1592 404 1630 μὲν
418 1594 468 1622 τοῦ
485 1590 582 1622 καλεῖν
598 1593 645 1623 ἤδη
662 1593 695 1622 τὸ
706 1592 834 1627 δεῖσθαι,

118 1633 170 1663 κᾶν
191 1635 233 1674 μὴ
257 1633 381 1674 τύχητε,
401 1636 597 1674 ἄψαμαξτεῖν.
621 1637 644 1665 si
665 1634 835 1665 Graecorum

118 1687 197 1715 opem
222 1678 394 1714 imploratis,
410 1679 546 1707 nascitur
569 1679 672 1707 exinde
695 1678 783 1713 vobis,
799 1683 834 1706 ut

117 1721 154 1749 ab
175 1719 242 1749 aliis
260 1720 406 1749 aua-ilium
429 1721 536 1759 petatis
543 1730 554 1755 3
578 1721 653 1759 quod
674 1721 698 1749 si
710 1720 835 1760 frustra

117 1762 354 1802 implwaven'tis,
364 1763 473 1792 accidit
483 1763 569 1797 υοϋὶε,
579 1769 616 1792 ut
628 1763 682 1792 hac
696 1764 835 1800 petitione

117 1805 262 1836 decidatis
265 1804 445 1846 frustraque
458 1806 578 1844 rogetis.
617 1805 733 1834 Similis
748 1815 835 1843 pror-

119 1858 172 1878 sus
195 1847 316 1878 consilii
333 1853 442 1878 auctor
462 1848 521 1877 fuit
540 1853 649 1887 postea
666 1847 836 1878 Athenien-

118 1891 206 1920 sibus
230 1891 465 1926 Demosthenes,
486 1891 532 1920 uti
554 1891 674 1930 legatos
698 1891 736 1921 ad
757 1891 834 1919 The-

118 1935 215 1964 banos
238 1933 406 1970 mitterent,
428 1933 482 1972 qui
506 1943 560 1963 eos
584 1938 690 1963 contra
713 1933 835 1971 Philip-

118 1987 192 2016 pum
217 1976 414 2012 suscitarent,
433 1978 525 2006 Orat.
548 1987 581 2016 p.
604 1978 677 2006 Cor.
703 1987 731 2016 p.
759 1977 834 2006 ⁶287.

118 2022 172 2050 24.
197 2020 246 2049 ed.
275 2019 384 2049 Reisk.
410 2020 454 2058 μὴ
470 2018 562 2048 δεῖσθε
588 2017 712 2049 Θηςαίων
738 2018 834 2056 μηδέν·

118 2061 239 2103 αἶσχξός
259 2064 315 2102 γᾶς
345 2062 358 2092 ὅ
383 2062 480 2102 καιρός·
507 2061 577 2092 ἀλλ’
604 2060 837 2100 ἐπαγγέλλει-81

119 2104 274 2140 Βοηθῆσέιν,
295 2104 343 2134 ἐὰν
365 2105 524 2136 κελεύωσιν·
540 2123 582 2128 —-
598 2104 630 2134 ἵν’
646 2104 692 2135 ἐὰν
715 2104 770 2144 μὲν
794 2105 835 2134 δὲ-

118 2148 223 2187 ξωνται
236 2149 336 2178 ταῦτα
348 2148 396 2176 καὶ
407 2147 568 2178 πεισθῶσιν
583 2149 659 2187 ἡμῖν,
675 2149 722 2177 καῖ
739 2148 758 2177 ἃ
773 2145 835 2177 Gou-

119 2189 278 2232 λο’μεθιιι’ὃν
253 2202 331 2230 ωμεν
348 2190 518 2230 διῳκημένοι,
536 2191 584 2220 καὶ
588 2193 682 2242 uper&
699 2190 837 2231 ωξοσχῆ·

118 2245 216 2273 ματος
240 2232 320 2273 ἀξίου
336 2245 389 2269 της
413 2233 522 2268 1πόλεως
548 2245 646 2263 ταυτα
671 2233 837 2273 πξίιξωμεν,

119 2275 167 2306 ἐὰν
182 2276 205 2306 δ’
206 2277 280 2328 ..ἆξα-
293 2278 336 2316 μὴ
351 2275 452 2318 cupae?
466 2278 658 2328 κατατυχεῖν,
675 2275 767 2306 εκεῖνοι
783 2275 838 2316 μὲν

120 2319 233 2354 ἑαυτοῖς
254 2318 424 2357 ἐγκαλῶσιν.
440 2320 481 2349 ῑᾶν
502 2332 531 2349 τι
550 2321 594 2349 νῦν
620 2318 836 2359 ἔξαμάξτωσιν,

121 2363 190 2403 ἧμῖν
211 2361 240 2392 δὲ
257 2361 345 2401 μηδὲν
365 2361 484 2403 αἰσχρὸν
501 2363 576 2403 μηδὲ
598 2373 728 2393 ταπεινον
745 2367 759 2393 ἠ
777 2373 836 2392 ωε-

120 2404 280 2445 πςαγμένον
295 2416 323 2434 κ.
337 2417 369 2434 τ.
383 2411 414 2435 λ.
440 2406 551 2445 Neque
567 2406 657 2436 aliter
674 2405 756 2435 Phil.
772 2406 836 2436 111.

120 2458 153 2487 p.
184 2450 256 2478 129.
279 2450 310 2479 5.
333 2459 439 2479 ταυτα
457 2448 486 2479 δὴ
511 2449 616 2478 πάντα
641 2448 719 2478 αὐτοι
747 2459 838 2487 waga-

119 2491 328 2529 σκευασάμενοι
337 2502 384 2520 και
398 2490 566 2525 ποιήσαντες
577 2492 639 2525 τοῖς
643 2490 767 2522 Ἑλλησι
780 2499 838 2530 φα-

121 2535 183 2573 νεςᾶ.
195 2535 261 2567 τοὺς
268 2533 373 2567 ἄλλους
382 2533 429 2564 ἤδη
441 2537 676 2573 ωαξακαλῶμεν.
699 2536 754 2564 ΑΜ
762 2545 839 2565 ens·

124 2586 275 2607 eoonn'r.
304 2577 354 2606 De
383 2587 415 2606 v.
445 2576 561 2606 δεῖσθαι
587 2588 617 2606 v.
642 2581 705 2606 not.
734 2578 771 2606 ad
796 2578 838 2607 δε-

122 2619 226 2650 ήσεται
245 2630 275 2649 ν.
292 2617 566 2650 1Ξ.’8(;ΗΑΕἙΕΒ.

124 2682 130 2687 -
167 2679 213 2685 ——-
226 2665 278 2694 14.
290 2662 489 2703 ἀφαμαρτεῖν]
506 2662 700 2702 Ἐφαμαςτεῖν
720 2662 771 2702 qui
785 2673 838 2702 po-

123 2705 218 2735 tuerit
236 2706 362 2744 probari
379 2704 531 2744 ‘Kriigero
547 2705 567 2735 l.
589 2706 718 2744 Dionys.
736 2716 764 2735 c.
779 2717 838 2736 non

123 2747 290 2788 perspicio.
313 2749 422 2778 Imm.

167 2791 300 2820 -ibid.
322 2789 354 2831 ἐκ
379 2790 408 2820 δὲ
429 2789 481 2819 ’τοῦ
502 2792 585 2830 μετὰ
607 2792 657 2820 τοῦ
681 2801 708 2820 κ.
735 2801 766 2820 τ.
791 2791 837 2832 λ.]

125 2833 302 2864 Pei-vellem
319 2832 484 2872 Ktiigerus
495 2834 525 2863 in
540 2838 604 2864 not.
623 2834 662 2863 ad
679 2833 708 2862 h.
729 2832 752 2862 l.
771 2835 840 2863 abs-

125 2872 274 2906 tinuis‘set
298 2876 505 2915 Thucydideo
530 2877 579 2906 11.
599 2878 651 2907 43.
672 2875 725 2906 ubi
751 2877 840 2906 unice

125 2919 316 2958 probandum
338 2918 364 2949 ἓν
385 2930 440 2958 τῳ,
456 2919 539 2958 quod
562 2919 653 2949 etiam
678 2918 840 2949 Bekkerus

123 2958 227 3000 nuper-
242 2961 344 2992 dedit.
365 2962 472 2992 lnam.

124 3019 149 3027 ›-
168 3020 214 3028 —-
234 3004 286 3035 15.
309 3003 461 3047 ἐπισχεῖν]
490 3004 754 3036 Amersfoordtius
779 3005 839 3035 ele-

1493 207 1576 248 455

868 315 986 350 gautem
1015 312 1089 341 dicit
1117 314 1323 351 conjecturam
1339 311 1398 352 [sc.
1415 310 1579 352 ἐπιτυχεῖν]

867 363 966 392 neque
977 358 1076 383 tamen
1089 355 1159 384 huic
1172 356 1238 384 loco
1255 355 1469 384 necessariam.
1481 355 1582 383 Miror

869 395 1003 430 Reiskii,
1019 397 1112 425 multo
1123 398 1218 435 magis
1231 398 1321 426 etiam
1344 397 1438 426 miror
1457 399 1581 426 Amers-

866 438 990 467 soordtii
1003 439 1162 476 judicium.
1181 439 1314 480 ἐπισχεῖν
1329 440 1406 469 euim
1420 444 1479 468 tam
1496 444 1580 468 recte

867 480 969 516 habet,
979 485 1040 510 tam
1056 482 1144 510 unice
1156 483 1299 511 convenit
1312 483 1391 517 loeo,
1410 482 1581 511 utalterum

866 523 941 552 illud
953 523 992 552 sit
1003 524 1092 562 longe
1108 523 1342 562 ineptissimum.
1357 524 1502 564 ἐπισχεῖν,
1515 524 1582 563 qni·

868 575 970 601 escere,
985 566 1061 595 nihil
1072 566 1197 603 amplius
1208 572 1352 604 satagere,
1365 568 1412 596 secl
1423 566 1581 605 καραδοκεῖν

867 608 901 637 τὸ
913 608 1034 647 μέλλον.
1058 610 1164 639 IDEM.

911 667 950 673 --
967 651 1045 681 ibid.
1067 649 1237 691 &mivoudo
1248 650 1286 679 V.
1305 655 1368 679 not.
1389 651 1428 680 ad
1451 651 1580 681 δεήσεται

868 704 897 722 v.
916 696 968 723 10.
990 695 1094 724 IDEM.

910 754 953 759 ——
968 739 1021 767 19.
1034 737 1130 777 εὑξεῖν]
1156 737 1229 766 Non
1245 745 1323 775 opus
1338 735 1460 765 videtur
1474 735 1580 776 hujus-

867 779 951 808 modi
973 779 1033 819 [sc.
1052 779 1184 819 Reiskii]
1201 778 1423 809 emendatione.
1470 778 1581 816 Expli-

868 821 931 850 c-ari
945 827 1046 860 potest
1060 834 1066 851 z
1084 827 1206 852 conatus
1218 832 1280 851 sum
1294 822 1425 851 invenire
1439 821 1583 850 rationem

868 865 1034 902 explicandi
1053 865 1128 895 robis
1153 875 1244 894 meam
1258 869 1391 898 mentem,
1411 874 1474 904 quoe
1491 873 1583 902 neque

868 908 999 937 audaciae
1020 909 1140 945 speciem
1160 917 1220 946 prae
1238 917 1267 936 se
1274 906 1384 947 ferret,
1401 916 1492 945 neque
1509 907 1585 936 vobis

869 950 983 991 longior
998 952 1122 990 adeoque
1138 951 1261 988 ingrata
1284 950 1393 979 auditu
1419 950 1583 978 videretur.

869 993 922 1022 Sic
936 993 1052 1031 optime
1064 992 1316 1031 convenietsbgetv
1326 1002 1394 1021 cum
1409 998 1582 1030 seqqnwox-

869 1037 908 1064 λεὶ
924 1035 1090 1074 πξαγματα
1103 1035 1189 1076 ἔσχον
1203 1036 1324 1064 σκοπῶν.
1372 1035 1533 1063 Reiskium
1552 1034 1583 1063 in

869 1088 1004 1107 errorem
1023 1079 1151 1108 duxisse
1168 1077 1304 1114 videtur,
1321 1077 1403 1116 quod
1420 1076 1498 1114 λόγων
1516 1086 1586 1106 ver-

869 1125 948 1150 teret
979 1120 1054 1150 hanc
1080 1131 1166 1160 quom
1194 1120 1270 1149 vobis
1282 1119 1356 1160 jero
1380 1120 1480 1159 legem,
1503 1119 1583 1149 hunc

868 1173 951 1203 quem
958 1163 1032 1193 vobis
1039 1163 1296 1193 habeosermonem.
1306 1163 1584 1192 AMERSFOORDT.

869 1206 1020 1235 Reiskius
1030 1207 1059 1235 io
1070 1207 1141 1236 Ind.
1155 1206 1282 1235 Graecit.
1296 1216 1327 1244 p.
1341 1207 1415 1235 959.
1427 1205 1583 1243 vulgatam

869 1259 927 1278 non
942 1249 1102 1279 solicitaus
1116 1254 1201 1279 recte
1218 1249 1310 1278 vertit
1326 1248 1514 1283 comminisci,
1524 1258 1584 1278 me·

869 1292 992 1321 (mando
1015 1293 1184 1327 extundere,
1199 1291 1335 1329 citatque
1355 1301 1387 1329 p.
1408 1292 1482 1321 292.
1501 1294 1532 1321 8.
1551 1295 1583 1320 et

868 1338 944 1365 494.
961 1337 1013 1365 26.
1024 1336 1075 1365 ed.
1092 1335 1203 1365 Reisk.
1215 1334 1266 1364 ubi
1277 1334 1382 1364 eadem
1395 1339 1444 1363 est
1455 1334 1582 1363 locutio.

869 1379 1067 1410 Senum-sn.

910 1440 955 1445 —-
969 1421 1044 1453 ibid.
1065 1425 1115 1454 τὴν
1135 1423 1235 1463 μέντοι
1256 1422 1434 1462 παρασκευὴν
1454 1438 1498 1443 -
1519 1431 1585 1450 σκο-

869 1466 942 1506 πῶν]
977 1467 1062 1496 Ordo
1093 1467 1143 1496 hic
1175 1471 1223 1495 est
1238 1476 1246 1497 z
1278 1466 1376 1496 πολλὰ
1412 1464 1584 1503 πράγματα

869 1507 954 1549 ἔσχον
966 1511 1079 1538 σκοπῶν
1089 1511 1138 1539 τῆν
1151 1510 1339 1548 παξασκευῆν,
1356 1506 1430 1540 ὅπως
1442 1525 1492 1536 -.
1506 1509 1584 1536 mul-

870 1557 930 1580 tum
946 1557 1105 1591 occupatus
1117 1552 1176 1593 fui
1195 1551 1415 1585 considerando,
1436 1551 1586 1589 quomodo,

869 1600 1013 1633 quantam
1030 1594 1104 1634 fieri
1127 1599 1229 1633 posset,
1256 1594 1362 1631 optime
1387 1598 1414 1622 et
1439 1593 1588 1622 celerrime

870 1636 1032 1675 bellifieret
1047 1642 1219 1676 apparatus.
1246 1637 1297 1665 Sic
1315 1646 1399 1675 saepe
1415 1635 1518 1664 Graeci
1531 1645 1587 1674 pro

870 1682 992 1715 σκοπῶν,
1008 1679 1083 1713 ὅπως
1106 1680 1119 1709 ἦ
1137 1680 1307 1718 ωαξασκευῆ
1323 1696 1378 1713 --,
1393 1678 1475 1716 quod
1496 1677 1588 1707 multi

869 1721 991 1759 pridem
1005 1723 1184 1751 docuerunt.
1208 1721 1491 1750 AMERSFOORDT.

912 1781 955 1786 -—
968 1767 1021 1793 21.
1037 1764 1147 1804 οἴομαι]
1166 1764 1218 1793 Sic
1229 1763 1379 1792 Reiskius
1395 1763 1459 1792 fere
1473 1762 1587 1801 ubique

869 1806 957 1835 dedit
972 1816 1028 1845 pro
1044 1806 1139 1846 οἶμαι.
1178 1808 1223 1836 De
1239 1806 1462 1844 permutatione
1479 1806 1588 1835 horum

871 1849 1088 1878 vocabulorum
1115 1860 1145 1879 v.
1171 1850 1206 1878 C.
1231 1850 1273 1878 D.
1298 1849 1434 1878 Beckius
1459 1848 1496 1878 ad
1523 1850 1586 1878 De-

870 1891 1021 1921 mosthen.
1049 1892 1104 1921 Or.
1131 1892 1172 1921 de
1204 1893 1285 1920 Pace
1311 1902 1343 1930 p.
1373 1893 1426 1920 46.
1454 1893 1506 1921 53.
1535 1892 1586 1920 ed.

873 1934 981 1964 Reisk.
1003 1939 1034 1964 et
1054 1934 1121 1972 ipse
1144 1933 1296 1963 Reiskius
1321 1934 1441 1972 praefat.
1463 1934 1501 1962 ad
1523 1935 1586 1963 De-

871 1978 984 2007 mosth.
1001 1976 1062 2006 vol.
1081 1977 1108 2006 1.
1126 1988 1155 2017 p.
1172 1977 1263 2006 ccxii.
1281 1978 1311 2006 6.
1335 1978 1440 2006 lom.

914 2037 958 2042 --
973 2022 1026 2052 22.
1049 2018 1259 2060 ψηφίσασθαι]
1286 2019 1348 2049 Alii
1372 2019 1474 2049 Codd.
1499 2018 1588 2059 ψηφί-

871 2062 991 2101 ζεσθαι,
1008 2063 1090 2101 quod
1108 2063 1331 2101 praeferendum
1348 2062 1479 2092 videtur.
1524 2063 1587 2093 Ao-

870 2107 948 2135 risto
971 2105 1021 2135 hic
1039 2107 1161 2144 quidem
1184 2106 1270 2135 locus
1290 2105 1419 2135 idoneus
1441 2116 1510 2135 esse
1526 2116 1586 2135 non

871 2149 1006 2178 videtur.
1029 2149 1078 2179 Cf.
1103 2149 1244 2178 Matthiae
1265 2149 1319 2178 Gr.
1337 2150 1393 2178 Gr.
1415 2159 1447 2187 p.
1465 2150 1539 2179 691.
1562 2148 1587 2188 ᾗ.

871 2194 945 2222 497.
971 2196 1002 2221 et
1032 2203 1062 2231 p.
1091 2194 1165 2222 698.
1191 2192 1217 2231 §.
1241 2194 1316 2222 501.
1346 2192 1455 2221 IDEM.
1489 2192 1585 2221 Immo

871 2235 986 2264 aoristo
1011 2235 1061 2264 hic
1089 2235 1176 2264 locus
1201 2234 1336 2264 maxime
1366 2234 1496 2264 idoneus
1520 2240 1583 2264 est:

871 2287 927 2307 nec
945 2278 1086 2307 Matthiae
1104 2277 1344 2317 disputationem
1370 2278 1586 2307 Amersfoord-

872 2321 932 2350 tius
972 2320 1096 2350 videtur
1144 2321 1219 2350 satis
1268 2320 1436 2360 diligenter
1458 2320 1587 2359 legisse.

871 2364 1069 2394 semmaa.

913 2424 957 2429 —
975 2417 1045 2445 pen.
1073 2406 1154 2445 ἑξᾶτε
1178 2408 1277 2445 γὰξ-
1300 2406 1370 2444 ὑμῖν
1391 2404 1515 2447 ἐγένετο]
1541 2405 1587 2436 Si-

871 2449 956 2479 milia
983 2450 1069 2488 legas
1095 2450 1125 2478 in
1154 2449 1376 2488 Xenophontis
1399 2450 1514 2488 Cyrop.
1539 2450 1586 2480 ΙΙ.

872 2494 902 2522 3.
920 2495 949 2522 3.
970 2503 1059 2530 quem
1079 2492 1303 2521 Demosthenes
1319 2492 1348 2521 h.
1364 2492 1385 2521 l.
1402 2497 1524 2522 secutus
1541 2492 1588 2521 vi-

873 2536 962 2564 detur
979 2535 1078 2565 Bakio
1097 2536 1135 2564 ad
1160 2535 1317 2565 Cleomed.
1338 2545 1370 2573 p.
1395 2536 1470 2565 425.
1516 2536 1588 2564 Nou

873 2578 1033 2608 assentior.
1077 2577 1164 2607 Talia
1191 2577 1270 2607 enim
1298 2577 1499 2607 imitabantur
1524 2588 1587 2607 um-

873 2621 981 2650 bratici
1003 2620 1142 2650 homines
1157 2625 1329 2659 temporum
1346 2620 1523 2650 citeriorum
1539 2630 1590 2649 ca-

872 2663 1033 2702 dentisque
1050 2663 1239 2699 Graecitatis,
1257 2673 1381 2693 servum
1405 2673 1500 2702 pecus
1523 2663 1589 2692 imi-

873 2711 1017 2741 tatorum,
1043 2716 1101 2735 non
1133 2712 1255 2736 veteres
1282 2706 1329 2735 illi
1356 2708 1463 2736 heroes
1487 2715 1589 2735 rerum

872 2749 1092 2788 hominumque
1116 2759 1174 2779 usu
1202 2749 1382 2779 exercitati:
1414 2753 1448 2777 ut
1479 2748 1531 2787 qui
1557 2748 1589 2777 iu

875 2792 1048 2830 hujusmodi
1071 2792 1148 2822 locis
1170 2797 1340 2831 agnoscunt
1363 2790 1498 2828 vestigia
1520 2791 1591 2820 imi-

874 2834 1011 2872 tationis,
1032 2835 1103 2865 dum
1124 2840 1280 2865 ostentant
1302 2834 1484 2868 doctrinam,
1504 2834 1589 2872 capi-

875 2878 988 2908 talibus
1007 2877 1140 2918 ingeniis
1162 2887 1301 2917 maguam
1323 2878 1422 2907 facere
1445 2875 1588 2916 injuriam

877 2920 1046 2950 videantur.
1072 2922 1173 2951 lom.

919 2965 953 2993 Ρ.
970 2965 1044 2995 287.
1060 2966 1090 2993 4.
1113 2962 1280 3002 ωξάξοντα]
1302 2963 1347 2992 Τὰ
1370 2960 1464 2993 δέοντα
1481 2966 1556 3001 puto
1571 2971 1589 2991 a

876 3006 1029 3046 Dionysio
1039 3006 1192 3037 additum:
1210 3005 1342 3043 simplex
1354 3005 1433 3036 enim
1443 3005 1587 3045 πςάξσντα
