1931 3323
322 203 407 246 486

326 316 401 340 runt
417 311 598 342 hereditates.
635 312 736 351 Atque
748 312 806 342 hoo
820 317 866 343 est
882 314 963 353 quod
980 313 1038 342 sibi

325 355 496 384 cavendum
514 354 602 384 duxit
618 360 703 385 vates
720 355 930 392 Bilbilitanus,
948 356 1041 396 [Epi-

326 407 374 435 gr.
389 398 409 427 l.
426 397 492 428 viii.
510 398 577 438 12]
598 402 619 416 “
632 399 770 428 Uxorem
792 410 884 439 quare
904 401 1041 439 locuple-

326 446 387 470 tem
412 441 524 470 ducere
547 441 652 476 nolim,
676 443 842 479 Quaeritis?
873 444 962 473 uxori
986 454 1040 473 nu-

325 484 397 513 bere
413 485 483 514 nolo
499 484 608 515 meae.''
632 485 714 515 Plut.
725 486 830 516 Solon.
844 486 884 526 [c.
899 486 966 526 ΞΟ]
992 487 1042 516 Ibi

326 527 459 557 sancivit
476 527 569 557 Solon
588 530 637 559 τήν
650 526 804 568 ἐπίκληρον,
821 528 874 559 ὑπὸ
889 531 939 559 τοῦ
962 529 1041 567 ἔγγι-

324 581 386 598 στα
403 572 451 600 τοῦ
468 570 559 611 ἅνδρος
571 570 726 602 ὃπυίεσθοιι.
740 578 774 602 ut
787 573 895 602 mulier
907 575 980 602 orba
992 574 1040 603 vel

325 613 414 642 unica
432 613 529 643 haeres
547 615 690 654 proximo
708 616 807 645 mariti
823 622 932 655 agnato
950 617 1040 646 nube-

324 662 381 685 ret.
413 657 469 686 Cui
486 658 595 687 similis
613 659 662 688 lex
678 659 756 688 inter
772 659 937 689 Mosaicas.
970 659 1042 689 Ari-

325 704 398 730 stot.
416 701 509 730 Polit.
529 712 557 731 v.
575 704 606 732 4.
628 701 674 730 καὶ
693 702 763 741 «περὶ
781 703 938 733 Μιτυλήνην
957 702 984 732 δὲ
1010 701 1042 741 ἐξ

323 741 478 783 ἐπικλήρων
490 746 624 778 στάσεως
638 744 782 784 γενομένης
801 748 914 775 πολλῶν
934 744 1042 782 ἐγένετο

320 785 397 827 εἰςχῆ
413 789 511 817 κακῶν.
527 799 593 818 cum
607 793 726 827 propter
738 789 889 827 opulentas
902 789 1041 828 quasdam

321 830 437 867 puellas
451 831 584 860 dissensio
599 832 759 866 exstitisset,
777 842 819 861 sc.
837 837 965 871 propter
979 832 1040 861 vir-

323 872 411 911 gines
444 874 583 903 heredes.
622 873 751 903 Athenis
779 875 922 905 mulieres
949 874 1040 905 etiam

323 922 426 956 nuptae
446 917 502 945 sul»
521 916 674 946 tutoribus
691 922 792 947 erunt:
820 929 922 948 earum
939 923 1039 948 autem

323 959 406 999 κύςιοι
437 970 492 988 seu
519 965 636 989 tutores
665 971 703 989 ex
729 961 796 1000 lege
825 966 910 991 erant
941 969 1039 1000 pater,

323 1013 412 1037 avus,
440 1007 584 1042 paternus
616 1003 708 1033 frater
736 1015 773 1033 ex
805 1006 914 1034 eodem
942 1010 1039 1044 patre.

324 1044 506 1084 [Demosth.
523 1057 552 1076 κ.
569 1052 657 1086 Στεφ.
677 1046 799 1099 ψευδομ.
817 1054 850 1078 Β.
867 1048 892 1087 §.
911 1047 969 1088 ιίι.]
994 1047 1041 1079 ἐὰν

323 1087 351 1117 οὲ
368 1086 495 1142 μηδειὶῒς
479 1101 492 1119 η
507 1089 623 1140 τούτων,
639 1089 685 1119 ἒαν
696 1089 750 1128 μὲν
761 1090 958 1133 ἔπικληςιτις
954 1104 982 1125 η,
994 1091 1041 1121 τᾶν

322 1131 405 1171 ἄνδξοι
425 1132 511 1171 κύξιον
534 1132 594 1174 ἔχει
587 1143 619 1161 .·ν
637 1132 682 1162 ἐὰν
698 1133 725 1163 δὲ
739 1136 782 1172 μὴ
804 1133 834 1175 ᾖ,
858 1134 913 1174 ὅτῳ
929 1135 961 1164 ἂν
975 1133 1039 1164 ἔπι-

322 1174 425 1215 'ree-lm,
439 1177 535 1205 τοῦτον
549 1176 634 1215 κύριον
648 1175 726 1207 εῖναι.
741 1179 764 1207 si
781 1188 862 1208 nemo
875 1177 978 1209 horum
991 1180 1039 1215 sit,

321 1224 350 1247 et
365 1220 403 1248 sit
419 1220 525 1248 mulier
544 1221 747 1250 universorum
765 1220 853 1258 heres,
874 1223 971 1252 virum
986 1221 1039 1252 Ιιιι-

324 1261 389 1292 beat
403 1262 500 1302 κύριον,
516 1264 541 1292 si
558 1264 639 1292 modo
653 1264 751 1293 virum
771 1264 892 1295 habeut:
915 1266 962 1295 sin
977 1275 1042 1295 vero

322 1306 449 1335 maritus
462 1304 537 1346 fato
558 1307 737 1343 concesserit,
759 1308 783 1337 is
805 1309 936 1338 mulieris
954 1307 1043 1347 κύςιος

319 1355 368 1383 szt,
384 1351 433 1379 cui
448 1350 495 1379 vir
506 1351 629 1379 moriens
642 1355 811 1380 testamento
825 1362 943 1381 uam-em
957 1362 1041 1381 suam

321 1392 472 1432 reliquerit
493 1403 528 1423 oc
542 1397 668 1431 nuptum
683 1394 806 1423 dederit.
853 1395 910 1424 Vir
924 1395 1042 1424 doctis-

323 1435 420 1465 simus
437 1437 473 1466 ad
493 1436 587 1466 Polit.
602 1436 701 1467 Arist.
715 1443 822 1467 censet
844 1440 899 1472 τὰς
921 1436 1040 1469 ἐπικλή-

322 1490 390 1517 ρους,
417 1479 446 1509 h.
465 1489 492 1509 e.
517 1479 653 1519 virgines
674 1491 726 1510 seu
748 1481 826 1511 filias
847 1481 976 1511 heredes
1000 1492 1040 1512 ex

323 1533 390 1552 asse
418 1527 614 1562 paternorum
642 1524 800 1561 bonorum,
829 1525 888 1554 alio
919 1524 1040 1555 nomine

322 1563 461 1599 ἐπιδίκους
484 1567 522 1596 ab
546 1565 659 1596 Atticis
683 1568 808 1597 vocari:
838 1568 908 1607 quia
933 1579 976 1597 sc.
1001 1569 1040 1598 de

321 1620 425 1639 earum
446 1610 572 1649 nuptiiS,
594 1611 677 1649 quod
696 1610 810 1641 divites
831 1617 945 1646 essent,
970 1612 1040 1642 lites

321 1658 354 1682 et
370 1653 589 1683 controversiae
605 1654 716 1693 agitari
732 1655 881 1685 solebant.
911 1658 952 1685 At
966 1666 1040 1685 vero

323 1706 428 1725 omnes
442 1694 581 1736 ἐπίκληροι
595 1707 651 1726 non
666 1703 751 1728 erant
763 1699 891 1737 perinde
905 1697 1020 1728 ἐπίδικοι
1033 1710 1039 1728 ;

323 1739 378 1768 sed
392 1749 435 1768 eae
454 1744 566 1769 tantum
581 1750 705 1779 quarum
720 1741 833 1780 nuptiae
848 1741 1042 1781 ἀμφισβητή-

323 1793 412 1822 σιμαι
437 1788 534 1819 erant,
554 1788 586 1812 et
606 1784 663 1812 snb
685 1784 913 1824 disceptatione
936 1785 1041 1814 venie-

323 1826 406 1855 bant.
450 1827 605 1865 Harpocr.
616 1825 736 1860 ἒπίδικος
753 1829 767 1859 ἡ
782 1827 1039 1867 α’μφισβητησίμη

322 1867 477 1909 ἐπίκληξος,
494 1868 548 1908 δ’τῳ
567 1871 620 1911 χξῆ
639 1870 724 1901 αὐτὴν
742 1871 916 1909 γαμηθῆναι.
964 1872 1040 1901 Cum

322 1913 536 1943 controversia
548 1918 625 1948 erat,
641 1913 691 1942 cui
704 1919 830 1952 nuptum
843 1920 926 1943 esset
942 1915 1042 1944 (landa

322 1955 444 1994 pupilla
459 1954 615 1996 ἐπίκληςος,
631 1961 693 1986 turn
708 1956 759 1987 illa
773 1957 861 1995 virgo
873 1959 1042 1988 vocabatur

321 1997 452 2033 ἐπίδικος.
468 2000 627 2038 Aristoph.
645 2000 737 2038 vesp.
761 2001 868 2041 [583]
894 2001 945 2032 κᾶν
966 2000 1043 2031 οἶπο-

323 2042 452 2071 θνήσκων
476 2043 488 2072 6
510 2043 608 2083 πατής
633 2054 674 2081 τῳ
696 2042 732 2082 δῷ
754 2043 938 2075 καταλείπων
960 2046 1020 2074 παῖ’
1035 2043 1042 2053 '

322 2084 474 2124 ἐπίκληρον.
492 2087 543 2115 ubi
559 2086 661 2115 Schol.
676 2085 822 2127 ἐπίκληρος
837 2087 956 2126 λέγεται
973 2090 985 2119 ἦ
1000 2090 1042 2119 νῖὲν

321 2128 486 2168 κληρονόμος
500 2129 661 2169 καλουμένη
675 2140 681 2158 :
704 2135 736 2160 et
751 2132 902 2161 nonnullis
917 2132 1042 2171 interje-

322 2172 382 2201 otis
394 2184 400 2201 :
417 2171 490 2206 τινὲς
503 2171 530 2202 δὲ
545 2175 595 2204 τὴν
606 2172 750 2213 ἒπίκληξον
763 2176 898 2204 καλοῦσιν
911 2173 1040 2206 ἐπιπτα-

323 2214 434 2253 ματίδα
447 2217 493 2245 καὶ
506 2227 681 2258 πατξουχον.
707 2217 919 2248 Vocabulum’
910 2229 1039 2248 επιπτα-

322 2258 435 2296 ματίδοι
449 2270 570 2289 crucem
582 2260 649 2289 fixit
662 2263 837 2291 Graecarum
855 2261 936 2291 Noui
950 2261 1042 2302 [sic]‚

322 2302 375 2340 qui
390 2300 623 2343 ἐπιπταματίδα
639 2302 685 2333 τὸν
698 2302 842 2344 επίκληςον
855 2305 968 2335 dictam
984 2316 1041 2344 pu-

322 2350 400 2375 taret
423 2348 506 2386 ’παρὰ
523 2347 556 2377 τὸ
575 2345 780 2387 ἐφίπτασθαι,
795 2349 936 2384 involare,
954 2350 1040 2388 quasi

322 2386 486 2428 ἐπιωταμε
480 2389 530 2420 ’νην
549 2390 592 2429 τῷ
610 2390 710 2440 κλήρῳ,
729 2392 836 2430 quod'
829 2403 858 2421 in
879 2399 992 2422 sortem
1010 2398 1041 2422 et

321 2431 522 2462 hereditatem
539 2433 624 2472 quasi
644 2434 794 2464 involaret
810 2445 937 2475 eamque
953 2436 1040 2465 inva-

323 2475 422 2504 deret.
468 2476 529 2505 Sed
553 2477 691 2516 profecto
711 2478 961 2517 frigidiusoulum
982 2479 1040 2509 hoc

322 2517 397 2547 mihi
424 2518 547 2548 videtur
565 2521 706 2559 Etymon,
722 2528 753 2551 et
774 2521 965 2560 longiuscule
986 2533 1040 2561 pe-

323 2560 425 2591 titum.
476 2562 602 2592 Mallem
625 2563 719 2601 igitur
742 2575 795 2604 pro
809 2563 1041 2604 ἐπιπταματίδα

322 2604 426 2643 legere
442 2603 679 2655 ἐπιπαματίδα,
673 2613 714 2636 ita
729 2614 761 2637 ut
775 2609 859 2647 prius
872 2609 947 2638 illud
964 2621 984 2638 τ
1001 2609 1042 2638 sit

323 2647 447 2677 omniuo
463 2649 601 2686 spurium
617 2655 646 2679 et
662 2649 859 2689 irreplitium.
887 2653 1041 2682 Dicuntur

323 2697 424 2721 autem
440 2691 469 2719 αἱ
486 2689 627 2732 ἔπίκληξοι
643 2691 868 2733 ἔπιπαματίδες,
886 2696 971 2735 quasi
992 2693 1040 2725 ἔπι

323 2735 449 2774 πάμασι
465 2735 579 2764 relictae
595 2736 680 2771 solae,
700 2747 743 2766 sc.
767 2738 853 2767 bonis
873 2744 905 2768 et
918 2738 1040 2768 heredi-

320 2782 405 2816 tate3
423 2783 455 2807 ut
471 2776 622 2819 ἐπίκληςοι,
639 2778 686 2808 ἐπὶ
701 2780 792 2820 κλήςῳ
808 2782 933 2812 relictae.
962 2782 1040 2812 Sunt

322 2821 402 2851 enim
431 2821 574 2860 πάματοι,
604 2822 651 2851 vel
677 2823 860 2863 ωαμματα,
886 2827 965 2855 bona
988 2825 1038 2855 vel

319 2865 544 2903 possessiones,
569 2864 626 2895 ἀπὸ
649 2867 699 2895 τοῦ
723 2866 887 2904 πεπεῖσθαι,
914 2880 931 2897 ιι
953 2870 1039 2906 possi·

319 2908 424 2943 dendo,
442 2908 521 2937 unde
540 2909 702 2948 πέμματα
720 2914 825 2948 pecora
844 2921 904 2940 κατ
932 2910 1038 2941 α’ντονο-

320 2949 444 2988 μασίαν,
456 2956 486 2979 et
499 2953 711 2992 πολυπάμμων
724 2963 881 2992 pecorosus,
897 2955 976 2984 dives
990 2964 1038 2993 pe-

319 2994 401 3023 coris.
414 2991 602 3033 ἒπιπαματῖς
616 2996 735 3035 igitur
727 3009 740 3026 η
756 2994 901 3037 ἐπίκληρος
916 2995 964 3028 ἐπὶ
979 2998 1038 3032 τοῖς

320 3037 443 3076 πάμασι
457 3038 727 3079 καταλελειμμένῃ.
744 3045 834 3080 atque
849 3041 917 3071 hinc
935 3052 1036 3072 emen·

630 203 679 245 T.
713 201 991 246 STANLEII
1024 203 1499 250 ANNOTATIONES

1076 313 1194 343 dandus
1211 313 1349 351 Hesych.
1365 312 1554 354 Ἐπιματίδα,
1570 316 1618 346 τὴν
1633 313 1787 356 ἐπίκληρον

1075 356 1135 395 leg.
1147 356 1269 386 omuino
1281 355 1521 397 Ἐπιωαματίδα
1538 358 1580 388 ita
1593 359 1670 389 enirn
1684 364 1788 398 postu-

1076 400 1118 429 lat
1133 404 1196 429 tum
1213 400 1290 429 ratio
1301 401 1454 437 vocabuli,
1467 407 1528 432 tum
1544 402 1620 431 ordo
1633 402 1788 432 literarum

1075 443 1316 482 alphabeticus'
1308 454 1337 473 lu
1359 444 1416 474 illo
1433 446 1502 475 loco
1517 446 1678 484 Hesychii.
1726 444 1788 474 Sed

1076 491 1106 515 et
1130 486 1190 516 alia
1213 487 1395 525 significatio
1412 488 1503 527 hujus
1519 488 1616 524 vocis,
1632 499 1699 527 quae
1716 488 1790 517 licet

1076 539 1135 558 non
1156 535 1229 566 tam,
1250 531 1391 569 frequens
1414 531 1484 561 huic
1499 531 1568 561 loco
1581 532 1671 561 Dem.
1692 530 1789 570 magis

1075 574 1228 603 convenit.
1287 572 1444 614 Ἐπίκληςοι
1480 573 1570 604 eliam
1611 575 1792 604 dicebantur

1076 616 1187 654 puellae
1213 617 1306 652 orbae,
1331 623 1468 655 egentes,
1492 618 1655 657 dotemque
1675 617 1789 647 nullam

1076 660 1233 695 habentes,
1254 661 1294 689 de
1317 661 1431 713 quibus
1456 662 1506 690 lex
1531 666 1596 690 erat
1617 662 1681 691 haee
1697 660 1792 689 Athe

1075 701 1138 731 nis:
1162 705 1218 732 τῶν
1232 702 1384 744 ἐπικλήρων
1399 703 1463 733 δ’σαι
1477 702 1510 734 τὸ
1522 703 1633 734 &minata
1648 704 1791 737 τελοῦσιν,

1075 742 1122 773 {dv
1145 748 1186 783 μὴ
1217 745 1390 778 Βούληται”
1379 757 1454 788 εχειν
1473 747 1485 776 6
1509 745 1663 786 ἐγγύτατα.
1686 746 1789 785 γένους,

1074 785 1206 818 ἐκδιδότω
1230 787 1351 824 ἐπιδους,
1376 789 1388 819 ὁ
1410 789 1465 829 μὲν
1486 790 1794 829 πεντακοσιομέδιμνος

1075 830 1264 866 πεντακοσίας
1278 832 1448 873 δξαχμᾶς,“
1437 845 1449 862 ο
1461 832 1512 863 δὲε
1504 843 1608 866 ιππευς
1617 831 1791 872 τξιακοσίας,

1075 873 1086 902 6
1106 873 1133 907 δὲ
1157 873 1312 914 ζευγίτης
1303 887 1401 905 εκατον
1412 875 1595 906 πεντήκοντα.
1612 876 1792 916 [Demosth.

1075 928 1109 947 π.
1120 923 1254 958 Μακαςτ.
1266 918 1292 958 §.
1307 917 1371 960 cyfi]
1396 920 1444 949 De
1454 919 1672 949 distributione
1683 919 1791 958 populi

1075 961 1171 990 Attici
1185 961 1215 990 in
1233 961 1563 1002 πεντακοσιομεδίμνους,
1577 962 1686 999 ἱππεῖς,
1700 968 1729 991 et
1744 961 1791 992 θῆ-

1074 1015 1130 1037 τας
1150 1003 1293 1045 ζευγίταις,
1316 1012 1387 1035 nota
1412 1016 1461 1035 res
1480 1011 1539 1043 est3
1560 1010 1591 1034 et
1606 1006 1674 1035 dixi
1695 1005 1733 1034 de
1756 1016 1792 1034 ea

1070 1048 1133 1086 jam
1151 1055 1238 1078 antea
1251 1049 1288 1078 ad
1303 1049 1550 1078 Demosthenem.
1577 1049 1704 1078 Infimus
1715 1049 1792 1078 ordo

1075 1097 1140 1120 erat
1156 1093 1211 1121 τῶν
1222 1090 1328 1122 θητῶν.
1372 1093 1561 1122 Dicebantur
1576 1096 1676 1122 autem
1693 1090 1793 1127 ἓῆτες,

1075 1134 1160 1173 quasi
1178 1135 1356 1165 mercenarii
1379 1135 1501 1165 famuli:
1526 1145 1594 1165 nam
1614 1134 1679 1171 θὲς,
1699 1133 1792 1170 θητὸς,

1063 1177 1218 1218 famulus.
1250 1179 1364 1208 Omnes
1379 1178 1475 1218 igitur
1483 1179 1791 1217 opifices,cerdones,

1076 1225 1108 1250 et
1122 1221 1281 1260 proletarii
1297 1222 1325 1251 in
1343 1222 1400 1252 hoo
1416 1232 1543 1252 numero
1561 1226 1658 1258 erant,
1674 1222 1703 1251 iu
1720 1221 1790 1251 ulti-

1075 1274 1125 1293 mo
1136 1275 1243 1301 censu,
1253 1265 1305 1304 qui
1318 1265 1391 1295 nihil
1403 1265 1485 1295 aliud
1501 1264 1593 1304 Reip.
1607 1266 1794 1306 pendebant,

1075 1317 1165 1346 quam
1189 1308 1388 1345 nummulum,
1413 1309 1466 1348 qui
1484 1309 1521 1338 ab
1543 1307 1607 1337 illis
1631 1306 1663 1339 τὸ
1685 1306 1793 1338 Θητικόν

1075 1351 1262 1389 vocabatur3
1285 1352 1398 1390 puellae
1415 1352 1509 1391 igitur
1528 1350 1668 1391 ἔπίκληςοι
1688 1352 1719 1381 in
1736 1352 1792 1380 hac

1074 1393 1155 1433 lege,
1188 1404 1257 1435 quae
1284 1393 1318 1423 τὸ
1344 1394 1462 1425 θητικὲν
1490 1395 1677 1434 pendebant,
1707 1399 1793 1424 erant

1074 1437 1186 1476 puellae
1202 1437 1380 1477 parentibus
1397 1439 1491 1474 orbae,
1507 1448 1659 1478 pauperes
1675 1443 1707 1468 et
1722 1449 1793 1478 ege-

1074 1490 1133 1516 nae,
1149 1491 1217 1520 quae
1241 1481 1271 1510 in
1293 1482 1376 1511 tenui
1391 1482 1525 1516 fortuna,
1546 1483 1684 1521 adeoque
1700 1481 1730 1510 in
1748 1481 1794 1511 ul-

1074 1525 1150 1553 timo
1162 1535 1268 1560 censu,
1285 1529 1379 1555 erant.
1415 1526 1600 1565 Harpocrat.
1610 1547 1617 1560 ,
1631 1529 1792 1564 postquam

1075 1567 1202 1598 citasset
1217 1567 1271 1598 illa
1286 1569 1381 1598 verba
1397 1569 1559 1598 Demosth.
1574 1569 1637 1607 jam
1658 1568 1794 1604 laudata,

1074 1613 1131 1641 τῶν
1147 1609 1298 1652 ἐπικλήρων
1313 1616 1374 1641 eto.
1388 1612 1453 1641 baee
1469 1611 1645 1651 subjungit:
1670 1617 1752 1651 Δημ.
1769 1610 1796 1642 ἓν

1075 1656 1135 1689 τοῖς
1150 1653 1339 1694 προκειμένοις
1354 1653 1496 1696 ἐπίκληρον
1509 1654 1639 1694 ὠνόμασε
1654 1656 1703 1685 τῆν
1718 1665 1793 1684 πενι-

1074 1699 1150 1739 χςᾶν
1162 1697 1246 1737 κόξην,
1261 1697 1290 1728 ἢν
1300 1701 1419 1729 effa-cau
1431 1697 1600 1738 ὀνομάζουσι
1617 1698 1639 1728 οἱ
1655 1697 1794 1728 Ἀττικοί.

1075 1751 1174 1779 neque
1189 1741 1279 1770 aliter
1294 1742 1373 1770 sumi
1390 1741 1514 1771 videtur
1529 1743 1595 1770 lxaec
1611 1751 1675 1770 vox
1694 1751 1711 1770 a
1729 1742 1791 1771 De-

1076 1784 1188 1814 mostb.
1213 1785 1269 1814 boc
1295 1785 1323 1814 in
1348 1785 1430 1821 loco,
1453 1795 1542 1824 quem
1568 1795 1630 1825 prae
1651 1784 1792 1815 manibus

1076 1828 1232 1857 habemus.

1119 1889 1162 1893 —
1174 1871 1250 1900 ibid.
1271 1869 1403 1912 ὀρφανῶν]
1428 1871 1526 1901 Min-as
1535 1881 1631 1910 nugas
1643 1870 1707 1911 agit
1720 1873 1794 1911 Ety-

1076 1914 1148 1943 mol.
1170 1914 1200 1943 in
1224 1915 1406 1944 arcessenda
1428 1915 1518 1953 hujus
1547 1914 1632 1944 vonis
1662 1914 1792 1954 origine.

1073 1955 1204 1997 Ὀξφανός
1235 1957 1372 1999 (inquit)
1398 1958 1477 1997 παρὰ
1494 1957 1527 1987 τὸ
1549 1956 1601 1992 οῖος
1617 1957 1628 1987 6
1645 1957 1727 1998 μόνος
1747 1959 1791 1997 γί-

1074 2011 1164 2036 νεται,
1178 2000 1298 2041 οἲοφανός
1311 2001 1358 2031 καὶ
1375 2000 1496 2041 ὄρφοινός,
1512 2001 1524 2030 6
1539 2000 1618 2040 μόνος
1633 2001 1794 2042 φαινόμενος

1075 2045 1122 2073 καὶ
1139 2046 1224 2082 γονεῖς
1237 2046 1280 2084 μῆ
1296 2043 1380 2086 ἔχων.
1427 2045 1514 2084 Quod
1538 2045 1562 2073 si
1584 2045 1711 2075 oriunda
1734 2047 1790 2076 Gr.

1075 2098 1136 2117 vox
1155 2088 1195 2118 sit
1209 2087 1332 2127 οςφανός,
1349 2093 1380 2117 et
1396 2090 1450 2118 Gr.
1463 2089 1528 2117 solo
1541 2093 1609 2117 nata
1625 2088 1724 2129 (quod
1734 2089 1792 2119 du-

1075 2130 1168 2166 bito),
1191 2132 1362 2161 derivarem
1386 2132 1490 2183 potius
1514 2132 1551 2160 ab
1571 2130 1664 2180 ορφνη,
1687 2131 1796 2174 caligo,

1075 2179 1109 2204 ut
1124 2175 1165 2204 sit
1179 2173 1293 2213 ὅςφανος
1308 2175 1395 2213 quasi
1416 2174 1548 2215 ὄρφναῖος,
1567 2176 1598 2203 in
1623 2185 1743 2205 moerore
1766 2182 1794 2206 et

1075 2217 1159 2247 luctu
1174 2224 1202 2247 et
1216 2218 1339 2248 tenebris
1361 2224 1388 2248 et
1410 2219 1537 2259 caligine
1557 2218 1687 2250 relictus,
1709 2218 1794 2249 orbus

1071 2261 1255 2300 parentibus.
1278 2271 1336 2291 non
1361 2266 1461 2290 tamen
1485 2272 1523 2290 eo
1543 2260 1635 2290 modo
1655 2259 1791 2301 ὄξφναῖος,

1075 2315 1135 2343 quo
1161 2304 1268 2334 nothus
1295 2314 1350 2334 seu
1381 2305 1499 2343 spurius
1529 2304 1649 2333 dicitur·
1670 2303 1794 2341 σκότιος,

1075 2349 1160 2387 quasi
1177 2348 1208 2377 in
1226 2347 1362 2377 tenebris
1377 2353 1409 2376 et
1423 2358 1462 2377 ex
1474 2348 1666 2377 clandestino
1679 2359 1792 2378 concu-

1075 2391 1139 2420 bitu
1150 2395 1249 2420 natus.
1261 2390 1372 2421 σκότιον
1383 2390 1410 2420 δέ
1423 2390 1434 2420 ὲ
1450 2388 1560 2429 γείνατο
1567 2390 1676 2430 μήτηρ.
1695 2392 1791 2421 Hom.

1075 2434 1130 2475 [ll.
1142 2440 1174 2464 Z.
1189 2434 1256 2475 24‘]
1282 2435 1429 2464 Parentes
1438 2439 1508 2464 sunt
1521 2435 1556 2468 ὡς
1564 2436 1620 2463 τῶν
1631 2433 1792 2471 τέκνων,,1ἰ-

1076 2480 1228 2514 berorum,
1244 2478 1298 2507 lux
1314 2485 1346 2507 et
1356 2478 1421 2507 vita
1435 2483 1464 2507 et
1478 2478 1573 2514 sulm,
1588 2477 1668 2507 unde
1680 2479 1790 2508 merito

1075 2520 1185 2560 pupilli
1201 2525 1231 2551 et
1248 2521 1334 2560 pueri
1352 2521 1530 2560 parentibus
1544 2520 1655 2556 orbati,
1670 2520 1791 2561 ὅξφοινοῖ,

1074 2565 1231 2604 quasijam
1247 2565 1277 2593 in
1294 2575 1424 2594 moerore
1440 2568 1471 2594 et
1482 2564 1543 2594 situ
1558 2569 1589 2593 et
1604 2565 1745 2603 squalore
1759 2570 1790 2594 et

1075 2608 1207 2638 tenebris
1223 2607 1333 2637 relicti.
1352 2618 1369 2637 e
1389 2612 1498 2637 contra
1519 2608 1589 2642 παῖς
1608 2605 1790 2647 οἶμφιθαλῆς,

1072 2652 1222 2704 utrimque
1242 2650 1368 2692 florens.
1399 2650 1411 2680 6
1438 2648 1639 2691 οἷμφοτὲςωθεν
1664 2649 1789 2686 θάλλων,

1073 2706 1152 2732 ηγουν
1173 2706 1194 2733 ῳ
1217 2694 1311 2734 ἄμφω
1330 2706 1351 2724 οι
1375 2704 1460 2732 γονεις
1482 2692 1624 2733 περίεισιν,
1641 2694 1690 2723 cui
1707 2694 1791 2724 ambo

1069 2744 1205 2776 parentes
1217 2743 1287 2767 sunt
1300 2747 1385 2777 super
1387 2739 1476 2767 stiles.
1500 2742 1532 2766 ut
1547 2736 1642 2775 igitur
1653 2735 1789 2776 α’μφιθα-

1072 2783 1131 2817 λῆς,
1159 2781 1207 2810 cui
1239 2785 1381 2820 parentes
1408 2780 1601 2819 superstites,
1627 2784 1734 2818 utpote
1760 2781 1790 2810 in

1071 2834 1223 2863 prospero
1242 2829 1321 2853 statu
1334 2828 1364 2853 et
1376 2824 1502 2853 florente
1515 2824 1634 2852 fortuna
1647 2823 1767 2862 positus
1780 2835 1788 2861 3

1071 2868 1114 2898 ita
1141 2879 1158 2897 e
1185 2873 1292 2897 contra
1319 2866 1441 2908 ὀρφανὸς,
1472 2866 1521 2896 cui
1547 2867 1636 2895 ambo
1666 2869 1789 2903 mortui,

1071 2916 1178 2950 utpote
1193 2910 1224 2940 in
1237 2920 1366 2940 moerore
1387 2915 1418 2939 et
1440 2909 1598 2950 lacrymis,
1621 2909 1652 2937 in
1674 2910 1734 2939 situ
1757 2915 1790 2940 et

1071 2954 1217 2987 tenebris.
1240 2952 1434 2983 constitutus.
1479 2952 1513 2981 Si
1537 2952 1605 2991 quis
1633 2952 1788 2983 meliorem

1071 2999 1160 3037 hujus
1178 2996 1264 3027 vocis
1286 2996 1502 3036 etymologiam
1518 2995 1651 3031 noverit,
1668 2995 1789 3025 babebit

1071 3052 1119 3072 rue
1137 3040 1226 3070 facile
1250 3040 1307 3070 sibi
1332 3040 1560 3076 assentientem,
1587 3039 1707 3069 interim
1732 3040 1788 3069 bae
