1931 3322
134 398 217 442 AD
253 397 619 441 ORATIONEM
667 396 928 440 PRIMAM
969 396 1226 440 CONTRA
1268 399 1594 443 APHOBUM.

176 602 250 632 813.
259 602 290 631 3.
303 598 475 642 ἐπιτρέπειν]
489 601 570 631 Citat
583 601 613 630 h.
625 600 644 629 l.
657 599 844 638 Harpocrat.
878 601 972 628 tatem
990 599 1034 628 14
1053 597 1252 633 talentorum,
1272 608 1340 637 quae
1361 598 1521 633 decennio,
1537 600 1596 630 rite

134 650 164 674 v.
180 643 328 685 {mvi-poor».

175 705 218 710 —
245 689 298 718 12.
324 685 628 726 παρασκευάσασθαι]
665 685 729 715 sine
755 694 848 714 causa

131 729 296 769 *displicuit
312 729 470 760 Lambiuo.
508 730 762 771 (Demosthenem
780 727 846 757 scil.

134 778 166 803 et
180 774 308 803 Graecos
320 777 457 802 oratores
471 772 524 802 ille
540 783 600 802 nou
616 770 762 811 triverat)
778 781 847 800 ver·

134 817 206 846 bum
219 816 277 846 hoc
292 816 365 846 huic
381 816 461 850 loco,
476 816 503 845 si
518 816 602 855 quod
613 815 760 851 maxime,
774 824 848 844 con-

135 859 230 894 venit,
253 864 283 889 et
304 869 342 889 eo
360 859 546 898 significatu,
570 869 629 898 quo
652 858 701 888 hic
722 857 794 893 loci,
810 857 848 886 ab

134 903 308 933 oratoribus
324 902 437 933 Atticis
451 901 615 941 imprimis,
629 902 849 941 frequentatur.

135 945 248 976 dicitur
272 945 415 975 nimirum
443 945 497 976 ille
523 944 774 986 παρεσκευάσθαι,
797 944 849 983 qui

135 989 275 1028 pecunia,
303 988 458 1027 precibus,
486 989 583 1028 gratia
611 988 791 1028 praesidium
818 992 850 1016 et

136 1042 211 1071 opes
226 1032 375 1062 adversus
391 1033 462 1071 jura
482 1032 602 1067 civilia,
618 1031 737 1066 amicis,
754 1031 850 1060 advo-

135 1075 212 1105 catis
227 1075 467 1111 conscribendis,
479 1075 638 1113 judicibus
654 1083 851 1112 corrumpen-

135 1117 198 1153 dis,
213 1118 415 1156 comparavit,
429 1118 541 1157 quibus
561 1118 694 1147 munitus
710 1122 742 1147 et
755 1117 851 1146 fretus

136 1162 173 1190 ad
196 1171 318 1191 causam
340 1171 427 1191 suam
449 1160 613 1191 dicendam
640 1161 737 1191 fidens
761 1165 850 1199 atque

137 1213 263 1234 securus
277 1204 415 1234 accedat.

179 1265 221 1269 —
235 1248 286 1276 17.
309 1246 376 1288 παρ’
393 1247 476 1288 ὑμῖν]
499 1246 581 1286 apud
604 1256 660 1281 vos,
685 1245 850 1285 injudicio

139 1295 251 1321 vestro.
268 1290 322 1319 alii
334 1292 407 1320 dant
422 1289 491 1331 παρ’
502 1292 592 1330 ὑμῶν,
606 1302 624 1320 a
638 1290 723 1319 vobis.
748 1289 791 1318 nil
804 1300 852 1319 re-

139 1335 218 1364 serre
234 1333 390 1364 existimo.

181 1378 254 1408 814.
274 1381 303 1406 1.
327 1376 482 1418 διενεγκεῖν]
508 1377 615 1407 volunt
641 1374 757 1414 ἐνεγκεῖν
781 1376 851 1405 sim-

137 1421 211 1460 plex
229 1424 388 1458 praestare,
399 1420 474 1450 mihi
488 1430 577 1450 secus
592 1419 726 1449 videtur.
750 1429 853 1449 omnes

139 1463 274 1493 omnium
289 1463 478 1502 judiciorum
501 1463 623 1502 judices
647 1462 778 1501 διήνεγκον
799 1464 855 1495 τὰς

138 1504 259 1544 ψήφους,
281 1506 467 1536 differebant
481 1505 639 1545 suffragia,
655 1505 708 1536 alii
724 1505 754 1534 iu
778 1505 853 1535 alias

138 1555 254 1589 parles,
273 1549 305 1579 hi
325 1549 358 1579 in
381 1550 593 1580 absolventem
615 1559 736 1588 capsam
760 1549 854 1588 conji-

139 1593 268 1628 cientes,
283 1592 359 1622 alii'
350 1603 380 1622 rn
397 1593 660 1623 condemnantem.

179 1653 223 1658 —
248 1638 300 1666 18.
328 1634 456 1677 κᾴκεῖνον]
487 1636 568 1666 redit
598 1636 636 1665 ad
665 1635 853 1675 proximum,

137 1669 370 1719 Therippideui.

180 1740 224 1745 —-
239 1724 292 1753 23.
309 1721 388 1762 αὐτῷ
404 1721 433 1752 δὲ
449 1721 556 1763 τούτῳ]
578 1721 648 1751 huic
666 1721 831 1773 Aphobo‚
823 1733 854 1751 in

137 1776 227 1806 quem
249 1765 330 1796 actio
347 1769 412 1795 tota
425 1765 588 1795 invehitur.
613 1765 652 1794 ad
674 1766 724 1795 τὴν
740 1763 854 1806 μητέρα,

137 1808 245 1839 addidi
259 1820 309 1840 την
323 1807 471 1849 spaericae.
485 1820 502 1838 e
515 1819 577 1849 qua
591 1819 646 1838 nos
659 1808 721 1838 nati
737 1819 855 1846 sumus,

140 1862 198 1892 ego
214 1857 245 1882 et
259 1862 357 1882 soror.

180 1913 224 1918 —-
239 1897 291 1926 24.
306 1897 357 1927 τῆν
367 1893 467 1934 οἰκίαν]
483 1896 606 1925 correxi
622 1906 690 1925 meo
706 1895 854 1925 arbitratu

139 1937 178 1979 τῇ
193 1936 276 1979 οἰκίᾳς,
291 1938 358 1968 scil.
376 1937 512 1980 χρῆσθαι,
533 1939 617 1977 quod
635 1939 737 1968 statim
753 1939 855 1978 sequi-

138 1986 199 2011 tur.
217 1981 299 2011 dedit
314 1982 340 2010 ei
355 1981 417 2018 hoc,
428 1986 463 2011 nt
474 1981 556 2011 domo
568 1991 630 2011 mea
642 1987 669 2011 et
682 1982 856 2020 supellectili

139 2025 293 2055 domestica
307 2024 450 2064 tantisper
464 2030 611 2054 uteretur.
625 2025 708 2054 aliud
724 2031 771 2054 est
788 2024 855 2054 διδό-

139 2079 182 2098 ναι
198 2067 251 2098 τινὶ
266 2066 364 2104 οἰκίαν,
376 2067 492 2098 domum
506 2067 598 2097 alicui
613 2068 733 2103 donare,
749 2068 778 2097 in
795 2079 855 2107 quo

135 2113 187 2150 jus
200 2110 399 2150 proprietatis
414 2111 453 2141 ad
463 2109 555 2140 alium
569 2112 762 2146 transfertur,
771 2112 855 2141 aliud

138 2154 236 2185 διδόναι
248 2153 303 2184 τινὶ
317 2152 444 2195 χρῆσθαι
455 2153 539 2194 οἰκίᾳ,
552 2153 646 2185 alicui
657 2165 744 2184 usum
755 2156 855 2185 domus

138 2197 314 2228 soluimmotlo
328 2198 491 2227 concedere.
508 2208 661 2237 nunquam
674 2199 855 2228 Demosthe-

139 2248 193 2271 nes
208 2246 295 2280 pater
309 2241 440 2280 Aphobo
454 2241 577 2270 domurn
597 2241 733 2276 donavit,
743 2242 799 2271 sed
811 2241 856 2270 iu-

140 2284 237 2314 dulsit
247 2285 456 2314 tantummodo
471 2294 556 2314 usum
569 2284 713 2320 fructum,
723 2290 753 2315 et
765 2286 856 2325 paulo

140 2331 212 2366 post
226 2327 343 2357 dicitur
357 2338 478 2367 quoque
494 2327 646 2367 Aphobus
655 2329 777 2359 domum
793 2330 856 2359 De—

141 2370 294 2400 mostheni
310 2369 383 2406 filio,
399 2371 507 2410 puberi
524 2371 617 2406 facto,
633 2372 822 2402 reddidisse.

184 2416 258 2445 815.
274 2415 306 2444 3.
328 2415 377 2445 τὴν
395 2413 479 2443 οἰκίαν
495 2413 525 2444 δὲ
539 2414 588 2444 καὶ
603 2415 763 2455 ἀνδξάποδα.
785 2427 854 2445 τετ-

141 2468 216 2497 *tages
231 2467 279 2486 και
295 2454 379 2498 δέκα]
395 2457 517 2487 domurn
532 2462 564 2487 et
578 2462 618 2488 14
630 2458 784 2498 mancipia
796 2469 854 2488 uon

141 2510 210 2530 esse
225 2499 286 2529 nisi
301 2501 342 2530 40
354 2499 443 2530 minis
455 2501 615 2536 aestimata,
626 2512 682 2542 per
695 2508 741 2532 est
758 2502 855 2532 incre-

140 2543 248 2573 dibile.
298 2544 374 2582 Ipse
405 2543 629 2574 Demosthenes
659 2556 690 2584 p.
723 2547 797 2576 819.
825 2548 856 2576 6.

141 2587 265 2616 domum
281 2587 409 2625 triginta
427 2587 517 2616 minis
535 2588 678 2624 aestimat,
694 2595 725 2618 et
742 2589 856 2619 servile

141 2629 284 2669 quodque
300 2635 401 2670 caput,
415 2629 536 2660 tametsi
550 2631 745 2666 vilissimum,
762 2632 857 2662 ternis

141 2672 240 2703 minis.
262 2682 295 2712 p.
312 2676 386 2703 820.
403 2676 455 2704 224.
480 2673 561 2703 unde
583 2685 701 2704 summa
721 2679 774 2706 42.
801 2676 855 2704 mi-

140 2725 246 2746 narum
259 2716 396 2747 exsistit.
410 2717 489 2747 adde
507 2717 632 2756 triginta
645 2718 740 2747 minas
757 2718 854 2757 parati

142 2757 226 2795 aeris,
251 2764 284 2789 et
315 2760 390 2790 alias
423 2760 548 2799 triginta
573 2761 682 2796 minas,
720 2762 854 2800 pretium

140 2802 260 2832 domus.
306 2803 383 2833 Sunt
398 2803 487 2833 ruina:
509 2809 629 2834 centum
651 2811 683 2834 et
702 2805 781 2834 duae.
799 2815 855 2834 non

142 2845 231 2884 capio
253 2845 308 2874 has
323 2846 466 2876 rationes.
490 2857 672 2887 quamquam
697 2848 767 2876 novi
793 2848 856 2877 De-

142 2888 330 2918 mosthenem
359 2890 457 2920 solere
487 2901 609 2920 causam
635 2896 664 2921 et
688 2891 787 2929 pretia
811 2902 857 2921 re—

142 2939 221 2967 rum,
248 2938 340 2970 prout
367 2934 504 2972 expedit,
536 2940 565 2964 ct
591 2945 694 2964 causac
718 2935 858 2971 inservit,

143 2979 193 3003 unt
209 2974 358 3009 attollere,
376 2983 425 3006 aut
441 2977 627 3016 deprimere.

184 3033 226 3041 -—-
242 3019 272 3046 7.
289 3018 366 3048 τοῦτ’
381 3018 473 3061 ἐστὶν]
492 3022 571 3060 quod
591 3021 708 3052 scilicet
726 3022 857 3053 incredi-

880 640 1100 678 admiuistrata,
1115 646 1146 671 et
1160 641 1268 671 foenori
1279 641 1442 678 collocata,
1455 647 1598 682 potuerat

882 684 978 723 duplo
1009 684 1127 724 augeri,
1160 684 1398 720 intervenerint,
1428 695 1527 725 neque
1558 685 1597 715 de

881 727 977 758 tantis
993 727 1103 766 opibus
1114 727 1318 765 reddiderint,
1328 728 1386 759 nisi
1400 738 1492 758 unum
1504 728 1599 758 talen-

885 776 963 806 tum,
976 781 1045 800 cum
1062 771 1170 801 decem
1186 771 1289 801 minis.

925 832 968 836 —
986 817 1038 844 10.
1055 813 1233 856 συμμοςίαν]
1257 814 1340 844 Citat
1354 815 1384 845 h.
1398 815 1420 846 l.
1441 814 1597 854 Harpocr.

883 867 915 887 v.
931 856 1093 898 συμμοξία.

925 918 969 923 -
985 903 1036 931 13.
1051 900 1185 941 τιμηταὶ]
1203 900 1323 931 correxi
1341 900 1516 940 τιμήματα.
1534 901 1600 930 vul-

883 949 987 983 gatum
1006 943 1084 974 enim
1102 944 1244 974 usitatum
1257 954 1316 974 non
1330 950 1387 979 est,
1404 945 1526 974 tametsi
1541 955 1601 974 eae-

884 986 1026 1026 teroquin
1043 987 1133 1017 facile
1148 987 1248 1017 locum
1274 988 1323 1017 hic
1341 991 1462 1018 tueatur
1482 992 1514 1018 et
1530 998 1599 1017 cou-

886 1030 1000 1060 veniat.
1043 1031 1122 1060 Sunt
1142 1030 1222 1061 enim
1247 1032 1288 1061 τᾶ,
1310 1032 1438 1069 τιμηταὶ,
1461 1041 1508 1067 ea,
1532 1041 1602 1070 quae

885 1076 1058 1108 censentur,
1082 1083 1211 1113 quorum
1235 1084 1328 1104 causa
1351 1079 1455 1104 certus
1477 1075 1603 1113 qnidam

885 1126 997 1146 census
1013 1116 1208 1156 dependitur,
1224 1122 1259 1146 ut
1274 1116 1351 1155 agri,
1368 1117 1463 1154 villae,
1479 1119 1600 1147 domus.

886 1159 946 1188 Sed
964 1159 1044 1189 idem
1060 1170 1180 1199 qnoque
1202 1159 1355 1199 significat
1378 1171 1446 1191 voc.
1468 1160 1602 1201 τίμημα.

886 1202 1007 1232 tametsi
1022 1203 1114 1232 etiam
1130 1213 1255 1233 censum
1266 1214 1318 1233 seu
1335 1204 1493 1243 pecuniam
1508 1204 1604 1244 signi-

886 1246 955 1275 ficat
970 1256 1047 1282 eam,
1063 1256 1132 1285 quse
1148 1257 1205 1286 pro
1225 1246 1288 1276 illis
1308 1247 1402 1276 rebus
1416 1247 1526 1277 aerario
1549 1249 1602 1279 de-

886 1288 1042 1328 penditur.

930 1349 972 1354 —-
987 1335 1038 1362 17.
1054 1330 1167 1372 οὐδένες]
1191 1333 1230 1362 ad
1243 1331 1341 1367 οὐδένες
1354 1331 1458 1363 malim
1473 1335 1514 1364 τὰ
1530 1333 1604 1363 οὐδέ·

887 1386 934 1404 νων
949 1375 1032 1405 addi.
1055 1375 1300 1417 nerninemjitisse
1315 1378 1456 1412 omnium,
1467 1382 1605 1417 quotquot

886 1429 1017 1458 uuquam
1032 1424 1142 1449 tutores
1155 1429 1395 1459 quorumcunque
1415 1421 1531 1450 tandem
1545 1421 1606 1461 fu-

888 1472 946 1497 ere,
959 1463 1010 1502 qui
1023 1464 1086 1502 ejus
1101 1463 1184 1498 bona,
1197 1464 1246 1492 cui
1258 1468 1325 1493 esset
1335 1469 1415 1493 tutor
1427 1464 1527 1500 datus,
1540 1470 1605 1493 tur-

885 1506 953 1544 pius
963 1506 1135 1543 diripuerit,
1147 1516 1232 1546 quam
1243 1506 1273 1535 hi
1286 1505 1412 1536 homines
1420 1512 1520 1536 nostra
1532 1507 1607 1537 bona

890 1548 1095 1586 diripuerunt.

931 1608 974 1614 ——-
984 1601 1053 1631 pen.
1068 1591 1115 1621 καὶ
1127 1590 1159 1620 ἐκ
1170 1590 1292 1634 τούτων]
1308 1593 1437 1623 subaudi
1446 1592 1495 1622 καὶ
1506 1592 1605 1632 μόνων.

889 1645 921 1665 ex
937 1635 982 1665 his
997 1636 1041 1665 vel
1055 1635 1131 1666 solis.
1148 1635 1266 1665 etiamsi
1283 1635 1341 1665 alia
1358 1641 1539 1676 argumenta
1554 1637 1609 1666 de-

889 1678 1024 1708 ficerent.

933 1723 1008 1751 816.
1024 1726 1054 1751 1.
1065 1721 1203 1764 τίμημα]
1218 1721 1303 1752 Citat
1318 1721 1348 1752 h.
1365 1722 1387 1752 l.
1406 1723 1560 1763 Harpocr.
1575 1734 1605 1753 ν.

888 1764 1021 1804 τίμημα.
1037 1765 1069 1794 iu
1085 1766 1210 1796 vicenas
1228 1766 1337 1804 quinas
1357 1776 1493 1806 quasque
1510 1766 1608 1796 minas

888 1808 1001 1838 dabant
1017 1809 1245 1848 opulentissimi
1262 1808 1375 1848 quique
1389 1809 1607 1850 (pauperiores

889 1850 968 1881 enim
1001 1852 1144 1882 videntur
1169 1853 1297 1883 minoris
1324 1853 1467 1883 aestimati
1495 1853 1609 1894 fuisse)

889 1895 1052 1925 drachmas
1075 1896 1316 1935 quingentenas3
1340 1906 1407 1931 seu,
1426 1897 1507 1935 quod
1527 1896 1608 1925 idem

889 1943 949 1973 est,
964 1939 1004 1968 de
1022 1939 1177 1969 drachmis
1193 1939 1366 1978 quibusque
1387 1942 1473 1970 2500
1492 1941 1608 1978 depen-

890 1981 1004 2010 debant
1019 1982 1179 2012 drachmas
1197 1985 1271 2013 500.
1295 1992 1348 2012 seu
1366 1983 1502 2021 quintum
1520 1993 1608 2012 num—

889 2034 984 2060 mum,
996 2029 1029 2054 ut
1045 2035 1100 2054 nos
1111 2036 1310 2064 usurpamus,
1320 2025 1359 2055 de
1369 2026 1469 2065 quinis
1483 2025 1609 2065 quibus-

892 2078 952 2107 que
968 2068 1090 2098 taleutis
1107 2070 1219 2098 talenta
1234 2069 1365 2108 singula.

933 2129 976 2133 —
994 2113 1023 2141 6.
1047 2112 1131 2152 τρεῖς,
1147 2112 1215 2153 ἀνὰ]
1232 2112 1352 2142 correxi
1369 2113 1454 2152 τξεῖς,
1475 2114 1540 2147 τοὺς
1554 2111 1610 2153 μὲν

890 2154 944 2185 ἀνὰ
968 2172 1011 2177 —
1039 2156 1197 2186 Sententia
1224 2161 1288 2186 est:
1323 2155 1462 2190 officinae,
1489 2156 1520 2185 in
1550 2166 1611 2195 qua

891 2197 985 2237 gladii
1011 2199 1207 2235 cuderentur,
1235 2209 1346 2239 operas
1370 2199 1493 2229 omuino
1512 2199 1610 2228 fuisse

890 2241 1017 2280 triginta
1046 2242 1124 2272 duos
1147 2247 1200 2272 aut
1228 2248 1310 2279 tres;
1339 2248 1370 2272 et
1397 2243 1503 2272 horum
1531 2242 1612 2272 alios

891 2285 994 2323 quinis
1010 2285 1134 2316 senisve
1146 2286 1238 2316 minis
1249 2285 1396 2320 veniisse,
1409 2285 1486 2315 alios
1505 2286 1609 2316 ternis.

893 2329 956 2358 Sed
973 2328 1125 2358 neminem
1143 2329 1252 2365 minus,
1270 2340 1360 2369 quam
1376 2329 1483 2358 ternis.

933 2389 975 2394 —
991 2374 1043 2402 1²2.
1058 2371 1280 2413 δεδανεισμένου]
1297 2373 1418 2402 correxi
1433 2370 1611 2411 δεδανεισμέ-

891 2425 938 2444 νον.
955 2415 1017 2445 duo
1030 2416 1181 2445 vocabula
1191 2416 1228 2449 εἷς
1243 2417 1395 2451 τάλαντον,
1399 2414 1500 2456 jerme
1517 2417 1609 2445 talen-

891 2466 966 2494 tum,
992 2468 1050 2498 pro
1073 2469 1132 2488 uno
1156 2459 1245 2498 quasi
1277 2459 1426 2489 vocabulo
1452 2459 1611 2488 habentur.

891 2501 1046 2531 Sententia
1062 2506 1126 2531 est:
1149 2502 1274 2542 reliquit
1290 2507 1378 2542 pater
1390 2507 1505 2542 paratae
1518 2512 1611 2540 pocu-

891 2545 948 2574 niae
962 2545 1121 2580 talentum,
1138 2547 1360 2585 propemodum
1375 2546 1442 2585 (vel
1460 2546 1610 2583 circiter).

891 2588 945 2617 sed
963 2588 994 2617 id
1013 2589 1117 2618 strenori
1135 2589 1285 2619 elocatum
1306 2590 1358 2625 ita,
1378 2594 1410 2619 ut
1426 2589 1464 2618 de
1482 2588 1612 2628 singulis

890 2631 981 2660 minis
1004 2632 1156 2662 drachmae
1182 2632 1309 2674 siugulae
1334 2633 1363 2661 in
1394 2642 1528 2662 mensem
1557 2632 1611 2661 de-

891 2676 1110 2714 penderentur.
1135 2675 1264 2706 mirifice
1285 2676 1386 2705 locum
1409 2676 1489 2705 hunc
1513 2685 1610 2714 expo—

893 2719 954 2747 suit
968 2718 1137 2748 Palmerius
1155 2719 1327 2749 Exercitat.
1344 2729 1374 2758 p.
1392 2721 1466 2750 636.

934 2779 977 2783 —-
991 2764 1041 2792 16.
1057 2762 1301 2804 πεντακισχίλια]
1321 2762 1443 2792 correxi
1456 2772 1610 2791 πεντακισ-

890 2804 1000 2846 χίλιαι,
1030 2805 1097 2835 scil.
1123 2806 1267 2846 δξαχμαί.
1303 2807 1360 2836 hoc
1384 2810 1432 2835 est
1463 2805 1609 2833 talentum

892 2848 991 2879 minus
1006 2848 1114 2878 decem
1131 2850 1232 2878 minis.

935 2910 977 2914 ——
994 2894 1044 2923 18.
1056 2890 1108 2933 ὠν]
1134 2892 1255 2922 correxi
1272 2891 1303 2921 ν’ν.
1321 2892 1395 2931 qnod
1413 2892 1504 2930 (ebur
1520 2896 1612 2928 puta>

891 2936 1093 2965 consumebant
1110 2937 1140 2965 in
1157 2936 1343 2964 elaboranda.
1360 2934 1455 2963 nostri
1468 2934 1610 2963 [crura-ez<

893 2986 938 3009 tsn
954 2978 997 3018 [to
1013 2977 1238 3019 nnuuglhclurel
1254 2978 1370 3007 dicunt.

937 3040 978 3045 —-
996 3023 1069 3053 ibid.
1097 3022 1210 3061 κηκιδα]
1243 3022 1323 3051 Cimt
1352 3021 1379 3051 h.
1407 3021 1426 3051 Ι,
1451 3021 1550 3059 llurp.
1582 3031 1609 3049 v.
